  <div class='ocr_page' id='page_1' title='image "/cluster/home/n/w/nwhite01/storage/ocr_20150623/26/uva.x000826568/063.png"; bbox 0 0 3962 6298; ppageno 0'>
   <div class='ocr_carea' id='block_1_1' title="bbox 536 259 636 315">
    <p class='ocr_par' dir='ltr' id='par_1_1' title="bbox 536 259 636 315">
     <span class='ocr_line' id='line_1_1' title="bbox 536 259 636 315; baseline -0.01 0"><span class='ocrx_word' id='word_1_1' title='bbox 536 259 636 315; x_wconf 75' lang='lat' dir='ltr'><strong>Ml</strong></span> 
     </span>
    </p>
   </div>
   <div class='ocr_carea' id='block_1_2' title="bbox 1787 249 2572 309">
    <p class='ocr_par' dir='ltr' id='par_1_2' title="bbox 1787 249 2572 309">
     <span class='ocr_line' id='line_1_2' title="bbox 1787 249 2572 309; baseline 0.001 -1"><span class='ocrx_word' id='word_1_2' title='bbox 1787 252 1845 308; x_wconf 82' lang='lat' dir='ltr'><strong>S.</strong></span> <span class='ocrx_word' id='word_1_3' title='bbox 1889 249 2162 308; x_wconf 82' lang='lat' dir='ltr'><strong>EUSEBII</strong></span> <span class='ocrx_word' id='word_1_4' title='bbox 2191 249 2572 309; x_wconf 81' lang='lat' dir='ltr'><strong>HIERONYMI</strong></span> 
     </span>
    </p>
   </div>
   <div class='ocr_carea' id='block_1_3' title="bbox 3731 250 3835 308">
    <p class='ocr_par' dir='ltr' id='par_1_3' title="bbox 3731 250 3835 308">
     <span class='ocr_line' id='line_1_3' title="bbox 3731 250 3835 308; baseline -0.019 -1"><span class='ocrx_word' id='word_1_5' title='bbox 3731 250 3835 308; x_wconf 67' lang='grc' dir='ltr'><strong>ΗΞ</strong></span> 
     </span>
    </p>
   </div>
   <div class='ocr_carea' id='block_1_4' title="bbox 542 365 3835 439">
    <p class='ocr_par' dir='ltr' id='par_1_4' title="bbox 542 365 3835 439">
     <span class='ocr_line' id='line_1_4' title="bbox 542 365 3835 439; baseline -0.003 -11"><span class='ocrx_word' id='word_1_6' title='bbox 542 382 712 428; x_wconf 89' lang='lat' dir='ltr'><strong>tatur.</strong></span> <span class='ocrx_word' id='word_1_7' title='bbox 763 374 838 430; x_wconf 85' lang='lat' dir='ltr'><strong>De</strong></span> <span class='ocrx_word' id='word_1_8' title='bbox 877 373 981 427; x_wconf 86' lang='lat' dir='ltr'><strong>illis</strong></span> <span class='ocrx_word' id='word_1_9' title='bbox 1029 380 1209 439; x_wconf 84' lang='lat' dir='ltr'><strong>postea</strong></span> <span class='ocrx_word' id='word_1_10' title='bbox 1263 369 1458 423; x_wconf 91' lang='lat' dir='ltr'><strong>dicitur</strong></span> <span class='ocrx_word' id='word_1_11' title='bbox 1498 384 1512 420; x_wconf 88' lang='lat'><strong>:</strong></span> <span class='ocrx_word' id='word_1_12' title='bbox 1552 366 2012 422; x_wconf 86' lang='lat' dir='ltr'><strong>Circumdederunt</strong></span> <span class='ocrx_word' id='word_1_13' title='bbox 2058 382 2137 420; x_wconf 85' lang='lat' dir='ltr'><strong>me</strong></span> <span class='ocrx_word' id='word_1_14' title='bbox 2163 367 2214 428; x_wconf 85' lang='grc' dir='ltr'><strong>Α</strong></span> <span class='ocrx_word' id='word_1_15' title='bbox 2241 366 2359 422; x_wconf 89' lang='lat' dir='ltr'><strong>Non</strong></span> <span class='ocrx_word' id='word_1_16' title='bbox 2386 367 2503 422; x_wconf 91' lang='lat' dir='ltr'><strong>vult</strong></span> <span class='ocrx_word' id='word_1_17' title='bbox 2528 381 2624 421; x_wconf 90' lang='lat' dir='ltr'><strong>eos</strong></span> <span class='ocrx_word' id='word_1_18' title='bbox 2664 367 2826 422; x_wconf 86' lang='lat' dir='ltr'><strong>Jesus</strong></span> <span class='ocrx_word' id='word_1_19' title='bbox 2874 366 3152 422; x_wconf 76' lang='lat' dir='ltr'><strong>dimittere</strong></span> <span class='ocrx_word' id='word_1_20' title='bbox 3172 366 3414 437; x_wconf 88' lang='lat' dir='ltr'><strong>jejunos,</strong></span> <span class='ocrx_word' id='word_1_21' title='bbox 3458 380 3527 422; x_wconf 89' lang='lat' dir='ltr'><strong>ne</strong></span> <span class='ocrx_word' id='word_1_22' title='bbox 3575 365 3835 421; x_wconf 80' lang='lat' dir='ltr'><strong>deﬁciant</strong></span> 
     </span>
    </p>
   </div>
   <div class='ocr_carea' id='block_1_5' title="bbox 542 458 2137 536">
    <p class='ocr_par' dir='ltr' id='par_1_5' title="bbox 542 458 2137 536">
     <span class='ocr_line' id='line_1_5' title="bbox 542 458 2137 536; baseline -0.008 -14"><span class='ocrx_word' id='word_1_23' title='bbox 542 485 700 522; x_wconf 87' lang='lat' dir='ltr'><strong>canes</strong></span> <span class='ocrx_word' id='word_1_24' title='bbox 732 466 880 520; x_wconf 88' lang='lat' dir='ltr'><strong>multi</strong></span> <span class='ocrx_word' id='word_1_25' title='bbox 910 464 1041 536; x_wconf 87' lang='lat' dir='ltr'><strong>(Ps.</strong></span> <span class='ocrx_word' id='word_1_26' title='bbox 1083 479 1172 517; x_wconf 76' lang='lat' dir='ltr'><strong>xxi</strong></span> <span class='ocrx_word' id='word_1_27' title='bbox 1197 504 1210 528; x_wconf 93' lang='lat'><strong>,</strong></span> <span class='ocrx_word' id='word_1_28' title='bbox 1245 461 1358 532; x_wconf 76' lang='lat' dir='ltr'><strong>i7).</strong></span> <span class='ocrx_word' id='word_1_29' title='bbox 1394 461 1459 514; x_wconf 86' lang='lat' dir='ltr'><strong>Et</strong></span> <span class='ocrx_word' id='word_1_30' title='bbox 1491 477 1503 512; x_wconf 88' lang='lat'><strong>:</strong></span> <span class='ocrx_word' id='word_1_31' title='bbox 1545 458 1726 513; x_wconf 86' lang='lat' dir='ltr'><strong>Videte</strong></span> <span class='ocrx_word' id='word_1_32' title='bbox 1755 475 1939 525; x_wconf 88' lang='lat' dir='ltr'><strong>canes,</strong></span> <span class='ocrx_word' id='word_1_33' title='bbox 1971 458 2137 511; x_wconf 88' lang='lat' dir='ltr'><strong>videte</strong></span> 
     </span>
    </p>
   </div>
   <div class='ocr_carea' id='block_1_6' title="bbox 549 551 2134 633">
    <p class='ocr_par' dir='ltr' id='par_1_6' title="bbox 549 551 2134 633">
     <span class='ocr_line' id='line_1_6' title="bbox 549 551 2134 633; baseline -0.009 -17"><span class='ocrx_word' id='word_1_34' title='bbox 549 563 708 633; x_wconf 77' lang='lat'><strong>117</strong></span> <span class='ocrx_word' id='word_1_35' title='bbox 745 561 902 614; x_wconf 89' lang='lat' dir='ltr'><strong>malos</strong></span> <span class='ocrx_word' id='word_1_36' title='bbox 943 557 1237 627; x_wconf 85' lang='lat' dir='ltr'><strong>aperarios,</strong></span> <span class='ocrx_word' id='word_1_37' title='bbox 1270 554 1436 608; x_wconf 78' lang='lat' dir='ltr'><strong>videte</strong></span> <span class='ocrx_word' id='word_1_38' title='bbox 1481 553 1824 607; x_wconf 84' lang='lat' dir='ltr'><strong>concisionem</strong></span> <span class='ocrx_word' id='word_1_39' title='bbox 1855 551 2134 622; x_wconf 87' lang='lat' dir='ltr'><strong>(Philipp.</strong></span> 
     </span>
    </p>
   </div>
   <div class='ocr_carea' id='block_1_7' title="bbox 541 643 2136 721">
    <p class='ocr_par' dir='ltr' id='par_1_7' title="bbox 541 643 2136 721">
     <span class='ocr_line' id='line_1_7' title="bbox 541 643 2136 721; baseline -0.008 -13"><span class='ocrx_word' id='word_1_40' title='bbox 541 652 647 721; x_wconf 78' lang='lat' dir='ltr'><strong>lli).</strong></span> <span class='ocrx_word' id='word_1_41' title='bbox 681 651 788 705; x_wconf 82' lang='lat' dir='ltr'><strong>Nos</strong></span> <span class='ocrx_word' id='word_1_42' title='bbox 819 649 1122 704; x_wconf 85' lang='lat' dir='ltr'><strong>audivimus</strong></span> <span class='ocrx_word' id='word_1_43' title='bbox 1149 662 1271 702; x_wconf 91' lang='lat' dir='ltr'><strong>cum</strong></span> <span class='ocrx_word' id='word_1_44' title='bbox 1310 645 1732 718; x_wconf 72' lang='lat' dir='ltr'><strong>Syropltmnissa</strong></span> <span class='ocrx_word' id='word_1_45' title='bbox 1754 686 1768 708; x_wconf 93' lang='lat'><strong>,</strong></span> <span class='ocrx_word' id='word_1_46' title='bbox 1810 654 1863 698; x_wconf 91' lang='lat' dir='ltr'><strong>et</strong></span> <span class='ocrx_word' id='word_1_47' title='bbox 1904 643 2136 697; x_wconf 86' lang='lat' dir='ltr'><strong>muliere</strong></span> 
     </span>
    </p>
   </div>
   <div class='ocr_carea' id='block_1_8' title="bbox 541 732 2136 811">
    <p class='ocr_par' dir='ltr' id='par_1_8' title="bbox 541 732 2136 811">
     <span class='ocr_line' id='line_1_8' title="bbox 541 732 2136 811; baseline -0.007 -16"><span class='ocrx_word' id='word_1_48' title='bbox 541 757 662 811; x_wconf 78' lang='lat' dir='ltr'><strong>qua:</strong></span> <span class='ocrx_word' id='word_1_49' title='bbox 685 738 944 809; x_wconf 77' lang='lat' dir='ltr'><strong>sanguine</strong></span> <span class='ocrx_word' id='word_1_50' title='bbox 974 737 1204 793; x_wconf 81' lang='lat' dir='ltr'><strong>ﬂuxerat</strong></span> <span class='ocrx_word' id='word_1_51' title='bbox 1232 756 1245 792; x_wconf 92' lang='lat'><strong>:</strong></span> <span class='ocrx_word' id='word_1_52' title='bbox 1276 735 1472 807; x_wconf 82' lang='lat' dir='ltr'><strong>Magna</strong></span> <span class='ocrx_word' id='word_1_53' title='bbox 1493 745 1568 789; x_wconf 89' lang='lat' dir='ltr'><strong>est</strong></span> <span class='ocrx_word' id='word_1_54' title='bbox 1596 734 1724 804; x_wconf 82' lang='lat' dir='ltr'><strong>fides</strong></span> <span class='ocrx_word' id='word_1_55' title='bbox 1765 743 1852 786; x_wconf 90' lang='lat' dir='ltr'><strong>tua</strong></span> <span class='ocrx_word' id='word_1_56' title='bbox 1872 774 1887 798; x_wconf 94' lang='lat'><strong>,</strong></span> <span class='ocrx_word' id='word_1_57' title='bbox 1913 734 2004 800; x_wconf 81' lang='lat' dir='ltr'><strong>ﬁat</strong></span> <span class='ocrx_word' id='word_1_58' title='bbox 2046 732 2136 784; x_wconf 85' lang='lat' dir='ltr'><strong>tibi</strong></span> 
     </span>
    </p>
   </div>
   <div class='ocr_carea' id='block_1_9' title="bbox 535 829 1906 899">
    <p class='ocr_par' dir='ltr' id='par_1_9' title="bbox 535 829 1906 899">
     <span class='ocr_line' id='line_1_9' title="bbox 535 829 1906 899; baseline -0.007 -10"><span class='ocrx_word' id='word_1_59' title='bbox 535 835 666 889; x_wconf 79' lang='lat' dir='ltr'><strong>sicut</strong></span> <span class='ocrx_word' id='word_1_60' title='bbox 696 833 790 886; x_wconf 87' lang='lat' dir='ltr'><strong>vis.</strong></span> <span class='ocrx_word' id='word_1_61' title='bbox 826 832 927 886; x_wconf 87' lang='lat' dir='ltr'><strong>Et:</strong></span> <span class='ocrx_word' id='word_1_62' title='bbox 959 829 1132 892; x_wconf 83' lang='lat' dir='ltr'><strong>Filia.</strong></span> <span class='ocrx_word' id='word_1_63' title='bbox 1175 831 1306 899; x_wconf 82' lang='lat' dir='ltr'><strong>ﬁdes</strong></span> <span class='ocrx_word' id='word_1_64' title='bbox 1336 840 1428 883; x_wconf 87' lang='lat' dir='ltr'><strong>tua</strong></span> <span class='ocrx_word' id='word_1_65' title='bbox 1465 838 1511 882; x_wconf 90' lang='lat' dir='ltr'><strong>te</strong></span> <span class='ocrx_word' id='word_1_66' title='bbox 1538 829 1736 882; x_wconf 83' lang='lat' dir='ltr'><strong>salvam</strong></span> <span class='ocrx_word' id='word_1_67' title='bbox 1767 830 1906 898; x_wconf 78' lang='lat' dir='ltr'><strong>fecit.</strong></span> 
     </span>
    </p>
   </div>
   <div class='ocr_carea' id='block_1_10' title="bbox 613 916 2133 994">
    <p class='ocr_par' dir='ltr' id='par_1_10' title="bbox 613 916 2133 994">
     <span class='ocr_line' id='line_1_10' title="bbox 613 916 2133 994; baseline -0.005 -16"><span class='ocrx_word' id='word_1_68' title='bbox 613 924 790 994; x_wconf 81' lang='lat' dir='ltr'><strong>(Vers.</strong></span> <span class='ocrx_word' id='word_1_69' title='bbox 823 924 917 987; x_wconf 75' lang='lat'><strong>29,</strong></span> <span class='ocrx_word' id='word_1_70' title='bbox 950 921 1067 992; x_wconf 73' lang='lat'><strong>50.)</strong></span> <span class='ocrx_word' id='word_1_71' title='bbox 1096 921 1160 974; x_wconf 86' lang='lat' dir='ltr'><strong>Et</strong></span> <span class='ocrx_word' id='word_1_72' title='bbox 1192 938 1306 974; x_wconf 90' lang='lat' dir='ltr'><strong>cum</strong></span> <span class='ocrx_word' id='word_1_73' title='bbox 1338 920 1605 974; x_wconf 75' lang='lat' dir='ltr'><strong>transisset</strong></span> <span class='ocrx_word' id='word_1_74' title='bbox 1634 920 1754 972; x_wconf 91' lang='lat' dir='ltr'><strong>inde</strong></span> <span class='ocrx_word' id='word_1_75' title='bbox 1791 916 1966 985; x_wconf 81' lang='lat' dir='ltr'><strong>Jesus,</strong></span> <span class='ocrx_word' id='word_1_76' title='bbox 1997 919 2133 970; x_wconf 84' lang='lat' dir='ltr'><strong>venit</strong></span> 
     </span>
    </p>
   </div>
   <div class='ocr_carea' id='block_1_11' title="bbox 537 1007 2136 1075">
    <p class='ocr_par' dir='ltr' id='par_1_11' title="bbox 537 1007 2136 1075">
     <span class='ocr_line' id='line_1_11' title="bbox 537 1007 2136 1075; baseline -0.008 -1"><span class='ocrx_word' id='word_1_77' title='bbox 537 1018 686 1074; x_wconf 79' lang='lat' dir='ltr'><strong>secus</strong></span> <span class='ocrx_word' id='word_1_78' title='bbox 707 1032 849 1070; x_wconf 90' lang='lat' dir='ltr'><strong>mare</strong></span> <span class='ocrx_word' id='word_1_79' title='bbox 879 1012 1117 1069; x_wconf 72' lang='lat' dir='ltr'><strong>Galilaea:</strong></span> <span class='ocrx_word' id='word_1_80' title='bbox 1144 1029 1162 1067; x_wconf 88' lang='lat'><strong><em>:</em></strong></span> <span class='ocrx_word' id='word_1_81' title='bbox 1189 1023 1239 1068; x_wconf 85' lang='lat' dir='ltr'><strong>et</strong></span> <span class='ocrx_word' id='word_1_82' title='bbox 1265 1012 1546 1066; x_wconf 88' lang='lat' dir='ltr'><strong>ascendens</strong></span> <span class='ocrx_word' id='word_1_83' title='bbox 1574 1013 1627 1064; x_wconf 90' lang='lat' dir='ltr'><strong>in</strong></span> <span class='ocrx_word' id='word_1_84' title='bbox 1657 1019 1902 1075; x_wconf 86' lang='lat' dir='ltr'><strong>montem,</strong></span> <span class='ocrx_word' id='word_1_85' title='bbox 1933 1007 2136 1062; x_wconf 78' lang='lat' dir='ltr'><strong>sedebat</strong></span> 
     </span>
    </p>
   </div>
   <div class='ocr_carea' id='block_1_12' title="bbox 535 1099 2137 1164">
    <p class='ocr_par' dir='ltr' id='par_1_12' title="bbox 535 1099 2137 1164">
     <span class='ocr_line' id='line_1_12' title="bbox 535 1099 2137 1164; baseline -0.007 0"><span class='ocrx_word' id='word_1_86' title='bbox 535 1109 633 1164; x_wconf 89' lang='lat' dir='ltr'><strong>ibi.</strong></span> <span class='ocrx_word' id='word_1_87' title='bbox 663 1108 725 1162; x_wconf 79' lang='lat' dir='ltr'><strong>Et</strong></span> <span class='ocrx_word' id='word_1_88' title='bbox 753 1117 1078 1161; x_wconf 89' lang='lat' dir='ltr'><strong>accesserunt</strong></span> <span class='ocrx_word' id='word_1_89' title='bbox 1099 1106 1169 1157; x_wconf 86' lang='lat' dir='ltr'><strong>ad</strong></span> <span class='ocrx_word' id='word_1_90' title='bbox 1200 1121 1314 1158; x_wconf 89' lang='lat' dir='ltr'><strong>eum</strong></span> <span class='ocrx_word' id='word_1_91' title='bbox 1350 1104 1514 1158; x_wconf 68' lang='lat' dir='ltr'><strong>turba:</strong></span> <span class='ocrx_word' id='word_1_92' title='bbox 1560 1102 1755 1164; x_wconf 70' lang='lat' dir='ltr'><strong>multae,</strong></span> <span class='ocrx_word' id='word_1_93' title='bbox 1786 1099 2027 1155; x_wconf 71' lang='lat' dir='ltr'><strong>habentes</strong></span> <span class='ocrx_word' id='word_1_94' title='bbox 2059 1115 2137 1153; x_wconf 91' lang='lat' dir='ltr'><strong>se-</strong></span> 
     </span>
    </p>
   </div>
   <div class='ocr_carea' id='block_1_13' title="bbox 531 1190 2135 1265">
    <p class='ocr_par' dir='ltr' id='par_1_13' title="bbox 531 1190 2135 1265">
     <span class='ocr_line' id='line_1_13' title="bbox 531 1190 2135 1265; baseline -0.006 -11"><span class='ocrx_word' id='word_1_95' title='bbox 531 1218 650 1255; x_wconf 98' lang='lat' dir='ltr'><strong>cum</strong></span> <span class='ocrx_word' id='word_1_96' title='bbox 674 1211 863 1265; x_wconf 86' lang='lat' dir='ltr'><strong>mutos,</strong></span> <span class='ocrx_word' id='word_1_97' title='bbox 893 1213 1076 1260; x_wconf 65' lang='lat' dir='ltr'><strong>caecos,</strong></span> <span class='ocrx_word' id='word_1_98' title='bbox 1095 1196 1335 1260; x_wconf 88' lang='lat' dir='ltr'><strong>claudos,</strong></span> <span class='ocrx_word' id='word_1_99' title='bbox 1352 1195 1564 1263; x_wconf 81' lang='lat' dir='ltr'><strong>debiles,</strong></span> <span class='ocrx_word' id='word_1_100' title='bbox 1598 1203 1644 1248; x_wconf 89' lang='lat' dir='ltr'><strong>et</strong></span> <span class='ocrx_word' id='word_1_101' title='bbox 1673 1193 1804 1248; x_wconf 82' lang='lat' dir='ltr'><strong>alios</strong></span> <span class='ocrx_word' id='word_1_102' title='bbox 1830 1192 2040 1246; x_wconf 92' lang='lat' dir='ltr'><strong>multos.</strong></span> <span class='ocrx_word' id='word_1_103' title='bbox 2067 1190 2135 1244; x_wconf 92' lang='lat' dir='ltr'><strong>Et</strong></span> 
     </span>
    </p>
   </div>
   <div class='ocr_carea' id='block_1_14' title="bbox 533 1284 2135 1368">
    <p class='ocr_par' dir='ltr' id='par_1_14' title="bbox 533 1284 2135 1368">
     <span class='ocr_line' id='line_1_14' title="bbox 533 1284 2135 1368; baseline -0.007 -18"><span class='ocrx_word' id='word_1_104' title='bbox 533 1299 866 1368; x_wconf 86' lang='lat' dir='ltr'><strong>projecerunt</strong></span> <span class='ocrx_word' id='word_1_105' title='bbox 899 1308 984 1346; x_wconf 92' lang='lat' dir='ltr'><strong>eos</strong></span> <span class='ocrx_word' id='word_1_106' title='bbox 1012 1292 1081 1344; x_wconf 90' lang='lat' dir='ltr'><strong>ad</strong></span> <span class='ocrx_word' id='word_1_107' title='bbox 1103 1291 1254 1362; x_wconf 83' lang='lat' dir='ltr'><strong>pedes</strong></span> <span class='ocrx_word' id='word_1_108' title='bbox 1277 1297 1410 1358; x_wconf 82' lang='lat' dir='ltr'><strong>ejus.</strong></span> <span class='ocrx_word' id='word_1_109' title='bbox 1437 1289 1496 1343; x_wconf 91' lang='lat' dir='ltr'><strong>ln</strong></span> <span class='ocrx_word' id='word_1_110' title='bbox 1527 1304 1594 1344; x_wconf 89' lang='lat' dir='ltr'><strong>eo</strong></span> <span class='ocrx_word' id='word_1_111' title='bbox 1619 1287 1739 1342; x_wconf 92' lang='lat' dir='ltr'><strong>loco</strong></span> <span class='ocrx_word' id='word_1_112' title='bbox 1768 1286 1861 1341; x_wconf 88' lang='lat' dir='ltr'><strong>ubi</strong></span> <span class='ocrx_word' id='word_1_113' title='bbox 1907 1284 2135 1339; x_wconf 88' lang='lat' dir='ltr'><strong>Latinus</strong></span> 
     </span>
    </p>
   </div>
   <div class='ocr_carea' id='block_1_15' title="bbox 532 1377 2131 1457">
    <p class='ocr_par' dir='ltr' id='par_1_15' title="bbox 532 1377 2131 1457">
     <span class='ocr_line' id='line_1_15' title="bbox 532 1377 2131 1457; baseline -0.009 -13"><span class='ocrx_word' id='word_1_114' title='bbox 532 1390 807 1457; x_wconf 78' lang='lat' dir='ltr'><strong>interpres</strong></span> <span class='ocrx_word' id='word_1_115' title='bbox 841 1385 1147 1451; x_wconf 88' lang='lat' dir='ltr'><strong>transtulit,</strong></span> <span class='ocrx_word' id='word_1_116' title='bbox 1179 1383 1392 1446; x_wconf 81' lang='lat' dir='ltr'><strong>debiles,</strong></span> <span class='ocrx_word' id='word_1_117' title='bbox 1427 1384 1479 1436; x_wconf 92' lang='lat' dir='ltr'><strong>in</strong></span> <span class='ocrx_word' id='word_1_118' title='bbox 1511 1382 1705 1437; x_wconf 66' lang='lat' dir='ltr'><strong>Graeco</strong></span> <span class='ocrx_word' id='word_1_119' title='bbox 1733 1377 1995 1447; x_wconf 89' lang='lat' dir='ltr'><strong>scriptum</strong></span> <span class='ocrx_word' id='word_1_120' title='bbox 2028 1386 2131 1444; x_wconf 89' lang='lat' dir='ltr'><strong>est,</strong></span> 
     </span>
    </p>
   </div>
   <div class='ocr_carea' id='block_1_16' title="bbox 531 1469 2135 1552">
    <p class='ocr_par' dir='ltr' id='par_1_16' title="bbox 531 1469 2135 1552">
     <span class='ocr_line' id='line_1_16' title="bbox 531 1469 2135 1552; baseline -0.009 -14"><span class='ocrx_word' id='word_1_121' title='bbox 531 1484 767 1551; x_wconf 73' lang='grc' dir='ltr'><strong>κυλλοὺς,</strong></span> <span class='ocrx_word' id='word_1_122' title='bbox 810 1482 955 1552; x_wconf 87' lang='lat' dir='ltr'><strong>quod</strong></span> <span class='ocrx_word' id='word_1_123' title='bbox 1005 1494 1111 1535; x_wconf 91' lang='lat' dir='ltr'><strong>non</strong></span> <span class='ocrx_word' id='word_1_124' title='bbox 1163 1477 1416 1549; x_wconf 80' lang='lat' dir='ltr'><strong>generale</strong></span> <span class='ocrx_word' id='word_1_125' title='bbox 1455 1474 1785 1538; x_wconf 80' lang='lat' dir='ltr'><strong>debilitatis,</strong></span> <span class='ocrx_word' id='word_1_126' title='bbox 1831 1471 1925 1526; x_wconf 90' lang='lat' dir='ltr'><strong>sed</strong></span> <span class='ocrx_word' id='word_1_127' title='bbox 1973 1469 2135 1525; x_wconf 89' lang='lat' dir='ltr'><strong>unius</strong></span> 
     </span>
    </p>
   </div>
   <div class='ocr_carea' id='block_1_17' title="bbox 531 1563 2138 1640">
    <p class='ocr_par' dir='ltr' id='par_1_17' title="bbox 531 1563 2138 1640">
     <span class='ocr_line' id='line_1_17' title="bbox 531 1563 2138 1640; baseline -0.011 -8"><span class='ocrx_word' id='word_1_128' title='bbox 531 1576 867 1632; x_wconf 84' lang='lat' dir='ltr'><strong>inlirmitatis</strong></span> <span class='ocrx_word' id='word_1_129' title='bbox 911 1583 993 1629; x_wconf 89' lang='lat' dir='ltr'><strong>est</strong></span> <span class='ocrx_word' id='word_1_130' title='bbox 1045 1587 1246 1628; x_wconf 88' lang='lat' dir='ltr'><strong>nomen</strong></span> <span class='ocrx_word' id='word_1_131' title='bbox 1276 1589 1288 1623; x_wconf 95' lang='lat'>:</span> <span class='ocrx_word' id='word_1_132' title='bbox 1321 1579 1381 1626; x_wconf 93' lang='lat' dir='ltr'><strong>ut</strong></span> <span class='ocrx_word' id='word_1_133' title='bbox 1426 1568 1701 1640; x_wconf 89' lang='lat' dir='ltr'><strong>quomodo</strong></span> <span class='ocrx_word' id='word_1_134' title='bbox 1739 1565 1972 1622; x_wconf 87' lang='lat' dir='ltr'><strong>claudus</strong></span> <span class='ocrx_word' id='word_1_135' title='bbox 1999 1563 2138 1619; x_wconf 82' lang='lat' dir='ltr'><strong>dici-</strong></span> 
     </span>
    </p>
   </div>
   <div class='ocr_carea' id='block_1_18' title="bbox 533 1656 2136 1738">
    <p class='ocr_par' dir='ltr' id='par_1_18' title="bbox 533 1656 2136 1738">
     <span class='ocr_line' id='line_1_18' title="bbox 533 1656 2136 1738; baseline -0.007 -16"><span class='ocrx_word' id='word_1_136' title='bbox 533 1676 646 1735; x_wconf 94' lang='lat' dir='ltr'><strong>tur,</strong></span> <span class='ocrx_word' id='word_1_137' title='bbox 688 1667 782 1738; x_wconf 86' lang='lat' dir='ltr'><strong>qui</strong></span> <span class='ocrx_word' id='word_1_138' title='bbox 828 1681 936 1721; x_wconf 91' lang='lat' dir='ltr'><strong>uno</strong></span> <span class='ocrx_word' id='word_1_139' title='bbox 983 1664 1256 1720; x_wconf 81' lang='lat' dir='ltr'><strong>claudicat</strong></span> <span class='ocrx_word' id='word_1_140' title='bbox 1301 1661 1438 1732; x_wconf 88' lang='lat' dir='ltr'><strong>pede</strong></span> <span class='ocrx_word' id='word_1_141' title='bbox 1469 1679 1484 1714; x_wconf 87' lang='lat'>:</span> <span class='ocrx_word' id='word_1_142' title='bbox 1518 1662 1600 1716; x_wconf 90' lang='lat' dir='ltr'><strong>sic</strong></span> <span class='ocrx_word' id='word_1_143' title='bbox 1625 1661 1798 1720; x_wconf 80' lang='grc' dir='ltr'>κυλλός</span> <span class='ocrx_word' id='word_1_144' title='bbox 1829 1656 2136 1727; x_wconf 85' lang='lat' dir='ltr'><strong>appelletur</strong></span> 
     </span>
    </p>
   </div>
   <div class='ocr_carea' id='block_1_19' title="bbox 2239 457 3832 530">
    <p class='ocr_par' dir='ltr' id='par_1_19' title="bbox 2239 457 3832 530">
     <span class='ocr_line' id='line_1_19' title="bbox 2239 457 3832 530; baseline -0.003 -17"><span class='ocrx_word' id='word_1_145' title='bbox 2239 461 2292 513; x_wconf 93' lang='lat' dir='ltr'><strong>in</strong></span> <span class='ocrx_word' id='word_1_146' title='bbox 2326 460 2430 514; x_wconf 91' lang='lat' dir='ltr'><strong>via.</strong></span> <span class='ocrx_word' id='word_1_147' title='bbox 2481 459 2831 514; x_wconf 88' lang='lat' dir='ltr'><strong>Periclitatur</strong></span> <span class='ocrx_word' id='word_1_148' title='bbox 2885 474 3036 530; x_wconf 87' lang='lat' dir='ltr'><strong>ergo,</strong></span> <span class='ocrx_word' id='word_1_149' title='bbox 3070 459 3158 527; x_wconf 89' lang='lat' dir='ltr'><strong>qui</strong></span> <span class='ocrx_word' id='word_1_150' title='bbox 3187 459 3309 514; x_wconf 89' lang='lat' dir='ltr'><strong>sine</strong></span> <span class='ocrx_word' id='word_1_151' title='bbox 3350 457 3562 515; x_wconf 70' lang='lat' dir='ltr'><strong>etelesti</strong></span> <span class='ocrx_word' id='word_1_152' title='bbox 3598 473 3738 526; x_wconf 85' lang='lat' dir='ltr'><strong>pane</strong></span> <span class='ocrx_word' id='word_1_153' title='bbox 3769 457 3832 510; x_wconf 91' lang='lat' dir='ltr'><strong>ad</strong></span> 
     </span>
    </p>
   </div>
   <div class='ocr_carea' id='block_1_20' title="bbox 2236 549 3837 620">
    <p class='ocr_par' dir='ltr' id='par_1_20' title="bbox 2236 549 3837 620">
     <span class='ocr_line' id='line_1_20' title="bbox 2236 549 3837 620; baseline -0.001 -16"><span class='ocrx_word' id='word_1_154' title='bbox 2236 559 2476 620; x_wconf 85' lang='lat' dir='ltr'><strong>aptatam</strong></span> <span class='ocrx_word' id='word_1_155' title='bbox 2531 551 2871 605; x_wconf 85' lang='lat' dir='ltr'><strong>mansionem</strong></span> <span class='ocrx_word' id='word_1_156' title='bbox 2925 551 3215 619; x_wconf 85' lang='lat' dir='ltr'><strong>pervenire</strong></span> <span class='ocrx_word' id='word_1_157' title='bbox 3275 549 3513 605; x_wconf 85' lang='lat' dir='ltr'><strong>festinat.</strong></span> <span class='ocrx_word' id='word_1_158' title='bbox 3567 549 3726 606; x_wconf 89' lang='lat' dir='ltr'><strong>Unde</strong></span> <span class='ocrx_word' id='word_1_159' title='bbox 3782 559 3837 604; x_wconf 89' lang='lat' dir='ltr'><strong>et</strong></span> 
     </span>
    </p>
   </div>
   <div class='ocr_carea' id='block_1_21' title="bbox 2237 642 3834 714">
    <p class='ocr_par' dir='ltr' id='par_1_21' title="bbox 2237 642 3834 714">
     <span class='ocr_line' id='line_1_21' title="bbox 2237 642 3834 714; baseline -0.001 -18"><span class='ocrx_word' id='word_1_160' title='bbox 2237 643 2461 713; x_wconf 80' lang='lat' dir='ltr'><strong>angelus</strong></span> <span class='ocrx_word' id='word_1_161' title='bbox 2493 643 2730 713; x_wconf 88' lang='lat' dir='ltr'><strong>loquitur</strong></span> <span class='ocrx_word' id='word_1_162' title='bbox 2757 643 2823 698; x_wconf 89' lang='lat' dir='ltr'><strong>ad</strong></span> <span class='ocrx_word' id='word_1_163' title='bbox 2855 642 3029 696; x_wconf 89' lang='lat' dir='ltr'><strong>Eliam</strong></span> <span class='ocrx_word' id='word_1_164' title='bbox 3065 661 3078 695; x_wconf 89' lang='lat'>:</span> <span class='ocrx_word' id='word_1_165' title='bbox 3114 643 3303 714; x_wconf 87' lang='lat' dir='ltr'><strong>Surge,</strong></span> <span class='ocrx_word' id='word_1_166' title='bbox 3338 653 3384 697; x_wconf 90' lang='lat' dir='ltr'><strong>et</strong></span> <span class='ocrx_word' id='word_1_167' title='bbox 3404 643 3689 711; x_wconf 86' lang='lat' dir='ltr'><strong>manduca,</strong></span> <span class='ocrx_word' id='word_1_168' title='bbox 3711 643 3834 712; x_wconf 83' lang='lat' dir='ltr'><strong>quia</strong></span> 
     </span>
    </p>
   </div>
   <div class='ocr_carea' id='block_1_22' title="bbox 2237 735 3629 810">
    <p class='ocr_par' dir='ltr' id='par_1_22' title="bbox 2237 735 3629 810">
     <span class='ocr_line' id='line_1_22' title="bbox 2237 735 3629 810; baseline 0.001 -21"><span class='ocrx_word' id='word_1_169' title='bbox 2237 737 2486 810; x_wconf 88' lang='lat' dir='ltr'><strong>grandem</strong></span> <span class='ocrx_word' id='word_1_170' title='bbox 2508 738 2640 790; x_wconf 87' lang='lat' dir='ltr'><strong>viam</strong></span> <span class='ocrx_word' id='word_1_171' title='bbox 2661 736 3024 790; x_wconf 89' lang='lat' dir='ltr'><strong>ambulaturus</strong></span> <span class='ocrx_word' id='word_1_172' title='bbox 3053 752 3102 790; x_wconf 85' lang='lat' dir='ltr'><strong>es</strong></span> <span class='ocrx_word' id='word_1_173' title='bbox 3132 735 3221 806; x_wconf 92' lang='lat' dir='ltr'><strong>(lll</strong></span> <span class='ocrx_word' id='word_1_174' title='bbox 3248 735 3377 806; x_wconf 82' lang='lat' dir='ltr'><strong>Reg.</strong></span> <span class='ocrx_word' id='word_1_175' title='bbox 3409 751 3521 798; x_wconf 84' lang='lat' dir='ltr'><strong>xtx,</strong></span> <span class='ocrx_word' id='word_1_176' title='bbox 3546 736 3629 805; x_wconf 84' lang='lat'><strong>7).</strong></span> 
     </span>
    </p>
   </div>
   <div class='ocr_carea' id='block_1_23' title="bbox 2315 827 3835 899">
    <p class='ocr_par' dir='ltr' id='par_1_23' title="bbox 2315 827 3835 899">
     <span class='ocr_line' id='line_1_23' title="bbox 2315 827 3835 899; baseline -0.001 -16"><span class='ocrx_word' id='word_1_177' title='bbox 2315 827 2496 898; x_wconf 85' lang='lat' dir='ltr'><strong>(Vers.</strong></span> <span class='ocrx_word' id='word_1_178' title='bbox 2530 830 2600 883; x_wconf 80' lang='grc'><strong>55</strong></span> <span class='ocrx_word' id='word_1_179' title='bbox 2621 827 2806 899; x_wconf 88' lang='lat' dir='ltr'><strong>seqq.)</strong></span> <span class='ocrx_word' id='word_1_180' title='bbox 2837 827 2902 881; x_wconf 86' lang='lat' dir='ltr'><strong>Et</strong></span> <span class='ocrx_word' id='word_1_181' title='bbox 2929 828 3106 881; x_wconf 88' lang='lat' dir='ltr'><strong>dicunt</strong></span> <span class='ocrx_word' id='word_1_182' title='bbox 3133 829 3179 880; x_wconf 91' lang='lat' dir='ltr'><strong>ei</strong></span> <span class='ocrx_word' id='word_1_183' title='bbox 3207 828 3489 897; x_wconf 78' lang='lat' dir='ltr'><strong>discipuli:</strong></span> <span class='ocrx_word' id='word_1_184' title='bbox 3527 827 3680 882; x_wconf 89' lang='lat' dir='ltr'><strong>Unde</strong></span> <span class='ocrx_word' id='word_1_185' title='bbox 3717 844 3835 898; x_wconf 88' lang='lat' dir='ltr'><strong>ergo</strong></span> 
     </span>
    </p>
   </div>
   <div class='ocr_carea' id='block_1_24' title="bbox 2235 919 3834 988">
    <p class='ocr_par' dir='ltr' id='par_1_24' title="bbox 2235 919 3834 988">
     <span class='ocr_line' id='line_1_24' title="bbox 2235 919 3834 988; baseline 0 -17"><span class='ocrx_word' id='word_1_186' title='bbox 2235 920 2382 976; x_wconf 87' lang='lat' dir='ltr'><strong>nobis</strong></span> <span class='ocrx_word' id='word_1_187' title='bbox 2411 922 2464 974; x_wconf 88' lang='lat' dir='ltr'><strong>in</strong></span> <span class='ocrx_word' id='word_1_188' title='bbox 2487 920 2688 974; x_wconf 85' lang='lat' dir='ltr'><strong>deserto</strong></span> <span class='ocrx_word' id='word_1_189' title='bbox 2709 936 2868 988; x_wconf 88' lang='lat' dir='ltr'><strong>panes</strong></span> <span class='ocrx_word' id='word_1_190' title='bbox 2891 929 3080 984; x_wconf 89' lang='lat' dir='ltr'><strong>tantos,</strong></span> <span class='ocrx_word' id='word_1_191' title='bbox 3100 929 3155 972; x_wconf 89' lang='lat' dir='ltr'><strong>ut</strong></span> <span class='ocrx_word' id='word_1_192' title='bbox 3180 930 3470 974; x_wconf 88' lang='lat' dir='ltr'><strong>saturemus</strong></span> <span class='ocrx_word' id='word_1_193' title='bbox 3493 919 3698 972; x_wconf 88' lang='lat' dir='ltr'><strong>turbam</strong></span> <span class='ocrx_word' id='word_1_194' title='bbox 3721 928 3834 972; x_wconf 90' lang='lat' dir='ltr'><strong>tan-</strong></span> 
     </span>
    </p>
   </div>
   <div class='ocr_carea' id='block_1_25' title="bbox 2237 1008 3834 1082">
    <p class='ocr_par' dir='ltr' id='par_1_25' title="bbox 2237 1008 3834 1082">
     <span class='ocr_line' id='line_1_25' title="bbox 2237 1008 3834 1082; baseline -0.001 -19"><span class='ocrx_word' id='word_1_195' title='bbox 2237 1013 2380 1064; x_wconf 89' lang='lat' dir='ltr'><strong>tam?</strong></span> <span class='ocrx_word' id='word_1_196' title='bbox 2421 1011 2485 1064; x_wconf 85' lang='lat' dir='ltr'><strong>Et</strong></span> <span class='ocrx_word' id='word_1_197' title='bbox 2534 1013 2607 1064; x_wconf 89' lang='lat' dir='ltr'><strong>ait</strong></span> <span class='ocrx_word' id='word_1_198' title='bbox 2654 1013 2760 1066; x_wconf 85' lang='lat' dir='ltr'><strong>illis</strong></span> <span class='ocrx_word' id='word_1_199' title='bbox 2795 1010 2950 1066; x_wconf 86' lang='lat' dir='ltr'><strong>Jesus</strong></span> <span class='ocrx_word' id='word_1_200' title='bbox 2985 1029 3002 1065; x_wconf 92' lang='lat'><em>:</em></span> <span class='ocrx_word' id='word_1_201' title='bbox 3034 1013 3170 1077; x_wconf 78' lang='lat' dir='ltr'><strong>Quot</strong></span> <span class='ocrx_word' id='word_1_202' title='bbox 3217 1011 3413 1065; x_wconf 80' lang='lat' dir='ltr'><strong>habetis</strong></span> <span class='ocrx_word' id='word_1_203' title='bbox 3437 1013 3629 1082; x_wconf 86' lang='lat' dir='ltr'><strong>panes?</strong></span> <span class='ocrx_word' id='word_1_204' title='bbox 3669 1011 3730 1064; x_wconf 84' lang='lat' dir='ltr'><strong>At</strong></span> <span class='ocrx_word' id='word_1_205' title='bbox 3757 1008 3834 1063; x_wconf 88' lang='lat' dir='ltr'><strong>illi</strong></span> 
     </span>
    </p>
   </div>
   <div class='ocr_carea' id='block_1_26' title="bbox 2238 1103 3835 1176">
    <p class='ocr_par' dir='ltr' id='par_1_26' title="bbox 2238 1103 3835 1176">
     <span class='ocr_line' id='line_1_26' title="bbox 2238 1103 3835 1176; baseline 0 -20"><span class='ocrx_word' id='word_1_206' title='bbox 2238 1103 2479 1157; x_wconf 77' lang='lat' dir='ltr'><strong>dixerunt</strong></span> <span class='ocrx_word' id='word_1_207' title='bbox 2514 1120 2531 1157; x_wconf 90' lang='lat'><strong><em>:</em></strong></span> <span class='ocrx_word' id='word_1_208' title='bbox 2561 1103 2795 1173; x_wconf 83' lang='lat' dir='ltr'><strong>Septem,</strong></span> <span class='ocrx_word' id='word_1_209' title='bbox 2851 1114 2896 1157; x_wconf 88' lang='lat' dir='ltr'><strong>et</strong></span> <span class='ocrx_word' id='word_1_210' title='bbox 2951 1120 3141 1176; x_wconf 89' lang='lat' dir='ltr'><strong>paucos</strong></span> <span class='ocrx_word' id='word_1_211' title='bbox 3163 1103 3462 1175; x_wconf 76' lang='lat' dir='ltr'><strong>pisciculos,</strong></span> <span class='ocrx_word' id='word_1_212' title='bbox 3503 1113 3548 1158; x_wconf 85' lang='lat' dir='ltr'><strong>et</strong></span> <span class='ocrx_word' id='word_1_213' title='bbox 3596 1104 3835 1174; x_wconf 77' lang='lat' dir='ltr'><strong>prwcepit</strong></span> 
     </span>
    </p>
   </div>
   <div class='ocr_carea' id='block_1_27' title="bbox 2237 1197 3837 1269">
    <p class='ocr_par' dir='ltr' id='par_1_27' title="bbox 2237 1197 3837 1269">
     <span class='ocr_line' id='line_1_27' title="bbox 2237 1197 3837 1269; baseline -0.001 -18"><span class='ocrx_word' id='word_1_214' title='bbox 2237 1199 2400 1252; x_wconf 74' lang='lat' dir='ltr'><strong>turbw</strong></span> <span class='ocrx_word' id='word_1_215' title='bbox 2428 1208 2482 1253; x_wconf 92' lang='lat' dir='ltr'><strong>ut</strong></span> <span class='ocrx_word' id='word_1_216' title='bbox 2505 1199 2882 1254; x_wconf 81' lang='lat' dir='ltr'><strong>discumberent</strong></span> <span class='ocrx_word' id='word_1_217' title='bbox 2911 1216 3066 1269; x_wconf 83' lang='lat' dir='ltr'><strong>super</strong></span> <span class='ocrx_word' id='word_1_218' title='bbox 3089 1209 3301 1253; x_wconf 78' lang='lat' dir='ltr'><strong>terram.</strong></span> <span class='ocrx_word' id='word_1_219' title='bbox 3341 1198 3403 1252; x_wconf 85' lang='lat' dir='ltr'><strong>Et</strong></span> <span class='ocrx_word' id='word_1_220' title='bbox 3435 1197 3695 1269; x_wconf 87' lang='lat' dir='ltr'><strong>accipiens</strong></span> <span class='ocrx_word' id='word_1_221' title='bbox 3724 1213 3837 1267; x_wconf 86' lang='lat' dir='ltr'><strong>sep-</strong></span> 
     </span>
    </p>
   </div>
   <div class='ocr_carea' id='block_1_28' title="bbox 2239 1291 3838 1363">
    <p class='ocr_par' dir='ltr' id='par_1_28' title="bbox 2239 1291 3838 1363">
     <span class='ocr_line' id='line_1_28' title="bbox 2239 1291 3838 1363; baseline -0.001 -19"><span class='ocrx_word' id='word_1_222' title='bbox 2239 1299 2336 1344; x_wconf 80' lang='lat' dir='ltr'><strong>teni</strong></span> <span class='ocrx_word' id='word_1_223' title='bbox 2361 1307 2522 1359; x_wconf 88' lang='lat' dir='ltr'><strong>panes</strong></span> <span class='ocrx_word' id='word_1_224' title='bbox 2569 1300 2618 1345; x_wconf 93' lang='lat' dir='ltr'><strong>et</strong></span> <span class='ocrx_word' id='word_1_225' title='bbox 2665 1293 2851 1363; x_wconf 86' lang='lat' dir='ltr'><strong>pisces,</strong></span> <span class='ocrx_word' id='word_1_226' title='bbox 2884 1301 2930 1346; x_wconf 86' lang='lat' dir='ltr'><strong>et</strong></span> <span class='ocrx_word' id='word_1_227' title='bbox 2957 1293 3154 1362; x_wconf 88' lang='lat' dir='ltr'><strong>gratias</strong></span> <span class='ocrx_word' id='word_1_228' title='bbox 3196 1309 3352 1362; x_wconf 85' lang='lat' dir='ltr'><strong>agens</strong></span> <span class='ocrx_word' id='word_1_229' title='bbox 3393 1294 3574 1362; x_wconf 79' lang='lat' dir='ltr'><strong>fregit,</strong></span> <span class='ocrx_word' id='word_1_230' title='bbox 3617 1300 3666 1344; x_wconf 91' lang='lat' dir='ltr'><strong>et</strong></span> <span class='ocrx_word' id='word_1_231' title='bbox 3698 1291 3838 1344; x_wconf 88' lang='lat' dir='ltr'><strong>dedit</strong></span> 
     </span>
    </p>
   </div>
   <div class='ocr_carea' id='block_1_29' title="bbox 2238 1381 3838 1456">
    <p class='ocr_par' dir='ltr' id='par_1_29' title="bbox 2238 1381 3838 1456">
     <span class='ocr_line' id='line_1_29' title="bbox 2238 1381 3838 1456; baseline 0.002 -22"><span class='ocrx_word' id='word_1_232' title='bbox 2238 1381 2510 1450; x_wconf 86' lang='lat' dir='ltr'><strong>discipulis</strong></span> <span class='ocrx_word' id='word_1_233' title='bbox 2533 1384 2639 1437; x_wconf 90' lang='lat' dir='ltr'><strong>suis</strong></span> <span class='ocrx_word' id='word_1_234' title='bbox 2670 1401 2690 1438; x_wconf 90' lang='lat'><strong><em>:</em></strong></span> <span class='ocrx_word' id='word_1_235' title='bbox 2721 1395 2768 1438; x_wconf 89' lang='lat' dir='ltr'><strong>et</strong></span> <span class='ocrx_word' id='word_1_236' title='bbox 2792 1385 3036 1455; x_wconf 87' lang='lat' dir='ltr'><strong>discipuli</strong></span> <span class='ocrx_word' id='word_1_237' title='bbox 3058 1385 3308 1438; x_wconf 85' lang='lat' dir='ltr'><strong>dederunt</strong></span> <span class='ocrx_word' id='word_1_238' title='bbox 3338 1385 3548 1456; x_wconf 88' lang='lat' dir='ltr'><strong>p0pulo.</strong></span> <span class='ocrx_word' id='word_1_239' title='bbox 3577 1383 3648 1438; x_wconf 88' lang='lat' dir='ltr'><strong>Et</strong></span> <span class='ocrx_word' id='word_1_240' title='bbox 3676 1399 3838 1437; x_wconf 85' lang='lat' dir='ltr'><strong>come-</strong></span> 
     </span>
    </p>
   </div>
   <div class='ocr_carea' id='block_1_30' title="bbox 2240 1473 3841 1548">
    <p class='ocr_par' dir='ltr' id='par_1_30' title="bbox 2240 1473 3841 1548">
     <span class='ocr_line' id='line_1_30' title="bbox 2240 1473 3841 1548; baseline 0.002 -22"><span class='ocrx_word' id='word_1_241' title='bbox 2240 1473 2424 1528; x_wconf 86' lang='lat' dir='ltr'><strong>derunt</strong></span> <span class='ocrx_word' id='word_1_242' title='bbox 2470 1492 2674 1546; x_wconf 87' lang='lat' dir='ltr'><strong>onmes,</strong></span> <span class='ocrx_word' id='word_1_243' title='bbox 2717 1486 2767 1531; x_wconf 88' lang='lat' dir='ltr'><strong>et</strong></span> <span class='ocrx_word' id='word_1_244' title='bbox 2805 1478 3022 1530; x_wconf 88' lang='lat' dir='ltr'><strong>saturati</strong></span> <span class='ocrx_word' id='word_1_245' title='bbox 3053 1487 3189 1530; x_wconf 90' lang='lat' dir='ltr'><strong>sunt.</strong></span> <span class='ocrx_word' id='word_1_246' title='bbox 3227 1475 3292 1530; x_wconf 85' lang='lat' dir='ltr'><strong>Et</strong></span> <span class='ocrx_word' id='word_1_247' title='bbox 3319 1477 3456 1545; x_wconf 90' lang='lat' dir='ltr'><strong>quod</strong></span> <span class='ocrx_word' id='word_1_248' title='bbox 3493 1477 3751 1548; x_wconf 78' lang='lat' dir='ltr'><strong>superfuit</strong></span> <span class='ocrx_word' id='word_1_249' title='bbox 3780 1479 3841 1530; x_wconf 88' lang='lat' dir='ltr'><strong>de</strong></span> 
     </span>
    </p>
   </div>
   <div class='ocr_carea' id='block_1_31' title="bbox 2237 1568 3840 1641">
    <p class='ocr_par' dir='ltr' id='par_1_31' title="bbox 2237 1568 3840 1641">
     <span class='ocr_line' id='line_1_31' title="bbox 2237 1568 3840 1641; baseline 0.001 -21"><span class='ocrx_word' id='word_1_250' title='bbox 2237 1568 2561 1638; x_wconf 82' lang='lat' dir='ltr'><strong>fragmentis,</strong></span> <span class='ocrx_word' id='word_1_251' title='bbox 2583 1569 2812 1623; x_wconf 89' lang='lat' dir='ltr'><strong>tulerunt</strong></span> <span class='ocrx_word' id='word_1_252' title='bbox 2828 1579 3019 1639; x_wconf 86' lang='lat' dir='ltr'><strong>septem</strong></span> <span class='ocrx_word' id='word_1_253' title='bbox 3041 1579 3244 1640; x_wconf 87' lang='lat' dir='ltr'><strong>sportas</strong></span> <span class='ocrx_word' id='word_1_254' title='bbox 3261 1570 3458 1641; x_wconf 86' lang='lat' dir='ltr'><strong>plenas.</strong></span> <span class='ocrx_word' id='word_1_255' title='bbox 3483 1569 3649 1624; x_wconf 85' lang='lat' dir='ltr'><strong>Erant</strong></span> <span class='ocrx_word' id='word_1_256' title='bbox 3672 1581 3840 1626; x_wconf 83' lang='lat' dir='ltr'><strong>autem</strong></span> 
     </span>
    </p>
   </div>
   <div class='ocr_carea' id='block_1_32' title="bbox 2237 1660 3842 1731">
    <p class='ocr_par' dir='ltr' id='par_1_32' title="bbox 2237 1660 3842 1731">
     <span class='ocr_line' id='line_1_32' title="bbox 2237 1660 3842 1731; baseline 0.003 -19"><span class='ocrx_word' id='word_1_257' title='bbox 2237 1660 2324 1728; x_wconf 87' lang='lat' dir='ltr'><strong>qui</strong></span> <span class='ocrx_word' id='word_1_258' title='bbox 2366 1660 2807 1714; x_wconf 80' lang='lat' dir='ltr'><strong>manducavet‘unt</strong></span> <span class='ocrx_word' id='word_1_259' title='bbox 2854 1672 3078 1731; x_wconf 88' lang='lat' dir='ltr'><strong>quatuor</strong></span> <span class='ocrx_word' id='word_1_260' title='bbox 3123 1663 3291 1716; x_wconf 87' lang='lat' dir='ltr'><strong>millia</strong></span> <span class='ocrx_word' id='word_1_261' title='bbox 3343 1663 3648 1727; x_wconf 80' lang='lat' dir='ltr'><strong>hominum,</strong></span> <span class='ocrx_word' id='word_1_262' title='bbox 3696 1673 3842 1717; x_wconf 76' lang='lat' dir='ltr'><strong>extra</strong></span> 
     </span>
    </p>
   </div>
   <div class='ocr_carea' id='block_1_33' title="bbox 536 1735 3841 1830">
    <p class='ocr_par' dir='ltr' id='par_1_33' title="bbox 536 1735 3841 1830">
     <span class='ocr_line' id='line_1_33' title="bbox 536 1735 3841 1830; baseline -0.001 -20"><span class='ocrx_word' id='word_1_263' title='bbox 536 1762 626 1830; x_wconf 89' lang='lat' dir='ltr'><strong>qui</strong></span> <span class='ocrx_word' id='word_1_264' title='bbox 662 1735 823 1813; x_wconf 81' lang='lat' dir='ltr'><strong>unam</strong></span> <span class='ocrx_word' id='word_1_265' title='bbox 857 1773 1077 1812; x_wconf 89' lang='lat' dir='ltr'><strong>manum</strong></span> <span class='ocrx_word' id='word_1_266' title='bbox 1101 1755 1335 1811; x_wconf 88' lang='lat' dir='ltr'><strong>debilem</strong></span> <span class='ocrx_word' id='word_1_267' title='bbox 1367 1753 1552 1808; x_wconf 87' lang='lat' dir='ltr'><strong>habet.</strong></span> <span class='ocrx_word' id='word_1_268' title='bbox 1604 1752 1714 1806; x_wconf 87' lang='lat' dir='ltr'><strong>Nos</strong></span> <span class='ocrx_word' id='word_1_269' title='bbox 1746 1749 2134 1820; x_wconf 89' lang='lat' dir='ltr'><strong>proprietatem</strong></span> <span class='ocrx_word' id='word_1_270' title='bbox 2167 1747 2216 1806; x_wconf 92' lang='lat' dir='ltr'><strong>B</strong></span> <span class='ocrx_word' id='word_1_271' title='bbox 2241 1735 2481 1822; x_wconf 86' lang='lat' dir='ltr'><strong>parvulos</strong></span> <span class='ocrx_word' id='word_1_272' title='bbox 2521 1763 2570 1806; x_wconf 89' lang='lat' dir='ltr'><strong>et</strong></span> <span class='ocrx_word' id='word_1_273' title='bbox 2621 1752 2886 1808; x_wconf 87' lang='lat' dir='ltr'><strong>mulieres.</strong></span> <span class='ocrx_word' id='word_1_274' title='bbox 2934 1751 3002 1807; x_wconf 84' lang='lat' dir='ltr'><strong>Et</strong></span> <span class='ocrx_word' id='word_1_275' title='bbox 3029 1754 3249 1807; x_wconf 87' lang='lat' dir='ltr'><strong>dimissa</strong></span> <span class='ocrx_word' id='word_1_276' title='bbox 3296 1753 3466 1820; x_wconf 89' lang='lat' dir='ltr'><strong>turba,</strong></span> <span class='ocrx_word' id='word_1_277' title='bbox 3515 1755 3749 1809; x_wconf 84' lang='lat' dir='ltr'><strong>ascendit</strong></span> <span class='ocrx_word' id='word_1_278' title='bbox 3792 1756 3841 1807; x_wconf 88' lang='lat' dir='ltr'><strong>in</strong></span> 
     </span>
    </p>
   </div>
   <div class='ocr_carea' id='block_1_34' title="bbox 534 1845 2137 1921">
    <p class='ocr_par' dir='ltr' id='par_1_34' title="bbox 534 1845 2137 1921">
     <span class='ocr_line' id='line_1_34' title="bbox 534 1845 2137 1921; baseline -0.008 -14"><span class='ocrx_word' id='word_1_279' title='bbox 534 1851 701 1921; x_wconf 85' lang='lat' dir='ltr'><strong>hujus</strong></span> <span class='ocrx_word' id='word_1_280' title='bbox 747 1851 898 1907; x_wconf 87' lang='lat' dir='ltr'><strong>verbi</strong></span> <span class='ocrx_word' id='word_1_281' title='bbox 932 1864 1037 1905; x_wconf 92' lang='lat' dir='ltr'><strong>non</strong></span> <span class='ocrx_word' id='word_1_282' title='bbox 1072 1849 1365 1903; x_wconf 84' lang='lat' dir='ltr'><strong>habemus.</strong></span> <span class='ocrx_word' id='word_1_283' title='bbox 1415 1845 1572 1902; x_wconf 87' lang='lat' dir='ltr'><strong>Unde</strong></span> <span class='ocrx_word' id='word_1_284' title='bbox 1616 1853 1671 1900; x_wconf 90' lang='lat' dir='ltr'><strong>et</strong></span> <span class='ocrx_word' id='word_1_285' title='bbox 1711 1845 1765 1898; x_wconf 92' lang='lat' dir='ltr'><strong>in</strong></span> <span class='ocrx_word' id='word_1_286' title='bbox 1796 1856 2137 1910; x_wconf 85' lang='lat' dir='ltr'><strong>consequen-</strong></span> 
     </span>
    </p>
   </div>
   <div class='ocr_carea' id='block_1_35' title="bbox 531 1936 2137 2016">
    <p class='ocr_par' dir='ltr' id='par_1_35' title="bbox 531 1936 2137 2016">
     <span class='ocr_line' id='line_1_35' title="bbox 531 1936 2137 2016; baseline -0.007 -14"><span class='ocrx_word' id='word_1_287' title='bbox 531 1947 680 2002; x_wconf 88' lang='lat' dir='ltr'><strong>tibus</strong></span> <span class='ocrx_word' id='word_1_288' title='bbox 706 1945 1038 2016; x_wconf 85' lang='lat' dir='ltr'><strong>evangelista</strong></span> <span class='ocrx_word' id='word_1_289' title='bbox 1070 1951 1400 1999; x_wconf 74' lang='lat' dir='ltr'><strong>cseterorum</strong></span> <span class='ocrx_word' id='word_1_290' title='bbox 1429 1939 1690 1996; x_wconf 88' lang='lat' dir='ltr'><strong>debilium</strong></span> <span class='ocrx_word' id='word_1_291' title='bbox 1716 1937 1970 2008; x_wconf 76' lang='lat' dir='ltr'><strong>exposuit</strong></span> <span class='ocrx_word' id='word_1_292' title='bbox 1992 1936 2137 1990; x_wconf 88' lang='lat' dir='ltr'><strong>sani-</strong></span> 
     </span>
    </p>
   </div>
   <div class='ocr_carea' id='block_1_36' title="bbox 530 2031 1788 2105">
    <p class='ocr_par' dir='ltr' id='par_1_36' title="bbox 530 2031 1788 2105">
     <span class='ocr_line' id='line_1_36' title="bbox 530 2031 1788 2105; baseline -0.009 -12"><span class='ocrx_word' id='word_1_293' title='bbox 530 2047 696 2105; x_wconf 79' lang='lat' dir='ltr'><strong>tates,</strong></span> <span class='ocrx_word' id='word_1_294' title='bbox 719 2037 913 2092; x_wconf 87' lang='lat' dir='ltr'><strong>horum</strong></span> <span class='ocrx_word' id='word_1_295' title='bbox 949 2035 1139 2090; x_wconf 89' lang='lat' dir='ltr'><strong>tacuit.</strong></span> <span class='ocrx_word' id='word_1_296' title='bbox 1168 2034 1311 2102; x_wconf 88' lang='lat' dir='ltr'><strong>Quid</strong></span> <span class='ocrx_word' id='word_1_297' title='bbox 1344 2033 1490 2086; x_wconf 90' lang='lat' dir='ltr'><strong>enim</strong></span> <span class='ocrx_word' id='word_1_298' title='bbox 1516 2031 1788 2098; x_wconf 90' lang='lat' dir='ltr'><strong>sequitur.</strong></span> 
     </span>
    </p>
   </div>
   <div class='ocr_carea' id='block_1_37' title="bbox 603 2123 2133 2201">
    <p class='ocr_par' dir='ltr' id='par_1_37' title="bbox 603 2123 2133 2201">
     <span class='ocr_line' id='line_1_37' title="bbox 603 2123 2133 2201; baseline -0.007 -17"><span class='ocrx_word' id='word_1_299' title='bbox 603 2129 784 2201; x_wconf 83' lang='lat' dir='ltr'><strong>(Vers.</strong></span> <span class='ocrx_word' id='word_1_300' title='bbox 813 2129 932 2198; x_wconf 78' lang='grc'><strong>51.)</strong></span> <span class='ocrx_word' id='word_1_301' title='bbox 959 2127 1026 2182; x_wconf 86' lang='lat' dir='ltr'><strong>Et</strong></span> <span class='ocrx_word' id='word_1_302' title='bbox 1050 2127 1245 2182; x_wconf 86' lang='lat' dir='ltr'><strong>curavit</strong></span> <span class='ocrx_word' id='word_1_303' title='bbox 1275 2143 1362 2180; x_wconf 88' lang='lat' dir='ltr'><strong>eos</strong></span> <span class='ocrx_word' id='word_1_304' title='bbox 1391 2141 1410 2179; x_wconf 93' lang='lat'><strong><em>:</em></strong></span> <span class='ocrx_word' id='word_1_305' title='bbox 1435 2125 1588 2178; x_wconf 86' lang='lat' dir='ltr'><strong>itaut</strong></span> <span class='ocrx_word' id='word_1_306' title='bbox 1615 2123 1780 2176; x_wconf 74' lang='lat' dir='ltr'><strong>turba:</strong></span> <span class='ocrx_word' id='word_1_307' title='bbox 1802 2124 2133 2190; x_wconf 81' lang='lat' dir='ltr'><strong>mirarentur,</strong></span> 
     </span>
    </p>
   </div>
   <div class='ocr_carea' id='block_1_38' title="bbox 531 2216 2136 2294">
    <p class='ocr_par' dir='ltr' id='par_1_38' title="bbox 531 2216 2136 2294">
     <span class='ocr_line' id='line_1_38' title="bbox 531 2216 2136 2294; baseline -0.006 -17"><span class='ocrx_word' id='word_1_308' title='bbox 531 2220 762 2277; x_wconf 82' lang='lat' dir='ltr'><strong>videntes</strong></span> <span class='ocrx_word' id='word_1_309' title='bbox 802 2231 968 2294; x_wconf 76' lang='lat' dir='ltr'><strong>mutps</strong></span> <span class='ocrx_word' id='word_1_310' title='bbox 1002 2221 1299 2291; x_wconf 88' lang='lat' dir='ltr'><strong>loquentes,</strong></span> <span class='ocrx_word' id='word_1_311' title='bbox 1333 2217 1548 2271; x_wconf 90' lang='lat' dir='ltr'><strong>claudos</strong></span> <span class='ocrx_word' id='word_1_312' title='bbox 1589 2216 1946 2282; x_wconf 82' lang='lat' dir='ltr'><strong>ambulantes,</strong></span> <span class='ocrx_word' id='word_1_313' title='bbox 1978 2232 2136 2270; x_wconf 71' lang='lat' dir='ltr'><strong>caecos</strong></span> 
     </span>
    </p>
   </div>
   <div class='ocr_carea' id='block_1_39' title="bbox 533 2308 2138 2383">
    <p class='ocr_par' dir='ltr' id='par_1_39' title="bbox 533 2308 2138 2383">
     <span class='ocr_line' id='line_1_39' title="bbox 533 2308 2138 2383; baseline -0.003 -15"><span class='ocrx_word' id='word_1_314' title='bbox 533 2317 764 2369; x_wconf 86' lang='lat' dir='ltr'><strong>videntes</strong></span> <span class='ocrx_word' id='word_1_315' title='bbox 790 2329 809 2368; x_wconf 90' lang='lat'><strong><em>:</em></strong></span> <span class='ocrx_word' id='word_1_316' title='bbox 838 2323 885 2369; x_wconf 92' lang='lat' dir='ltr'><strong>et</strong></span> <span class='ocrx_word' id='word_1_317' title='bbox 932 2312 1332 2383; x_wconf 80' lang='lat' dir='ltr'><strong>magniﬁcabant</strong></span> <span class='ocrx_word' id='word_1_318' title='bbox 1381 2309 1553 2365; x_wconf 87' lang='lat' dir='ltr'><strong>Deum</strong></span> <span class='ocrx_word' id='word_1_319' title='bbox 1594 2308 1786 2364; x_wconf 86' lang='lat' dir='ltr'><strong>Israel.</strong></span> <span class='ocrx_word' id='word_1_320' title='bbox 1814 2310 1894 2365; x_wconf 91' lang='lat' dir='ltr'><strong>De</strong></span> <span class='ocrx_word' id='word_1_321' title='bbox 1936 2311 2138 2370; x_wconf 78' lang='grc' dir='ltr'><strong>κνλλοῑς</strong></span> 
     </span>
    </p>
   </div>
   <div class='ocr_carea' id='block_1_40' title="bbox 534 2403 2136 2477">
    <p class='ocr_par' dir='ltr' id='par_1_40' title="bbox 534 2403 2136 2477">
     <span class='ocr_line' id='line_1_40' title="bbox 534 2403 2136 2477; baseline -0.004 -16"><span class='ocrx_word' id='word_1_322' title='bbox 534 2408 725 2472; x_wconf 90' lang='lat' dir='ltr'><strong>tacuit,</strong></span> <span class='ocrx_word' id='word_1_323' title='bbox 772 2408 896 2477; x_wconf 89' lang='lat' dir='ltr'><strong>quia</strong></span> <span class='ocrx_word' id='word_1_324' title='bbox 939 2406 1066 2475; x_wconf 89' lang='lat' dir='ltr'><strong>quid</strong></span> <span class='ocrx_word' id='word_1_325' title='bbox 1093 2404 1406 2461; x_wconf 89' lang='lat' dir='ltr'><strong>econtrario</strong></span> <span class='ocrx_word' id='word_1_326' title='bbox 1437 2403 1670 2470; x_wconf 86' lang='lat' dir='ltr'><strong>diceret,</strong></span> <span class='ocrx_word' id='word_1_327' title='bbox 1722 2419 1830 2459; x_wconf 92' lang='lat' dir='ltr'><strong>non</strong></span> <span class='ocrx_word' id='word_1_328' title='bbox 1881 2403 2136 2458; x_wconf 85' lang='lat' dir='ltr'><strong>habebat.</strong></span> 
     </span>
    </p>
   </div>
   <div class='ocr_carea' id='block_1_41' title="bbox 532 2494 2136 2564">
    <p class='ocr_par' dir='ltr' id='par_1_41' title="bbox 532 2494 2136 2564">
     <span class='ocr_line' id='line_1_41' title="bbox 532 2494 2136 2564; baseline -0.005 -10"><span class='ocrx_word' id='word_1_329' title='bbox 532 2498 655 2555; x_wconf 79' lang='lat' dir='ltr'><strong>Hoc</strong></span> <span class='ocrx_word' id='word_1_330' title='bbox 683 2498 753 2553; x_wconf 92' lang='lat' dir='ltr'><strong>de</strong></span> <span class='ocrx_word' id='word_1_331' title='bbox 779 2513 892 2553; x_wconf 90' lang='lat' dir='ltr'><strong>uno</strong></span> <span class='ocrx_word' id='word_1_332' title='bbox 924 2498 1114 2552; x_wconf 91' lang='lat' dir='ltr'><strong>verbo.</strong></span> <span class='ocrx_word' id='word_1_333' title='bbox 1167 2496 1480 2550; x_wconf 87' lang='lat' dir='ltr'><strong>lntueamttr</strong></span> <span class='ocrx_word' id='word_1_334' title='bbox 1530 2502 1712 2548; x_wconf 88' lang='lat' dir='ltr'><strong>autem</strong></span> <span class='ocrx_word' id='word_1_335' title='bbox 1759 2494 1899 2564; x_wconf 88' lang='lat' dir='ltr'><strong>quod</strong></span> <span class='ocrx_word' id='word_1_336' title='bbox 1946 2501 2136 2547; x_wconf 86' lang='lat' dir='ltr'><strong>sanata</strong></span> 
     </span>
    </p>
   </div>
   <div class='ocr_carea' id='block_1_42' title="bbox 535 2584 2140 2651">
    <p class='ocr_par' dir='ltr' id='par_1_42' title="bbox 535 2584 2140 2651">
     <span class='ocr_line' id='line_1_42' title="bbox 535 2584 2140 2651; baseline -0.005 -3"><span class='ocrx_word' id='word_1_337' title='bbox 535 2591 869 2648; x_wconf 63' lang='lat' dir='ltr'><strong>Chananazze</strong></span> <span class='ocrx_word' id='word_1_338' title='bbox 899 2588 1012 2643; x_wconf 87' lang='lat' dir='ltr'><strong>lilia</strong></span> <span class='ocrx_word' id='word_1_339' title='bbox 1043 2595 1355 2644; x_wconf 85' lang='lat' dir='ltr'><strong>revertatur</strong></span> <span class='ocrx_word' id='word_1_340' title='bbox 1393 2586 1458 2640; x_wconf 90' lang='lat' dir='ltr'><strong>ad</strong></span> <span class='ocrx_word' id='word_1_341' title='bbox 1505 2585 1776 2651; x_wconf 73' lang='lat' dir='ltr'><strong>Judaeam,</strong></span> <span class='ocrx_word' id='word_1_342' title='bbox 1809 2595 1865 2640; x_wconf 87' lang='lat' dir='ltr'><strong>et</strong></span> <span class='ocrx_word' id='word_1_343' title='bbox 1893 2584 1960 2641; x_wconf 92' lang='lat' dir='ltr'><strong>ad</strong></span> <span class='ocrx_word' id='word_1_344' title='bbox 1992 2601 2140 2640; x_wconf 86' lang='lat' dir='ltr'><strong>mare</strong></span> 
     </span>
    </p>
   </div>
   <div class='ocr_carea' id='block_1_43' title="bbox 533 2679 2142 2750">
    <p class='ocr_par' dir='ltr' id='par_1_43' title="bbox 533 2679 2142 2750">
     <span class='ocr_line' id='line_1_43' title="bbox 533 2679 2142 2750; baseline -0.005 -10"><span class='ocrx_word' id='word_1_345' title='bbox 533 2683 794 2750; x_wconf 71' lang='lat' dir='ltr'><strong>Galilmm,</strong></span> <span class='ocrx_word' id='word_1_346' title='bbox 836 2692 891 2737; x_wconf 89' lang='lat' dir='ltr'><strong>et</strong></span> <span class='ocrx_word' id='word_1_347' title='bbox 941 2681 1208 2736; x_wconf 85' lang='lat' dir='ltr'><strong>ascendat</strong></span> <span class='ocrx_word' id='word_1_348' title='bbox 1238 2680 1292 2734; x_wconf 91' lang='lat' dir='ltr'><strong>in</strong></span> <span class='ocrx_word' id='word_1_349' title='bbox 1321 2688 1562 2733; x_wconf 88' lang='lat' dir='ltr'><strong>montem</strong></span> <span class='ocrx_word' id='word_1_350' title='bbox 1599 2696 1612 2731; x_wconf 91' lang='lat'><strong>:</strong></span> <span class='ocrx_word' id='word_1_351' title='bbox 1647 2687 1702 2733; x_wconf 90' lang='lat' dir='ltr'><strong>et</strong></span> <span class='ocrx_word' id='word_1_352' title='bbox 1731 2679 1884 2749; x_wconf 91' lang='lat' dir='ltr'><strong>quasi</strong></span> <span class='ocrx_word' id='word_1_353' title='bbox 1917 2679 2034 2732; x_wconf 88' lang='lat' dir='ltr'><strong>avis</strong></span> <span class='ocrx_word' id='word_1_354' title='bbox 2063 2688 2142 2732; x_wconf 88' lang='lat' dir='ltr'><strong>te-</strong></span> 
     </span>
    </p>
   </div>
   <div class='ocr_carea' id='block_1_44' title="bbox 533 2768 2134 2841">
    <p class='ocr_par' dir='ltr' id='par_1_44' title="bbox 533 2768 2134 2841">
     <span class='ocr_line' id='line_1_44' title="bbox 533 2768 2134 2841; baseline -0.006 -11"><span class='ocrx_word' id='word_1_355' title='bbox 533 2791 700 2830; x_wconf 87' lang='lat' dir='ltr'><strong>neros</strong></span> <span class='ocrx_word' id='word_1_356' title='bbox 753 2773 896 2828; x_wconf 84' lang='lat' dir='ltr'><strong>l&#39;etus</strong></span> <span class='ocrx_word' id='word_1_357' title='bbox 949 2781 1210 2841; x_wconf 88' lang='lat' dir='ltr'><strong>provocet</strong></span> <span class='ocrx_word' id='word_1_358' title='bbox 1236 2769 1302 2824; x_wconf 88' lang='lat' dir='ltr'><strong>ad</strong></span> <span class='ocrx_word' id='word_1_359' title='bbox 1349 2768 1681 2832; x_wconf 84' lang='lat' dir='ltr'><strong>velandum;</strong></span> <span class='ocrx_word' id='word_1_360' title='bbox 1715 2769 1901 2838; x_wconf 89' lang='lat' dir='ltr'><strong>ibique</strong></span> <span class='ocrx_word' id='word_1_361' title='bbox 1929 2768 2134 2835; x_wconf 89' lang='lat' dir='ltr'><strong>sedeat,</strong></span> 
     </span>
    </p>
   </div>
   <div class='ocr_carea' id='block_1_45' title="bbox 537 2860 2140 2930">
    <p class='ocr_par' dir='ltr' id='par_1_45' title="bbox 537 2860 2140 2930">
     <span class='ocr_line' id='line_1_45' title="bbox 537 2860 2140 2930; baseline -0.004 -8"><span class='ocrx_word' id='word_1_362' title='bbox 537 2875 595 2922; x_wconf 89' lang='lat' dir='ltr'><strong>et</strong></span> <span class='ocrx_word' id='word_1_363' title='bbox 627 2865 801 2921; x_wconf 76' lang='lat' dir='ltr'><strong>turba:</strong></span> <span class='ocrx_word' id='word_1_364' title='bbox 829 2871 1164 2920; x_wconf 89' lang='lat' dir='ltr'><strong>concurrant</strong></span> <span class='ocrx_word' id='word_1_365' title='bbox 1195 2860 1262 2914; x_wconf 91' lang='lat' dir='ltr'><strong>ad</strong></span> <span class='ocrx_word' id='word_1_366' title='bbox 1294 2876 1441 2927; x_wconf 91' lang='lat' dir='ltr'><strong>eum,</strong></span> <span class='ocrx_word' id='word_1_367' title='bbox 1483 2860 1820 2915; x_wconf 89' lang='lat' dir='ltr'><strong>deducentes</strong></span> <span class='ocrx_word' id='word_1_368' title='bbox 1859 2861 1977 2915; x_wconf 84' lang='lat' dir='ltr'><strong>sive</strong></span> <span class='ocrx_word' id='word_1_369' title='bbox 2005 2875 2140 2930; x_wconf 89' lang='lat' dir='ltr'><strong>por-</strong></span> 
     </span>
    </p>
   </div>
   <div class='ocr_carea' id='block_1_46' title="bbox 532 2952 2142 3024">
    <p class='ocr_par' dir='ltr' id='par_1_46' title="bbox 532 2952 2142 3024">
     <span class='ocr_line' id='line_1_46' title="bbox 532 2952 2142 3024; baseline -0.005 -10"><span class='ocrx_word' id='word_1_370' title='bbox 532 2967 714 3015; x_wconf 88' lang='lat' dir='ltr'><strong>tantes</strong></span> <span class='ocrx_word' id='word_1_371' title='bbox 739 2973 925 3013; x_wconf 88' lang='lat' dir='ltr'><strong>secum</strong></span> <span class='ocrx_word' id='word_1_372' title='bbox 970 2956 1142 3009; x_wconf 91' lang='lat' dir='ltr'><strong>variis</strong></span> <span class='ocrx_word' id='word_1_373' title='bbox 1179 2968 1476 3024; x_wconf 88' lang='lat' dir='ltr'><strong>oppressos</strong></span> <span class='ocrx_word' id='word_1_374' title='bbox 1499 2952 1922 3007; x_wconf 82' lang='lat' dir='ltr'><strong>inﬁrmitatibus</strong></span> <span class='ocrx_word' id='word_1_375' title='bbox 1957 2967 1972 3005; x_wconf 90' lang='lat'><strong>:</strong></span> <span class='ocrx_word' id='word_1_376' title='bbox 2005 2967 2142 3021; x_wconf 88' lang='lat' dir='ltr'><strong>quos</strong></span> 
     </span>
    </p>
   </div>
   <div class='ocr_carea' id='block_1_47' title="bbox 531 3043 2139 3123">
    <p class='ocr_par' dir='ltr' id='par_1_47' title="bbox 531 3043 2139 3123">
     <span class='ocr_line' id='line_1_47' title="bbox 531 3043 2139 3123; baseline -0.004 -20"><span class='ocrx_word' id='word_1_377' title='bbox 531 3059 828 3123; x_wconf 79' lang='lat' dir='ltr'><strong>postquam</strong></span> <span class='ocrx_word' id='word_1_378' title='bbox 857 3047 1092 3114; x_wconf 88' lang='lat' dir='ltr'><strong>curavit,</strong></span> <span class='ocrx_word' id='word_1_379' title='bbox 1150 3045 1303 3100; x_wconf 89' lang='lat' dir='ltr'><strong>dedit</strong></span> <span class='ocrx_word' id='word_1_380' title='bbox 1354 3043 1436 3098; x_wconf 89' lang='lat' dir='ltr'><strong>eis</strong></span> <span class='ocrx_word' id='word_1_381' title='bbox 1487 3043 1672 3109; x_wconf 89' lang='lat' dir='ltr'><strong>cibos;</strong></span> <span class='ocrx_word' id='word_1_382' title='bbox 1719 3053 1774 3098; x_wconf 89' lang='lat' dir='ltr'><strong>et</strong></span> <span class='ocrx_word' id='word_1_383' title='bbox 1821 3043 1926 3098; x_wconf 86' lang='lat' dir='ltr'><strong>hoc</strong></span> <span class='ocrx_word' id='word_1_384' title='bbox 1970 3057 2139 3112; x_wconf 90' lang='lat' dir='ltr'><strong>opere</strong></span> 
     </span>
    </p>
   </div>
   <div class='ocr_carea' id='block_1_48' title="bbox 2241 1843 3845 1920">
    <p class='ocr_par' dir='ltr' id='par_1_48' title="bbox 2241 1843 3845 1920">
     <span class='ocr_line' id='line_1_48' title="bbox 2241 1843 3845 1920; baseline 0.003 -25"><span class='ocrx_word' id='word_1_385' title='bbox 2241 1843 2556 1907; x_wconf 78' lang='lat' dir='ltr'><strong>naviculam,</strong></span> <span class='ocrx_word' id='word_1_386' title='bbox 2573 1853 2622 1896; x_wconf 89' lang='lat' dir='ltr'><strong>et</strong></span> <span class='ocrx_word' id='word_1_387' title='bbox 2649 1849 2785 1897; x_wconf 82' lang='lat' dir='ltr'><strong>venit</strong></span> <span class='ocrx_word' id='word_1_388' title='bbox 2805 1845 2857 1896; x_wconf 88' lang='lat' dir='ltr'><strong>in</strong></span> <span class='ocrx_word' id='word_1_389' title='bbox 2883 1845 3014 1913; x_wconf 81' lang='lat' dir='ltr'><strong>ﬁnes</strong></span> <span class='ocrx_word' id='word_1_390' title='bbox 3034 1844 3292 1914; x_wconf 79' lang='lat' dir='ltr'><strong>Magetlan</strong></span> <span class='ocrx_word' id='word_1_391' title='bbox 3315 1844 3626 1920; x_wconf 70' lang='grc' dir='ltr'><strong>[Μαγδαλά].</strong></span> <span class='ocrx_word' id='word_1_392' title='bbox 3646 1846 3721 1901; x_wconf 88' lang='lat' dir='ltr'><strong>De</strong></span> <span class='ocrx_word' id='word_1_393' title='bbox 3745 1847 3845 1900; x_wconf 86' lang='lat' dir='ltr'><strong>hoc</strong></span> 
     </span>
    </p>
   </div>
   <div class='ocr_carea' id='block_1_49' title="bbox 2239 1935 3840 2005">
    <p class='ocr_par' dir='ltr' id='par_1_49' title="bbox 2239 1935 3840 2005">
     <span class='ocr_line' id='line_1_49' title="bbox 2239 1935 3840 2005; baseline 0.002 -15"><span class='ocrx_word' id='word_1_394' title='bbox 2239 1935 2394 2004; x_wconf 90' lang='lat' dir='ltr'><strong>signo</strong></span> <span class='ocrx_word' id='word_1_395' title='bbox 2417 1935 2528 2005; x_wconf 89' lang='lat' dir='ltr'><strong>jam</strong></span> <span class='ocrx_word' id='word_1_396' title='bbox 2568 1950 2732 2002; x_wconf 87' lang='lat' dir='ltr'><strong>supra</strong></span> <span class='ocrx_word' id='word_1_397' title='bbox 2774 1935 3032 2004; x_wconf 77' lang='lat' dir='ltr'><strong>diximus,</strong></span> <span class='ocrx_word' id='word_1_398' title='bbox 3075 1945 3131 1991; x_wconf 90' lang='lat' dir='ltr'><strong>et</strong></span> <span class='ocrx_word' id='word_1_399' title='bbox 3163 1935 3352 1991; x_wconf 87' lang='lat' dir='ltr'><strong>eadem</strong></span> <span class='ocrx_word' id='word_1_400' title='bbox 3386 1947 3633 2005; x_wconf 88' lang='lat' dir='ltr'><strong>repetere</strong></span> <span class='ocrx_word' id='word_1_401' title='bbox 3681 1939 3840 1993; x_wconf 87' lang='lat' dir='ltr'><strong>otiosi</strong></span> 
     </span>
    </p>
   </div>
   <div class='ocr_carea' id='block_1_50' title="bbox 2241 2025 3844 2096">
    <p class='ocr_par' dir='ltr' id='par_1_50' title="bbox 2241 2025 3844 2096">
     <span class='ocr_line' id='line_1_50' title="bbox 2241 2025 3844 2096; baseline -0.002 -14"><span class='ocrx_word' id='word_1_402' title='bbox 2241 2037 2358 2082; x_wconf 88' lang='lat' dir='ltr'><strong>est:</strong></span> <span class='ocrx_word' id='word_1_403' title='bbox 2383 2036 2587 2081; x_wconf 86' lang='lat' dir='ltr'><strong>tantum</strong></span> <span class='ocrx_word' id='word_1_404' title='bbox 2619 2027 2672 2080; x_wconf 91' lang='lat' dir='ltr'><strong>in</strong></span> <span class='ocrx_word' id='word_1_405' title='bbox 2701 2025 2784 2081; x_wconf 85' lang='lat' dir='ltr'><strong>his</strong></span> <span class='ocrx_word' id='word_1_406' title='bbox 2815 2041 2934 2096; x_wconf 65' lang='lat' dir='ltr'><strong>qua:</strong></span> <span class='ocrx_word' id='word_1_407' title='bbox 2963 2026 3301 2096; x_wconf 82' lang='lat' dir='ltr'><strong>discrepant,</strong></span> <span class='ocrx_word' id='word_1_408' title='bbox 3338 2028 3712 2083; x_wconf 87' lang='lat' dir='ltr'><strong>immoremur.</strong></span> <span class='ocrx_word' id='word_1_409' title='bbox 3743 2028 3844 2084; x_wconf 86' lang='lat' dir='ltr'><strong>Stt-</strong></span> 
     </span>
    </p>
   </div>
   <div class='ocr_carea' id='block_1_51' title="bbox 2240 2118 3841 2190">
    <p class='ocr_par' dir='ltr' id='par_1_51' title="bbox 2240 2118 3841 2190">
     <span class='ocr_line' id='line_1_51' title="bbox 2240 2118 3841 2190; baseline 0.002 -21"><span class='ocrx_word' id='word_1_410' title='bbox 2240 2134 2338 2190; x_wconf 87' lang='lat' dir='ltr'><strong>pra</strong></span> <span class='ocrx_word' id='word_1_411' title='bbox 2369 2127 2394 2154; x_wconf 73' lang='grc' dir='ltr'>α</span> <span class='ocrx_word' id='word_1_412' title='bbox 2423 2119 2654 2189; x_wconf 77' lang='lat' dir='ltr'><strong>legimus</strong></span> <span class='ocrx_word' id='word_1_413' title='bbox 2695 2135 2710 2172; x_wconf 86' lang='lat'><strong>:</strong></span> <span class='ocrx_word' id='word_1_414' title='bbox 2756 2118 2982 2189; x_wconf 85' lang='lat' dir='ltr'><strong>Vespere</strong></span> <span class='ocrx_word' id='word_1_415' title='bbox 3004 2127 3175 2172; x_wconf 90' lang='lat' dir='ltr'><strong>autem</strong></span> <span class='ocrx_word' id='word_1_416' title='bbox 3217 2122 3354 2190; x_wconf 81' lang='lat' dir='ltr'><strong>facto</strong></span> <span class='ocrx_word' id='word_1_417' title='bbox 3378 2163 3392 2188; x_wconf 93' lang='lat'><strong>,</strong></span> <span class='ocrx_word' id='word_1_418' title='bbox 3420 2130 3745 2174; x_wconf 88' lang='lat' dir='ltr'><strong>accesserunt</strong></span> <span class='ocrx_word' id='word_1_419' title='bbox 3773 2120 3841 2173; x_wconf 87' lang='lat' dir='ltr'><strong>ad</strong></span> 
     </span>
    </p>
   </div>
   <div class='ocr_carea' id='block_1_52' title="bbox 2241 2209 3840 2283">
    <p class='ocr_par' dir='ltr' id='par_1_52' title="bbox 2241 2209 3840 2283">
     <span class='ocr_line' id='line_1_52' title="bbox 2241 2209 3840 2283; baseline -0.001 -19"><span class='ocrx_word' id='word_1_420' title='bbox 2241 2226 2360 2264; x_wconf 89' lang='lat' dir='ltr'><strong>eum</strong></span> <span class='ocrx_word' id='word_1_421' title='bbox 2389 2211 2662 2278; x_wconf 89' lang='lat' dir='ltr'><strong>discipuli,</strong></span> <span class='ocrx_word' id='word_1_422' title='bbox 2698 2209 2922 2264; x_wconf 78' lang='lat' dir='ltr'><strong>dicentes</strong></span> <span class='ocrx_word' id='word_1_423' title='bbox 2955 2227 2974 2265; x_wconf 91' lang='lat'><strong><em>:</em></strong></span> <span class='ocrx_word' id='word_1_424' title='bbox 3011 2210 3258 2265; x_wconf 81' lang='lat' dir='ltr'><strong>Desertus</strong></span> <span class='ocrx_word' id='word_1_425' title='bbox 3287 2222 3362 2264; x_wconf 89' lang='lat' dir='ltr'><strong>est</strong></span> <span class='ocrx_word' id='word_1_426' title='bbox 3403 2214 3547 2264; x_wconf 89' lang='lat' dir='ltr'><strong>locus</strong></span> <span class='ocrx_word' id='word_1_427' title='bbox 3601 2212 3840 2283; x_wconf 88' lang='lat' dir='ltr'><strong>(Supra,</strong></span> 
     </span>
    </p>
   </div>
   <div class='ocr_carea' id='block_1_53' title="bbox 2241 2302 3842 2374">
    <p class='ocr_par' dir='ltr' id='par_1_53' title="bbox 2241 2302 3842 2374">
     <span class='ocr_line' id='line_1_53' title="bbox 2241 2302 3842 2374; baseline 0.001 -16"><span class='ocrx_word' id='word_1_428' title='bbox 2241 2319 2358 2374; x_wconf 86' lang='lat' dir='ltr'><strong>xtv,</strong></span> <span class='ocrx_word' id='word_1_429' title='bbox 2395 2302 2518 2374; x_wconf 70' lang='lat'><strong>15),</strong></span> <span class='ocrx_word' id='word_1_430' title='bbox 2552 2313 2608 2358; x_wconf 89' lang='lat' dir='ltr'><strong>et</strong></span> <span class='ocrx_word' id='word_1_431' title='bbox 2663 2303 2896 2374; x_wconf 88' lang='lat' dir='ltr'><strong>reliqua.</strong></span> <span class='ocrx_word' id='word_1_432' title='bbox 2931 2304 3026 2360; x_wconf 90' lang='lat' dir='ltr'><strong>llic</strong></span> <span class='ocrx_word' id='word_1_433' title='bbox 3051 2303 3336 2372; x_wconf 73' lang='lat' dir='ltr'><strong>discipulis</strong></span> <span class='ocrx_word' id='word_1_434' title='bbox 3358 2305 3700 2372; x_wconf 86' lang='lat' dir='ltr'><strong>convocatis,</strong></span> <span class='ocrx_word' id='word_1_435' title='bbox 3726 2303 3842 2372; x_wconf 70' lang='lat' dir='ltr'><strong>ipse</strong></span> 
     </span>
    </p>
   </div>
   <div class='ocr_carea' id='block_1_54' title="bbox 2244 2395 3844 2468">
    <p class='ocr_par' dir='ltr' id='par_1_54' title="bbox 2244 2395 3844 2468">
     <span class='ocr_line' id='line_1_54' title="bbox 2244 2395 3844 2468; baseline -0.001 -18"><span class='ocrx_word' id='word_1_436' title='bbox 2244 2395 2510 2452; x_wconf 83' lang='lat' dir='ltr'><strong>Dominus</strong></span> <span class='ocrx_word' id='word_1_437' title='bbox 2557 2397 2799 2468; x_wconf 86' lang='lat' dir='ltr'><strong>loquitur</strong></span> <span class='ocrx_word' id='word_1_438' title='bbox 2831 2412 2845 2451; x_wconf 90' lang='lat'><strong>:</strong></span> <span class='ocrx_word' id='word_1_439' title='bbox 2876 2395 3128 2452; x_wconf 81' lang='lat' dir='ltr'><strong>Misereor</strong></span> <span class='ocrx_word' id='word_1_440' title='bbox 3159 2396 3345 2462; x_wconf 72' lang='lat' dir='ltr'><strong>turbtz,</strong></span> <span class='ocrx_word' id='word_1_441' title='bbox 3373 2397 3495 2467; x_wconf 88' lang='lat' dir='ltr'><strong>quia</strong></span> <span class='ocrx_word' id='word_1_442' title='bbox 3535 2397 3709 2450; x_wconf 88' lang='lat' dir='ltr'><strong>triduo</strong></span> <span class='ocrx_word' id='word_1_443' title='bbox 3729 2398 3844 2466; x_wconf 87' lang='lat' dir='ltr'><strong>jam</strong></span> 
     </span>
    </p>
   </div>
   <div class='ocr_carea' id='block_1_55' title="bbox 2244 2490 3848 2563">
    <p class='ocr_par' dir='ltr' id='par_1_55' title="bbox 2244 2490 3848 2563">
     <span class='ocr_line' id='line_1_55' title="bbox 2244 2490 3848 2563; baseline -0.001 -16"><span class='ocrx_word' id='word_1_444' title='bbox 2244 2501 2569 2562; x_wconf 88' lang='lat' dir='ltr'><strong>perseverant</strong></span> <span class='ocrx_word' id='word_1_445' title='bbox 2600 2509 2820 2547; x_wconf 86' lang='lat' dir='ltr'><strong>mecum.</strong></span> <span class='ocrx_word' id='word_1_446' title='bbox 2853 2491 2934 2546; x_wconf 87' lang='lat' dir='ltr'><strong>lbi</strong></span> <span class='ocrx_word' id='word_1_447' title='bbox 2960 2493 3199 2563; x_wconf 89' lang='lat' dir='ltr'><strong>quinque</strong></span> <span class='ocrx_word' id='word_1_448' title='bbox 3245 2507 3416 2562; x_wconf 91' lang='lat' dir='ltr'><strong>panes</strong></span> <span class='ocrx_word' id='word_1_449' title='bbox 3465 2501 3629 2546; x_wconf 88' lang='lat' dir='ltr'><strong>erant</strong></span> <span class='ocrx_word' id='word_1_450' title='bbox 3659 2499 3716 2546; x_wconf 92' lang='lat' dir='ltr'><strong>et</strong></span> <span class='ocrx_word' id='word_1_451' title='bbox 3739 2490 3848 2546; x_wconf 89' lang='lat' dir='ltr'><strong>duo</strong></span> 
     </span>
    </p>
   </div>
   <div class='ocr_carea' id='block_1_56' title="bbox 2244 2583 3852 2656">
    <p class='ocr_par' dir='ltr' id='par_1_56' title="bbox 2244 2583 3852 2656">
     <span class='ocr_line' id='line_1_56' title="bbox 2244 2583 3852 2656; baseline 0 -18"><span class='ocrx_word' id='word_1_452' title='bbox 2244 2589 2426 2656; x_wconf 88' lang='lat' dir='ltr'><strong>pisces</strong></span> <span class='ocrx_word' id='word_1_453' title='bbox 2453 2602 2464 2638; x_wconf 90' lang='lat'><strong>:</strong></span> <span class='ocrx_word' id='word_1_454' title='bbox 2494 2584 2583 2639; x_wconf 86' lang='lat' dir='ltr'><strong>hic</strong></span> <span class='ocrx_word' id='word_1_455' title='bbox 2626 2597 2836 2654; x_wconf 88' lang='lat' dir='ltr'><strong>septem</strong></span> <span class='ocrx_word' id='word_1_456' title='bbox 2867 2600 3038 2655; x_wconf 90' lang='lat' dir='ltr'><strong>panes</strong></span> <span class='ocrx_word' id='word_1_457' title='bbox 3068 2595 3121 2640; x_wconf 90' lang='lat' dir='ltr'><strong>et</strong></span> <span class='ocrx_word' id='word_1_458' title='bbox 3159 2585 3312 2655; x_wconf 89' lang='lat' dir='ltr'><strong>pauci</strong></span> <span class='ocrx_word' id='word_1_459' title='bbox 3347 2583 3614 2653; x_wconf 80' lang='lat' dir='ltr'><strong>pisciculi.</strong></span> <span class='ocrx_word' id='word_1_460' title='bbox 3651 2583 3725 2638; x_wconf 91' lang='lat' dir='ltr'><strong>lbi</strong></span> <span class='ocrx_word' id='word_1_461' title='bbox 3758 2597 3852 2638; x_wconf 85' lang='lat' dir='ltr'><strong>su-</strong></span> 
     </span>
    </p>
   </div>
   <div class='ocr_carea' id='block_1_57' title="bbox 2243 2675 3849 2747">
    <p class='ocr_par' dir='ltr' id='par_1_57' title="bbox 2243 2675 3849 2747">
     <span class='ocr_line' id='line_1_57' title="bbox 2243 2675 3849 2747; baseline -0.001 -17"><span class='ocrx_word' id='word_1_462' title='bbox 2243 2692 2340 2746; x_wconf 88' lang='lat' dir='ltr'><strong>per</strong></span> <span class='ocrx_word' id='word_1_463' title='bbox 2391 2676 2577 2730; x_wconf 84' lang='lat' dir='ltr'><strong>l‘enum</strong></span> <span class='ocrx_word' id='word_1_464' title='bbox 2631 2676 2980 2731; x_wconf 82' lang='lat' dir='ltr'><strong>discumbunt</strong></span> <span class='ocrx_word' id='word_1_465' title='bbox 3027 2675 3162 2731; x_wconf 90' lang='lat' dir='ltr'><strong>:hic</strong></span> <span class='ocrx_word' id='word_1_466' title='bbox 3189 2691 3355 2747; x_wconf 87' lang='lat' dir='ltr'><strong>super</strong></span> <span class='ocrx_word' id='word_1_467' title='bbox 3385 2685 3610 2731; x_wconf 88' lang='lat' dir='ltr'><strong>terram.</strong></span> <span class='ocrx_word' id='word_1_468' title='bbox 3653 2675 3727 2730; x_wconf 90' lang='lat' dir='ltr'><strong>lbi</strong></span> <span class='ocrx_word' id='word_1_469' title='bbox 3753 2675 3849 2745; x_wconf 91' lang='lat' dir='ltr'><strong>qui</strong></span> 
     </span>
    </p>
   </div>
   <div class='ocr_carea' id='block_1_58' title="bbox 2243 2767 3850 2840">
    <p class='ocr_par' dir='ltr' id='par_1_58' title="bbox 2243 2767 3850 2840">
     <span class='ocr_line' id='line_1_58' title="bbox 2243 2767 3850 2840; baseline 0 -16"><span class='ocrx_word' id='word_1_470' title='bbox 2243 2769 2540 2824; x_wconf 88' lang='lat' dir='ltr'><strong>comedunt</strong></span> <span class='ocrx_word' id='word_1_471' title='bbox 2567 2769 2806 2840; x_wconf 89' lang='lat' dir='ltr'><strong>quinque</strong></span> <span class='ocrx_word' id='word_1_472' title='bbox 2849 2767 3016 2824; x_wconf 89' lang='lat' dir='ltr'><strong>millia</strong></span> <span class='ocrx_word' id='word_1_473' title='bbox 3046 2779 3194 2834; x_wconf 89' lang='lat' dir='ltr'><strong>sunt,</strong></span> <span class='ocrx_word' id='word_1_474' title='bbox 3236 2770 3394 2838; x_wconf 81' lang='lat' dir='ltr'><strong>juxta</strong></span> <span class='ocrx_word' id='word_1_475' title='bbox 3428 2783 3628 2839; x_wconf 87' lang='lat' dir='ltr'><strong>panum</strong></span> <span class='ocrx_word' id='word_1_476' title='bbox 3660 2783 3850 2824; x_wconf 86' lang='lat' dir='ltr'><strong>nume-</strong></span> 
     </span>
    </p>
   </div>
   <div class='ocr_carea' id='block_1_59' title="bbox 2244 2861 3849 2932">
    <p class='ocr_par' dir='ltr' id='par_1_59' title="bbox 2244 2861 3849 2932">
     <span class='ocr_line' id='line_1_59' title="bbox 2244 2861 3849 2932; baseline 0 -15"><span class='ocrx_word' id='word_1_477' title='bbox 2244 2877 2362 2917; x_wconf 90' lang='lat' dir='ltr'><strong>rum</strong></span> <span class='ocrx_word' id='word_1_478' title='bbox 2393 2877 2532 2930; x_wconf 92' lang='lat' dir='ltr'><strong>quos</strong></span> <span class='ocrx_word' id='word_1_479' title='bbox 2559 2861 2885 2917; x_wconf 89' lang='lat' dir='ltr'><strong>comedunt:</strong></span> <span class='ocrx_word' id='word_1_480' title='bbox 2907 2862 2992 2916; x_wconf 87' lang='lat' dir='ltr'><strong>hic</strong></span> <span class='ocrx_word' id='word_1_481' title='bbox 3022 2871 3259 2932; x_wconf 89' lang='lat' dir='ltr'><strong>quatuor</strong></span> <span class='ocrx_word' id='word_1_482' title='bbox 3286 2863 3475 2918; x_wconf 87' lang='lat' dir='ltr'><strong>millia.</strong></span> <span class='ocrx_word' id='word_1_483' title='bbox 3520 2861 3598 2916; x_wconf 89' lang='lat' dir='ltr'><strong>lbi</strong></span> <span class='ocrx_word' id='word_1_484' title='bbox 3642 2861 3849 2917; x_wconf 85' lang='lat' dir='ltr'><strong>duode-</strong></span> 
     </span>
    </p>
   </div>
   <div class='ocr_carea' id='block_1_60' title="bbox 2243 2955 3847 3026">
    <p class='ocr_par' dir='ltr' id='par_1_60' title="bbox 2243 2955 3847 3026">
     <span class='ocr_line' id='line_1_60' title="bbox 2243 2955 3847 3026; baseline 0 -16"><span class='ocrx_word' id='word_1_485' title='bbox 2243 2955 2349 3010; x_wconf 91' lang='lat' dir='ltr'><strong>cim</strong></span> <span class='ocrx_word' id='word_1_486' title='bbox 2395 2956 2618 3024; x_wconf 90' lang='lat' dir='ltr'><strong>c0pbini</strong></span> <span class='ocrx_word' id='word_1_487' title='bbox 2667 2957 2948 3026; x_wconf 89' lang='lat' dir='ltr'><strong>replentur</strong></span> <span class='ocrx_word' id='word_1_488' title='bbox 2992 2956 3060 3010; x_wconf 91' lang='lat' dir='ltr'><strong>de</strong></span> <span class='ocrx_word' id='word_1_489' title='bbox 3094 2955 3347 3026; x_wconf 91' lang='lat' dir='ltr'><strong>reliquiis</strong></span> <span class='ocrx_word' id='word_1_490' title='bbox 3379 2955 3804 3026; x_wconf 85' lang='lat' dir='ltr'><strong>fragmentorum</strong></span> <span class='ocrx_word' id='word_1_491' title='bbox 3835 2975 3847 3010; x_wconf 88' lang='grc'>;</span> 
     </span>
    </p>
   </div>
   <div class='ocr_carea' id='block_1_61' title="bbox 2254 3047 3851 3119">
    <p class='ocr_par' dir='ltr' id='par_1_61' title="bbox 2254 3047 3851 3119">
     <span class='ocr_line' id='line_1_61' title="bbox 2254 3047 3851 3119; baseline -0.001 -18"><span class='ocrx_word' id='word_1_492' title='bbox 2254 3048 2340 3102; x_wconf 82' lang='lat' dir='ltr'><strong>liic</strong></span> <span class='ocrx_word' id='word_1_493' title='bbox 2380 3058 2589 3118; x_wconf 90' lang='lat' dir='ltr'><strong>septem</strong></span> <span class='ocrx_word' id='word_1_494' title='bbox 2637 3059 2858 3117; x_wconf 69' lang='lat' dir='ltr'><strong>sportce.</strong></span> <span class='ocrx_word' id='word_1_495' title='bbox 2902 3047 2957 3102; x_wconf 93' lang='lat' dir='ltr'><strong>In</strong></span> <span class='ocrx_word' id='word_1_496' title='bbox 3005 3047 3278 3118; x_wconf 87' lang='lat' dir='ltr'><strong>superiori</strong></span> <span class='ocrx_word' id='word_1_497' title='bbox 3320 3063 3448 3119; x_wconf 90' lang='lat' dir='ltr'><strong>ergo</strong></span> <span class='ocrx_word' id='word_1_498' title='bbox 3495 3049 3675 3119; x_wconf 89' lang='lat' dir='ltr'><strong>signo,</strong></span> <span class='ocrx_word' id='word_1_499' title='bbox 3721 3048 3851 3117; x_wconf 90' lang='lat' dir='ltr'><strong>quia</strong></span> 
     </span>
    </p>
   </div>
   <div class='ocr_carea' id='block_1_62' title="bbox 536 3130 3846 3212">
    <p class='ocr_par' dir='ltr' id='par_1_62' title="bbox 536 3130 3846 3212">
     <span class='ocr_line' id='line_1_62' title="bbox 536 3130 3846 3212; baseline 0 -18"><span class='ocrx_word' id='word_1_500' title='bbox 536 3143 834 3212; x_wconf 87' lang='lat' dir='ltr'><strong>completo,</strong></span> <span class='ocrx_word' id='word_1_501' title='bbox 861 3137 1108 3195; x_wconf 89' lang='lat' dir='ltr'><strong>ascendit</strong></span> <span class='ocrx_word' id='word_1_502' title='bbox 1151 3137 1200 3192; x_wconf 93' lang='lat' dir='ltr'><strong>in</strong></span> <span class='ocrx_word' id='word_1_503' title='bbox 1255 3135 1589 3201; x_wconf 88' lang='lat' dir='ltr'><strong>naviculam,</strong></span> <span class='ocrx_word' id='word_1_504' title='bbox 1638 3143 1693 3190; x_wconf 90' lang='lat' dir='ltr'><strong>et</strong></span> <span class='ocrx_word' id='word_1_505' title='bbox 1749 3136 1895 3189; x_wconf 83' lang='lat' dir='ltr'><strong>venit</strong></span> <span class='ocrx_word' id='word_1_506' title='bbox 1922 3135 1974 3188; x_wconf 92' lang='lat' dir='ltr'><strong>in</strong></span> <span class='ocrx_word' id='word_1_507' title='bbox 2007 3134 2145 3190; x_wconf 88' lang='lat' dir='ltr'><strong>ﬁnes</strong></span> <span class='ocrx_word' id='word_1_508' title='bbox 2172 3130 2218 3194; x_wconf 89' lang='lat' dir='ltr'>C</span> <span class='ocrx_word' id='word_1_509' title='bbox 2255 3139 2541 3211; x_wconf 90' lang='lat' dir='ltr'><strong>propinqui</strong></span> <span class='ocrx_word' id='word_1_510' title='bbox 2591 3148 2747 3194; x_wconf 85' lang='lat' dir='ltr'><strong>erant</strong></span> <span class='ocrx_word' id='word_1_511' title='bbox 2788 3149 2842 3194; x_wconf 87' lang='lat' dir='ltr'><strong>et</strong></span> <span class='ocrx_word' id='word_1_512' title='bbox 2899 3140 3063 3196; x_wconf 88' lang='lat' dir='ltr'><strong>vicini</strong></span> <span class='ocrx_word' id='word_1_513' title='bbox 3118 3141 3359 3211; x_wconf 88' lang='lat' dir='ltr'><strong>quinque</strong></span> <span class='ocrx_word' id='word_1_514' title='bbox 3403 3154 3693 3205; x_wconf 90' lang='lat' dir='ltr'><strong>sensuum,</strong></span> <span class='ocrx_word' id='word_1_515' title='bbox 3735 3154 3846 3194; x_wconf 89' lang='lat' dir='ltr'><strong>non</strong></span> 
     </span>
    </p>
   </div>
   <div class='ocr_carea' id='block_1_63' title="bbox 537 3226 2138 3306">
    <p class='ocr_par' dir='ltr' id='par_1_63' title="bbox 537 3226 2138 3306">
     <span class='ocr_line' id='line_1_63' title="bbox 537 3226 2138 3306; baseline -0.006 -16"><span class='ocrx_word' id='word_1_516' title='bbox 537 3235 824 3306; x_wconf 80' lang='lat' dir='ltr'><strong>Magedan.</strong></span> <span class='ocrx_word' id='word_1_517' title='bbox 855 3233 922 3287; x_wconf 83' lang='lat' dir='ltr'><strong>Et</strong></span> <span class='ocrx_word' id='word_1_518' title='bbox 951 3229 1259 3286; x_wconf 87' lang='lat' dir='ltr'><strong>ascendens</strong></span> <span class='ocrx_word' id='word_1_519' title='bbox 1307 3229 1362 3284; x_wconf 91' lang='lat' dir='ltr'><strong>in</strong></span> <span class='ocrx_word' id='word_1_520' title='bbox 1415 3237 1680 3294; x_wconf 91' lang='lat' dir='ltr'><strong>montem,</strong></span> <span class='ocrx_word' id='word_1_521' title='bbox 1738 3226 1963 3283; x_wconf 89' lang='lat' dir='ltr'><strong>sedebat</strong></span> <span class='ocrx_word' id='word_1_522' title='bbox 2015 3226 2138 3281; x_wconf 86' lang='lat' dir='ltr'><strong>ibi:</strong></span> 
     </span>
    </p>
   </div>
   <div class='ocr_carea' id='block_1_64' title="bbox 538 3319 2137 3390">
    <p class='ocr_par' dir='ltr' id='par_1_64' title="bbox 538 3319 2137 3390">
     <span class='ocr_line' id='line_1_64' title="bbox 538 3319 2137 3390; baseline -0.007 -7"><span class='ocrx_word' id='word_1_523' title='bbox 538 3338 595 3384; x_wconf 88' lang='lat' dir='ltr'><strong>et</strong></span> <span class='ocrx_word' id='word_1_524' title='bbox 640 3335 989 3382; x_wconf 88' lang='lat' dir='ltr'><strong>accesserunt</strong></span> <span class='ocrx_word' id='word_1_525' title='bbox 1034 3323 1103 3379; x_wconf 90' lang='lat' dir='ltr'><strong>ad</strong></span> <span class='ocrx_word' id='word_1_526' title='bbox 1133 3337 1258 3379; x_wconf 90' lang='lat' dir='ltr'><strong>eum</strong></span> <span class='ocrx_word' id='word_1_527' title='bbox 1289 3321 1486 3376; x_wconf 67' lang='lat' dir='ltr'><strong>turbae.</strong></span> <span class='ocrx_word' id='word_1_528' title='bbox 1518 3320 1762 3375; x_wconf 86' lang='lat' dir='ltr'><strong>Observa</strong></span> <span class='ocrx_word' id='word_1_529' title='bbox 1791 3319 1936 3390; x_wconf 93' lang='lat' dir='ltr'><strong>quod</strong></span> <span class='ocrx_word' id='word_1_530' title='bbox 1969 3321 2098 3374; x_wconf 92' lang='lat' dir='ltr'><strong>muti</strong></span> <span class='ocrx_word' id='word_1_531' title='bbox 2121 3359 2137 3385; x_wconf 95' lang='lat'><strong>,</strong></span> 
     </span>
    </p>
   </div>
   <div class='ocr_carea' id='block_1_65' title="bbox 533 3413 2142 3489">
    <p class='ocr_par' dir='ltr' id='par_1_65' title="bbox 533 3413 2142 3489">
     <span class='ocr_line' id='line_1_65' title="bbox 533 3413 2142 3489; baseline -0.007 -11"><span class='ocrx_word' id='word_1_532' title='bbox 533 3422 736 3489; x_wconf 89' lang='lat' dir='ltr'><strong>claudi,</strong></span> <span class='ocrx_word' id='word_1_533' title='bbox 760 3430 815 3476; x_wconf 90' lang='lat' dir='ltr'><strong>et</strong></span> <span class='ocrx_word' id='word_1_534' title='bbox 844 3420 980 3476; x_wconf 73' lang='lat' dir='ltr'><strong>cteci</strong></span> <span class='ocrx_word' id='word_1_535' title='bbox 1012 3419 1288 3474; x_wconf 90' lang='lat' dir='ltr'><strong>ducuntur</strong></span> <span class='ocrx_word' id='word_1_536' title='bbox 1309 3415 1375 3469; x_wconf 89' lang='lat' dir='ltr'><strong>ad</strong></span> <span class='ocrx_word' id='word_1_537' title='bbox 1401 3423 1666 3477; x_wconf 89' lang='lat' dir='ltr'><strong>montem,</strong></span> <span class='ocrx_word' id='word_1_538' title='bbox 1701 3423 1758 3468; x_wconf 92' lang='lat' dir='ltr'><strong>ut</strong></span> <span class='ocrx_word' id='word_1_539' title='bbox 1780 3413 1853 3467; x_wconf 90' lang='lat' dir='ltr'><strong>ibi</strong></span> <span class='ocrx_word' id='word_1_540' title='bbox 1883 3422 2142 3468; x_wconf 89' lang='lat' dir='ltr'><strong>curentur</strong></span> 
     </span>
    </p>
   </div>
   <div class='ocr_carea' id='block_1_66' title="bbox 542 3513 862 3566">
    <p class='ocr_par' dir='ltr' id='par_1_66' title="bbox 542 3513 862 3566">
     <span class='ocr_line' id='line_1_66' title="bbox 542 3513 862 3566; baseline -0.003 0"><span class='ocrx_word' id='word_1_541' title='bbox 542 3527 572 3566; x_wconf 84' lang='lat' dir='ltr'><strong>a</strong></span> <span class='ocrx_word' id='word_1_542' title='bbox 608 3513 862 3566; x_wconf 82' lang='lat' dir='ltr'><strong>Domino.</strong></span> 
     </span>
    </p>
   </div>
   <div class='ocr_carea' id='block_1_67' title="bbox 609 3595 2136 3674">
    <p class='ocr_par' dir='ltr' id='par_1_67' title="bbox 609 3595 2136 3674">
     <span class='ocr_line' id='line_1_67' title="bbox 609 3595 2136 3674; baseline -0.006 -14"><span class='ocrx_word' id='word_1_543' title='bbox 609 3607 792 3674; x_wconf 86' lang='lat' dir='ltr'><strong>(Vers.</strong></span> <span class='ocrx_word' id='word_1_544' title='bbox 823 3601 940 3672; x_wconf 73' lang='grc'>52.)</span> <span class='ocrx_word' id='word_1_545' title='bbox 968 3600 1124 3654; x_wconf 75' lang='lat' dir='ltr'><strong>Iesus</strong></span> <span class='ocrx_word' id='word_1_546' title='bbox 1170 3608 1346 3652; x_wconf 85' lang='lat' dir='ltr'><strong>autent</strong></span> <span class='ocrx_word' id='word_1_547' title='bbox 1390 3598 1678 3651; x_wconf 86' lang='lat' dir='ltr'><strong>convocatis</strong></span> <span class='ocrx_word' id='word_1_548' title='bbox 1709 3595 1983 3666; x_wconf 88' lang='lat' dir='ltr'><strong>discipulis</strong></span> <span class='ocrx_word' id='word_1_549' title='bbox 2008 3597 2136 3663; x_wconf 84' lang='lat' dir='ltr'><strong>suis,</strong></span> 
     </span>
    </p>
   </div>
   <div class='ocr_carea' id='block_1_68' title="bbox 536 3691 2141 3762">
    <p class='ocr_par' dir='ltr' id='par_1_68' title="bbox 536 3691 2141 3762">
     <span class='ocr_line' id='line_1_68' title="bbox 536 3691 2141 3762; baseline -0.006 -9"><span class='ocrx_word' id='word_1_550' title='bbox 536 3701 671 3754; x_wconf 82' lang='lat' dir='ltr'><strong>dixit</strong></span> <span class='ocrx_word' id='word_1_551' title='bbox 713 3714 728 3749; x_wconf 91' lang='lat'><em>:</em></span> <span class='ocrx_word' id='word_1_552' title='bbox 777 3695 1028 3749; x_wconf 78' lang='lat' dir='ltr'><strong>Misereor</strong></span> <span class='ocrx_word' id='word_1_553' title='bbox 1073 3693 1260 3758; x_wconf 68' lang='lat' dir='ltr'><strong>turbis,</strong></span> <span class='ocrx_word' id='word_1_554' title='bbox 1289 3691 1412 3762; x_wconf 88' lang='lat' dir='ltr'><strong>quia</strong></span> <span class='ocrx_word' id='word_1_555' title='bbox 1455 3691 1630 3744; x_wconf 86' lang='lat' dir='ltr'><strong>triduo</strong></span> <span class='ocrx_word' id='word_1_556' title='bbox 1658 3707 1774 3761; x_wconf 64' lang='lat' dir='ltr'><strong>1am</strong></span> <span class='ocrx_word' id='word_1_557' title='bbox 1824 3701 2141 3758; x_wconf 84' lang='lat' dir='ltr'><strong>perseverant</strong></span> 
     </span>
    </p>
   </div>
   <div class='ocr_carea' id='block_1_69' title="bbox 540 3779 2141 3856">
    <p class='ocr_par' dir='ltr' id='par_1_69' title="bbox 540 3779 2141 3856">
     <span class='ocr_line' id='line_1_69' title="bbox 540 3779 2141 3856; baseline -0.004 -13"><span class='ocrx_word' id='word_1_558' title='bbox 540 3804 760 3856; x_wconf 87' lang='lat' dir='ltr'><strong>mecum,</strong></span> <span class='ocrx_word' id='word_1_559' title='bbox 792 3795 838 3839; x_wconf 91' lang='lat' dir='ltr'><strong>et</strong></span> <span class='ocrx_word' id='word_1_560' title='bbox 868 3801 970 3838; x_wconf 89' lang='lat' dir='ltr'><strong>non</strong></span> <span class='ocrx_word' id='word_1_561' title='bbox 998 3783 1184 3838; x_wconf 82' lang='lat' dir='ltr'><strong>habent</strong></span> <span class='ocrx_word' id='word_1_562' title='bbox 1220 3783 1360 3852; x_wconf 90' lang='lat' dir='ltr'><strong>quod</strong></span> <span class='ocrx_word' id='word_1_563' title='bbox 1391 3781 1721 3834; x_wconf 88' lang='lat' dir='ltr'><strong>manducent.</strong></span> <span class='ocrx_word' id='word_1_564' title='bbox 1769 3779 1838 3833; x_wconf 88' lang='lat' dir='ltr'><strong>Et</strong></span> <span class='ocrx_word' id='word_1_565' title='bbox 1888 3782 2141 3836; x_wconf 89' lang='lat' dir='ltr'><strong>dimittere</strong></span> 
     </span>
    </p>
   </div>
   <div class='ocr_carea' id='block_1_70' title="bbox 543 3873 2142 3953">
    <p class='ocr_par' dir='ltr' id='par_1_70' title="bbox 543 3873 2142 3953">
     <span class='ocr_line' id='line_1_70' title="bbox 543 3873 2142 3953; baseline -0.006 -17"><span class='ocrx_word' id='word_1_566' title='bbox 543 3899 628 3937; x_wconf 86' lang='lat' dir='ltr'><strong>eos</strong></span> <span class='ocrx_word' id='word_1_567' title='bbox 643 3885 857 3953; x_wconf 87' lang='lat' dir='ltr'><strong>jejunos</strong></span> <span class='ocrx_word' id='word_1_568' title='bbox 884 3881 1025 3945; x_wconf 89' lang='lat' dir='ltr'><strong>nolo,</strong></span> <span class='ocrx_word' id='word_1_569' title='bbox 1055 3893 1116 3930; x_wconf 88' lang='lat' dir='ltr'><strong>ne</strong></span> <span class='ocrx_word' id='word_1_570' title='bbox 1136 3875 1378 3943; x_wconf 78' lang='lat' dir='ltr'><strong>deﬁciant</strong></span> <span class='ocrx_word' id='word_1_571' title='bbox 1402 3875 1579 3928; x_wconf 85' lang='lat' dir='ltr'><strong>invia.</strong></span> <span class='ocrx_word' id='word_1_572' title='bbox 1606 3873 1731 3928; x_wconf 85' lang='lat' dir='ltr'><strong>Vult</strong></span> <span class='ocrx_word' id='word_1_573' title='bbox 1758 3887 1982 3942; x_wconf 84' lang='lat' dir='ltr'><strong>pascere</strong></span> <span class='ocrx_word' id='word_1_574' title='bbox 2004 3886 2142 3942; x_wconf 91' lang='lat' dir='ltr'><strong>quos</strong></span> 
     </span>
    </p>
   </div>
   <div class='ocr_carea' id='block_1_71' title="bbox 541 3965 2142 4040">
    <p class='ocr_par' dir='ltr' id='par_1_71' title="bbox 541 3965 2142 4040">
     <span class='ocr_line' id='line_1_71' title="bbox 541 3965 2142 4040; baseline -0.007 -9"><span class='ocrx_word' id='word_1_575' title='bbox 541 3974 780 4038; x_wconf 78' lang='lat' dir='ltr'><strong>curavit,</strong></span> <span class='ocrx_word' id='word_1_576' title='bbox 833 3971 982 4040; x_wconf 90' lang='lat' dir='ltr'><strong>prius</strong></span> <span class='ocrx_word' id='word_1_577' title='bbox 1032 3969 1211 4024; x_wconf 81' lang='lat' dir='ltr'><strong>aufert</strong></span> <span class='ocrx_word' id='word_1_578' title='bbox 1267 3966 1598 4030; x_wconf 86' lang='lat' dir='ltr'><strong>debilitates,</strong></span> <span class='ocrx_word' id='word_1_579' title='bbox 1652 3979 1711 4020; x_wconf 90' lang='lat' dir='ltr'><strong>ut</strong></span> <span class='ocrx_word' id='word_1_580' title='bbox 1757 3975 1944 4036; x_wconf 66' lang='lat' dir='ltr'><strong>postea</strong></span> <span class='ocrx_word' id='word_1_581' title='bbox 1995 3965 2142 4020; x_wconf 88' lang='lat' dir='ltr'><strong>sanis</strong></span> 
     </span>
    </p>
   </div>
   <div class='ocr_carea' id='block_1_72' title="bbox 541 4057 2143 4128">
    <p class='ocr_par' dir='ltr' id='par_1_72' title="bbox 541 4057 2143 4128">
     <span class='ocr_line' id='line_1_72' title="bbox 541 4057 2143 4128; baseline -0.005 -9"><span class='ocrx_word' id='word_1_582' title='bbox 541 4064 737 4120; x_wconf 87' lang='lat' dir='ltr'><strong>oll‘erat</strong></span> <span class='ocrx_word' id='word_1_583' title='bbox 769 4061 947 4117; x_wconf 89' lang='lat' dir='ltr'><strong>cibos.</strong></span> <span class='ocrx_word' id='word_1_584' title='bbox 979 4060 1259 4114; x_wconf 84' lang='lat' dir='ltr'><strong>Convocat</strong></span> <span class='ocrx_word' id='word_1_585' title='bbox 1304 4073 1522 4128; x_wconf 90' lang='lat' dir='ltr'><strong>quoque</strong></span> <span class='ocrx_word' id='word_1_586' title='bbox 1558 4057 1857 4127; x_wconf 90' lang='lat' dir='ltr'><strong>discipulos</strong></span> <span class='ocrx_word' id='word_1_587' title='bbox 1895 4072 2046 4124; x_wconf 89' lang='lat' dir='ltr'><strong>suos,</strong></span> <span class='ocrx_word' id='word_1_588' title='bbox 2088 4066 2143 4112; x_wconf 92' lang='lat' dir='ltr'><strong>et</strong></span> 
     </span>
    </p>
   </div>
   <div class='ocr_carea' id='block_1_73' title="bbox 545 4147 2142 4225">
    <p class='ocr_par' dir='ltr' id='par_1_73' title="bbox 545 4147 2142 4225">
     <span class='ocr_line' id='line_1_73' title="bbox 545 4147 2142 4225; baseline -0.004 -19"><span class='ocrx_word' id='word_1_589' title='bbox 545 4155 689 4225; x_wconf 87' lang='lat' dir='ltr'><strong>quod</strong></span> <span class='ocrx_word' id='word_1_590' title='bbox 723 4153 966 4207; x_wconf 78' lang='lat' dir='ltr'><strong>facturus</strong></span> <span class='ocrx_word' id='word_1_591' title='bbox 996 4157 1102 4217; x_wconf 87' lang='lat' dir='ltr'><strong>est,</strong></span> <span class='ocrx_word' id='word_1_592' title='bbox 1133 4149 1393 4219; x_wconf 90' lang='lat' dir='ltr'><strong>loquitur,</strong></span> <span class='ocrx_word' id='word_1_593' title='bbox 1428 4158 1486 4202; x_wconf 91' lang='lat' dir='ltr'><strong>ut</strong></span> <span class='ocrx_word' id='word_1_594' title='bbox 1513 4148 1600 4202; x_wconf 90' lang='lat' dir='ltr'><strong>vel</strong></span> <span class='ocrx_word' id='word_1_595' title='bbox 1643 4147 1917 4218; x_wconf 87' lang='lat' dir='ltr'><strong>magistris</strong></span> <span class='ocrx_word' id='word_1_596' title='bbox 1958 4162 2142 4202; x_wconf 87' lang='lat' dir='ltr'><strong>exem-</strong></span> 
     </span>
    </p>
   </div>
   <div class='ocr_carea' id='block_1_74' title="bbox 542 4240 2142 4317">
    <p class='ocr_par' dir='ltr' id='par_1_74' title="bbox 542 4240 2142 4317">
     <span class='ocr_line' id='line_1_74' title="bbox 542 4240 2142 4317; baseline -0.003 -18"><span class='ocrx_word' id='word_1_597' title='bbox 542 4249 693 4317; x_wconf 89' lang='lat' dir='ltr'><strong>plum</strong></span> <span class='ocrx_word' id='word_1_598' title='bbox 727 4243 954 4308; x_wconf 86' lang='lat' dir='ltr'><strong>tribuat,</strong></span> <span class='ocrx_word' id='word_1_599' title='bbox 981 4257 1102 4297; x_wconf 92' lang='lat' dir='ltr'><strong>cum</strong></span> <span class='ocrx_word' id='word_1_600' title='bbox 1141 4241 1445 4295; x_wconf 89' lang='lat' dir='ltr'><strong>minoribus</strong></span> <span class='ocrx_word' id='word_1_601' title='bbox 1477 4249 1641 4310; x_wconf 89' lang='lat' dir='ltr'><strong>atque</strong></span> <span class='ocrx_word' id='word_1_602' title='bbox 1669 4240 1956 4308; x_wconf 91' lang='lat' dir='ltr'><strong>discipulis</strong></span> <span class='ocrx_word' id='word_1_603' title='bbox 1988 4256 2142 4295; x_wconf 86' lang='lat' dir='ltr'><strong>com-</strong></span> 
     </span>
    </p>
   </div>
   <div class='ocr_carea' id='block_1_75' title="bbox 545 4331 2142 4396">
    <p class='ocr_par' dir='ltr' id='par_1_75' title="bbox 545 4331 2142 4396">
     <span class='ocr_line' id='line_1_75' title="bbox 545 4331 2142 4396; baseline -0.005 -2"><span class='ocrx_word' id='word_1_604' title='bbox 545 4335 871 4394; x_wconf 88' lang='lat' dir='ltr'><strong>municanda</strong></span> <span class='ocrx_word' id='word_1_605' title='bbox 901 4350 1020 4390; x_wconf 88' lang='lat' dir='ltr'><strong>esse</strong></span> <span class='ocrx_word' id='word_1_606' title='bbox 1051 4333 1304 4396; x_wconf 87' lang='lat' dir='ltr'><strong>consilia,</strong></span> <span class='ocrx_word' id='word_1_607' title='bbox 1334 4331 1422 4386; x_wconf 90' lang='lat' dir='ltr'><strong>vel</strong></span> <span class='ocrx_word' id='word_1_608' title='bbox 1465 4347 1531 4386; x_wconf 84' lang='lat' dir='ltr'><strong>ex</strong></span> <span class='ocrx_word' id='word_1_609' title='bbox 1573 4331 2016 4386; x_wconf 81' lang='lat' dir='ltr'><strong>confabulatione</strong></span> <span class='ocrx_word' id='word_1_610' title='bbox 2061 4332 2142 4386; x_wconf 86' lang='lat' dir='ltr'><strong>in-</strong></span> 
     </span>
    </p>
   </div>
   <div class='ocr_carea' id='block_1_76' title="bbox 545 4422 2142 4497">
    <p class='ocr_par' dir='ltr' id='par_1_76' title="bbox 545 4422 2142 4497">
     <span class='ocr_line' id='line_1_76' title="bbox 545 4422 2142 4497; baseline -0.003 -13"><span class='ocrx_word' id='word_1_611' title='bbox 545 4429 793 4495; x_wconf 78' lang='lat' dir='ltr'><strong>telligant</strong></span> <span class='ocrx_word' id='word_1_612' title='bbox 815 4426 954 4497; x_wconf 91' lang='lat' dir='ltr'><strong>signi</strong></span> <span class='ocrx_word' id='word_1_613' title='bbox 994 4425 1153 4497; x_wconf 71' lang='lat'><strong>118</strong></span> <span class='ocrx_word' id='word_1_614' title='bbox 1173 4422 1628 4494; x_wconf 88' lang='lat' dir='ltr'><strong>magnitudinem,</strong></span> <span class='ocrx_word' id='word_1_615' title='bbox 1659 4425 2056 4492; x_wconf 88' lang='lat' dir='ltr'><strong>respondentes</strong></span> <span class='ocrx_word' id='word_1_616' title='bbox 2081 4439 2142 4479; x_wconf 83' lang='lat' dir='ltr'><strong>se</strong></span> 
     </span>
    </p>
   </div>
   <div class='ocr_carea' id='block_1_77' title="bbox 2246 3231 3852 3302">
    <p class='ocr_par' dir='ltr' id='par_1_77' title="bbox 2246 3231 3852 3302">
     <span class='ocr_line' id='line_1_77' title="bbox 2246 3231 3852 3302; baseline 0.001 -16"><span class='ocrx_word' id='word_1_617' title='bbox 2246 3233 2364 3302; x_wconf 91' lang='lat' dir='ltr'><strong>ipse</strong></span> <span class='ocrx_word' id='word_1_618' title='bbox 2408 3234 2667 3288; x_wconf 89' lang='lat' dir='ltr'><strong>Dominus</strong></span> <span class='ocrx_word' id='word_1_619' title='bbox 2713 3248 2902 3288; x_wconf 91' lang='lat' dir='ltr'><strong>eorum</strong></span> <span class='ocrx_word' id='word_1_620' title='bbox 2957 3232 3298 3300; x_wconf 84' lang='lat' dir='ltr'><strong>recordatur,</strong></span> <span class='ocrx_word' id='word_1_621' title='bbox 3338 3231 3434 3288; x_wconf 90' lang='lat' dir='ltr'><strong>sed</strong></span> <span class='ocrx_word' id='word_1_622' title='bbox 3464 3233 3712 3302; x_wconf 90' lang='lat' dir='ltr'><strong>discipuli</strong></span> <span class='ocrx_word' id='word_1_623' title='bbox 3745 3250 3758 3286; x_wconf 88' lang='lat'><strong>:</strong></span> <span class='ocrx_word' id='word_1_624' title='bbox 3795 3240 3852 3287; x_wconf 87' lang='lat' dir='ltr'><strong>et</strong></span> 
     </span>
    </p>
   </div>
   <div class='ocr_carea' id='block_1_78' title="bbox 2244 3327 3852 3398">
    <p class='ocr_par' dir='ltr' id='par_1_78' title="bbox 2244 3327 3852 3398">
     <span class='ocr_line' id='line_1_78' title="bbox 2244 3327 3852 3398; baseline 0 -16"><span class='ocrx_word' id='word_1_625' title='bbox 2244 3329 2605 3384; x_wconf 75' lang='lat' dir='ltr'><strong>recordentur</strong></span> <span class='ocrx_word' id='word_1_626' title='bbox 2622 3343 2849 3397; x_wconf 73' lang='lat' dir='ltr'><strong>veSpere</strong></span> <span class='ocrx_word' id='word_1_627' title='bbox 2868 3329 3044 3382; x_wconf 90' lang='lat' dir='ltr'><strong>vicina</strong></span> <span class='ocrx_word' id='word_1_628' title='bbox 3068 3335 3248 3392; x_wconf 89' lang='lat' dir='ltr'><strong>nocte,</strong></span> <span class='ocrx_word' id='word_1_629' title='bbox 3274 3337 3329 3380; x_wconf 83' lang='lat' dir='ltr'><strong>et</strong></span> <span class='ocrx_word' id='word_1_630' title='bbox 3360 3327 3663 3382; x_wconf 77' lang='lat' dir='ltr'><strong>inclinante</strong></span> <span class='ocrx_word' id='word_1_631' title='bbox 3693 3327 3852 3398; x_wconf 81' lang='lat'><strong>119</strong></span> 
     </span>
    </p>
   </div>
   <div class='ocr_carea' id='block_1_79' title="bbox 2238 3417 3852 3489">
    <p class='ocr_par' dir='ltr' id='par_1_79' title="bbox 2238 3417 3852 3489">
     <span class='ocr_line' id='line_1_79' title="bbox 2238 3417 3852 3489; baseline -0.001 -16"><span class='ocrx_word' id='word_1_632' title='bbox 2238 3423 2352 3489; x_wconf 86' lang='lat' dir='ltr'><strong>jam</strong></span> <span class='ocrx_word' id='word_1_633' title='bbox 2407 3421 2542 3475; x_wconf 89' lang='lat' dir='ltr'><strong>sole.</strong></span> <span class='ocrx_word' id='word_1_634' title='bbox 2597 3420 2694 3475; x_wconf 87' lang='lat' dir='ltr'><strong>Hic</strong></span> <span class='ocrx_word' id='word_1_635' title='bbox 2743 3429 2927 3475; x_wconf 88' lang='lat' dir='ltr'><strong>autem</strong></span> <span class='ocrx_word' id='word_1_636' title='bbox 2977 3419 3092 3489; x_wconf 87' lang='lat' dir='ltr'><strong>ipse</strong></span> <span class='ocrx_word' id='word_1_637' title='bbox 3131 3419 3388 3474; x_wconf 86' lang='lat' dir='ltr'><strong>Dominus</strong></span> <span class='ocrx_word' id='word_1_638' title='bbox 3418 3417 3759 3485; x_wconf 87' lang='lat' dir='ltr'><strong>recordatur,</strong></span> <span class='ocrx_word' id='word_1_639' title='bbox 3796 3430 3852 3474; x_wconf 87' lang='lat' dir='ltr'><strong>et</strong></span> 
     </span>
    </p>
   </div>
   <div class='ocr_carea' id='block_1_80' title="bbox 2245 3510 3848 3580">
    <p class='ocr_par' dir='ltr' id='par_1_80' title="bbox 2245 3510 3848 3580">
     <span class='ocr_line' id='line_1_80' title="bbox 2245 3510 3848 3580; baseline -0.001 -16"><span class='ocrx_word' id='word_1_640' title='bbox 2245 3511 2496 3566; x_wconf 88' lang='lat' dir='ltr'><strong>misereri</strong></span> <span class='ocrx_word' id='word_1_641' title='bbox 2529 3526 2586 3565; x_wconf 90' lang='lat' dir='ltr'><strong>se</strong></span> <span class='ocrx_word' id='word_1_642' title='bbox 2611 3511 2780 3580; x_wconf 90' lang='lat' dir='ltr'><strong>dicit,</strong></span> <span class='ocrx_word' id='word_1_643' title='bbox 2823 3521 2880 3566; x_wconf 91' lang='lat' dir='ltr'><strong>et</strong></span> <span class='ocrx_word' id='word_1_644' title='bbox 2907 3526 3124 3567; x_wconf 88' lang='lat' dir='ltr'><strong>causam</strong></span> <span class='ocrx_word' id='word_1_645' title='bbox 3168 3510 3536 3566; x_wconf 90' lang='lat' dir='ltr'><strong>miserationis</strong></span> <span class='ocrx_word' id='word_1_646' title='bbox 3574 3510 3801 3579; x_wconf 83' lang='lat' dir='ltr'><strong>exponit</strong></span> <span class='ocrx_word' id='word_1_647' title='bbox 3837 3528 3848 3561; x_wconf 90' lang='lat'><strong>:</strong></span> 
     </span>
    </p>
   </div>
   <div class='ocr_carea' id='block_1_81' title="bbox 2242 3603 3851 3675">
    <p class='ocr_par' dir='ltr' id='par_1_81' title="bbox 2242 3603 3851 3675">
     <span class='ocr_line' id='line_1_81' title="bbox 2242 3603 3851 3675; baseline 0.001 -20"><span class='ocrx_word' id='word_1_648' title='bbox 2242 3603 2368 3672; x_wconf 85' lang='lat' dir='ltr'><strong>quia</strong></span> <span class='ocrx_word' id='word_1_649' title='bbox 2417 3603 2592 3656; x_wconf 82' lang='lat' dir='ltr'><strong>triduo</strong></span> <span class='ocrx_word' id='word_1_650' title='bbox 2635 3605 2752 3673; x_wconf 87' lang='lat' dir='ltr'><strong>jam</strong></span> <span class='ocrx_word' id='word_1_651' title='bbox 2797 3613 3128 3675; x_wconf 86' lang='lat' dir='ltr'><strong>perseverant</strong></span> <span class='ocrx_word' id='word_1_652' title='bbox 3176 3620 3372 3657; x_wconf 86' lang='lat' dir='ltr'><strong>mecum</strong></span> <span class='ocrx_word' id='word_1_653' title='bbox 3403 3603 3511 3674; x_wconf 78' lang='grc' dir='ltr'><strong>[ΑΙ.</strong></span> <span class='ocrx_word' id='word_1_654' title='bbox 3539 3618 3656 3654; x_wconf 87' lang='lat' dir='ltr'><strong>cum</strong></span> <span class='ocrx_word' id='word_1_655' title='bbox 3682 3617 3761 3666; x_wconf 92' lang='lat' dir='ltr'><strong>eo,</strong></span> <span class='ocrx_word' id='word_1_656' title='bbox 3795 3612 3851 3656; x_wconf 87' lang='lat' dir='ltr'><strong>et</strong></span> 
     </span>
    </p>
   </div>
   <div class='ocr_carea' id='block_1_82' title="bbox 2240 3691 3847 3764">
    <p class='ocr_par' dir='ltr' id='par_1_82' title="bbox 2240 3691 3847 3764">
     <span class='ocr_line' id='line_1_82' title="bbox 2240 3691 3847 3764; baseline 0.001 -17"><span class='ocrx_word' id='word_1_657' title='bbox 2240 3691 2470 3764; x_wconf 84' lang='lat' dir='ltr'><strong>secum],</strong></span> <span class='ocrx_word' id='word_1_658' title='bbox 2513 3703 2567 3749; x_wconf 87' lang='lat' dir='ltr'><strong>et</strong></span> <span class='ocrx_word' id='word_1_659' title='bbox 2593 3694 2870 3750; x_wconf 87' lang='lat' dir='ltr'><strong>dimittere</strong></span> <span class='ocrx_word' id='word_1_660' title='bbox 2921 3710 3017 3750; x_wconf 90' lang='lat' dir='ltr'><strong>eos</strong></span> <span class='ocrx_word' id='word_1_661' title='bbox 3061 3695 3281 3764; x_wconf 86' lang='lat' dir='ltr'><strong>jejunos</strong></span> <span class='ocrx_word' id='word_1_662' title='bbox 3328 3710 3433 3748; x_wconf 91' lang='lat' dir='ltr'><strong>non</strong></span> <span class='ocrx_word' id='word_1_663' title='bbox 3468 3694 3607 3757; x_wconf 89' lang='lat' dir='ltr'><strong>vult,</strong></span> <span class='ocrx_word' id='word_1_664' title='bbox 3640 3708 3711 3748; x_wconf 88' lang='lat' dir='ltr'><strong>ne</strong></span> <span class='ocrx_word' id='word_1_665' title='bbox 3747 3691 3847 3748; x_wconf 87' lang='lat' dir='ltr'><strong>de-</strong></span> 
     </span>
    </p>
   </div>
   <div class='ocr_carea' id='block_1_83' title="bbox 2245 3783 3846 3856">
    <p class='ocr_par' dir='ltr' id='par_1_83' title="bbox 2245 3783 3846 3856">
     <span class='ocr_line' id='line_1_83' title="bbox 2245 3783 3846 3856; baseline 0.001 -20"><span class='ocrx_word' id='word_1_666' title='bbox 2245 3783 2431 3838; x_wconf 83' lang='lat' dir='ltr'><strong>ﬁciant</strong></span> <span class='ocrx_word' id='word_1_667' title='bbox 2477 3786 2529 3838; x_wconf 92' lang='lat' dir='ltr'><strong>in</strong></span> <span class='ocrx_word' id='word_1_668' title='bbox 2574 3786 2678 3838; x_wconf 85' lang='lat' dir='ltr'><strong>via.</strong></span> <span class='ocrx_word' id='word_1_669' title='bbox 2712 3785 2803 3838; x_wconf 90' lang='lat' dir='ltr'><strong>Isti</strong></span> <span class='ocrx_word' id='word_1_670' title='bbox 2841 3787 2932 3856; x_wconf 89' lang='lat' dir='ltr'><strong>qui</strong></span> <span class='ocrx_word' id='word_1_671' title='bbox 2961 3787 3029 3840; x_wconf 91' lang='lat' dir='ltr'><strong>de</strong></span> <span class='ocrx_word' id='word_1_672' title='bbox 3059 3796 3267 3856; x_wconf 90' lang='lat' dir='ltr'><strong>septem</strong></span> <span class='ocrx_word' id='word_1_673' title='bbox 3309 3785 3560 3855; x_wconf 89' lang='lat' dir='ltr'><strong>panibus,</strong></span> <span class='ocrx_word' id='word_1_674' title='bbox 3596 3784 3700 3839; x_wconf 86' lang='lat' dir='ltr'><strong>hoc</strong></span> <span class='ocrx_word' id='word_1_675' title='bbox 3739 3793 3846 3847; x_wconf 88' lang='lat' dir='ltr'><strong>est,</strong></span> 
     </span>
    </p>
   </div>
   <div class='ocr_carea' id='block_1_84' title="bbox 2243 3875 3851 3948">
    <p class='ocr_par' dir='ltr' id='par_1_84' title="bbox 2243 3875 3851 3948">
     <span class='ocr_line' id='line_1_84' title="bbox 2243 3875 3851 3948; baseline 0.001 -18"><span class='ocrx_word' id='word_1_676' title='bbox 2243 3875 2296 3930; x_wconf 92' lang='lat' dir='ltr'><strong>in</strong></span> <span class='ocrx_word' id='word_1_677' title='bbox 2329 3886 2546 3931; x_wconf 88' lang='lat' dir='ltr'><strong>sacrato</strong></span> <span class='ocrx_word' id='word_1_678' title='bbox 2575 3878 2796 3932; x_wconf 88' lang='lat' dir='ltr'><strong>aluntur</strong></span> <span class='ocrx_word' id='word_1_679' title='bbox 2824 3894 3051 3933; x_wconf 90' lang='lat' dir='ltr'><strong>numero</strong></span> <span class='ocrx_word' id='word_1_680' title='bbox 3089 3888 3251 3948; x_wconf 88' lang='lat' dir='ltr'><strong>atque</strong></span> <span class='ocrx_word' id='word_1_681' title='bbox 3284 3878 3551 3948; x_wconf 78' lang='lat' dir='ltr'><strong>perfecto,</strong></span> <span class='ocrx_word' id='word_1_682' title='bbox 3581 3893 3692 3933; x_wconf 87' lang='lat' dir='ltr'><strong>non</strong></span> <span class='ocrx_word' id='word_1_683' title='bbox 3721 3887 3851 3932; x_wconf 91' lang='lat' dir='ltr'><strong>sunt</strong></span> 
     </span>
    </p>
   </div>
   <div class='ocr_carea' id='block_1_85' title="bbox 2241 3969 3847 4041">
    <p class='ocr_par' dir='ltr' id='par_1_85' title="bbox 2241 3969 3847 4041">
     <span class='ocr_line' id='line_1_85' title="bbox 2241 3969 3847 4041; baseline 0 -18"><span class='ocrx_word' id='word_1_684' title='bbox 2241 3969 2479 4040; x_wconf 88' lang='lat' dir='ltr'><strong>quinque</strong></span> <span class='ocrx_word' id='word_1_685' title='bbox 2527 3969 2694 4024; x_wconf 89' lang='lat' dir='ltr'><strong>millia</strong></span> <span class='ocrx_word' id='word_1_686' title='bbox 2722 4015 2734 4038; x_wconf 88' lang='lat'><strong>,</strong></span> <span class='ocrx_word' id='word_1_687' title='bbox 2786 3971 2881 4025; x_wconf 86' lang='lat' dir='ltr'><strong>sed</strong></span> <span class='ocrx_word' id='word_1_688' title='bbox 2929 3979 3160 4041; x_wconf 86' lang='lat' dir='ltr'><strong>quatuor</strong></span> <span class='ocrx_word' id='word_1_689' title='bbox 3201 3970 3370 4024; x_wconf 85' lang='lat' dir='ltr'><strong>millia</strong></span> <span class='ocrx_word' id='word_1_690' title='bbox 3403 3989 3417 4025; x_wconf 89' lang='lat'><strong>:</strong></span> <span class='ocrx_word' id='word_1_691' title='bbox 3447 3970 3538 4040; x_wconf 91' lang='lat' dir='ltr'><strong>qui</strong></span> <span class='ocrx_word' id='word_1_692' title='bbox 3585 3985 3847 4024; x_wconf 87' lang='lat' dir='ltr'><strong>numerus</strong></span> 
     </span>
    </p>
   </div>
   <div class='ocr_carea' id='block_1_86' title="bbox 2243 4061 3838 4132">
    <p class='ocr_par' dir='ltr' id='par_1_86' title="bbox 2243 4061 3838 4132">
     <span class='ocr_line' id='line_1_86' title="bbox 2243 4061 3838 4132; baseline 0.003 -20"><span class='ocrx_word' id='word_1_693' title='bbox 2243 4075 2460 4131; x_wconf 89' lang='lat' dir='ltr'><strong>semper</strong></span> <span class='ocrx_word' id='word_1_694' title='bbox 2507 4061 2561 4116; x_wconf 93' lang='lat' dir='ltr'><strong>in</strong></span> <span class='ocrx_word' id='word_1_695' title='bbox 2593 4061 2752 4117; x_wconf 84' lang='lat' dir='ltr'><strong>laude</strong></span> <span class='ocrx_word' id='word_1_696' title='bbox 2781 4063 3024 4131; x_wconf 90' lang='lat' dir='ltr'><strong>ponitur,</strong></span> <span class='ocrx_word' id='word_1_697' title='bbox 3051 4071 3104 4117; x_wconf 92' lang='lat' dir='ltr'><strong>et</strong></span> <span class='ocrx_word' id='word_1_698' title='bbox 3131 4062 3535 4132; x_wconf 84' lang='lat' dir='ltr'><strong>quadrangulus</strong></span> <span class='ocrx_word' id='word_1_699' title='bbox 3563 4061 3702 4132; x_wconf 88' lang='lat' dir='ltr'><strong>lapis</strong></span> <span class='ocrx_word' id='word_1_700' title='bbox 3727 4078 3838 4116; x_wconf 84' lang='lat' dir='ltr'><strong>non</strong></span> 
     </span>
    </p>
   </div>
   <div class='ocr_carea' id='block_1_87' title="bbox 2243 4153 3847 4223">
    <p class='ocr_par' dir='ltr' id='par_1_87' title="bbox 2243 4153 3847 4223">
     <span class='ocr_line' id='line_1_87' title="bbox 2243 4153 3847 4223; baseline 0.001 -15"><span class='ocrx_word' id='word_1_701' title='bbox 2243 4153 2491 4223; x_wconf 83' lang='lat' dir='ltr'><strong>ﬂuctuat,</strong></span> <span class='ocrx_word' id='word_1_702' title='bbox 2539 4164 2594 4210; x_wconf 89' lang='lat' dir='ltr'><strong>et</strong></span> <span class='ocrx_word' id='word_1_703' title='bbox 2635 4171 2742 4210; x_wconf 90' lang='lat' dir='ltr'><strong>non</strong></span> <span class='ocrx_word' id='word_1_704' title='bbox 2790 4165 2876 4210; x_wconf 91' lang='lat' dir='ltr'><strong>est</strong></span> <span class='ocrx_word' id='word_1_705' title='bbox 2923 4155 3224 4213; x_wconf 84' lang='lat' dir='ltr'><strong>instabilis:</strong></span> <span class='ocrx_word' id='word_1_706' title='bbox 3256 4163 3313 4210; x_wconf 91' lang='lat' dir='ltr'><strong>et</strong></span> <span class='ocrx_word' id='word_1_707' title='bbox 3340 4156 3409 4209; x_wconf 90' lang='lat' dir='ltr'><strong>ob</strong></span> <span class='ocrx_word' id='word_1_708' title='bbox 3443 4154 3581 4210; x_wconf 88' lang='lat' dir='ltr'><strong>hanc</strong></span> <span class='ocrx_word' id='word_1_709' title='bbox 3621 4169 3847 4211; x_wconf 87' lang='lat' dir='ltr'><strong>causam</strong></span> 
     </span>
    </p>
   </div>
   <div class='ocr_carea' id='block_1_88' title="bbox 2242 4247 3699 4318">
    <p class='ocr_par' dir='ltr' id='par_1_88' title="bbox 2242 4247 3699 4318">
     <span class='ocr_line' id='line_1_88' title="bbox 2242 4247 3699 4318; baseline 0 -16"><span class='ocrx_word' id='word_1_710' title='bbox 2242 4249 2406 4303; x_wconf 91' lang='lat' dir='ltr'><strong>etiam</strong></span> <span class='ocrx_word' id='word_1_711' title='bbox 2437 4247 2727 4318; x_wconf 86' lang='lat' dir='ltr'><strong>Evangelia</strong></span> <span class='ocrx_word' id='word_1_712' title='bbox 2759 4249 2810 4302; x_wconf 94' lang='lat' dir='ltr'><strong>in</strong></span> <span class='ocrx_word' id='word_1_713' title='bbox 2838 4262 2906 4303; x_wconf 89' lang='lat' dir='ltr'><strong>eo</strong></span> <span class='ocrx_word' id='word_1_714' title='bbox 2951 4263 3178 4303; x_wconf 89' lang='lat' dir='ltr'><strong>numero</strong></span> <span class='ocrx_word' id='word_1_715' title='bbox 3200 4259 3516 4303; x_wconf 88' lang='lat' dir='ltr'><strong>consecrata</strong></span> <span class='ocrx_word' id='word_1_716' title='bbox 3550 4257 3699 4302; x_wconf 91' lang='lat' dir='ltr'><strong>sunt.</strong></span> 
     </span>
    </p>
   </div>
   <div class='ocr_carea' id='block_1_89' title="bbox 2315 4336 3847 4411">
    <p class='ocr_par' dir='ltr' id='par_1_89' title="bbox 2315 4336 3847 4411">
     <span class='ocr_line' id='line_1_89' title="bbox 2315 4336 3847 4411; baseline -0.001 -18"><span class='ocrx_word' id='word_1_717' title='bbox 2315 4339 2471 4411; x_wconf 89' lang='lat' dir='ltr'><strong>(Cap.</strong></span> <span class='ocrx_word' id='word_1_718' title='bbox 2502 4337 2640 4393; x_wconf 83' lang='lat' dir='ltr'><strong>XVI.</strong></span> <span class='ocrx_word' id='word_1_719' title='bbox 2693 4369 2763 4380; x_wconf 85' lang='lat'><strong>——</strong></span> <span class='ocrx_word' id='word_1_720' title='bbox 2811 4337 2970 4394; x_wconf 76' lang='lat' dir='ltr'><strong>Vers.</strong></span> <span class='ocrx_word' id='word_1_721' title='bbox 3003 4341 3030 4394; x_wconf 82' lang='grc'><strong>1</strong></span> <span class='ocrx_word' id='word_1_722' title='bbox 3059 4337 3238 4409; x_wconf 89' lang='lat' dir='ltr'><strong>seqq.)</strong></span> <span class='ocrx_word' id='word_1_723' title='bbox 3290 4336 3358 4392; x_wconf 88' lang='lat' dir='ltr'><strong>Et</strong></span> <span class='ocrx_word' id='word_1_724' title='bbox 3401 4347 3728 4393; x_wconf 86' lang='lat' dir='ltr'><strong>accesserunt</strong></span> <span class='ocrx_word' id='word_1_725' title='bbox 3776 4341 3847 4392; x_wconf 86' lang='lat' dir='ltr'><strong>ad</strong></span> 
     </span>
    </p>
   </div>
   <div class='ocr_carea' id='block_1_90' title="bbox 2244 4431 3847 4504">
    <p class='ocr_par' dir='ltr' id='par_1_90' title="bbox 2244 4431 3847 4504">
     <span class='ocr_line' id='line_1_90' title="bbox 2244 4431 3847 4504; baseline 0 -17"><span class='ocrx_word' id='word_1_726' title='bbox 2244 4449 2357 4487; x_wconf 87' lang='lat' dir='ltr'><strong>eum</strong></span> <span class='ocrx_word' id='word_1_727' title='bbox 2388 4431 2650 4487; x_wconf 79' lang='lat' dir='ltr'><strong>Phariswi</strong></span> <span class='ocrx_word' id='word_1_728' title='bbox 2696 4441 2741 4487; x_wconf 89' lang='lat' dir='ltr'><strong>et</strong></span> <span class='ocrx_word' id='word_1_729' title='bbox 2792 4433 3077 4489; x_wconf 67' lang='lat' dir='ltr'><strong>Sadducati</strong></span> <span class='ocrx_word' id='word_1_730' title='bbox 3107 4442 3380 4501; x_wconf 86' lang='lat' dir='ltr'><strong>tentantes,</strong></span> <span class='ocrx_word' id='word_1_731' title='bbox 3429 4443 3476 4488; x_wconf 91' lang='lat' dir='ltr'><strong>et</strong></span> <span class='ocrx_word' id='word_1_732' title='bbox 3527 4444 3847 4504; x_wconf 84' lang='lat' dir='ltr'><strong>rogaverunt</strong></span> 
     </span>
    </p>
   </div>
   <div class='ocr_carea' id='block_1_91' title="bbox 544 4505 3850 4598">
    <p class='ocr_par' dir='ltr' id='par_1_91' title="bbox 544 4505 3850 4598">
     <span class='ocr_line' id='line_1_91' title="bbox 544 4505 3850 4598; baseline -0.004 -21"><span class='ocrx_word' id='word_1_733' title='bbox 544 4522 790 4596; x_wconf 77' lang='lat' dir='ltr'><strong>pancsin</strong></span> <span class='ocrx_word' id='word_1_734' title='bbox 820 4536 1008 4575; x_wconf 88' lang='lat' dir='ltr'><strong>eremo</strong></span> <span class='ocrx_word' id='word_1_735' title='bbox 1040 4534 1146 4573; x_wconf 92' lang='lat' dir='ltr'><strong>non</strong></span> <span class='ocrx_word' id='word_1_736' title='bbox 1172 4517 1395 4572; x_wconf 88' lang='lat' dir='ltr'><strong>habere.</strong></span> <span class='ocrx_word' id='word_1_737' title='bbox 1429 4514 1703 4582; x_wconf 76' lang='lat' dir='ltr'><strong>Misereor,</strong></span> <span class='ocrx_word' id='word_1_738' title='bbox 1731 4517 1928 4587; x_wconf 92' lang='lat' dir='ltr'><strong>inquit,</strong></span> <span class='ocrx_word' id='word_1_739' title='bbox 1959 4517 2140 4584; x_wconf 77' lang='lat' dir='ltr'><strong>turbaz,</strong></span> <span class='ocrx_word' id='word_1_740' title='bbox 2168 4505 2224 4567; x_wconf 86' lang='grc' dir='ltr'><strong>Ι)</strong></span> <span class='ocrx_word' id='word_1_741' title='bbox 2249 4541 2386 4588; x_wconf 62' lang='lat' dir='ltr'><strong>eum,</strong></span> <span class='ocrx_word' id='word_1_742' title='bbox 2433 4535 2489 4578; x_wconf 54' lang='lat' dir='ltr'><strong>ut</strong></span> <span class='ocrx_word' id='word_1_743' title='bbox 2533 4526 2740 4598; x_wconf 56' lang='lat' dir='ltr'><strong>signum</strong></span> <span class='ocrx_word' id='word_1_744' title='bbox 2785 4527 2850 4581; x_wconf 69' lang='grc' dir='ltr'><strong>(ιε</strong></span> <span class='ocrx_word' id='word_1_745' title='bbox 2900 4527 3028 4582; x_wconf 63' lang='lat' dir='ltr'><strong>mlo</strong></span> <span class='ocrx_word' id='word_1_746' title='bbox 3060 4529 3343 4582; x_wconf 49' lang='lat' dir='ltr'><strong>“unde,”</strong></span> <span class='ocrx_word' id='word_1_747' title='bbox 3388 4527 3482 4581; x_wconf 63' lang='grc' dir='ltr'><strong>ρίδ,</strong></span> <span class='ocrx_word' id='word_1_748' title='bbox 3523 4530 3589 4580; x_wconf 52' lang='lat' dir='ltr'><strong>At</strong></span> <span class='ocrx_word' id='word_1_749' title='bbox 3631 4528 3718 4580; x_wconf 66' lang='lat' dir='ltr'><strong>me</strong></span> <span class='ocrx_word' id='word_1_750' title='bbox 3764 4543 3850 4581; x_wconf 57' lang='lat' dir='ltr'><strong>re.</strong></span> 
     </span>
    </p>
   </div>
   <div class='ocr_carea' id='block_1_92' title="bbox 547 4612 2138 4692">
    <p class='ocr_par' dir='ltr' id='par_1_92' title="bbox 547 4612 2138 4692">
     <span class='ocr_line' id='line_1_92' title="bbox 547 4612 2138 4692; baseline -0.004 -19"><span class='ocrx_word' id='word_1_751' title='bbox 547 4623 669 4692; x_wconf 86' lang='lat' dir='ltr'><strong>quia</strong></span> <span class='ocrx_word' id='word_1_752' title='bbox 699 4619 867 4672; x_wconf 89' lang='lat' dir='ltr'><strong>triduo</strong></span> <span class='ocrx_word' id='word_1_753' title='bbox 887 4620 1003 4690; x_wconf 87' lang='lat' dir='ltr'><strong>jam</strong></span> <span class='ocrx_word' id='word_1_754' title='bbox 1039 4623 1362 4686; x_wconf 79' lang='lat' dir='ltr'><strong>perseverant</strong></span> <span class='ocrx_word' id='word_1_755' title='bbox 1395 4629 1611 4666; x_wconf 89' lang='lat' dir='ltr'><strong>mecum.</strong></span> <span class='ocrx_word' id='word_1_756' title='bbox 1637 4612 1922 4669; x_wconf 88' lang='lat' dir='ltr'><strong>Miseretur</strong></span> <span class='ocrx_word' id='word_1_757' title='bbox 1945 4614 2138 4678; x_wconf 66' lang='lat' dir='ltr'><strong>turbae,</strong></span> 
     </span>
    </p>
   </div>
   <div class='ocr_carea' id='block_1_93' title="bbox 545 4705 2138 4785">
    <p class='ocr_par' dir='ltr' id='par_1_93' title="bbox 545 4705 2138 4785">
     <span class='ocr_line' id='line_1_93' title="bbox 545 4705 2138 4785; baseline -0.006 -17"><span class='ocrx_word' id='word_1_758' title='bbox 545 4714 674 4785; x_wconf 87' lang='lat' dir='ltr'><strong>quia</strong></span> <span class='ocrx_word' id='word_1_759' title='bbox 698 4713 751 4766; x_wconf 90' lang='lat' dir='ltr'><strong>in</strong></span> <span class='ocrx_word' id='word_1_760' title='bbox 776 4711 935 4765; x_wconf 90' lang='lat' dir='ltr'><strong>trium</strong></span> <span class='ocrx_word' id='word_1_761' title='bbox 965 4708 1178 4764; x_wconf 89' lang='lat' dir='ltr'><strong>dierum</strong></span> <span class='ocrx_word' id='word_1_762' title='bbox 1207 4721 1460 4770; x_wconf 86' lang='lat' dir='ltr'><strong>numero,</strong></span> <span class='ocrx_word' id='word_1_763' title='bbox 1483 4705 1648 4774; x_wconf 88' lang='lat' dir='ltr'><strong>Patri,</strong></span> <span class='ocrx_word' id='word_1_764' title='bbox 1687 4705 1850 4771; x_wconf 89' lang='lat' dir='ltr'><strong>Filio,</strong></span> <span class='ocrx_word' id='word_1_765' title='bbox 1883 4705 2138 4774; x_wconf 86' lang='lat' dir='ltr'><strong>Spiritui-</strong></span> 
     </span>
    </p>
   </div>
   <div class='ocr_carea' id='block_1_94' title="bbox 547 4797 2140 4879">
    <p class='ocr_par' dir='ltr' id='par_1_94' title="bbox 547 4797 2140 4879">
     <span class='ocr_line' id='line_1_94' title="bbox 547 4797 2140 4879; baseline -0.007 -17"><span class='ocrx_word' id='word_1_766' title='bbox 547 4824 654 4879; x_wconf 89' lang='lat' dir='ltr'><strong>que</strong></span> <span class='ocrx_word' id='word_1_767' title='bbox 685 4814 876 4860; x_wconf 88' lang='lat' dir='ltr'><strong>sancto</strong></span> <span class='ocrx_word' id='word_1_768' title='bbox 906 4801 1226 4858; x_wconf 88' lang='lat' dir='ltr'><strong>credebant.</strong></span> <span class='ocrx_word' id='word_1_769' title='bbox 1279 4797 1346 4851; x_wconf 88' lang='lat' dir='ltr'><strong>Et</strong></span> <span class='ocrx_word' id='word_1_770' title='bbox 1389 4815 1490 4852; x_wconf 87' lang='lat' dir='ltr'><strong>non</strong></span> <span class='ocrx_word' id='word_1_771' title='bbox 1539 4798 1723 4851; x_wconf 79' lang='lat' dir='ltr'><strong>habent</strong></span> <span class='ocrx_word' id='word_1_772' title='bbox 1753 4798 1892 4869; x_wconf 88' lang='lat' dir='ltr'><strong>quod</strong></span> <span class='ocrx_word' id='word_1_773' title='bbox 1917 4797 2140 4852; x_wconf 87' lang='lat' dir='ltr'><strong>mandu-</strong></span> 
     </span>
    </p>
   </div>
   <div class='ocr_carea' id='block_1_95' title="bbox 549 4890 2143 4962">
    <p class='ocr_par' dir='ltr' id='par_1_95' title="bbox 549 4890 2143 4962">
     <span class='ocr_line' id='line_1_95' title="bbox 549 4890 2143 4962; baseline -0.004 -10"><span class='ocrx_word' id='word_1_774' title='bbox 549 4910 686 4953; x_wconf 83' lang='lat' dir='ltr'><strong>cent.</strong></span> <span class='ocrx_word' id='word_1_775' title='bbox 741 4895 922 4950; x_wconf 77' lang='lat' dir='ltr'><strong>Turba</strong></span> <span class='ocrx_word' id='word_1_776' title='bbox 969 4907 1184 4962; x_wconf 89' lang='lat' dir='ltr'><strong>semper</strong></span> <span class='ocrx_word' id='word_1_777' title='bbox 1231 4890 1424 4951; x_wconf 89' lang='lat' dir='ltr'><strong>esurit.</strong></span> <span class='ocrx_word' id='word_1_778' title='bbox 1477 4899 1534 4946; x_wconf 93' lang='lat' dir='ltr'><strong>et</strong></span> <span class='ocrx_word' id='word_1_779' title='bbox 1580 4891 1716 4946; x_wconf 86' lang='lat' dir='ltr'><strong>cibis</strong></span> <span class='ocrx_word' id='word_1_780' title='bbox 1764 4890 1990 4960; x_wconf 90' lang='lat' dir='ltr'><strong>indiget,</strong></span> <span class='ocrx_word' id='word_1_781' title='bbox 2039 4891 2143 4945; x_wconf 88' lang='lat' dir='ltr'><strong>nisi</strong></span> 
     </span>
    </p>
   </div>
   <div class='ocr_carea' id='block_1_96' title="bbox 545 4982 2140 5055">
    <p class='ocr_par' dir='ltr' id='par_1_96' title="bbox 545 4982 2140 5055">
     <span class='ocr_line' id='line_1_96' title="bbox 545 4982 2140 5055; baseline -0.005 -11"><span class='ocrx_word' id='word_1_782' title='bbox 545 4998 823 5045; x_wconf 86' lang='lat' dir='ltr'><strong>saturetur</strong></span> <span class='ocrx_word' id='word_1_783' title='bbox 873 5004 902 5041; x_wconf 84' lang='lat' dir='ltr'><strong>a</strong></span> <span class='ocrx_word' id='word_1_784' title='bbox 952 4985 1201 5040; x_wconf 91' lang='lat' dir='ltr'><strong>Domino.</strong></span> <span class='ocrx_word' id='word_1_785' title='bbox 1237 4983 1303 5036; x_wconf 82' lang='lat' dir='ltr'><strong>Et</strong></span> <span class='ocrx_word' id='word_1_786' title='bbox 1353 4983 1608 5037; x_wconf 88' lang='lat' dir='ltr'><strong>dimittere</strong></span> <span class='ocrx_word' id='word_1_787' title='bbox 1637 5000 1721 5037; x_wconf 88' lang='lat' dir='ltr'><strong>eos</strong></span> <span class='ocrx_word' id='word_1_788' title='bbox 1746 4984 1958 5055; x_wconf 82' lang='lat' dir='ltr'><strong>jejunos</strong></span> <span class='ocrx_word' id='word_1_789' title='bbox 1998 4982 2140 5050; x_wconf 89' lang='lat' dir='ltr'><strong>nolo,</strong></span> 
     </span>
    </p>
   </div>
   <div class='ocr_carea' id='block_1_97' title="bbox 547 5074 2141 5146">
    <p class='ocr_par' dir='ltr' id='par_1_97' title="bbox 547 5074 2141 5146">
     <span class='ocr_line' id='line_1_97' title="bbox 547 5074 2141 5146; baseline -0.003 -11"><span class='ocrx_word' id='word_1_790' title='bbox 547 5097 611 5135; x_wconf 87' lang='lat' dir='ltr'><strong>ne</strong></span> <span class='ocrx_word' id='word_1_791' title='bbox 639 5079 883 5146; x_wconf 83' lang='lat' dir='ltr'><strong>deﬁciant</strong></span> <span class='ocrx_word' id='word_1_792' title='bbox 912 5078 964 5130; x_wconf 88' lang='lat' dir='ltr'><strong>in</strong></span> <span class='ocrx_word' id='word_1_793' title='bbox 995 5076 1096 5128; x_wconf 88' lang='lat' dir='ltr'><strong>via.</strong></span> <span class='ocrx_word' id='word_1_794' title='bbox 1133 5074 1460 5129; x_wconf 88' lang='lat' dir='ltr'><strong>Esuriebant</strong></span> <span class='ocrx_word' id='word_1_795' title='bbox 1490 5085 1610 5144; x_wconf 89' lang='lat' dir='ltr'><strong>post</strong></span> <span class='ocrx_word' id='word_1_796' title='bbox 1635 5089 1858 5144; x_wconf 86' lang='lat' dir='ltr'><strong>magnas</strong></span> <span class='ocrx_word' id='word_1_797' title='bbox 1888 5075 2141 5130; x_wconf 85' lang='lat' dir='ltr'><strong>debilita-</strong></span> 
     </span>
    </p>
   </div>
   <div class='ocr_carea' id='block_1_98' title="bbox 546 5167 2140 5242">
    <p class='ocr_par' dir='ltr' id='par_1_98' title="bbox 546 5167 2140 5242">
     <span class='ocr_line' id='line_1_98' title="bbox 546 5167 2140 5242; baseline -0.005 -12"><span class='ocrx_word' id='word_1_798' title='bbox 546 5184 649 5240; x_wconf 84' lang='lat' dir='ltr'><strong>tes,</strong></span> <span class='ocrx_word' id='word_1_799' title='bbox 694 5181 750 5229; x_wconf 90' lang='lat' dir='ltr'><strong>et</strong></span> <span class='ocrx_word' id='word_1_800' title='bbox 794 5185 892 5242; x_wconf 90' lang='lat' dir='ltr'><strong>per</strong></span> <span class='ocrx_word' id='word_1_801' title='bbox 921 5169 1238 5240; x_wconf 86' lang='lat' dir='ltr'><strong>patientiam</strong></span> <span class='ocrx_word' id='word_1_802' title='bbox 1283 5167 1496 5222; x_wconf 82' lang='lat' dir='ltr'><strong>futuros</strong></span> <span class='ocrx_word' id='word_1_803' title='bbox 1535 5169 1928 5237; x_wconf 87' lang='lat' dir='ltr'><strong>exspectabant</strong></span> <span class='ocrx_word' id='word_1_804' title='bbox 1965 5169 2140 5224; x_wconf 85' lang='lat' dir='ltr'><strong>cibos.</strong></span> 
     </span>
    </p>
   </div>
   <div class='ocr_carea' id='block_1_99' title="bbox 618 5325 2134 5396">
    <p class='ocr_par' dir='ltr' id='par_1_99' title="bbox 618 5325 2134 5396">
     <span class='ocr_line' id='line_1_99' title="bbox 618 5325 2134 5396; baseline -0.003 -12"><span class='ocrx_word' id='word_1_805' title='bbox 618 5342 641 5367; x_wconf 69' lang='grc' dir='ltr'><strong>έι</strong></span> <span class='ocrx_word' id='word_1_806' title='bbox 670 5331 819 5385; x_wconf 87' lang='lat' dir='ltr'><strong>llanc</strong></span> <span class='ocrx_word' id='word_1_807' title='bbox 852 5328 969 5396; x_wconf 90' lang='lat' dir='ltr'><strong>ipse</strong></span> <span class='ocrx_word' id='word_1_808' title='bbox 1008 5340 1103 5392; x_wconf 88' lang='lat' dir='ltr'><strong>per</strong></span> <span class='ocrx_word' id='word_1_809' title='bbox 1131 5333 1312 5396; x_wconf 85' lang='lat' dir='ltr'><strong>partes</strong></span> <span class='ocrx_word' id='word_1_810' title='bbox 1353 5325 1818 5396; x_wconf 84' lang='lat' dir='ltr'><strong>comparationem</strong></span> <span class='ocrx_word' id='word_1_811' title='bbox 1857 5325 2134 5381; x_wconf 81' lang='lat' dir='ltr'><strong>Adaman-</strong></span> 
     </span>
    </p>
   </div>
   <div class='ocr_carea' id='block_1_100' title="bbox 551 5395 2139 5468">
    <p class='ocr_par' dir='ltr' id='par_1_100' title="bbox 551 5395 2139 5468">
     <span class='ocr_line' id='line_1_100' title="bbox 551 5395 2139 5468; baseline -0.006 -8"><span class='ocrx_word' id='word_1_812' title='bbox 551 5407 662 5460; x_wconf 78' lang='lat' dir='ltr'><strong>tius</strong></span> <span class='ocrx_word' id='word_1_813' title='bbox 690 5395 949 5462; x_wconf 87' lang='lat' dir='ltr'><strong>instituit,</strong></span> <span class='ocrx_word' id='word_1_814' title='bbox 977 5411 1042 5452; x_wconf 86' lang='lat' dir='ltr'><strong>ex</strong></span> <span class='ocrx_word' id='word_1_815' title='bbox 1091 5410 1199 5468; x_wconf 87' lang='lat' dir='ltr'><strong>quo</strong></span> <span class='ocrx_word' id='word_1_816' title='bbox 1252 5395 1443 5449; x_wconf 78' lang='lat' dir='ltr'><strong>bonum</strong></span> <span class='ocrx_word' id='word_1_817' title='bbox 1485 5406 1693 5464; x_wconf 89' lang='lat' dir='ltr'><strong>partem</strong></span> <span class='ocrx_word' id='word_1_818' title='bbox 1726 5395 1832 5451; x_wconf 90' lang='lat' dir='ltr'><strong>huc</strong></span> <span class='ocrx_word' id='word_1_819' title='bbox 1864 5397 2139 5468; x_wconf 83' lang='lat' dir='ltr'><strong>llterony-</strong></span> 
     </span>
    </p>
   </div>
   <div class='ocr_carea' id='block_1_101' title="bbox 546 5467 1191 5530">
    <p class='ocr_par' dir='ltr' id='par_1_101' title="bbox 546 5467 1191 5530">
     <span class='ocr_line' id='line_1_101' title="bbox 546 5467 1191 5530; baseline -0.017 0"><span class='ocrx_word' id='word_1_820' title='bbox 546 5489 668 5530; x_wconf 84' lang='lat' dir='ltr'><strong>nnis</strong></span> <span class='ocrx_word' id='word_1_821' title='bbox 696 5473 748 5525; x_wconf 92' lang='lat' dir='ltr'><strong>in</strong></span> <span class='ocrx_word' id='word_1_822' title='bbox 771 5485 865 5525; x_wconf 88' lang='lat' dir='ltr'><strong>sua</strong></span> <span class='ocrx_word' id='word_1_823' title='bbox 899 5467 1191 5522; x_wconf 71' lang='lat' dir='ltr'><strong>transtulit.</strong></span> 
     </span>
    </p>
   </div>
   <div class='ocr_carea' id='block_1_102' title="bbox 617 5537 2131 5606">
    <p class='ocr_par' dir='ltr' id='par_1_102' title="bbox 617 5537 2131 5606">
     <span class='ocr_line' id='line_1_102' title="bbox 617 5537 2131 5606; baseline -0.004 -9"><span class='ocrx_word' id='word_1_824' title='bbox 617 5545 640 5580; x_wconf 70' lang='grc' dir='ltr'><strong>ιι</strong></span> <span class='ocrx_word' id='word_1_825' title='bbox 665 5541 779 5596; x_wconf 80' lang='lat' dir='ltr'><strong>Non</strong></span> <span class='ocrx_word' id='word_1_826' title='bbox 809 5549 916 5592; x_wconf 84' lang='lat' dir='ltr'><strong>tota</strong></span> <span class='ocrx_word' id='word_1_827' title='bbox 952 5541 1065 5591; x_wconf 77' lang='lat' dir='ltr'><strong>lucc</strong></span> <span class='ocrx_word' id='word_1_828' title='bbox 1107 5546 1192 5591; x_wconf 90' lang='lat' dir='ltr'><strong>est</strong></span> <span class='ocrx_word' id='word_1_829' title='bbox 1233 5551 1353 5605; x_wconf 80' lang='lat' dir='ltr'><strong>qur.</strong></span> <span class='ocrx_word' id='word_1_830' title='bbox 1397 5537 1738 5606; x_wconf 87' lang='lat' dir='ltr'><strong>proponitur,</strong></span> <span class='ocrx_word' id='word_1_831' title='bbox 1780 5551 1940 5606; x_wconf 91' lang='lat' dir='ltr'><strong>quam</strong></span> <span class='ocrx_word' id='word_1_832' title='bbox 1972 5537 2131 5593; x_wconf 90' lang='lat' dir='ltr'><strong>docet</strong></span> 
     </span>
    </p>
   </div>
   <div class='ocr_carea' id='block_1_103' title="bbox 538 5607 2127 5681">
    <p class='ocr_par' dir='ltr' id='par_1_103' title="bbox 538 5607 2127 5681">
     <span class='ocr_line' id='line_1_103' title="bbox 538 5607 2127 5681; baseline -0.005 -11"><span class='ocrx_word' id='word_1_833' title='bbox 538 5614 900 5681; x_wconf 75' lang='lat' dir='ltr'><strong>Hieronymus</strong></span> <span class='ocrx_word' id='word_1_834' title='bbox 944 5609 995 5662; x_wconf 91' lang='lat' dir='ltr'><strong>in</strong></span> <span class='ocrx_word' id='word_1_835' title='bbox 1045 5607 1317 5681; x_wconf 75' lang='lat' dir='ltr'><strong>plerisque</strong></span> <span class='ocrx_word' id='word_1_836' title='bbox 1370 5609 1647 5681; x_wconf 82' lang='lat' dir='ltr'><strong>codicibus</strong></span> <span class='ocrx_word' id='word_1_837' title='bbox 1687 5609 1978 5681; x_wconf 87' lang='lat' dir='ltr'><strong>pericopen</strong></span> <span class='ocrx_word' id='word_1_838' title='bbox 2022 5622 2127 5681; x_wconf 86' lang='lat' dir='ltr'><strong>non</strong></span> 
     </span>
    </p>
   </div>
   <div class='ocr_carea' id='block_1_104' title="bbox 542 5677 2124 5738">
    <p class='ocr_par' dir='ltr' id='par_1_104' title="bbox 542 5677 2124 5738">
     <span class='ocr_line' id='line_1_104' title="bbox 542 5677 2124 5738; baseline -0.002 -1"><span class='ocrx_word' id='word_1_839' title='bbox 542 5677 760 5738; x_wconf 54' lang='lat' dir='ltr'><strong>haberi:</strong></span> <span class='ocrx_word' id='word_1_840' title='bbox 782 5680 874 5734; x_wconf 86' lang='lat' dir='ltr'><strong>sed</strong></span> <span class='ocrx_word' id='word_1_841' title='bbox 905 5677 1178 5733; x_wconf 89' lang='lat' dir='ltr'><strong>secundus</strong></span> <span class='ocrx_word' id='word_1_842' title='bbox 1199 5691 1262 5732; x_wconf 90' lang='lat' dir='ltr'><strong>ac</strong></span> <span class='ocrx_word' id='word_1_843' title='bbox 1293 5679 1483 5732; x_wconf 89' lang='lat' dir='ltr'><strong>tertius</strong></span> <span class='ocrx_word' id='word_1_844' title='bbox 1506 5681 1788 5732; x_wconf 86' lang='lat' dir='ltr'><strong>dumtaxat</strong></span> <span class='ocrx_word' id='word_1_845' title='bbox 1818 5679 2124 5734; x_wconf 89' lang='lat' dir='ltr'><strong>versiculus</strong></span> 
     </span>
    </p>
   </div>
   <div class='ocr_carea' id='block_1_105' title="bbox 535 5746 2128 5820">
    <p class='ocr_par' dir='ltr' id='par_1_105' title="bbox 535 5746 2128 5820">
     <span class='ocr_line' id='line_1_105' title="bbox 535 5746 2128 5820; baseline -0.001 -14"><span class='ocrx_word' id='word_1_846' title='bbox 535 5768 569 5810; x_wconf 67' lang='grc' dir='ltr'><strong><em>ι</em></strong></span> <span class='ocrx_word' id='word_1_847' title='bbox 607 5749 809 5815; x_wconf 83' lang='lat' dir='ltr'><strong>verbis,</strong></span> <span class='ocrx_word' id='word_1_848' title='bbox 849 5746 1013 5801; x_wconf 79' lang='lat' dir='ltr'><strong>Facto</strong></span> <span class='ocrx_word' id='word_1_849' title='bbox 1043 5763 1267 5815; x_wconf 83' lang='lat' dir='ltr'><strong>vespere,</strong></span> <span class='ocrx_word' id='word_1_850' title='bbox 1299 5747 1492 5816; x_wconf 84' lang='lat' dir='ltr'><strong>dicitis,</strong></span> <span class='ocrx_word' id='word_1_851' title='bbox 1525 5763 1696 5819; x_wconf 80' lang='lat' dir='ltr'><strong>usque</strong></span> <span class='ocrx_word' id='word_1_852' title='bbox 1731 5748 1822 5816; x_wconf 85' lang='lat' dir='ltr'><strong>ad,</strong></span> <span class='ocrx_word' id='word_1_853' title='bbox 1851 5749 2004 5820; x_wconf 82' lang='lat' dir='ltr'><strong>signa</strong></span> <span class='ocrx_word' id='word_1_854' title='bbox 2029 5767 2128 5805; x_wconf 86' lang='lat' dir='ltr'><strong>au-</strong></span> 
     </span>
    </p>
   </div>
   <div class='ocr_carea' id='block_1_106' title="bbox 2245 4616 3847 4690">
    <p class='ocr_par' dir='ltr' id='par_1_106' title="bbox 2245 4616 3847 4690">
     <span class='ocr_line' id='line_1_106' title="bbox 2245 4616 3847 4690; baseline 0 -20"><span class='ocrx_word' id='word_1_855' title='bbox 2245 4616 2527 4687; x_wconf 82' lang='lat' dir='ltr'><strong>spondens,</strong></span> <span class='ocrx_word' id='word_1_856' title='bbox 2576 4617 2651 4669; x_wconf 89' lang='lat' dir='ltr'><strong>ait</strong></span> <span class='ocrx_word' id='word_1_857' title='bbox 2691 4618 2835 4671; x_wconf 77' lang='lat' dir='ltr'><strong>illis:</strong></span> <span class='ocrx_word' id='word_1_858' title='bbox 2866 4617 3032 4674; x_wconf 87' lang='lat' dir='ltr'><strong>Facto</strong></span> <span class='ocrx_word' id='word_1_859' title='bbox 3077 4634 3298 4690; x_wconf 85' lang='lat' dir='ltr'><strong>vespere,</strong></span> <span class='ocrx_word' id='word_1_860' title='bbox 3353 4619 3553 4684; x_wconf 88' lang='lat' dir='ltr'><strong>dicitis,</strong></span> <span class='ocrx_word' id='word_1_861' title='bbox 3603 4635 3847 4673; x_wconf 88' lang='lat' dir='ltr'><strong>serenum</strong></span> 
     </span>
    </p>
   </div>
   <div class='ocr_carea' id='block_1_107' title="bbox 2248 4707 3844 4779">
    <p class='ocr_par' dir='ltr' id='par_1_107' title="bbox 2248 4707 3844 4779">
     <span class='ocr_line' id='line_1_107' title="bbox 2248 4707 3844 4779; baseline 0.001 -17"><span class='ocrx_word' id='word_1_862' title='bbox 2248 4708 2375 4774; x_wconf 87' lang='lat' dir='ltr'><strong>erit;</strong></span> <span class='ocrx_word' id='word_1_863' title='bbox 2420 4707 2768 4762; x_wconf 87' lang='lat' dir='ltr'><strong>rubicundum</strong></span> <span class='ocrx_word' id='word_1_864' title='bbox 2817 4720 2889 4763; x_wconf 88' lang='lat' dir='ltr'><strong>est</strong></span> <span class='ocrx_word' id='word_1_865' title='bbox 2945 4711 3080 4764; x_wconf 89' lang='lat' dir='ltr'><strong>enim</strong></span> <span class='ocrx_word' id='word_1_866' title='bbox 3119 4707 3346 4764; x_wconf 66' lang='lat' dir='ltr'><strong>caelum:</strong></span> <span class='ocrx_word' id='word_1_867' title='bbox 3387 4719 3432 4764; x_wconf 92' lang='lat' dir='ltr'><strong>et</strong></span> <span class='ocrx_word' id='word_1_868' title='bbox 3463 4726 3646 4779; x_wconf 85' lang='lat' dir='ltr'><strong>mane,</strong></span> <span class='ocrx_word' id='word_1_869' title='bbox 3691 4711 3844 4765; x_wconf 77' lang='lat' dir='ltr'><strong>hodie</strong></span> 
     </span>
    </p>
   </div>
   <div class='ocr_carea' id='block_1_108' title="bbox 2244 4799 3846 4878">
    <p class='ocr_par' dir='ltr' id='par_1_108' title="bbox 2244 4799 3846 4878">
     <span class='ocr_line' id='line_1_108' title="bbox 2244 4799 3846 4878; baseline 0.003 -24"><span class='ocrx_word' id='word_1_870' title='bbox 2244 4810 2557 4870; x_wconf 86' lang='lat' dir='ltr'><strong>tempestas;</strong></span> <span class='ocrx_word' id='word_1_871' title='bbox 2601 4800 2780 4855; x_wconf 88' lang='lat' dir='ltr'><strong>rutilat</strong></span> <span class='ocrx_word' id='word_1_872' title='bbox 2831 4803 2966 4855; x_wconf 89' lang='lat' dir='ltr'><strong>enim</strong></span> <span class='ocrx_word' id='word_1_873' title='bbox 3017 4803 3163 4855; x_wconf 86' lang='lat' dir='ltr'><strong>triste</strong></span> <span class='ocrx_word' id='word_1_874' title='bbox 3205 4803 3405 4856; x_wconf 65' lang='lat' dir='ltr'><strong>caelum.</strong></span> <span class='ocrx_word' id='word_1_875' title='bbox 3458 4799 3676 4857; x_wconf 86' lang='lat' dir='ltr'><strong>Faciem</strong></span> <span class='ocrx_word' id='word_1_876' title='bbox 3721 4822 3846 4878; x_wconf 85' lang='lat' dir='ltr'><strong>ergo</strong></span> 
     </span>
    </p>
   </div>
   <div class='ocr_carea' id='block_1_109' title="bbox 2244 4892 3846 4966">
    <p class='ocr_par' dir='ltr' id='par_1_109' title="bbox 2244 4892 3846 4966">
     <span class='ocr_line' id='line_1_109' title="bbox 2244 4892 3846 4966; baseline 0.004 -23"><span class='ocrx_word' id='word_1_877' title='bbox 2244 4893 2357 4945; x_wconf 75' lang='lat' dir='ltr'><strong>acti</strong></span> <span class='ocrx_word' id='word_1_878' title='bbox 2386 4892 2676 4961; x_wconf 74' lang='lat' dir='ltr'><strong>diiudicare</strong></span> <span class='ocrx_word' id='word_1_879' title='bbox 2698 4893 2882 4959; x_wconf 84' lang='lat' dir='ltr'><strong>nostis,</strong></span> <span class='ocrx_word' id='word_1_880' title='bbox 2905 4894 3054 4962; x_wconf 89' lang='lat' dir='ltr'><strong>signa</strong></span> <span class='ocrx_word' id='word_1_881' title='bbox 3084 4902 3256 4946; x_wconf 88' lang='lat' dir='ltr'><strong>autem</strong></span> <span class='ocrx_word' id='word_1_882' title='bbox 3283 4902 3574 4964; x_wconf 87' lang='lat' dir='ltr'><strong>temporum</strong></span> <span class='ocrx_word' id='word_1_883' title='bbox 3600 4911 3706 4948; x_wconf 88' lang='lat' dir='ltr'><strong>non</strong></span> <span class='ocrx_word' id='word_1_884' title='bbox 3752 4912 3846 4966; x_wconf 84' lang='lat' dir='ltr'><strong>po-</strong></span> 
     </span>
    </p>
   </div>
   <div class='ocr_carea' id='block_1_110' title="bbox 2243 4985 3841 5058">
    <p class='ocr_par' dir='ltr' id='par_1_110' title="bbox 2243 4985 3841 5058">
     <span class='ocr_line' id='line_1_110' title="bbox 2243 4985 3841 5058; baseline 0.003 -20"><span class='ocrx_word' id='word_1_885' title='bbox 2243 4987 2384 5039; x_wconf 89' lang='lat' dir='ltr'><strong>testis</strong></span> <span class='ocrx_word' id='word_1_886' title='bbox 2406 4988 2553 5041; x_wconf 85' lang='lat' dir='ltr'><strong>scire.</strong></span> <span class='ocrx_word' id='word_1_887' title='bbox 2592 4985 2869 5040; x_wconf 80' lang='lat' dir='ltr'><strong>Geueratio</strong></span> <span class='ocrx_word' id='word_1_888' title='bbox 2901 4986 3038 5040; x_wconf 89' lang='lat' dir='ltr'><strong>mala</strong></span> <span class='ocrx_word' id='word_1_889' title='bbox 3069 4996 3113 5041; x_wconf 91' lang='lat' dir='ltr'><strong>et</strong></span> <span class='ocrx_word' id='word_1_890' title='bbox 3135 4985 3375 5040; x_wconf 86' lang='lat' dir='ltr'><strong>adultera</strong></span> <span class='ocrx_word' id='word_1_891' title='bbox 3401 4988 3605 5058; x_wconf 89' lang='lat' dir='ltr'><strong>signum</strong></span> <span class='ocrx_word' id='word_1_892' title='bbox 3633 4991 3841 5056; x_wconf 65' lang='lat' dir='ltr'><strong>quaerit,</strong></span> 
     </span>
    </p>
   </div>
   <div class='ocr_carea' id='block_1_111' title="bbox 2243 5079 3838 5152">
    <p class='ocr_par' dir='ltr' id='par_1_111' title="bbox 2243 5079 3838 5152">
     <span class='ocr_line' id='line_1_111' title="bbox 2243 5079 3838 5152; baseline 0.001 -18"><span class='ocrx_word' id='word_1_893' title='bbox 2243 5092 2288 5134; x_wconf 89' lang='lat' dir='ltr'><strong>et</strong></span> <span class='ocrx_word' id='word_1_894' title='bbox 2320 5081 2527 5147; x_wconf 86' lang='lat' dir='ltr'><strong>signum</strong></span> <span class='ocrx_word' id='word_1_895' title='bbox 2557 5097 2660 5134; x_wconf 89' lang='lat' dir='ltr'><strong>non</strong></span> <span class='ocrx_word' id='word_1_896' title='bbox 2682 5081 2892 5134; x_wconf 89' lang='lat' dir='ltr'><strong>dabitur</strong></span> <span class='ocrx_word' id='word_1_897' title='bbox 2914 5081 2980 5148; x_wconf 91' lang='lat' dir='ltr'><strong>ei,</strong></span> <span class='ocrx_word' id='word_1_898' title='bbox 3011 5081 3111 5136; x_wconf 87' lang='lat' dir='ltr'><strong>nisi</strong></span> <span class='ocrx_word' id='word_1_899' title='bbox 3142 5082 3346 5151; x_wconf 87' lang='lat' dir='ltr'><strong>signum</strong></span> <span class='ocrx_word' id='word_1_900' title='bbox 3373 5079 3525 5135; x_wconf 73' lang='lat' dir='ltr'><strong>Iona:</strong></span> <span class='ocrx_word' id='word_1_901' title='bbox 3549 5084 3838 5152; x_wconf 70' lang='lat' dir='ltr'><strong>praphetie.</strong></span> 
     </span>
    </p>
   </div>
   <div class='ocr_carea' id='block_1_112' title="bbox 2243 5170 3841 5243">
    <p class='ocr_par' dir='ltr' id='par_1_112' title="bbox 2243 5170 3841 5243">
     <span class='ocr_line' id='line_1_112' title="bbox 2243 5170 3841 5243; baseline 0.002 -18"><span class='ocrx_word' id='word_1_902' title='bbox 2243 5170 2272 5209; x_wconf 73' lang='grc' dir='ltr'>δ</span> <span class='ocrx_word' id='word_1_903' title='bbox 2302 5172 2414 5226; x_wconf 88' lang='lat' dir='ltr'><strong>Hoc</strong></span> <span class='ocrx_word' id='word_1_904' title='bbox 2462 5172 2516 5227; x_wconf 90' lang='lat' dir='ltr'><strong>in</strong></span> <span class='ocrx_word' id='word_1_905' title='bbox 2564 5173 2842 5243; x_wconf 89' lang='lat' dir='ltr'><strong>plerisque</strong></span> <span class='ocrx_word' id='word_1_906' title='bbox 2867 5171 3147 5228; x_wconf 88' lang='lat' dir='ltr'><strong>codicibus</strong></span> <span class='ocrx_word' id='word_1_907' title='bbox 3174 5187 3281 5227; x_wconf 90' lang='lat' dir='ltr'><strong>non</strong></span> <span class='ocrx_word' id='word_1_908' title='bbox 3311 5171 3545 5228; x_wconf 87' lang='lat' dir='ltr'><strong>habetur</strong></span> <span class='ocrx_word' id='word_1_909' title='bbox 3576 5189 3588 5224; x_wconf 89' lang='lat'><strong>:</strong></span> <span class='ocrx_word' id='word_1_910' title='bbox 3618 5187 3841 5228; x_wconf 86' lang='lat' dir='ltr'><strong>sensus-</strong></span> 
     </span>
    </p>
   </div>
   <div class='ocr_carea' id='block_1_113' title="bbox 2239 5327 3840 5396">
    <p class='ocr_par' dir='ltr' id='par_1_113' title="bbox 2239 5327 3840 5396">
     <span class='ocr_line' id='line_1_113' title="bbox 2239 5327 3840 5396; baseline 0.001 -18"><span class='ocrx_word' id='word_1_911' title='bbox 2239 5335 2336 5380; x_wconf 88' lang='lat' dir='ltr'><strong>tem</strong></span> <span class='ocrx_word' id='word_1_912' title='bbox 2385 5337 2668 5396; x_wconf 87' lang='lat' dir='ltr'><strong>temporum</strong></span> <span class='ocrx_word' id='word_1_913' title='bbox 2715 5345 2820 5382; x_wconf 90' lang='lat' dir='ltr'><strong>non</strong></span> <span class='ocrx_word' id='word_1_914' title='bbox 2869 5329 3079 5396; x_wconf 88' lang='lat' dir='ltr'><strong>potestis</strong></span> <span class='ocrx_word' id='word_1_915' title='bbox 3126 5328 3278 5383; x_wconf 74' lang='lat' dir='ltr'><strong>scire.</strong></span> <span class='ocrx_word' id='word_1_916' title='bbox 3325 5327 3518 5382; x_wconf 81' lang='lat' dir='ltr'><strong>Verius</strong></span> <span class='ocrx_word' id='word_1_917' title='bbox 3544 5328 3684 5382; x_wconf 88' lang='lat' dir='ltr'><strong>adeo</strong></span> <span class='ocrx_word' id='word_1_918' title='bbox 3726 5335 3840 5381; x_wconf 90' lang='lat' dir='ltr'><strong>tres</strong></span> 
     </span>
    </p>
   </div>
   <div class='ocr_carea' id='block_1_114' title="bbox 2240 5397 3838 5468">
    <p class='ocr_par' dir='ltr' id='par_1_114' title="bbox 2240 5397 3838 5468">
     <span class='ocr_line' id='line_1_114' title="bbox 2240 5397 3838 5468; baseline -0.003 -16"><span class='ocrx_word' id='word_1_919' title='bbox 2240 5397 2467 5452; x_wconf 88' lang='lat' dir='ltr'><strong>Palatini</strong></span> <span class='ocrx_word' id='word_1_920' title='bbox 2525 5412 2653 5452; x_wconf 92' lang='lat' dir='ltr'><strong>mss.</strong></span> <span class='ocrx_word' id='word_1_921' title='bbox 2702 5398 2790 5454; x_wconf 91' lang='lat' dir='ltr'><strong>hic</strong></span> <span class='ocrx_word' id='word_1_922' title='bbox 2835 5402 3066 5454; x_wconf 88' lang='lat' dir='ltr'><strong>reticent</strong></span> <span class='ocrx_word' id='word_1_923' title='bbox 3100 5400 3335 5468; x_wconf 87' lang='lat' dir='ltr'><strong>primum</strong></span> <span class='ocrx_word' id='word_1_924' title='bbox 3381 5398 3736 5468; x_wconf 80' lang='lat' dir='ltr'><strong>versiculum.</strong></span> <span class='ocrx_word' id='word_1_925' title='bbox 3769 5397 3838 5468; x_wconf 66' lang='lat' dir='ltr'><strong>Et</strong></span> 
     </span>
    </p>
   </div>
   <div class='ocr_carea' id='block_1_115' title="bbox 2239 5466 3839 5538">
    <p class='ocr_par' dir='ltr' id='par_1_115' title="bbox 2239 5466 3839 5538">
     <span class='ocr_line' id='line_1_115' title="bbox 2239 5466 3839 5538; baseline -0.001 -18"><span class='ocrx_word' id='word_1_926' title='bbox 2239 5481 2560 5523; x_wconf 77' lang='lat' dir='ltr'><strong>accesserunt</strong></span> <span class='ocrx_word' id='word_1_927' title='bbox 2587 5470 2654 5521; x_wconf 91' lang='lat' dir='ltr'><strong>ad</strong></span> <span class='ocrx_word' id='word_1_928' title='bbox 2684 5486 2820 5526; x_wconf 84' lang='lat' dir='ltr'><strong>eum.</strong></span> <span class='ocrx_word' id='word_1_929' title='bbox 2843 5479 2975 5538; x_wconf 87' lang='lat' dir='ltr'><strong>etc.,</strong></span> <span class='ocrx_word' id='word_1_930' title='bbox 3008 5479 3061 5522; x_wconf 88' lang='lat' dir='ltr'><strong>et</strong></span> <span class='ocrx_word' id='word_1_931' title='bbox 3088 5466 3361 5538; x_wconf 80' lang='lat' dir='ltr'><strong>quartum.</strong></span> <span class='ocrx_word' id='word_1_932' title='bbox 3381 5467 3666 5523; x_wconf 83' lang='lat' dir='ltr'><strong>Generatio</strong></span> <span class='ocrx_word' id='word_1_933' title='bbox 3699 5466 3839 5519; x_wconf 87' lang='lat' dir='ltr'><strong>mala</strong></span> 
     </span>
    </p>
   </div>
   <div class='ocr_carea' id='block_1_116' title="bbox 2240 5538 3837 5613">
    <p class='ocr_par' dir='ltr' id='par_1_116' title="bbox 2240 5538 3837 5613">
     <span class='ocr_line' id='line_1_116' title="bbox 2240 5538 3837 5613; baseline 0.001 -21"><span class='ocrx_word' id='word_1_934' title='bbox 2240 5548 2287 5592; x_wconf 89' lang='lat' dir='ltr'><strong>et</strong></span> <span class='ocrx_word' id='word_1_935' title='bbox 2312 5538 2567 5613; x_wconf 79' lang='lat' dir='ltr'><strong>adultera,</strong></span> <span class='ocrx_word' id='word_1_936' title='bbox 2604 5552 2740 5604; x_wconf 87' lang='lat' dir='ltr'><strong>etc.,</strong></span> <span class='ocrx_word' id='word_1_937' title='bbox 2767 5556 2902 5613; x_wconf 91' lang='lat' dir='ltr'><strong>quos</strong></span> <span class='ocrx_word' id='word_1_938' title='bbox 2949 5541 3268 5613; x_wconf 78' lang='lat' dir='ltr'><strong>neutiquam</strong></span> <span class='ocrx_word' id='word_1_939' title='bbox 3297 5539 3660 5613; x_wconf 76' lang='lat' dir='ltr'><strong>HierOnymns</strong></span> <span class='ocrx_word' id='word_1_940' title='bbox 3687 5554 3837 5613; x_wconf 83' lang='lat' dir='ltr'><strong>com-</strong></span> 
     </span>
    </p>
   </div>
   <div class='ocr_carea' id='block_1_117' title="bbox 2238 5609 3838 5682">
    <p class='ocr_par' dir='ltr' id='par_1_117' title="bbox 2238 5609 3838 5682">
     <span class='ocr_line' id='line_1_117' title="bbox 2238 5609 3838 5682; baseline 0.001 -20"><span class='ocrx_word' id='word_1_941' title='bbox 2238 5611 2553 5680; x_wconf 85' lang='lat' dir='ltr'><strong>prehendit,</strong></span> <span class='ocrx_word' id='word_1_942' title='bbox 2584 5609 3041 5682; x_wconf 53' lang='lat' dir='ltr'><strong>quique&#39;omnino</strong></span> <span class='ocrx_word' id='word_1_943' title='bbox 3073 5609 3400 5682; x_wconf 51' lang='lat' dir='ltr'><strong>priscidendi</strong></span> <span class='ocrx_word' id='word_1_944' title='bbox 3431 5613 3499 5664; x_wconf 85' lang='lat' dir='ltr'><strong>ab</strong></span> <span class='ocrx_word' id='word_1_945' title='bbox 3546 5609 3649 5666; x_wconf 88' lang='lat' dir='ltr'><strong>bac</strong></span> <span class='ocrx_word' id='word_1_946' title='bbox 3691 5610 3838 5666; x_wconf 87' lang='lat' dir='ltr'><strong>serie</strong></span> 
     </span>
    </p>
   </div>
   <div class='ocr_carea' id='block_1_118' title="bbox 2236 5679 3836 5752">
    <p class='ocr_par' dir='ltr' id='par_1_118' title="bbox 2236 5679 3836 5752">
     <span class='ocr_line' id='line_1_118' title="bbox 2236 5679 3836 5752; baseline -0.001 -17"><span class='ocrx_word' id='word_1_947' title='bbox 2236 5679 2387 5752; x_wconf 75' lang='lat' dir='ltr'><strong>sunt,</strong></span> <span class='ocrx_word' id='word_1_948' title='bbox 2421 5697 2487 5752; x_wconf 80' lang='lat' dir='ltr'><strong>ne</strong></span> <span class='ocrx_word' id='word_1_949' title='bbox 2518 5679 2823 5752; x_wconf 57' lang='lat' dir='ltr'><strong>falsus&#39;ipse</strong></span> <span class='ocrx_word' id='word_1_950' title='bbox 2855 5679 3119 5736; x_wconf 86' lang='lat' dir='ltr'><strong>videatur.</strong></span> <span class='ocrx_word' id='word_1_951' title='bbox 3151 5679 3420 5752; x_wconf 80' lang='lat' dir='ltr'><strong>Caeterum</strong></span> <span class='ocrx_word' id='word_1_952' title='bbox 3468 5683 3741 5737; x_wconf 87' lang='lat' dir='ltr'><strong>vetustior</strong></span> <span class='ocrx_word' id='word_1_953' title='bbox 3766 5697 3836 5735; x_wconf 90' lang='lat' dir='ltr'><strong>ex</strong></span> 
     </span>
    </p>
   </div>
   <div class='ocr_carea' id='block_1_119' title="bbox 2235 5750 3830 5820">
    <p class='ocr_par' dir='ltr' id='par_1_119' title="bbox 2235 5750 3830 5820">
     <span class='ocr_line' id='line_1_119' title="bbox 2235 5750 3830 5820; baseline -0.001 -13"><span class='ocrx_word' id='word_1_954' title='bbox 2235 5750 2430 5808; x_wconf 86' lang='lat' dir='ltr'><strong>iisdem</strong></span> <span class='ocrx_word' id='word_1_955' title='bbox 2459 5750 2921 5809; x_wconf 33' lang='lat' dir='ltr'><strong>Palatinis‘codex</strong></span> <span class='ocrx_word' id='word_1_956' title='bbox 2971 5766 3078 5808; x_wconf 91' lang='lat' dir='ltr'><strong>non</strong></span> <span class='ocrx_word' id='word_1_957' title='bbox 3127 5751 3398 5816; x_wconf 89' lang='lat' dir='ltr'><strong>absolute,</strong></span> <span class='ocrx_word' id='word_1_958' title='bbox 3425 5758 3589 5820; x_wconf 87' lang='lat' dir='ltr'><strong>atque</strong></span> <span class='ocrx_word' id='word_1_959' title='bbox 3629 5753 3830 5808; x_wconf 79' lang='lat' dir='ltr'><strong>indeli-</strong></span> 
     </span>
    </p>
   </div>
  </div>
