3962 6326
170 315 251 370 113
547 310 1202 370 COMMENTARIORUM
1241 310 1308 366 IN
1352 307 1799 367 EVANGELIUM
1841 312 2174 370 MATTHIEI
2219 316 2351 372 LIB.
2394 317 2482 372 Ill.
2525 317 2685 376 CAP.
2727 318 2870 374 XVI.
3299 319 3404 376 ill

164 451 248 506 que
269 430 561 487 manifestus
605 440 712 494 est,
759 428 896 500 quod
948 444 1014 484 ex
1066 428 1460 483 elementorum
1513 427 1705 483 ordine
1731 439 1786 500 Α
1808 439 1914 482 uete
1942 447 1974 484 a
2005 431 2251 501 fermento
2286 431 2675 488 Pharisreorum
2703 444 2749 487 et
2776 434 3216 498 Sadducworum,
3245 433 3410 490 docet

166 538 294 599 atque
319 535 340 562 ⁸
366 524 692 586 constantia,
724 523 937 592 possint
966 533 1019 576 et
1049 520 1247 585 sereni,
1281 530 1337 576 et
1367 520 1567 587 pluvia:
1591 519 1710 574 dies
1811 538 1907 579 eos
1935 524 2061 593 quid
2093 525 2399 596 significent
2420 529 2661 598 quinque
2686 543 2871 597 panes,
2903 537 2959 582 et
2977 539 3181 598 septem
3208 545 3222 584 :
3248 530 3410 597 quin-

166 618 408 692 prsenosci.
429 616 634 671 Scriba:
660 626 841 668 autem
867 623 922 669 et
944 613 1230 677 Pharisaei,
1259 612 1352 682 qui
1383 612 1708 667 videbantur
1811 633 1918 686 que
1950 618 2116 673 millia
2169 620 2471 686 hominum,
2517 631 2570 676 et
2609 631 2847 692 quatuor
2882 621 3072 687 millia,
3105 638 3224 692 qua:
3253 631 3407 693 pasta

164 713 272 782 legis
293 724 402 765 esse
436 708 711 772 doctores,
743 723 808 762 ex
858 707 1245 775 prOpbetarnm
1289 706 1548 761 vaticinio
1599 721 1707 760 non
1812 719 1939 764 sunt
1986 710 2037 764 in
2085 727 2312 778 eremo;
2371 714 2512 780 quod
2568 714 2696 770 licet
2746 715 3024 784 signorum
3086 715 3408 785 magnitudo

165 814 410 876 potuerunt
431 801 731 871 intelligere
771 799 1071 854 Salvatoris
1100 799 1419 854 adventum.
1814 804 2096 873 perspicua
2129 805 2220 871 sit,
2255 812 2435 860 tamen
2487 815 2544 860 et
2586 807 2733 860 aliud
2783 807 2834 860 in
2886 807 3163 876 spirituali
3208 807 3409 862 intelli-

220 897 368 964 (Vers.
397 893 472 961 5.)
500 891 569 944 Et
619 892 811 946 relictis
860 893 988 953 illis,
1022 892 1173 956 abiit,
1221 899 1268 944 et
1315 907 1428 943 cum
1458 893 1711 944 venissent
1813 897 1991 966 gentia
2021 896 2450 952 demonstretur.
2487 899 2543 953 Si
2570 900 2715 953 enim
2749 899 3074 954 fermentum
3107 899 3413 955 Pharisaeo-

165 988 364 1060 discipuli
389 988 495 1056 ejus
521 995 666 1039 trans
697 985 908 1053 fretum,
951 985 1097 1038 obliti
1123 994 1240 1037 sunt
1274 1000 1432 1055 panes
1456 986 1706 1053 accipere.
1815 1003 1933 1041 rum
1961 997 2013 1042 et
2041 987 2465 1043 Sadduczeorum
2515 1004 2625 1043 non
2676 991 3018 1059 corporalem
3067 1007 3286 1060 panem,
3315 990 3411 1046 sed

166 1081 247 1146 Qui
269 1080 375 1132 dicit
401 1077 523 1131 illis.
568 1077 792 1131 Relictis
822 1076 1030 1132 Scribis
1064 1088 1114 1130 et
1148 1077 1466 1142 Pharisaeis,
1507 1077 1706 1145 quibus
1816 1078 2134 1133 traditiones
2157 1090 2534 1149 perversas,et
2556 1080 2811 1136 hreretica
2830 1081 3105 1152 significat
3121 1082 3410 1152 dogmata:

166 1173 369 1227 dixerat:
395 1168 674 1225 Generatio
701 1169 841 1223 mala
865 1180 911 1223 et
933 1169 1173 1223 adultera
1201 1171 1406 1237 signum
1430 1171 1638 1239 (ινα-ῆι,
1666 1178 1712 1223 et
1815 1187 1981 1240 quare
2011 1180 2063 1226 et
2092 1173 2220 1241 cibi,
2253 1173 2449 1242 quibus
2478 1173 2714 1227 nutritus
2741 1186 2825 1228 est
2865 1175 3095 1243 populus
3137 1174 3258 1239 Dei,
3304 1191 3413 1230 non

161 1267 326 1335 signum
355 1278 447 1317 non
476 1261 691 1316 dabitur
743 1265 810 1328 ei,
854 1263 954 1315 nisi
984 1262 1190 1333 signum
1226 1259 1379 1314 Jome
1419 1263 1708 1332 praphetw,

161 1366 279 1412 recte
297 1355 414 1409 abiit
444 1365 598 1409 trans
641 1352 867 1419 fretum,
900 1362 956 1408 et
982 1355 1223 1422 gentium
1254 1364 1474 1408 secutus
1499 1363 1582 1408 est
1610 1369 1710 1424 po-

160 1447 303 1516 pulos.
327 1444 457 1512 Quid
483 1451 670 1499 autem
694 1444 797 1499 sibi
819 1444 948 1498 velit
969 1444 1183 1513 signum
1205 1442 1378 1509 Jonaa,
1408 1444 1522 1511 jam
1549 1459 1711 1513 supra

159 1543 320 1596 dictum
348 1549 445 1595 est.

214 1631 367 1700 (Vers.
398 1631 452 1697 6,
479 1628 560 1692 Ἰ.)
592 1628 906 1697 Intuemini,
935 1639 984 1684 et
1009 1638 1180 1684 cavete
1205 1646 1236 1682 a
1265 1634 1522 1700 fermento
1566 1628 1714 1684 Pha-

159 1727 378 1779 risteorum
408 1733 454 1779 et
485 1723 926 1780 Sadducworum.
958 1725 1022 1777 At
1049 1724 1132 1778 illi
1152 1723 1449 1794 cogitabant
1478 1725 1613 1778 inter
1637 1741 1708 1790 sc,

1817 1279 2000 1320 veram
2039 1264 2345 1320 doctrinam
2400 1266 2779 1336 integramque
2817 1266 3168 1336 significent?
3199 1266 3421 1333 Quaerat

1817 1357 2010 1428 aliquis
2039 1366 2094 1412 et
2119 1360 2306 1412 dicat:
2341 1357 2628 1424 Quomodo
2660 1373 2826 1429 panes
2860 1375 2964 1413 non
2999 1359 3294 1426 habebant,
3323 1362 3417 1430 qui

1815 1452 1998 1505 statim
2033 1452 2268 1521 impletis
2305 1463 2512 1522 septem
2546 1455 2770 1522 sportis,
2822 1452 3189 1507 ascenderunt
3225 1453 3278 1507 in
3323 1469 3419 1506 na—

1816 1544 2043 1599 viculam
2063 1587 2078 1611 ,
2107 1555 2161 1600 et
2208 1555 2474 1600 venerunt
2505 1547 2557 1600 in
2600 1546 2734 1601 fines
2765 1545 3024 1614 Magedan
3060 1564 3072 1600 :
3102 1545 3283 1615 ibique
3322 1563 3420 1600 au-

1816 1636 1971 1690 diunt
2015 1637 2359 1706 navigantes,
2393 1638 2535 1706 quod
2579 1653 2777 1694 cavere
2819 1637 3058 1693 debeant
3087 1653 3115 1691 a
3148 1638 3420 1694 fermento

1815 1725 2215 1782 Pharisaeorum
2265 1737 2323 1782 et
2380 1727 2844 1783 Sadducaeorum?
2873 1728 2980 1783 Sed
3023 1727 3305 1798 Scriptura
3341 1739 3419 1784 te-

157 1817 383 1871 dicentes:
416 1816 556 1884 Quia
586 1832 751 1884 panes
795 1833 896 1869 non
955 1817 1268 1886 accepimus.
1321 1815 1424 1882 Qui
1479 1825 1634 1869 cavet
1685 1831 1714 1870 a
1748 1823 1795 1883 Β
1821 1828 1994 1873 statur
2017 1819 2158 1889 quod
2199 1820 2353 1874 obliti
2381 1821 2491 1874 sint
2538 1836 2636 1877 eos
2685 1836 2872 1875 secum
2909 1821 3128 1876 tollere.
3176 1822 3291 1876 Hoc
3339 1833 3426 1878 est

157 1908 378 1963 fermento
404 1909 809 1963 Pharisaeorum
859 1917 914 1964 et
966 1908 1414 1970 Sadduczeorum,
1444 1907 1604 1976 Legis
1646 1921 1709 1962 ac

154 2001 314 2058 littere
359 2012 633 2073 praecepta
668 2019 776 2056 non
810 2013 1012 2066 servat,
1044 2001 1370 2057 traditiones
1417 2002 1576 2072 120
1616 2003 1712 2054 ho-

154 2096 323 2150 minum
342 2097 585 2167 negligit,
612 2105 672 2150 ut
706 2095 868 2151 faciat
898 2096 1214 2151 mandatum
1242 2095 1356 2150 Dei.

207 2189 366 2258 (Vers.
395 2190 429 2244 8
453 2189 648 2261 seqq.)
674 2190 853 2246 Sciens
882 2199 1052 2244 autem
1073 2189 1246 2259 Iesus,
1277 2190 1410 2244 dixit
1432 2190 1505 2243 eis
1525 2205 1546 2241 :
1574 2188 1714 2256 Quid

152 2282 345 2351 rogittis
395 2283 534 2336 inter
578 2297 690 2350 vos,
728 2283 943 2336 modica:
972 2283 1117 2351 ﬁdei,
1152 2283 1274 2352 quia
1303 2299 1464 2353 panes
1491 2298 1594 2336 non
1621 2281 1718 2335 ha-

152 2373 283 2428 betis?
309 2373 550 2428 Nondum
575 2374 892 2443 intelligitis,
940 2390 1102 2445 neque
1128 2374 1473 2427 recordamini
1497 2373 1719 2442 quinque

152 2482 328 2533 panum,
356 2475 400 2519 et
415 2467 652 2536 quinque
681 2465 905 2520 millium
932 2467 1224 2530 hominum,
1248 2476 1295 2520 et
1316 2474 1440 2536 quot
1470 2465 1720 2533 cophinos

151 2559 434 2622 sumpsistis?
480 2557 674 2628 Neque
723 2569 913 2630 septem
967 2575 1184 2629 panum,
1234 2567 1458 2628 quatuor
1497 2558 1721 2612 millium

151 2649 394 2718 hominum,
420 2663 468 2705 et
489 2662 622 2722 quot
649 2660 852 2721 sportas
872 2651 1208 2722 sumpsistis?
1239 2649 1412 2716 Quare
1440 2667 1542 2703 non
1574 2651 1724 2704 intel-

153 2740 303 2810 ligilis,
329 2745 579 2812 quianon
603 2744 669 2798 de
701 2759 836 2811 pane
856 2743 966 2798 dixi
996 2743 1138 2796 vobis
1167 2758 1184 2796 :
1208 2741 1393 2797 Cavete
1421 2760 1451 2796 a
1472 2744 1723 2812 fermento

153 2833 530 2900 Pharisa’orum,
582 2847 631 2891 et
688 2836 1118 2892 Sadducazorum.
1149 2835 1298 2891 Tunc
1326 2839 1720 2902 intellexerunt,

153 2927 247 2993 quia
272 2945 362 2981 non
388 2930 610 2995 dixerit,
651 2930 938 2982 cauendum
973 2946 1006 2982 a
1044 2933 1295 3000 fermento
1325 2946 1540 2998 panum,
1573 2930 1664 2983 sed
1690 2947 1724 2983 a

153 3016 348 3073 doctrina
376 3020 777 3075 Pharisworum
809 3031 857 3074 et
888 3022 1322 3076 Sadducazorum.
1352 3022 1456 3077 Per
1483 3025 1724 3078 occasio-

155 3124 254 3164 nem
280 3114 558 3184 precepti,
584 3113 734 3183 quod
777 3113 1031 3170 Salvator
1063 3115 1330 3184 iusserat,
1360 3115 1548 3170 dicens
1576 3131 1595 3168 :
1619 3115 1720 3170 Ca-

1818 1909 2172 1975 fermentum,
2203 1912 2272 1964 de
2293 1928 2400 1981 quo
2423 1921 2479 1965 et
2504 1912 2797 1980 Apostolus
2830 1912 3070 1980 loquitur
3100 1929 3115 1969 :
3149 1911 3420 1968 Modicum

1820 2005 2128 2072 fermentum
2175 2011 2332 2056 totam
2375 2020 2597 2057 massam
2642 2005 2929 2072 corrumpit
2968 2002 3032 2075 (Ι
3076 2001 3197 2059 Cor.
3245 2020 3297 2073 ν,
3339 2006 3420 2074 6).

1820 2092 2131 2148 Istiusmodi
2164 2094 2516 2161 fermentum,
2549 2095 2696 2166 quod
2723 2096 2868 2151 omni
2898 2096 3106 2151 ratione
3136 2097 3424 2152 vitandum

1822 2195 1925 2254 est,
1961 2187 2149 2240 habuit
2183 2187 2445 2252 Marcion,
2473 2197 2528 2242 et
2556 2187 2901 2255 Valentinus,
2931 2198 2986 2242 et
3016 2203 3210 2244 omnes
3239 2194 3420 2244 haere-

1825 2281 1936 2336 tici.
1984 2281 2334 2337 Fermentum
2375 2282 2513 2336 hanc
2542 2283 2648 2336 vim
2679 2281 2866 2349 habet,
2899 2281 3031 2337 utsi
3059 2282 3247 2337 farinre
3289 2285 3429 2338 mixs

1828 2384 1941 2429 tum
1999 2375 2197 2443 fuerit,
2245 2374 2388 2446 quod
2440 2390 2666 2445 parvum
2724 2373 3043 2441 videbatur,
3099 2386 3311 2430 crescat
3371 2375 3427 2430 in

1829 2468 2042 2538 majus,
2116 2478 2170 2523 et
2228 2467 2298 2523 ad
2365 2483 2619 2538 saporem
2687 2483 2849 2522 suum
2916 2467 3228 2522 universam
3295 2482 3429 2522 con-

1829 2559 2169 2628 spersionem
2206 2558 2312 2630 [Αι.
2335 2558 2776 2631 conversionem]
2807 2558 3018 2612 trahat:
3051 2558 3119 2610 ita
3147 2567 3202 2612 et
3225 2557 3432 2612 doctri-

1833 2667 1897 2704 na
1933 2650 2210 2715 haeretica,
2241 2650 2287 2706 si
2321 2651 2401 2707 vel
2427 2651 2699 2706 modicam
2743 2650 3034 2705 scintillam
3064 2652 3116 2704 in
3146 2660 3296 2704 tuum
3328 2665 3424 2720 pe-

1824 2754 1943 2798 ctus
1967 2745 2186 2814 jecerit,
2239 2745 2292 2798 in
2346 2746 2496 2800 brevi
2536 2746 2729 2815 ingens
2771 2743 2984 2799 ﬂamma
3016 2743 3338 2810 succrescit,
3371 2751 3429 2798 et

1827 2847 1994 2892 totam
2029 2838 2264 2892 hominis
2309 2839 2714 2907 possessionem
2738 2837 2804 2892 ad
2836 2852 2896 2892 se
2944 2835 3129 2892 trahit.
3183 2835 3429 2906 Denique

1825 2932 2110 3002 sequitur:
2147 2930 2291 2984 Tunc
2313 2930 2696 2992 intellexerunt,
2728 2931 2849 3000 quia
2872 2945 2974 2982 non
3001 2928 3217 2981 dixisset
3243 2943 3425 2983 caven-

1826 3023 1951 3077 dum
1987 3039 2018 3075 a
2049 3023 2300 3090 fermento
2335 3039 2555 3094 panum,
2587 3023 2676 3077 sed
2702 3039 2735 3075 a
2764 3021 3002 3077 doctrina
3031 3017 3423 3074 Pharisworum

1825 3127 1874 3170 et
1898 3116 2331 3170 Sadducworum.

153 3273 260 3347 nite,
288 3276 398 3341 sed,
423 3278 573 3345 apud
601 3274 839 3339 Gnaeos,
888 3277 1036 3331 addit
1069 3277 1171 3332 hoc
1213 3277 1267 3331 in
1318 3277 1589 3344 plerisque
1617 3291 1709 3330 co—
1737 3282 1783 3345 ο
1815 3277 2014 3347 passim
2071 3277 2376 3343 laudamus,
2407 3290 2501 3331 eos
2534 3277 2716 3340 habet,
2764 3287 3090 3344 quamquam
3119 3272 3300 3327 verbis
3335 3273 3435 3329 ali-

150 3343 324 3418 dicihus
350 3343 685 3404 desiderari.
720 3349 923 3418 Estque
965 3349 1196 3403 fortasse
1242 3343 1451 3402 facilius
1487 3348 1710 3404 (ἔπερσε

152 3416 380 3482 eju~modi
413 3421 663 3485 codices,
715 3416 948 3488 aut‘qui
1002 3421 1190 3474 saltem
1240 3435 1490 3490 magnam
1530 3434 1718 3474 eorum

153 3501 370 3562 versuum
392 3499 607 3559 partem
635 3490 1082 3562 praetermittam,
1117 3491 1383 3562 invenire,
1422 3506 1580 3558 quam
1624 3490 1725 3544 La-

155 3558 288 3614 tinos.
313 3558 467 3618 Certe
488 3558 918 3632 antiquissimus
947 3572 1133 3618 noster
1158 3561 1520 3628 Veronensis,
1563 3576 1725 3632 quem

1817 3348 2136 3418 quantisper
2157 3364 2184 3399 a
2207 3347 2434 3417 Vulgata
2463 3347 2700 3402 abludat.

1901 3429 1926 3455 ι
1956 3419 2012 3472 ln
2052 3434 2160 3472 uno
2206 3415 2450 3474 alterove
2481 3434 2581 3473 ms.
2634 3417 2975 3472 consonantia
3003 3431 3022 3469 :
3049 3429 3285 3484 moxque
3312 3415 3426 3469 ele-

2123 3490 2288 3560 pluvii
2333 3489 2463 3558 dies,
2525 3505 2622 3560 pro
2670 3488 2882 3562 pluvias.
2913 3485 3002 3543 Sic
3050 3485 3194 3556 apud
3242 3485 3428 3539 Rhab-

1870 3576 2060 3615 anum.

3025 3713 3411 3733 ——-————-o

1130 3833 1611 3944 LIBER
1700 3832 2018 3942 TER
2039 3831 2210 3940 TI
2215 3831 2428 3942 US.

204 4143 362 4212 (Vers.
393 4146 510 4215 1'5.)
530 4147 696 4218 121
739 4143 891 4197 Venit
921 4152 1094 4196 autent
1119 4141 1274 4194 .Iesus
1307 4142 1364 4194 in
1408 4153 1582 4212 partes
1610 4139 1726 4194 Cte-

154 4251 281 4289 snme
308 4238 566 4311 Philippi.
604 4237 896 4306 Philippus
925 4235 1026 4289 iste
1057 4243 1140 4290 est
1173 4237 1338 4288 lrater
1367 4232 1621 4298 Herodis,
1654 4233 1724 4288 de

152 4342 236 4395 quo
255 4348 402 4401 supra
425 4335 697 4397 diximus,
726 4329 1000 4384 tetrarcha
1016 4328 1228 4383 [turmae
1244 4339 1296 4383 et
1317 4327 1726 4384 Trachonitidis

155 4429 173 4454 ⁸
199 4426 431 4493 regionis,
472 4427 570 4497 qui
606 4426 660 4479 in
704 4424 969 4478 honorem
1011 4420 1214 4476 Tiberii
1258 4419 1489 4475 Caesaris
1533 4419 1720 4476 Caesa-

153 4529 288 4574 ream.
319 4536 436 4589 quae
467 4533 623 4574 nunc
669 4518 882 4572 Paneas
926 4514 1147 4578 dicitur,
1194 4513 1524 4578 construxit,
1568 4522 1623 4569 et
1664 4514 1719 4568 in

158 4607 378 4668 honorem
405 4613 670 4677 Cmsaris,
705 4611 1022 4680 pariterque
1052 4607 1132 4662 sui
1162 4606 1397 4660 nominis
1426 4605 1721 4676 appellavit

1831 4156 1949 4197 eam
1996 4139 2304 4197 Caesaream
2345 4140 2604 4212 Philippi,
2650 4150 2703 4195 et
2734 4149 2818 4196 est
2850 4140 2902 4194 in
2939 4140 3225 4210 provincia
3264 4139 3431 4195 Phre-

1832 4236 2276 4291 niciszimitatus
2320 4236 2588 4290 llerodem
2633 4245 2864 4305 patrem,
2909 4236 3000 4304 qui
3053 4235 3105 4290 in
3158 4234 3428 4290 honorem

1833 4327 2060 4398 Augusti
2094 4325 2327 4382 Caesaris
2369 4328 2664 4397 appellavit
2710 4326 3040 4395 Caesaream,
3098 4342 3222 4398 qua:
3268 4326 3424 4396 prius

1830 4421 1993 4477 turris
2023 4420 2292 4475 Stratonis
2329 4423 2626 4475 vocabatur
2657 4440 2668 4474 :
2702 4431 2757 4475 et
2786 4437 2849 4475 ex
2884 4419 3107 4475 nomine
3147 4419 3271 4472 filiae
3300 4419 3421 4488 ejus

1829 4511 1857 4550 ι’
1883 4511 2148 4567 Juliadem
2180 4522 2330 4566 trans
2358 4511 2652 4567 Jordanem
2681 4512 2974 4568 exstruxit.
3007 4512 3113 4567 lste
3144 4511 3264 4577 [ΑΙ.
3293 4509 3422 4583 ille]

1829 4608 1982 4664 locus
2010 4618 2094 4662 est
2120 4607 2386 4664 Caesareae
2420 4608 2688 4679 Philippi,
2723 4609 2812 4664 ubi
2841 4607 3096 4664 Jordanis
3141 4608 3297 4680 122
3318 4606 3434 4661 ori~

212 4769 466 4842 :Vitiose
500 4773 560 4827 in
593 4770 757 4842 editis
781 4766 934 4821 libris
956 4767 1157 4837 legitur
1185 4767 1238 4820 in
1271 4766 1488 4834 plurali,
1517 4769 1729 4842 Ituran:
1759 4774 1807 4833 D
1833 4770 2166 4842 Bbabbanns
2193 4786 2415 4841 quoque
2438 4770 2834 4842 praetermittit.
2860 4769 2981 4824 Mox
3005 4769 3295 4836 Libiadem,
3329 4786 3431 4840 pro

156 4849 193 4888 et
215 4839 592 4896 Trachonitidis
631 4841 923 4912 regionum,
957 4854 1077 4892 cum
1111 4852 1301 4892 omnes
1330 4853 1487 4912 mss._
1509 4839 1734 4895 codices

155 4915 298 4965 nostri
330 4915 616 4968 retineant
647 4909 982 4979 singularem
1017 4924 1324 4977 numerum,
1368 4919 1414 4962 et
1445 4909 1735 4965 Trachoni-

157 4982 260 5036 ridis
282 4986 532 5054 regionis.
567 4982 784 5037 Deinde
816 4981 980 5034 iidem
1020 4979 1149 5054 editi
1182 4989 1238 5034 et
1268 4980 1513 5035 nonnulli
1547 4999 1738 5054 manu-

154 5054 311 5123 scripti
337 5051 568 5110 codices
588 5061 993 5123 consequenter
1020 5051 1351 5123 adjuugunt;
1383 5054 1468 5119 qui
1493 5054 1542 5106 in
1571 5053 1732 5106 hono-

152 5121 254 5194 remi
282 5125 479 5182 Tiberii
523 5125 772 5184 Ctesaris,
808 5121 1094 5176 Caesaream
1142 5121 1408 5194 Philippi,
1440 5140 1556 5194 quae
1600 5139 1734 5176 nunc

160 5191 333 5249 Patiens
356 5199 558 5251 dicitur
585 5195 904 5266 appellavit;
929 5204 976 5247 et
1008 5203 1106 5258 est,
1130 5205 1234 5266 etc.
1261 5191 1452 5266 Lectio
1475 5193 1732 5266 Codicum

158 5279 271 5322 mss.
302 5263 628 5324 monasterii
654 5263 710 5324 S.
737 5266 978 5321 Andreae
1004 5279 1162 5319 secus
1193 5263 1529 5318 Avcnionein
1562 5265 1736 5335 magis

154 5335 355 5409 placuit,
397 5342 531 5409 quia
575 5337 920 5393 manifestior
965 5336 1122 5409 nobis
1149 5337 1274 5409 _visa
1315 5343 1417 5389 est.
1463 5336 1737 5390 Mam.—

153 5405 330 5462 Contra
362 5405 530 5479 quam
565 5411 618 5463 in
668 5410 786 5464 suis
818 5423 949 5460 mss.
1006 5406 1354 5479 Martianmus
1383 5409 1610 5474 reperit,
1641 5423 1738 5460 no-

152 5479 238 5532 stri
278 5477 473 5536 omnes
525 5481 728 5536 habent
779 5494 901 5531 cum
957 5477 1168 5546 pridem
1219 5478 1450 5540 vulgatis
1503 5479 1734 5545 plurium

154 5562 383 5624 nuero,
415 5555 692 5624 regionum
720 5566 739 5605 :
767 5563 1004 5624 mguque
1039 5555 1169 5624 ‘trcs
1218 5547 1458 5624 Palatini
1502 5564 1622 5600 cum

151 5622 446 5690 stcrciensi,
479 5617 780 5678 tartaream
813 5618 1071 5687 Philippi,
1106 5635 1220 5689 qua!
1244 5635 1383 5671 nunc
1419 5617 1622 5671 Paneas
1656 5619 1738 5671 di-

152 5692 290 5758 citur,
313 5697 632 5768 appellavit,
665 5701 803 5747 etest
826 5693 880 5768 in
914 5691 1191 5768 provincia
1210 5690 1496 5768 Phaenicis,
1521 5698 1629 5768 etc.
1660 5691 1739 5744 Ac

153 5768 319 5835 nescio
337 5762 408 5821 an
427 5781 695 5835 germana
726 5762 1047 5835 magishrec
1074 5763 1230 5816 lectio
1261 5763 1349 5825 sit,
1382 5778 1504 5832 qua:
1535 5771 1590 5835 et
1615 5763 1738 5835 bre-

154 5833 276 5892 vior.
307 5829 461 5894 Cani
481 5836 752 5894 Palatinis
795 5829 851 5890 et
879 5831 1232 5889 Cisterciensi
1266 5829 1415 5888 mssf
1454 5829 1615 5886 verba
1650 5832 1740 5886 illa

1835 4840 2101 4896 Juliadem
2132 4842 2281 4911 legit.

1913 4913 1938 4950 δ
1980 4913 2084 4966 Pro
2113 4912 2348 4975 Juliade,
2401 4911 2729 4981 exemplaria
2776 4911 3022 4980 quaedam
3063 4911 3435 4981 manuscripta

1840 4983 2078 5037 retinent
2107 4982 2395 5036 Libiadem.
2451 4979 2585 5036 Filia
2619 4999 2752 5038 vero
2786 4979 3010 5051 Augusti
3058 4979 3291 5035 Cmsaris
3325 4998 3433 5037 non

1843 5055 2134 5108 vocabatur
2162 5053 2307 5108 Livia
2338 5056 2453 5108 sive
2480 5052 2627 5107 Libin
2648 5095 2662 5116 ,
2695 5054 2790 5109 sed
2817 5052 2987 5107 Julia.
3018 5051 3174 5108 Unde
3203 5052 3434 5118 conjicio

1844 5139 2033 5180 errore
2060 5127 2458 5193 exscriptorum
2487 5125 2720 5194 positum
2751 5124 2916 5179 fuisse
2947 5139 3142 5178 nomen
3171 5122 3438 5178 Libiadis:

1844 5196 1944 5250 nisi
1979 5195 2116 5250 fcrte
2142 5211 2297 5264 error
2319 5198 2391 5251 sit
2413 5197 2464 5250 in
2493 5211 2628 5251 voce
2653 5197 2796 5261 ﬁlios,
2823 5211 2920 5261 pro
2944 5210 3048 5264 qua
3077 5209 3274 5248 nomen
3299 5209 3434 5246 uxo-

1842 5267 1913 5320 ris
1945 5265 2104 5321 Livia:
2135 5269 2446 5336 ponendum
2481 5276 2630 5323 esset
2663 5285 2676 5320 :
2710 5282 2835 5322 nam
2862 5282 3002 5320 uxor
3032 5266 3431 5336 Augusti,_ma-

1846 5347 1928 5392 ter
1949 5334 2150 5394 Tiberii
2170 5338 2425 5402 Caesaris.
2451 5338 2740 5394 dicebatur
2764 5337 2915 5390 Livia
2940 5352 3036 5391 seu
3065 5335 3231 5390 Libia.
3251 5334 3433 5390 Mur.

1844 5409 2167 5464 —-Credere
2196 5410 2373 5462 malim
2405 5410 2474 5464 ab
2501 5409 2736 5476 antiquis
2766 5407 3192 5461 amanuensibus
3224 5405 3432 5460 substi-

1847 5489 2018 5534 tutum
2053 5482 2139 5533 hic
2166 5480 2310 5548 filim,
2347 5495 2444 5547 pro
2473 5480 2672 5547 uxoris,
2698 5478 2839 5542 quod
2873 5493 2990 5530 eam
3021 5477 3292 5532 civitatem
3319 5493 3430 5530 non

1847 5550 2064 5604 aliunde
2092 5547 2351 5618 appellari
2402 5550 2644 5619 potuisse
2681 5547 2973 5619 Juliadem,
3021 5563 3180 5618 quam
3219 5565 3247 5600 a
3289 5548 3432 5619 Julia

1847 5621 2076 5690 Augusti
2131 5622 2236 5673 lilia
2284 5617 2486 5676 fuerint
2536 5619 2804 5673 arbitrati.
2857 5617 3051 5690 Neque
3076 5617 3440 5690 eniinpotuit

1847 5688 2511 5764 ignorare_ﬂieronymtts,
2543 5689 2754 5744 nomini
2786 5689 2995 5764 uxoris,
3028 5703 3134 5764 non
3168 5688 3435 5764 filiazAu-

1845 5760 1988 5832 gusti
2019 5760 2568 5824 dedicatam'urbem.
2603 5776 2725 5816 cum
2777 5772 2832 5816 et
2882 5760 3152 5831 Iosephus
3182 5762 3250 5817 de
3285 5761 3439 5832 Bello

1824 5827 1942 5889 'lib.
1993 5850 2054 5901 tt,
2101 5849 2223 5903 cap.
2277 5836 2366 5903 15,
2400 5842 2588 5891 auctor
2617 5833 2706 5901 sit,
2743 5827 3060 5890 aedificatam
3100 5832 3203 5890 sub
3230 5827 3440 5890 Tiberii
