3962 6294
146 277 249 334 117

613 270 1253 329 (ΞΟΜΜΕΝΤΑΒΙΟΒΙΙΜ
1296 269 1363 326 IN
1406 268 1730 330 EVANGEL

1839 273 1860 330 Ι
1899 272 2239 333 ΜΑΤΤΗΑΕΙ
2282 276 2411 332 LIB.
2456 277 2545 333 III.
2587 278 2744 335 CAP.
2795 278 2934 334 XVI.

3320 256 3443 336 “8'

144 389 278 445 nium
319 383 688 457 apostolorum
733 381 1053 455 proﬁtetur:
1077 379 1161 438 Tu
1191 397 1245 438 es
1272 380 1513 439 Christus
1542 380 1716 439 Filius
1742 386 1797 449 Α
1897 384 1965 442 Ει
1993 397 2157 458 portae
2180 386 2338 460 inferi
2358 404 2460 442 non
2490 388 2837 458 praevalebunt
2861 391 3106 446 adversus
3137 407 3274 446 eam.
3306 390 3419 462 Ego

145 486 231 540 Dei
389 480 555 536 Deum
587 477 771 533 vivum
803 478 1061 548 appellat,
1086 478 1154 532 ad
1183 475 1593 533 distinctionem
1623 492 1718 534 eo-

146 591 254 633 rum
295 574 546 640 deorum,
587 571 679 642 qui
720 579 981 642 putantur
1026 571 1129 638 dii,
1161 572 1256 627 sed
1299 573 1500 627 mortui
1538 580 1715 627 sunt:

146 671 437 731 Saturnum,
469 668 681 730 Jovem,
732 665 1026 735 Venerem,
1070 665 1369 723 Minervam
1393 666 1515 740 [AL
1543 665 1712 725 Cere-

145 760 308 834 rem],
332 760 610 825 Liberum,
646 758 956 828 Herculem,
984 767 1040 816 et
1060 766 1260 816 caetera
1292 759 1564 817 idolorum
1593 775 1723 833 por-

148 863 275 912 tenta
302 852 632 925 signiﬁcans.

206 943 380 1018 (Vers.
414 943 534 1015 l7.)
565 942 907 1015 Respondent
925 954 1096 998 autem
1120 941 1299 1011 Iesus,
1325 945 1457 1000 dixit
1484 945 1532 999 ei
1551 961 1567 997 :
1589 945 1721 1000 Bea-

150 1049 222 1093 tus
249 1055 317 1099 es.
343 1036 517 1093 Simon
544 1035 799 1107 Barjona,
833 1038 957 1108 quia
978 1052 1102 1092 caro
1128 1048 1174 1092 et
1194 1038 1410 1110 sanguis
1438 1054 1541 1093 non
1578 1054 1724 1094 reve-

148 1132 261 1185 larit
288 1128 393 1194 tibi,
415 1126 501 1183 sed
530 1127 686 1184 Pater
710 1144 877 1198 meus,
900 1130 990 1200 qui
1018 1131 1071 1183 in
1093 1129 1232 1184 ctelis
1263 1138 1357 1185 est.
1382 1129 1724 1187 Testimouio

147 1223 204 1277 de
228 1236 282 1277 se
309 1220 548 1291 Apostoli
584 1221 767 1277 reddit
795 1224 995 1279 vicem.
1037 1222 1233 1277 Petrus
1261 1220 1480 1279 dixerat
1505 1242 1518 1277 :
1552 1221 1630 1277 Tu
1659 1240 1715 1278 es

149 1312 360 1370 Christus
416 1311 587 1368 Filius
626 1312 731 1367 Dei
766 1315 909 1377 oiri;
976 1315 1284 1369 mercedem
1338 1317 1547 1386 recepit
1593 1330 1727 1373 vera

147 1406 396 1463 confessio
426 1422 443 1461 :
474 1404 666 1460 Beatus
700 1423 776 1475 es,
823 1406 1007 1463 Simon
1039 1404 1296 1479 Barjona.
1330 1407 1553 1477 Quare?
1588 1408 1717 1479 quia

148 1516 239 1556 non
266 1500 521 1555 revelavit
550 1499 647 1555 tibi
676 1515 807 1555 caro
833 1510 888 1556 et
919 1501 1163 1571 sanguis,
1198 1498 1299 1557 sed
1329 1501 1593 1558 revelavit
1621 1502 1725 1557 Pa-

148 1604 235 1651 ter.
258 1593 408 1663 Quod
436 1608 567 1648 caro
595 1601 650 1648 et
679 1594 904 1664 sanguis
940 1593 1187 1650 revelare
1227 1608 1335 1649 non
1367 1596 1566 1665 potuit,
1595 1594 1722 1664 Spi-

148 1690 264 1743 ritus
295 1687 465 1743 ssncti
504 1687 679 1757 gratia
720 1688 1019 1743 revelatum
1064 1697 1167 1743 est.
1210 1688 1352 1759 Ergo
1396 1703 1462 1743 ex
1503 1687 1723 1745 confes-

1827 486 1851 516 ι
1892 486 2073 549 portas
2103 478 2261 535 inferi
2305 490 2435 535 rear
2474 481 2603 535 vitia
2646 491 2808 552 atque
2854 490 3076 552 peccata
3111 480 3235 538 :vel
3266 491 3419 539 certe

1825 570 2210 627 haereticorum
2234 570 2533 638 doctrinas,
2559 588 2655 642 per
2681 588 2819 643 quas
2847 571 3017 628 illecti
3044 572 3296 629 homines
3318 571 3419 628 duo

1824 672 2019 719 cuntur
2063 661 2131 719 ad
2177 670 2464 719 tartarum.
2513 662 2685 720 Nemo
2724 665 2907 736 itaque
2949 674 3101 736 putet
3140 665 3208 720 de
3239 674 3417 722 morte

1824 756 1953 827 dici,
2003 756 2148 829 quod
2196 758 2426 829 apostoli
2467 758 2766 815 conditioni
2799 760 2986 814 mortis
3030 756 3262 831 subjecti
3302 772 3410 814 non

1823 848 2050 915 iuerint,
2079 864 2312 922 quorum
2341 849 2602 919 martyris
2634 848 2816 906 videat
2845 865 3165 907 coruscare.

1895 943 2086 1014 (Vers.
2117 942 2240 1014 l9.)
2282 940 2351 997 Et
2380 944 2515 999 dabo
2553 945 2646 1000 tibi
2679 944 2851 1000 claves
2874 945 3020 1016 regni
3047 944 3313 1001 caelorum.
3348 945 3418 1001 Et

1822 1036 2182 1107 quodcumque
2219 1034 2463 1107 ligaveris
2506 1052 2662 1103 super
2707 1044 2919 1101 terram,
2957 1037 3055 1090 erit
3100 1037 3320 1108 ligatum
3358 1038 3413 1091 in

1823 1126 1963 1183 costis
1994 1145 2012 1181 :
2043 1136 2090 1181 et
2116 1127 2476 1197 quodcumque
2498 1125 2712 1183 solveris
2742 1144 2897 1197 super
2921 1141 3134 1192 terram,
3157 1130 3253 1184 erit
3280 1131 3423 1184 solu-

1825 1230 1936 1275 tum
1961 1221 2015 1274 in
2040 1219 2201 1274 caelis.
2226 1217 2396 1275 istum
2424 1221 2604 1275 locum
2634 1218 2878 1290 episcopi
2899 1230 2950 1276 et
2974 1221 3278 1293 presbyteri
3310 1236 3419 1277 non

1826 1312 2232 1383 intelligentes,
2284 1312 2487 1383 aliquid
2538 1313 2645 1367 sibi
2692 1311 2762 1368 de
2805 1311 3211 1368 Pharisaeorum
3255 1330 3415 1369 assu-

1825 1414 1985 1460 munt
2025 1404 2351 1476 supercilio,
2394 1415 2453 1461 ut
2494 1405 2578 1462 vel
2616 1405 2877 1461 damnent
2926 1406 3282 1473 innocentes,
3335 1408 3421 1464 vel

1825 1500 2046 1557 solvere
2071 1516 2131 1556 se
2156 1500 2348 1558 noxios
2371 1500 2732 1566 arbitrentur;
2757 1516 2878 1556 cum
2901 1500 3043 1570 apud
3067 1501 3238 1556 Deum
3266 1500 3422 1574 125

1826 1608 1935 1648 non
1964 1591 1992 1630 δ
2026 1592 2304 1649 sententia
2346 1591 2718 1656 sacerdotum,
2751 1592 2848 1647 sed
2882 1606 3104 1648 reorum
3135 1592 3246 1647 vita
3276 1610 3425 1664 quae-

1827 1694 1996 1741 ratur.
2046 1682 2303 1756 Legimus
2341 1686 2394 1740 in
2435 1684 2677 1742 Levitico
2705 1683 2865 1757 (Cap.
2897 1687 3025 1757 xtv)
3070 1684 3140 1743 de
3162 1687 3428 1757 leprosis,

148 1782 280 1837 sione
317 1779 544 1835 sortitur
588 1780 939 1848 vocabulum,
993 1779 1139 1849 quod
1197 1780 1592 1836 revelationem
1647 1796 1713 1836 ex
1752 1773 1791 1832 11
1821 1778 1913 1833 ubi
1952 1777 2243 1850 iubentur,
2287 1788 2348 1834 ut
2389 1780 2683 1835 ostendant
2729 1795 2789 1835 se
2830 1780 3231 1848 sacerdotibus,
3276 1788 3333 1837 et
3379 1782 3428 1839 si

147 1872 324 1940 Spiritu
354 1882 544 1927 sancto
588 1872 810 1942 habeat,
860 1872 1020 1942 cujus
1070 1882 1127 1928 et
1173 1871 1320 1928 ﬁlius
1362 1871 1725 1943 appellandus

146 1965 221 2019 sit.
250 1963 523 2035 Siquidem
553 1963 791 2037 Barjona
818 1965 871 2020 in
897 1976 1082 2019 nostra
1117 1962 1302 2035 lingua
1335 1972 1518 2030 sonat,
1557 1964 1719 2039 124

149 2056 271 2124 ﬁlius
306 2057 577 2113 columbae.
620 2058 726 2112 Alii
773 2057 1097 2128 simpliciter
1127 2057 1426 2127 accipiunt,
1460 2060 1605 2129 quod
1637 2060 1725 2116 Si-

147 2166 278 2219 mon,
307 2151 360 2207 id
388 2160 498 2220 est,
529 2150 749 2217 Petrus,
777 2151 849 2207 sit
878 2151 1016 2206 ﬁlius
1045 2149 1294 2217 Joannis,
1314 2150 1478 2221 juxta
1503 2151 1751 2209 alterius

146 2245 238 2299 loci
279 2244 765 2315 interrogationem
806 2262 821 2298 :
862 2245 1046 2300 Simon
1107 2243 1363 2311 Joannis,
1411 2246 1589 2318 diligis
1648 2264 1728 2303 me

151 2335 315 2405 (loan.
344 2352 459 2400 nt,
490 2336 633 2407 ιδῃ
661 2335 767 2402 Qui
792 2336 1113 2406 respondit:
1138 2333 1390 2402 Domine,
1416 2345 1471 2390 tu
1502 2338 1623 2391 scis.
1658 2337 1730 2394 Et

148 2430 314 2483 volunt
351 2428 707 2499 Scriptorum
756 2427 891 2484 vitio
935 2428 1314 2498 depravatum,
1366 2438 1425 2483 ut
1472 2445 1573 2499 pro
1623 2428 1730 2484 Bar

150 2516 352 2583 Joannis,
376 2518 483 2573 hoc
511 2526 618 2583 est,
644 2518 789 2586 filius
806 2516 1055 2584 Joannis,
1084 2517 1319 2589 Bariona
1342 2519 1606 2590 scriptum
1633 2522 1726 2588 sit,

153 2628 237 2666 una
273 2612 517 2667 detracta
552 2611 785 2683 syllaba.
832 2610 1041 2666 Joanna
1080 2620 1260 2668 autem
1302 2612 1690 2684 intetpretatur
1712 2654 1728 2681 ,

154 2703 338 2758 Domini
363 2705 560 2775 gratia.
607 2703 914 2775 Utrumque
938 2713 1122 2760 autem
1163 2719 1362 2759 nomen
1386 2705 1615 2775 mystice
1639 2704 1727 2760 iu-

155 2798 295 2869 telligi
334 2806 540 2868 potest,
570 2796 717 2867 quod
751 2805 807 2853 et
831 2796 1108 2865 columba,
1143 2796 1407 2868 Spiritum
1439 2808 1727 2865 sanctum;

155 2898 199 2944 et
212 2890 371 2959 gratia
395 2889 520 2950 Dei,
552 2888 759 2943 donum
791 2888 1064 2960 signiﬁcet
1093 2888 1400 2961 Spirituale.
1427 2889 1565 2945 Illud
1596 2905 1731 2961 quo-

155 2997 241 3050 que
265 2981 402 3052 quod
426 2980 507 3035 ait
534 2998 547 3033 :
575 2978 715 3048 Quia
737 2996 860 3035 caro
882 2991 930 3033 et
956 2980 1171 3052 sanguis
1205 2997 1311 3034 non
1337 2981 1586 3036 reoelavil
1613 2980 1728 3053 tibi,

155 3074 455 3145 Apostolica:
483 3075 792 3131 narrationi
825 3083 1199 3145 comparatur,
1225 3077 1282 3129 in
1311 3091 1414 3145 qua
1447 3075 1559 3131 ait:
1589 3073 1725 3131 Con-

156 3168 276 3221 tinuo
314 3185 412 3222 non
438 3167 682 3238 acquievi
729 3167 877 3220 carni
904 3175 953 3221 et
994 3167 1239 3237 sanguini
1265 3166 1477 3237 (Colat.
1502 3184 1542 3234 ι,
1590 3165 1729 3241 16),
1759 3145 1805 3209 C

154 3273 347 3314 carnem
378 3260 451 3316 ibi
478 3266 542 3315 et
565 3259 910 3330 sanguinem,
940 3258 1160 3314 Judaeos
1187 3258 1531 3329 signiﬁcans,
1560 3266 1618 3313 ut
1645 3259 1732 3316 hic

152 3366 342 3421 quoque
382 3348 491 3406 sub
536 3350 646 3405 alio
686 3365 851 3405 sensu
879 3350 1309 3417 demonstretur,
1357 3350 1503 3423 quod
1534 3352 1584 3406 ei
1624 3367 1730 3408 non

154 3454 237 3510 per
274 3440 578 3497 doctrinam
623 3441 1048 3509 Pharisaeorum,
1095 3441 1192 3498 sed
1231 3457 1329 3514 per
1358 3442 1460 3500 Dci
1500 3443 1730 3515 gratiam

161 3532 383 3590 Christus
408 3534 509 3591 Dei
541 3533 716 3590 Filius
745 3537 1018 3591 revelatus
1044 3537 1133 3591 sit.

218 3625 396 3691 (Vera.
426 3625 568 3698 18.)
606 3625 676 3679 Ει
699 3642 795 3698 ego
818 3628 931 3681 dico
972 3628 1082 3682 tibi.
1138 3627 1279 3697 Quid
1311 3637 1397 3684 est
1424 3629 1569 3699 quod
1610 3631 1688 3684 ait
1717 3649 1730 3685 :

159 3715 213 3770 Et
235 3734 318 3789 ego
338 3720 452 3775 dico
477 3717 617 3774 tibi?
642 3718 782 3788 Quia
816 3730 871 3774 tu
904 3718 1036 3775 mihi
1060 3720 1248 3776 dixisti
1281 3741 1295 3776 :
1322 3720 1402 3775 Tu
1424 3738 1476 3776 es
1496 3721 1734 3778 Christus

159 3807 306 3865 Filias
335 3811 430 3867 Dei
456 3812 563 3867 eiei
591 3826 612 3867 :
637 3820 685 3867 et
708 3829 802 3886 ego
828 3811 945 3867 dico
989 3814 1099 3881 tibi,
1133 3829 1238 3869 non
1266 3827 1520 3870 sermone
1549 3827 1731 3881 casso,

157 3912 201 3958 et
236 3905 431 3961 nullum
461 3905 713 3961 habente
742 3920 903 3977 opus,
942 3905 1037 3961 sed
1073 3906 1195 3961 dico
1220 3905 1318 3961 tibi
1348 3924 1359 3960 :
1391 3907 1516 3977 quia
1548 3921 1732 3963 meum

157 3993 352 4066 dixisse,
370 3996 579 4054 iecisse
601 4006 707 4053 est.

215 4088 340 4155 Quia
367 4100 422 4144 tu
449 4106 509 4145 es
555 4086 771 4159 Petrus,
816 4096 861 4143 et
897 4104 1052 4164 super
1077 4089 1212 4145 hanc
1246 4100 1446 4159 petram
1468 4090 1735 4162 adi/icabo

159 4180 413 4240 Ecclesium
434 4200 636 4240 meam.
664 4183 821 4241 Sicut
838 4184 954 4255 ipse
979 4184 1162 4241 lumen
1186 4184 1450 4256 apostolis
1488 4182 1733 4253 donavit,

160 4284 207 4330 ut
238 4278 408 4336 lumen
445 4279 646 4337 mundi
692 4280 1125 4351 appellarentur,
1175 4291 1485 4352 cmteraqtte
1517 4298 1587 4337 ex
1633 4280 1738 4338 Do-

162 4372 286 4427 mino
310 4375 491 4430 sortiti
532 4381 666 4429 sunt
696 4374 960 4429 vocabula
991 4392 1005 4427 :
1037 4375 1114 4430 ita
1146 4381 1203 4430 et
1226 4372 1461 4443 Simoni,
1492 4377 1583 4447 qui
1616 4391 1739 4433 cre-

162 4461 297 4521 debat
318 4466 369 4522 in
397 4476 622 4539 petram
644 4466 945 4535 Christum,
976 4466 1126 4523 Petri
1156 4469 1383 4537 largitus
1400 4479 1485 4523 est
1515 4484 1733 4524 nomen.

1835 1874 2043 1944 lepram
2071 1872 2387 1940 habuerint,
2423 1884 2550 1929 tunc
2579 1889 2610 1927 a
2650 1873 2937 1930 sacerdote
2966 1873 3233 1931 immundi
3263 1878 3430 1931 liant:

1833 1981 1945 2021 non
1973 1981 2081 2037 quo
2113 1963 2429 2021 sacerdotes
2458 1967 2707 2037 leprosos
2740 1964 2944 2022 faciant
2983 1974 3040 2022 et
3078 1964 3424 2033 immundos;

1833 2059 1930 2115 sed
1960 2073 2069 2130 quo
2098 2056 2336 2114 habeant
2373 2057 2620 2114 notitiam
2665 2056 2890 2128 leprosi,
2939 2067 2997 2114 et.
3034 2074 3142 2113 non
3183 2060 3426 2130 leprosi,

1833 2161 1888 2207 ct
1918 2152 2128 2222 possint
2165 2148 2483 2208 discernere
2514 2155 2605 2223 qui
2638 2150 2893 2221 mundus,
2924 2153 3088 2224 quive
3111 2152 3430 2210 immundus

1833 2244 1924 2300 sit.
1956 2243 2239 2312 Quomodo
2267 2259 2399 2315 ergo
2445 2242 2518 2300 ibi
2568 2246 2844 2316 leprosum
2874 2247 3132 2302 sacerdos
3162 2248 3427 2302 mundum

1832 2338 1918 2394 vel
1962 2338 2301 2394 immundum
2351 2338 2476 2395 facit
2509 2357 2521 2393 :
2551 2338 2630 2394 sic
2679 2348 2735 2394 et
2780 2338 2870 2394 hic
2898 2339 3104 2411 alligat,
3138 2340 3224 2395 vel
3263 2339 3427 2394 solvit

1833 2432 2122 2503 episc0pus
2149 2442 2206 2488 et
2241 2432 2549 2504 presbyter,
2598 2448 2708 2488 non
2741 2448 2835 2489 eos
2868 2434 2962 2505 qui
3001 2434 3244 2489 insontes
3278 2446 3428 2503 sunt,

1834 2524 1921 2579 vel
1952 2524 2127 2589 noxii;
2156 2522 2255 2580 sed
2283 2539 2383 2596 pro
2409 2522 2595 2579 ol‘ticio
2622 2540 2742 2590 suo,
2786 2541 2907 2581 eum
2950 2535 3300 2596 peccatorum
3330 2544 3429 2582 au-

1833 2615 1997 2671 dierit
2046 2616 2354 2685 varietates,
2406 2614 2512 2671 scit
2558 2615 2649 2685 qui
2694 2615 2942 2686 ligandus
2993 2613 3086 2682 sit,
3118 2617 3281 2687 quive
3310 2616 3427 2671 sol-

1834 2709 2063 2767 rendus.

1906 2800 2088 2871 (Vers.
2118 2799 2238 2871 20.)
2276 2799 2424 2855 Tunc
2450 2802 2696 2873 praecepit
2718 2800 2987 2873 discipulis
3017 2802 3123 2856 suis
3154 2812 3209 2856 ut
3238 2802 3430 2857 nemini

1835 2890 2078 2957 dicerent,
2109 2892 2234 2961 quia
2259 2890 2369 2960 ipse
2390 2901 2519 2946 esset
2537 2886 2688 2945 Iesus
2714 2890 2971 2947 Christus.
2998 2890 3176 2961 Supra
3203 2892 3432 2947 mittens

1836 2980 2142 3053 discipulos
2172 2980 2240 3036 ad
2270 2979 2675 3052 praedicandum
2699 3027 2713 3051 ,
2740 2982 2977 3053 iusserat
3005 2982 3087 3038 eis
3115 2992 3176 3038 ut
3212 2998 3434 3038 annun-

1847 3075 2046 3131 tiarent
2072 3075 2367 3131 adventum
2395 3088 2551 3130 suum
2587 3092 2599 3129 :
2633 3075 2721 3129 hic
2752 3074 3029 3146 praecepit,
3055 3090 3124 3130 ne
3152 3089 3214 3131 se
3245 3073 3432 3130 dicant

1837 3184 1957 3224 esse
1989 3167 2174 3225 Jesum
2202 3166 2500 3222 Christum.
2534 3164 2661 3222 hlibi
2689 3165 2903 3223 videtur
2928 3164 3071 3221 aliud
3103 3182 3225 3223 esse
3249 3164 3416 3222 Chri-

1837 3270 1980 3317 stum
2022 3257 2333 3331 praedicare,
2392 3259 2535 3315 aliud
2586 3258 2774 3316 Jesum
2826 3256 3126 3316 Christum.
3174 3259 3429 3317 Christus

1836 3368 2121 3410 commune
2135 3351 2410 3423 dignitatis
2432 3360 2513 3408 est
2538 3366 2734 3407 nomen
2760 3370 2773 3406 :
2796 3350 2953 3407 Jcsus
2974 3351 3252 3421 proprium
3272 3366 3433 3406 voca-

1839 3444 2022 3502 bulum
2048 3444 2367 3501 Salvatoris.
2390 3443 2577 3500 Potest
2599 3452 2779 3498 autem
2812 3441 2927 3499 ﬁeri
2946 3488 2960 3511 ,
2990 3452 3051 3497 ut.
3077 3440 3282 3498 idcirco
3310 3452 3436 3499 ante

1836 3538 2152 3608 passionem
2182 3545 2237 3591 et
2262 3536 2720 3592 resurrectionem
2745 3550 2805 3590 se
2842 3534 3082 3589 noluerit
3112 3530 3437 3605 praedicari;

1838 3642 1897 3688 ut
1922 3631 2196 3701 completo
2227 3638 2417 3701 postea
2449 3627 2731 3698 sanguinis
2757 3636 3100 3683 sacramento
3122 3672 3136 3696 ,
3171 3636 3435 3698 opportu-

1838 3725 1958 3778 nius
1988 3721 2250 3793 apostolis
2281 3722 2488 3778 diceret
2533 3740 2545 3775 :
2585 3719 2783 3775 Euntes
2820 3720 2996 3776 docete
3049 3737 3223 3776 omnes
3260 3732 3436 3792 gentes

1839 3814 2057 3890 (Matth.
2108 3814 2204 3869 ull.
2247 3815 2367 3884 19),
2406 3825 2512 3870 etc.
2561 3812 2816 3881 Quodne
2865 3812 2990 3882 quis
3038 3818 3189 3883 putet
3230 3822 3434 3870 nostra:

1839 3915 2047 3962 tantum
2089 3921 2212 3962 esse
2256 3903 2669 3977 intelligentiae,
2719 3914 2915 3959 etnon
2958 3919 3155 3959 sensus
3187 3904 3432 3977 Evange-

1839 4000 1949 4069 lici,
1981 4015 2103 4073 quae
2132 4008 2452 4070 sequuntur,
2485 4013 2677 4054 causas
2703 3996 2994 4069 prohibitus
3017 4006 3144 4053 tunc
3171 3998 3437 4069 praedica-

1841 4093 2003 4149 tionis
2031 4099 2332 4163 exponunt.

1911 4184 2093 4256 (Vers.
2115 4180 2235 4255 21.)
2276 4180 2483 4238 Exinde
2504 4182 2653 4254 erepit
2684 4180 2839 4237 Iesus
2871 4183 3143 4238 ostendere
3167 4185 3440 4256 discipulis

1836 4280 1967 4346 suis,
2008 4281 2129 4350 quia
2176 4287 2430 4349 oporteret
2480 4293 2598 4332 eum
2636 4276 2712 4331 ire
2747 4274 3155 4349 Jerosolgmam,
3189 4287 3236 4331 et
3270 4276 3433 4333 nmlta

1840 4372 1947 4445 pati
1989 4389 2023 4426 a
2046 4370 2332 4427 senioribus
2357 4379 2405 4422 et
2431 4368 2697 4432 scribis,et
2727 4368 3043 4439 principibus
3072 4369 3430 4436 sacerdotum,

1840 4475 1887 4520 et
1908 4464 2096 4530 occidi,
2126 4472 2173 4517 et
2199 4463 2356 4516 tertia
2374 4462 2457 4516 die
2482 4475 2768 4533 resurgere.
2806 4461 2872 4515 Et
2895 4472 2982 4516 est
3014 4476 3209 4518 sensus
3241 4479 3255 4517 :
3284 4462 3441 4519 Tunc

162 4562 219 4616 At
237 4564 539 4622 secundum
570 4564 953 4635 metaphoram
981 4574 1177 4634 petrae,
1219 4573 1370 4620 recte
1416 4563 1615 4619 dicitur
1637 4564 1687 4620 ei
1716 4579 1731 4618 :
1761 4543 1813 4603 Ῑ)
1840 4572 1927 4612 me
1960 4554 2273 4625 praedicate,
2304 4569 2425 4608 cum
2457 4552 2559 4609 ista
2583 4566 2775 4624 passus
2798 4551 2979 4622 fuero,
3012 4555 3137 4625 quia
3167 4566 3274 4610 non
3304 4572 3435 4626 proo

161 4649 431 4727 ﬁdi/habe
461 4656 765 4714 Ecclesiam
785 4670 954 4710 meam
974 4670 1131 4729 super
1159 4665 1229 4711 te.

222 4850 245 4878 ⁸
277 4842 423 4900 lianc
472 4858 549 4900 ex
600 4842 843 4913 Origene
904 4841 1219 4914 allegoriam
1276 4849 1561 4896 mutuatus
1592 4845 1725 4914 (est,

165 4928 299 4983 quam
326 4927 381 4971 et
410 4916 466 4970 in
502 4914 663 4968 Isaia:
701 4908 1126 4970 Commentariis
1162 4914 1256 4967 lib.
1292 4926 1385 4967 \‘ttt
1426 4912 1621 4980 repetit
1668 4908 1726 4983 S.

164 4980 337 5040 Pater:
362 4985 429 5042 Et
448 4986 718 5055 quomodo
745 4996 921 5053 portas
947 4985 1124 5055 mortis
1148 5000 1263 5038 reor
1283 4999 1393 5037 esse
1413 4989 1643 5055 peccata,
1670 4980 1735 5055 de

164 5055 320 5180 ῖιίὸω
344 5058 413 5113 σά
439 5052 667 5114 Petrum
692 5052 882 5110 dicitur
905 5069 924 5108 :
956 5054 1137 5109 Porta:
1162 5055 1315 5126 inferi
1346 5052 1447 5107 non
1486 5052 1734 5124 pnevale-

193 5138 271 5180 stu
294 5131 567 5180 aduersum
588 5138 642 5180 te
660 5143 679 5180 :
706 5128 782 5180 sic
810 5134 984 5180 vortas
1009 5127 1228 5180 iustitia
1251 5126 1425 5179 omnia
1445 5139 1606 5180 onera
1632 5123 1734 5177 vir-

193 5138 271 5182 atu
294 5131 567 5185 adversum
588 5138 679 5184 te:
706 5128 782 5181 sic
810 5134 984 5197 portas
1001 5123 1228 5199 justitite
1251 5126 1425 5179 omnia
1445 5123 1606 5192 opera
1632 5123 1736 5177 vir-

168 5205 332 5257 tutum.
358 5208 467 5257 etc.

226 5240 586 5343 r'll’ri'g‘enes,
644 5283 713 5325 ex
752 5268 955 5343 (Latina
1020 5268 1199 5343 lluetii
1255 5264 1735 5343 interpretatione,

173 5335 407 5407 Quoniam
436 5351 637 5407 autem,
669 5342 759 5410 qui
790 5339 1117 5408 episcopatus
1140 5337 1307 5393 locum
1334 5336 1622 5410 vindicant,
1655 5335 1742 5388 di-

170 5419 291 5466 ctum
310 5414 402 5468 hoc
422 5407 714 5482 usurpant,
742 5413 873 5466 sicut
908 5407 1126 5482 Petrus,
1165 5419 1209 5463 et
1240 5410 1466 5477 acceptis
1490 5425 1523 5460 a
1555 5407 1744 5482 Serva-

174 5491 265 5538 tore
301 5485 530 5540 claribus
553 5478 702 5555 regni
731 5483 1000 5555 erelorum,
1044 5481 1227 5555 docent
1251 5496 1314 5534 ea
1336 5519 1353 5547 ,
1381 5494 1558 5555 quieo
1597 5478 1743 5555 seli-

174 5566 275 5623 μισ
298 5567 435 5618 sunt,
462 5555 563 5610 hoc
591 5549 687 5619 est,
721 5553 1083 5618 condemnata,
1112 5551 1271 5623 ligata
1295 5567 1405 5623 esse
1424 5559 1472 5604 et
1492 5551 1545 5602 in
1570 5549 1706 5602 cretis
1724 5563 1744 5603 :

176 5622 598 5693 pronuntiandum
628 5632 739 5691 est,
769 5635 904 5679 recte
928 5624 1049 5678 illos
1072 5622 1273 5689 dicere,
1304 5624 1348 5675 si
1380 5622 1570 5691 factum
1586 5624 1745 5693 etiam

182 5690 449 5769 habuerint,
484 5704 696 5769 propter
719 5690 861 5766 quod
889 5693 1044 5750 Petro
1071 5690 1513 5769 huicdictumne‘st
1543 5708 1563 5745 :
1585 5690 1746 5769 Tues

185 5764 385 5837 Petrus;
408 5760 552 5825 tia-si
584 5760 719 5825 tales
734 5760 868 5827 sunt
887 5810 903 5836 ,
936 5773 990 5820 ut
1021 5781 1173 5841 super
1192 5763 1312 5821 illos
1340 5762 1624 5835 a'diﬁcetur
1648 5760 1748 5816 Ec-

1842 4651 1962 4707 dest
1984 4648 2267 4705 Christum
2298 4646 2515 4719 publice
2544 4648 2870 4720 praedicare,
2901 4659 2959 4705 et
2989 4649 3110 4719 ejus
3129 4651 3358 4723 vulgare
3388 4652 3442 4706 in

1835 4835 1995 4891 clesia
2019 4851 2051 4888 a
2069 4831 2296 4898 Christo,
2326 4837 2372 4884 et
2393 4831 2464 4883 ad
2482 4830 2600 4884 illos
2618 4834 2741 4902 jure
2762 4831 2817 4884 id
2844 4830 3025 4902 referri
3051 4832 3227 4899 possit.
3263 4828 3445 4887 Porta!

1838 4916 2006 4961 autem
2036 4903 2191 4975 inferi
2232 4902 2511 4975 praeualere
2531 4901 2868 4975 pandebant
2909 4901 3150 4975 adversus
3192 4916 3309 4953 eum
3344 4902 3438 4972 qui

1841 4979 2005 5049 ligare
2030 4970 2139 5028 uult
2183 4970 2241 5027 et
2278 4972 2490 5049 soluere.
2520 4970 2673 5049 Quod
2723 4972 2764 5025 si
2811 4970 3030 5049 funibus
3080 4970 3433 5049 peccaIQt-um

1843 5041 2062 5105 suorum
2085 5043 2501 5111 constringitur,
2533 5046 2729 5113 [rustra
2758 5051 2808 5095 et
2842 5042 2966 5113 ligat
2988 5051 3036 5095 et
3058 5041 3227 5096 solvit.
3260 5042 3433 5109 Quam

1844 5134 1976 5173 sane
2004 5115 2367 5187 periculosam
2390 5113 3037 5187 falsamquesenteutiam
3071 5113 3434 5187 Hieronymus

1849 5191 1906 5245 in
1938 5183 2281 5243 commodum
2323 5199 2542 5240 sensum
2575 5183 2758 5252 traxit,
2801 5185 3137 5254 mutavitque
3179 5183 3435 5239 eruditis-

1852 5262 1989 5317 sime
2022 5260 2073 5313 in
2104 5272 2307 5313 veram.
2355 5256 2453 5312 Ille
2486 5257 2861 5311 ministrorum
2907 5256 3164 5311 Ecclesize
3204 5263 3445 5325 potesta-

1851 5343 1958 5388 tem
1990 5344 2055 5385 ex
2086 5343 2274 5385 eorum
2325 5327 2565 5396 pendere
2591 5327 2813 5383 volebat
2844 5328 3155 5396 integritate
3186 5324 3337 5395 :qua
3366 5324 3437 5382 de

1849 5420 1909 5458 re
1952 5401 2147 5457 merito
2178 5416 2205 5451 a
2237 5395 2411 5453 doctis
2438 5399 2568 5453 viris
2598 5396 3019 5465 reprehenditur
3046 5413 3061 5450 :
3096 5395 3183 5450 hic
3208 5436 3222 5453 .
3255 5410 3321 5450 ne
3352 5410 3442 5448 sa-

1850 5475 2101 5531 cerdotes
2133 5470 2239 5526 sibi
2286 5469 2508 5523 nimium
2561 5469 2628 5523 de
2656 5472 2981 5524 auctoritate
3019 5465 3431 5531 eblandiantur,

1850 5559 2021 5617 eaque
2070 5544 2649 5617 abutantur_temere,
2700 5540 2868 5609 magis
2915 5537 3023 5617 ait,
3074 5537 3216 5606 apud
3267 5536 3437 5617 Deum

1850 5606 2019 5686 quaeri
2076 5627 2292 5671 reorum
2345 5612 2509 5667 vitam
2541 5655 2555 5677 ,
2612 5606 3169 5681 quam'sacerdotum
3224 5615 3443 5665 senten-

1852 5689 2004 5743 tiam.
