3966 6302
514 214 618 269 119

1749 216 1809 274 8.
1855 217 2125 275 EUSEBII
2168 217 2545 276 HIERONYMI

3702 226 3821 283 1ἳο

513 329 733 400 populis
779 333 1120 403 majestatem
1143 374 1157 398 ,
1204 348 1365 405 quem
1403 342 1525 404 post
1554 332 1831 403 paululum
1866 332 2107 405 ﬂagella-
2131 334 2183 397 Α
2209 336 2332 407 quia
2355 352 2460 390 non
2482 337 2624 406 sapis
2660 353 2723 392 ea
2744 352 2861 407 qua:
2886 337 2986 393 Dei
3031 349 3175 407 sunt,
3221 341 3313 396 sed
3354 356 3466 412 qua:
3508 342 3815 399 hominum.

516 431 630 477 tum
658 422 831 479 visuri
860 425 970 479 sint
1000 432 1059 481 et
1083 424 1407 481 crucifixum
1425 470 1440 494 ,
1481 426 1641 497 126
1664 433 1721 480 et
1748 424 1913 480 multa
1941 427 2045 495 pati
2077 440 2108 481 a

512 515 848 586 senioribus,
881 524 939 573 et
978 517 1199 585 scribis,
1244 525 1302 572 et
1346 518 1684 588 principibus
1732 516 2103 573 sacerdotum.

515 606 585 663 Et
614 624 756 664 nunc
780 608 936 664 Jesus
965 609 1135 665 multa
1170 611 1375 679 patitur
1404 611 1473 667 ab
1496 608 1603 679 his,
1634 611 1726 681 qui
1753 625 1969 665 rursum
2002 610 2107 667 sibi

2211 427 2346 483 Meae
2376 428 2669 484 voluntatis
2699 437 2803 497 est,
2831 440 2886 486 et
2915 430 3094 487 Patris
3123 430 3310 507 (cuius
3343 433 3464 489 veni
3494 433 3675 492 facere
3707 451 3820 493 vo-

2212 522 2474 579 luntatem
2507 522 2691 597 (Joan.
2725 524 2808 595 vr)
2839 533 2898 581 ut
2928 543 3027 595 pro
3049 526 3332 583 hominum
3365 528 3539 586 salute
3568 530 3815 597 moriar,

2212 622 2269 670 tu
2301 623 2451 670 tuam
2491 624 2701 671 tantum
2752 618 3105 675 considerans
3146 621 3512 688 voluntatem,
3566 637 3673 678 nou
3726 624 3826 679 vis

513 701 836 772 cruciﬁgunt
862 700 1059 756 Filium
1088 702 1188 759 Dei
1228 702 1416 775 (Hebr.
1448 702 1526 774 vi)
1575 722 1586 758 :
1628 714 1681 759 et
1710 718 1835 760 cum
1863 705 2109 760 seniores
2209 720 2441 777 granum
2473 707 2636 763 tritici
2680 710 2734 764 in
2767 717 2967 765 terram
2999 710 3199 768 cadere
3221 753 3236 777 ,
3264 722 3324 768 ut
3355 712 3558 769 multos
3599 713 3826 769 fructus

508 802 768 861 putentur
800 793 853 847 in
887 793 1151 860 Ecclesia,
1182 803 1238 849 et
1268 794 1546 866 principes
1567 794 1942 860 sacerdotum,
1976 795 2107 850 sim-

510 884 708 955 plicem
739 895 1033 956 sequentes
1065 886 1328 955 litteram,
1356 887 1612 943 occidunt
1638 886 1838 943 Filium
1867 888 1983 956 Dei,
2013 888 2107 958 qui

512 986 657 1033 totus
687 980 919 1034 sentitur
951 980 1004 1035 in
1037 980 1256 1050 spiritu.

579 1069 763 1141 (Vers.
794 1070 885 1137 22,
915 1071 1036 1137 25.)
1066 1070 1137 1126 Et
1158 1088 1427 1127 assumens
1446 1088 1563 1126 eum
1601 1071 1808 1138 Petrus,
1840 1074 1987 1144 coepit
2028 1074 2109 1126 in-

505 1181 720 1236 crepare
746 1165 918 1230 illum,
943 1167 1120 1221 dicens
1139 1182 1159 1221 :
1181 1167 1327 1221 Absit
1346 1183 1379 1220 a
1407 1177 1474 1231 te,
1498 1165 1731 1233 Domine,
1764 1183 1869 1220 non
1895 1166 1993 1220 erit
2016 1166 2108 1221 tibi

502 1257 621 1311 hoc.
658 1256 761 1323 Qui
804 1273 1077 1312 conversus
1106 1258 1238 1312 dixit
1273 1257 1431 1313 Petro
1465 1274 1480 1311 :
1521 1256 1662 1311 Vade
1696 1267 1810 1327 post
1850 1273 1930 1310 me
1956 1298 1971 1322 ,
2002 1256 2103 1313 Sa-

504 1358 651 1417 tana,
679 1347 987 1403 scandalum
1031 1365 1082 1403 es
1115 1348 1241 1403 mihi
1272 1364 1292 1404 :
1331 1350 1453 1420 quia
1477 1365 1579 1403 non
1614 1349 1752 1420 sapis
1780 1364 1840 1401 ea
1867 1363 1982 1420 qua:
2009 1346 2107 1402 Dei

499 1450 619 1496 sunt
639 1485 654 1509 ,
701 1443 792 1495 sed
821 1457 882 1495 ea
911 1456 1027 1511 qute
1058 1440 1347 1495 hominum.
1382 1440 1541 1511 Srcpe
1565 1440 1803 1495 diximus
1836 1440 1987 1494 nimii
2018 1455 2107 1494 ar-

508 1533 658 1589 doris
687 1535 1000 1604 amorisque
1028 1549 1190 1605 quam
1224 1534 1445 1589 maximi
1472 1534 1637 1588 fuisse
1660 1532 1881 1588 Petrum
1916 1533 1969 1586 in
1999 1532 2105 1587 Do-

511 1626 720 1683 minum
766 1626 1134 1684 Salvatorem.
1178 1628 1315 1696 Quia
1367 1643 1497 1699 ergo
1544 1637 1667 1698 post
1704 1626 2105 1683 confessionem

2212 796 2400 854 afferat
2426 798 2612 872 (Joan.
2644 802 2768 873 xu).
2798 801 3046 858 Prudens
3071 804 3244 860 lector
3273 805 3512 875 inquirat
3535 806 3826 875 quomodo

2210 901 2336 962 post
2364 903 2566 948 tantam
2614 892 3006 951 beatitudinem
3060 914 3073 949 :
3126 895 3319 951 Beatus
3343 914 3431 965 es,
3461 897 3646 954 Simon
3668 897 3826 954 Bar-

2204 983 2376 1054 jona;
2419 995 2472 1040 et
2503 1002 2517 1038 :
2551 983 2632 1039 Tu
2652 1001 2704 1040 es
2735 985 2961 1054 Petrus;
2989 998 3035 1043 et
3065 1006 3218 1059 super
3246 989 3381 1044 hanc
3416 1001 3613 1061 petram
3642 993 3829 1063 aediﬁ-

2211 1073 2336 1127 cabo
2365 1072 2657 1130 Ecclesiam
2709 1094 2910 1145 meam;
2959 1091 3007 1133 et
3034 1092 3198 1152 portae
3227 1082 3386 1152 inferi
3424 1099 3528 1138 non
3553 1085 3828 1155 prmvale-

2212 1165 2337 1219 bunt
2367 1167 2614 1222 adversus
2655 1185 2804 1235 eam;
2849 1180 2944 1225 et:
2980 1170 3095 1227 Tibi
3120 1172 3255 1229 dabo
3283 1174 3452 1229 claves
3481 1176 3631 1249 regni
3654 1177 3829 1232 caelo-

2207 1274 2361 1325 rum;
2391 1269 2447 1313 et
2481 1276 2494 1313 :
2527 1259 2680 1326 Quod
2707 1260 2953 1334 ligaveris
2973 1265 3050 1319 vel
3070 1266 3283 1321 solveris
3301 1283 3457 1338 super
3478 1278 3690 1335 terram,
3713 1271 3830 1324 erit

2211 1350 2429 1423 ligatum
2450 1353 2528 1406 vel
2548 1354 2777 1409 solutum
2805 1356 2857 1410 in
2882 1357 3008 1411 caelo
3024 1372 3045 1422 ;
3072 1374 3215 1414 nunc
3243 1358 3428 1414 audiat
3457 1378 3469 1414 :
3503 1360 3648 1416 Vade
3668 1372 3830 1417 retro

2209 1459 2309 1508 mc,
2336 1441 2564 1512 Satana,
2595 1447 2901 1503 scandalum
2923 1448 3053 1504 mihi
3073 1452 3170 1506 es?
3199 1450 3307 1507 Aut
3332 1467 3455 1523 quae
3481 1453 3553 1507 sit
3583 1465 3692 1508 tam
3728 1471 3833 1510 re-

2211 1536 2431 1605 pentina
2462 1540 2749 1595 conversio
2770 1582 2786 1607 ,
2821 1551 2879 1595 ut
2912 1551 3039 1611 post
3092 1553 3242 1599 tanta
3284 1546 3503 1615 praemia
3534 1589 3549 1614 ,
3576 1547 3833 1604 Satanas

2209 1629 2551 1700 appelletur?
2602 1631 2711 1687 Sed
2756 1629 2783 1669 ἀ
2833 1634 2879 1688 si
2933 1634 3249 1691 consideret
3289 1638 3380 1707 qui
3431 1637 3536 1693 hoc
3587 1641 3830 1710 quaerit,

505 1736 659 1776 suam
691 1764 707 1790 ,
738 1737 841 1791 qua
872 1720 1087 1777 dixerat
1123 1739 1137 1776 :
1171 1721 1255 1776 Tu
1291 1738 1343 1777 es
1383 1720 1616 1777 Christus
1645 1718 1817 1776 Filius
1842 1719 1942 1777 Dei
1969 1722 2102 1788 viui;
2132 1725 2179 1787 B
2208 1721 2373 1777 Petro
2396 1722 2542 1777 illam
2575 1723 3009 1781 benedictionem
3046 1736 3102 1784 et
3149 1728 3562 1796 beatitudinem.
3612 1747 3675 1787 ac
3715 1747 3834 1804 po-

510 1821 569 1871 et
598 1815 881 1884 praemium
912 1815 1241 1882 Salvatoris,
1285 1815 1427 1886 quod
1463 1815 1708 1871 audierat
1743 1833 1757 1869 :
1797 1813 1988 1870 Beatus
2028 1831 2104 1883 es,

505 1905 692 1962 Simon
717 1905 969 1979 Barjona,
990 1908 1114 1978 quia
1133 1924 1255 1961 caro
1282 1916 1329 1961 et
1349 1908 1562 1979 sanguis
1584 1924 1688 1961 non
1713 1904 1960 1962 reuelauit
1982 1907 2105 1974 tibi;

505 1998 598 2051 sed
619 1995 782 2052 Pater
804 2014 949 2051 meus
975 1998 1063 2070 qui
1092 1996 1144 2051 in
1188 1998 1328 2052 caelis
1362 2006 1459 2065 est,
1490 2007 1717 2069 repente
1742 1997 1897 2055 audit
1938 2012 1970 2053 a
2000 1997 2108 2053 Do-

502 2089 684 2159 mino,
716 2098 977 2159 oportere
1006 2104 1064 2145 se
1095 2090 1176 2146 ire
1218 2089 1651 2162 Jerosolymam,
1704 2090 1887 2160 ibique
1932 2091 2104 2145 multa

500 2180 613 2250 pati
638 2195 668 2235 a
708 2180 1022 2236 senioribus
1052 2188 1108 2237 et
1137 2181 1352 2247 scribis,
1395 2191 1452 2237 et
1481 2181 1821 2251 principibus
1849 2181 2107 2237 sacerdo-

507 2280 656 2338 tum,
689 2281 744 2327 et
772 2271 985 2337 occidi,
1017 2281 1069 2328 et
1102 2274 1262 2329 tertia
1290 2271 1381 2329 die
1418 2287 1710 2343 resurgere
1731 2316 1747 2340 ,
1790 2288 1901 2329 non
1932 2273 2101 2347 [Vict.

506 2373 634 2419 tacet
685 2364 818 2437 non]
865 2364 980 2420 vult
1031 2365 1241 2421 destrui
1295 2365 1699 2422 confessionem
1756 2381 1950 2435 suam;
2006 2382 2105 2423 nec

501 2465 657 2528 putat
686 2456 995 2526 ﬁeri-posse
1025 2467 1086 2511 ut
1136 2456 1309 2512 Filius
1337 2457 1434 2513 Dei
1474 2457 1759 2512 occidatur
1792 2476 1804 2513 :
1848 2459 2099 2513 assumit-

502 2564 609 2620 que
638 2562 760 2603 eum
792 2547 846 2602 in
878 2547 1133 2603 affectum
1161 2563 1317 2603 suum
1341 2590 1356 2613 ,
1389 2549 1476 2604 vel
1505 2552 1802 2620 separatim
1832 2549 2000 2615 ducit,
2038 2565 2105 2605 ne

502 2639 866 2711 praesentibus
891 2639 1105 2696 caeteris
1143 2638 1532 2709 condiscipulis
1558 2641 1877 2711 magistrum
1919 2638 2107 2695 videa-

502 2742 592 2788 tur
624 2747 884 2803 arguere,
928 2741 982 2786 et
1025 2731 1191 2802 cmpit
1232 2731 1513 2804 increpare
1556 2732 1706 2787 illum
1747 2732 1983 2787 amantis
2025 2731 2107 2786 af-

494 2822 662 2890 fectu,
692 2833 749 2878 et
776 2824 1014 2893 optantis
1063 2823 1247 2879 dicere
1292 2841 1305 2877 :
1358 2823 1503 2878 Absit
1539 2840 1572 2879 a
1612 2833 1679 2888 te,
1709 2823 1928 2879 Domine
1967 2841 1987 2879 :
2018 2827 2103 2881 vel

498 2922 559 2971 ut
586 2915 779 2970 melius
803 2914 1033 2971 habetur
1060 2916 1114 2970 in
1143 2915 1360 2983 Graeco,
1391 2918 1536 2979 ἵλεώς
1565 2939 1665 2976 σοι.
1708 2920 1890 2995 Κύριε,
1943 2921 2000 2974 οὐ
2031 2924 2106 2992 μή

503 3005 651 3064 ἔσται
680 3029 765 3063 σοι
784 3013 958 3069 τοῦτο.
991 3007 1097 3063 hoc
1126 3016 1240 3068 est.
1277 3017 1303 3045 ει
1334 3010 1594 3081 prapitius
1619 3012 1691 3064 sis
1717 3010 1829 3076 tibi,
1855 3009 2099 3080 Domine,

2211 1823 2481 1885 testatem,
2507 1828 2564 1872 et
2604 1816 3019 1873 aediﬁcationem
3049 1834 3216 1891 super
3244 1838 3368 1878 eum
3418 1822 3679 1880 Ecclesia:
3704 1868 3721 1894 ,
3758 1825 3832 1881 in

2210 1906 2390 1963 futuro
2415 1910 2763 1979 promissam,
2793 1926 2899 1965 non
2928 1911 2980 1965 in
3014 1914 3268 1982 prazsenti
3300 1913 3483 1970 datam
3516 1916 3827 1986 intelliget.

2210 1997 2533 2070 AEdiﬁcabo,
2567 2001 2761 2069 inquit,
2788 2016 2943 2074 super
2973 2011 3021 2057 te
3055 2003 3341 2061 Ecclesium
3366 2023 3530 2062 meam
3560 2019 3607 2063 et
3644 2018 3834 2081 porta:

2207 2092 2362 2163 inferi
2396 2108 2499 2146 non
2537 2092 2885 2166 praevalebunt
2926 2095 3169 2154 adversus
3211 2116 3350 2154 eam.
3374 2082 3459 2156 ‘Et
3491 2118 3503 2155 :
3542 2101 3684 2157 Dabo
3721 2105 3833 2158 tibi

2208 2185 2375 2239 claves
2397 2186 2542 2257 regni
2564 2187 2830 2242 caelorum.
2856 2187 3048 2247 Omnia
3076 2191 3144 2249 de
3168 2191 3377 2260 futuro,
3403 2209 3522 2265 quae
3545 2194 3592 2250 si
3620 2197 3831 2252 statim

2207 2276 2450 2334 dedisset
2481 2278 2555 2346 ei,
2583 2294 2882 2351 numquam
2916 2283 2967 2337 in
2991 2298 3058 2340 eo
3089 2299 3273 2355 pravae
3300 2295 3323 2324 ι’
3348 2286 3623 2358 opinionis
3647 2304 3828 2346 error

2208 2370 2510 2427 invenisset
2541 2370 2742 2428 locum.

2282 2462 2462 2536 (Vers.
2493 2463 2564 2520 24
2591 2463 2772 2536 seqq.)
2802 2464 2950 2521 Tunc
2989 2466 3141 2522 Iesus
3185 2469 3317 2524 dixit
3347 2470 3618 2544 discipulis
3646 2475 3767 2527 suis
3804 2492 3830 2529 :

2208 2553 2270 2609 Si
2293 2556 2407 2624 quis
2441 2556 2545 2610 vult
2576 2566 2691 2625 post
2724 2574 2803 2612 me
2828 2560 2999 2614 venire
3019 2601 3034 2627 ,
3083 2561 3294 2635 abneget
3350 2565 3679 2635 semetipsum
3709 2584 3732 2633 ;
3765 2578 3827 2621 et

2208 2646 2353 2703 tollat
2381 2664 2586 2703 crucem
2610 2667 2792 2721 suam,
2822 2660 2870 2705 et
2900 2663 3145 2724 sequatur
3173 2670 3273 2708 me.
3307 2654 3408 2719 Qui
3444 2658 3579 2711 enim
3625 2656 3833 2714 volue-

2206 2740 2276 2793 rit
2325 2741 2554 2796 animam
2596 2758 2745 2797 suam
2801 2742 2997 2798 salvam
3046 2749 3249 2816 facere,
3298 2748 3475 2825 perdet
3523 2765 3653 2804 eam.
3704 2750 3831 2818 Qui

2206 2841 2379 2887 autem
2433 2834 2713 2905 perdiderit
2761 2836 2993 2889 anintam
3035 2854 3186 2891 suam
3236 2849 3447 2906 prapter
3491 2856 3601 2909 me,
3653 2843 3825 2897 inve-

2207 2926 2313 2979 niet
2342 2941 2475 2980 eam.
2529 2925 2669 2993 Quid
2713 2926 2854 2980 enim
2908 2929 3114 3000 prodest
3170 2929 3371 2985 homini
3415 2933 3461 2985 si
3506 2934 3827 2990 universum

2206 3016 2460 3070 mundum
2506 3017 2756 3081 lucretur,
2801 3019 2989 3073 animo:
3016 3036 3133 3075 vero
3166 3037 3276 3077 sua:
3315 3023 3679 3080 detrimentum
3714 3044 3831 3096 pa-

508 3115 613 3154 non
662 3100 759 3153 erit
812 3099 903 3153 tibi
948 3099 1048 3154 hoc
1077 3116 1097 3154 :
1144 3115 1250 3156 non
1292 3110 1470 3171 potest
1520 3102 1658 3169 ﬁeri,
1693 3117 1793 3158 nec
1840 3101 2180 3175 recipiuntC
2214 3109 2408 3165 tiatur?
2440 3107 2460 3148 τ
2492 3109 2595 3179 Qui
2642 3110 2867 3183 deponit
2914 3123 3153 3169 veterem
3204 3115 3485 3173 hominem
3513 3133 3634 3174 cum
3665 3136 3824 3188 Ope-

504 3206 667 3247 aures
698 3206 857 3261 meae,
891 3201 949 3246 ut
980 3190 1080 3248 Dei
1108 3192 1282 3248 Filius
1327 3193 1660 3250 occidendus
1703 3196 1793 3251 sit.
1827 3195 1908 3251 Ad
1939 3213 2100 3268 quem

505 3282 770 3338 Dominus
800 3298 1122 3351 conversus,
1150 3285 1221 3340 ait
1248 3303 1261 3338 :
1293 3283 1439 3342 Vade
1460 3286 1775 3359 retro[Vict.
1798 3288 1948 3345 addit
1976 3289 2103 3363 me],

503 3374 725 3443 Satana,
776 3377 1086 3433 scandalum
1130 3379 1258 3433 mihi
1302 3396 1377 3435 es.
1408 3380 1638 3437 Satanas
1681 3382 2097 3454 interpretatur,

498 3466 864 3534 adversarius,
897 3469 1013 3525 sive
1043 3471 1364 3526 contrarius.
1400 3471 1535 3539 Quia
1561 3473 1873 3543 contraria,
1906 3476 2099 3547 inquit,

495 3561 737 3634 loqueris
764 3564 1030 3619 voluntati
1061 3579 1217 3631 meas,
1239 3564 1407 3620 debes
1436 3566 1783 3622 adversarius
1809 3570 2095 3638 appellari.

494 3654 524 3695 ἱ)
553 3654 704 3710 Multi
730 3665 922 3724 putant
952 3654 1097 3725 quod
1139 3671 1249 3711 non
1279 3655 1469 3712 Petrus
1498 3665 1783 3728 correptus
1815 3661 1908 3726 sit,
1944 3662 2099 3733 127

500 3745 599 3803 sed
642 3746 991 3802 adversarius
1029 3746 1287 3815 spiritus,
1323 3748 1415 3818 qui
1447 3748 1565 3804 haec
1614 3752 1801 3807 dicere
1833 3755 2099 3822 Aposmlo

503 3838 613 3912 [AL
672 3838 1025 3911 Apostolum]
1067 3840 1413 3911 suggerebat.
1456 3840 1564 3898 Sed
1613 3842 1745 3898 mihi
1807 3845 1893 3900 hic
1945 3859 2099 3903 error

499 3932 890 4003 Apostolicus,
935 3943 993 3987 et
1040 3932 1109 3987 de
1141 3932 1357 4003 pietatis
1403 3934 1599 3991 aliectu
1632 3938 1896 4005 veniens,
1938 3956 2097 3995 num-

496 4040 660 4095 quam
690 4024 1019 4080 incentivum
1048 4025 1248 4080 diaboli
1277 4025 1554 4083 videbitur
1583 4045 1597 4082 :
1639 4029 1789 4086 Vade
1813 4043 1949 4086 retro
1975 4051 2088 4103 me,

500 4115 723 4172 Satana.
759 4116 988 4173 Diabolo
1009 4117 1210 4174 dicitur
1242 4136 1258 4175 :
1298 4119 1439 4174 Vade
1482 4132 1639 4179 retro.
1673 4123 1865 4180 Petrus
1893 4127 2041 4180 audit
2073 4145 2089 4183 :

506 4208 649 4265 Vade
668 4218 803 4264 retro
828 4226 928 4277 me,
963 4209 1066 4266 hoc
1091 4218 1198 4279 est,
1219 4222 1241 4250 ο
1271 4225 1502 4284 sequere
1528 4216 1850 4271 sententiam
1874 4232 2051 4274 meam
2074 4236 2088 4274 :

568 4374 599 4442 ἦ
637 4365 833 4442 Iterum
862 4365 1074 4442 placet,
1099 4375 1159 4422 ut
1186 4366 1523 4442 Veronensis
1550 4370 1967 4442 Evangeiiorum
1995 4391 2087 4432 co-
2115 4381 2165 4441 D

494 4434 633 4489 dicis
662 4435 948 4517 lectionem
983 4437 1072 4491 hic
1100 4438 1419 4517 expendas:
1461 4441 1607 4495 Absit
1649 4460 1681 4497 a
1703 4434 1789 4510 “te,
1832 4448 2088 4517 propitius

494 4514 623 4570 esto,
655 4502 908 4573 Domine;
931 4523 1032 4561 non
1057 4512 1154 4562 erit
1180 4510 1341 4568 istud.

566 4575 596 4614 δ
637 4574 789 4631 Unus
837 4592 935 4646 pro
980 4581 1190 4634 cunctis
1234 4579 1291 4637 S.
1328 4582 1565 4638 Hilarius
1604 4585 1659 4640 in
1686 4588 1834 4641 hunc
1863 4588 2043 4644 locum
2075 4608 2087 4643 :

2207 3202 2358 3257 ribus
2391 3203 2504 3257 suis
2535 3201 2761 3276 (Coloss.
2793 3203 2897 3276 ιιι),
2928 3204 3162 3277 denegat
3191 3209 3544 3278 semetipsum
3573 3210 3772 3268 dicens
3806 3233 3824 3270 :

2213 3291 2345 3347 Vivo
2374 3304 2543 3349 autem
2578 3297 2694 3367 jam
2737 3311 2841 3349 non
2884 3313 2998 3367 ego,
3031 3298 3154 3351 vivit
3182 3314 3301 3353 vero
3348 3299 3404 3353 in
3445 3317 3525 3355 me
3565 3299 3823 3361 Christus

2210 3385 2410 3461 (Galat.
2464 3404 2523 3456 ιι,
2554 3388 2697 3460 20);
2748 3392 2908 3463 128
2950 3393 3201 3464 tollitque
3240 3409 3463 3451 crucem
3516 3411 3696 3464 suam,
3755 3413 3827 3459 et

2204 3481 2407 3537 mundo
2454 3484 2824 3554 crucitigatur.
2879 3485 2974 3540 Cui
3026 3500 3209 3544 autem
3240 3490 3473 3546 mundus
3502 3493 3820 3554 cruciﬁxus

2205 3582 2310 3637 est,
2342 3574 2590 3642 sequitur
2621 3573 2910 3631 Dominum
2940 3577 3286 3633 cruciﬁxum.

2281 3666 2382 3719 Aut
2425 3682 2579 3737 quam
2614 3667 2755 3731 dabit
2803 3670 2959 3725 homo
3000 3674 3448 3730 commutationem
3487 3693 3583 3749 pro
3623 3680 3822 3737 anima

2205 3763 2340 3817 sua?
2392 3760 2501 3816 Pro
2562 3750 2729 3818 Israel
2785 3762 2945 3841 datur
3006 3770 3362 3825 commutatio
3416 3770 3687 3843 Egyptus
3751 3789 3823 3834 et

2204 3850 2506 3923 Ethiopia,
2542 3863 2597 3910 et
2622 3864 2646 3903 Β
2680 3854 2857 3927 Syene
2888 3855 3044 3929 (Isai.
3079 3874 3235 3928 xuu,
3260 3862 3315 3926 5.
3345 3861 3402 3934 4)
3444 3880 3458 3916 :
3490 3878 3588 3932 pro
3616 3866 3816 3925 anima

2203 3940 2440 3997 humana
2494 3945 2585 4000 illa
2631 3948 2749 4003 sola
2802 3959 2888 4004 est
2936 3951 3245 4018 retributio,
3294 3969 3457 4023 quam
3509 3955 3815 4018 Psalmista

2203 4039 2349 4092 canit
2382 4058 2393 4092 :
2432 4038 2571 4108 Quid
2598 4041 2877 4097 retribuam
2922 4042 3145 4099 Domino
3176 4063 3270 4117 pro
3297 4048 3537 4104 omnibus
3570 4066 3689 4120 qua:
3718 4072 3818 4107 re-

2199 4130 2379 4185 tribuit
2422 4133 2588 4186 mihi?
2631 4133 2856 4189 Calicem
2901 4137 3147 4194 salutaris
3192 4140 3467 4209 accipiam,
3518 4150 3565 4196 et
3607 4159 3808 4203 natneu

2201 4221 2411 4278 Domini
2429 4225 2674 4281 invocabo
2702 4226 2819 4299 (Ps.
2848 4244 2974 4298 cxv,
2994 4231 3073 4300 5).

2191 4380 2321 4463 feres
2358 4384 2501 4463 quod
2544 4382 2864 4463 Petrodixit
2888 4405 2907 4443 :
2935 4387 3087 4446 Vade
3130 4380 3253 4461 post
3282 4409 3371 4449 me
3396 4436 3412 4457 ,
3454 4394 3651 4451 Satana
3681 4416 3696 4463 ;
3748 4414 3811 4456 et

2195 4452 2400 4531 diabolo
2437 4456 2485 4531 ei
2522 4456 2773 4531 dicenti”:
2808 4459 2951 4531 Hart;
2972 4452 3151 4518 omnia
3184 4464 3279 4519 tibi
3306 4452 3478 4531 dabo,
3507 4467 3552 4521 si
3581 4452 3809 4529 cadens

2195 4523 2506 4613 adoraveris
2522 4542 2625 4613 'me
2655 4527 2887 4613 :‘Vade,
2928 4529 3159 4613 satana,
3191 4534 3379 4613 absque
3407 4523 3801 4613 additamenta:

2196 4603 2319 4675 post
2370 4612 2476 4675 me.
2514 4595 2641 4651 Post
2674 4595 3083 4675 Iesum'quippe
3128 4595 3263 4671 esse,
3293 4595 3500 4661 'bonum
3529 4617 3636 4675 est,
3674 4595 3799 4671 etc:

495 4646 580 4739 1ηι
594 4662 711 4739 eum
746 4663 862 4701 vero
892 4648 1214 4739 (diabolum)
1252 4668 1536 4739 peraquem
1559 4657 1733 4725 Opinio
1764 4658 1883 4739 [nec
1906 4676 2091 4739 sugg_e-_-
2192 4646 3806 4739 bonsg'ﬁiiiiiit'bbiﬁﬁ'iaﬁiiius'iiifsgbiifs’$51

491 4716 721 4793 rebatur,
772 4716 1044 4793 conversus
1092 4716 1307 4793 adjecit,
1349 4716 1927 4791 Sz'it.ina,'scaudalum
1957 4716 2086 4785 litim

492 4803 576 4844 es.
624 4786 746 4843 Non
775 4791 910 4861 enim
935 4786 1172 4845 convenii
1206 4786 1523 4861 existimare,
1558 4786 1716 4853 Petro
1748 4798 1967 4854 Satame
1993 4819 2091 4855 no-

491 4875 606 4938 men
646 4870 694 4938 et
720 4859 1055 4938 offensionem
1081 4864 1317 4938 scandali
1343 4859 1579 4937 deputari
1609 4881 1720 4938 post
1746 4869 1841 4923 illa
1872 4872 2088 4929 indulta:

2190 4736 2662 4863 mtmbiggcellum,
2712 4752 2766 4797 et
2814 4744 3154 4812 Ambrosius,
3200 4747 3293 4803 lib.
3343 4764 3359 4803 ι
3406 4748 3475 4805 de
3503 4736 3804 4814 Abrahan

2260 4874 2287 4960 ξι
2320 4877 2591 4967 Ιῇιιιιιιεςθ.
2615 4884 2834 4967 rectius
2861 4886 3034 4967 nostri
3065 4903 3196 4967 mss.
3247 4890 3355 4958 hic,
3390 4892 3456 4967 si,
3502 4893 3796 4967 voculam,

490 4931 1264 5030 e‘lijgljfugit-fieﬁﬂe‘ljfllfgf
1274 4931 1425 5030 tanta
1437 4931 1715 5030 ξὶτιιῖξςὶιίιι.
1745 4941 1851 5030 Sed
1872 4943 1992 5012 quia
1987 4945 2086 5030 ,ξη-
2187 4956 2242 5003 et
2264 4931 3572 5030 inlineperiod

493 4999 717 5083 ﬁdelitas
736 5003 915 5083 gmnis
941 5003 1137 5057 diaboli
1163 5022 1292 5083 opus
1311 5015 1408 5083 est,
1437 4999 1591 5083 Petri
1615 4999 1950 5083 responsione
1979 5013 2085 5069 Do—

491 5070 662 5149 minus
692 5070 920 5149 offensus
941 5090 1057 5128 cum
1086 5070 1365 5143 opprobrio
1396 5070 1621 5134 nominis
1649 5070 1974 5149 inﬁdelitatis
2010 5087 2082 5139 is-

494 5142 593 5197 tius
638 5153 731 5224 es_t_
752 5144 1030 5224 detestatus
1075 5142 1357 5224 auctorem.
1402 5149 1673 5224 galerutit
1705 5142 1813 5224 liae
1852 5154 1965 5224 ipsa
2013 5159 2080 5212 de

489 5227 651 5267 causa
686 5213 998 5285 Marcellum
1032 5217 1389 5285 reprehendit
1422 5220 1691 5275 Eusebius
1722 5221 1813 5276 lib.
1844 5213 2076 5281 {contra

481 5285 732 5363 eumdem
759 5284 955 5363 ρπβ.βῇ
977 5284 1123 5357 quod
1145 5288 1353 5363 minime
1376 5289 1667 5363 intelligens
1687 5295 1945 5363 quomodo
1962 5298 2075 5353 hwc

486 5351 706 5436 (Salaria
737 5351 1054 5436 scandala-tn
1100 5359 1234 5436 mihi
1262 5351 1635 5436 es)‘dicnntitrf
1656 5351 1727 5417 ad
1756 5351 2070 5436 apostolum,

482 5432 531 5475 et
555 5441 824 5497 quorsum,
845 5426 1063 5497 afﬁrmat
1089 5428 1159 5482 ad
1179 5426 1444 5487 diabolum
1468 5449 1576 5488 esse
1602 5435 1763 5489 dicta.

563 5504 585 5580 ἢ
629 5496 834 5578 Mavult
871 5507 1063 5580 .noster
1108 5501 1163 5580 in_
1210 5500 1465 5572 Origenis
1511 5506 1835 5580 sententiam
1873 5521 2073 5580 conce.
2173 5496 2920 5580 manassias???3715;;

484 5562 635 5642 dere,
688 5567 769 5642 sic
797 5570 940 5642 enim
993 5569 1109 5639 ipse
1149 5562 1561 5642 interpretatur,
1594 5585 1652 5630 ut
1682 5578 1840 5631 Petro
1866 5562 2069 5636 dixerit

476 5629 640 5688 Jesus
671 5651 685 5691 :
722 5635 868 5716 Vade
899 5629 1137 5716 postumi,
1184 5629 1334 5716 quoii
1358 5647 1447 5716 qui
1483 5629 1561 5701 ire
1581 5629 1694 5714 post
1715 5629 2066 5713 illumilium:

470 5717 569 5771 que
593 5706 735 5775 sequi
762 5706 1027 5765 cessasset.
1064 5706 1133 5767 Et
1161 5706 1326 5782 paulo
1350 5706 1509 5785 post:
1538 5706 1710 5773 Simul
1736 5706 1910 5774 autem
1940 5737 2064 5777 con-

2259 5028 2282 5105 ξ
2324 5018 2463 5105 Iros
2483 5018 2911 5105 Palatinicodd.
2935 5018 3287 5105 confessionis,
3325 5047 3423 5102 pro
3443 5034 3724 5105 opinionis.

2263 5086 2280 5174 ξ
2323 5089 2455 5177 Quae
2487 5086 3044 5177 hinc'subsequitu_r,'
3079 5086 3367 5177 pericope'n
3400 5086 3601 5177 recritat
3624 5086 3793 5177 ipse,

2185 5159 2550 5247 edisseri-Mtte
2584 5159 2987 5247 .Hie-rony'mus]
3009 5159 3174 5239 epist.
3229 5159 3329 5247 ﬁt
3381 5159 3449 5229 ad
3497 5159 3791 5247 Algas'iaI—r;

2183 5242 2375 5313 quiest.
2403 5234 2437 5288 3
2481 5234 2866 5313 init_io.__lpsaiu
2907 5234 3183 5313 vero‘cum
3229 5243 3410 5313 hujus.
3437 5255 3549 5301 tum
3566 5234 3794 5307 'subse:

2220 5304 2397 5385 uentis
2428 5306 2697 5429 .vlrersiculi
2720 5304 3138 5378 expositionem
3178 5330 3246 5369 ex
3296 5304 3623 5373 Adamantio
3660 5304 3790 5379 fere

2220 5387 2436 5429 escrmst
2471 5416 2484 5429 .

2214 5387 2484 5441 escrtpstt.

2247 5452 2285 5520 s_
2311 5442 2437 5499 Mss.
2496 5446 2740 5520 plerique
2783 5466 2995 5516 omnes.
3041 5454 3231 5517 Scene,
3275 5466 3369 5512 aut
3408 5457 3633 5514 Soeone.
3668 5460 3788 5520 He-

2971 5524 3337 5609 Hieronymus
3372 5531 3422 5583 in
3456 5544 3580 5583 eum
3612 5530 3785 5592 Isaia:

2173 5584 2382 5671 locum,
2434 5586 2540 5644 Pro
2569 5596 2749 5671 Eprius),
2786 5594 2980 5671 ipquit,
3010 5584 3199 5671 reliqui
3235 5599 3543 5671 interpretes
3582 5584 3786 5670 patrue:

2168 5665 2289 5743 runt
2318 5673 2469 5743 sua,
2500 5663 2637 5743 unde
2661 5664 2761 5729 fuit
2788 5663 2984 5743 (tegina
3006 5663 3220 5737 Austri,
3252 5663 3534 5741 quee'venit
3558 5663 3782 5743 sapien-

2168 5729 2295 5784 tiam
2316 5732 2501 5786 audire
2528 5730 2852 5789 Salomonis.
