3962 6298
160 300 240 354 lii
588 288 1226 348 COMMENTARIORUM
1268 287 1332 344 lN
1376 285 1824 342 EVANGEIJUM
1867 285 2203 343 MATTHIEI
2241 285 2372 343 LIB.
2418 285 2505 342 Ill.
2546 286 2701 342 CAP.
2745 285 2911 342 XVII.
3301 286 3405 341 12?.

205 411 373 482 (γεῖς.
401 408 519 478 27.)
552 404 602 459 F
603 406 728 460 ilius
749 407 875 459 enim
896 405 1120 458 hominis
1147 411 1389 457 venturus
1420 412 1494 456 est
1521 403 1576 456 in
1599 401 1712 471 gto-
1736 400 1785 462 A
1817 411 1965 472 putet
2003 401 2288 471 pristinam
2321 417 2445 457 eum
2478 400 2708 456 formam
2743 409 2800 456 et
2827 400 3021 456 faciem
3060 400 3364 467 perdidisse
3388 441 3403 467 ,

155 508 223 559 ria
251 503 404 557 Patris
422 502 504 554 sui
531 517 646 554 cum
671 499 865 570 angelis
885 499 991 551 suis
1015 513 1031 549 :
1073 505 1119 551 et
1153 505 1271 550 tunc
1294 495 1469 550 reddet
1500 495 1707 548 unicui-

159 615 238 670 que
273 595 544 651 secundum
588 609 717 661 opus
754 593 885 661 ejus.
931 590 1122 645 Petrus
1151 589 1218 644 ad
1260 589 1705 660 praedicationem

159 687 417 742 Dominicze
470 685 658 738 mortis
713 681 1128 745 scandalizatus,
1161 681 1432 736 sententia
1489 679 1706 733 Domini

159 781 302 835 fuerat
346 780 650 845 increpatus
684 794 698 830 :
734 777 1007 845 provocati
1043 774 1321 844 discipuli,
1368 784 1424 827 ut
1471 773 1705 842 abnega-

157 882 352 931 rentse,
397 879 450 924 et
495 869 749 924 tollerent
788 881 1003 921 crucem
1050 881 1225 931 suam,
1257 877 1313 920 et
1343 866 1702 921 morientium

158 963 307 1016 animo
342 969 696 1028 sequerentur
749 961 1089 1028 magistrum.
1125 956 1363 1012 Grandis
1397 970 1577 1011 terror
1609 974 1707 1012 au-

159 1055 406 1112 dientium.
441 1063 497 1107 et
536 1053 625 1122 qui
660 1051 866 1121 possit,
901 1051 1143 1121 principe
1173 1049 1549 1118 apostolorum
1585 1065 1705 1118 per-

161 1148 333 1212 territo,
357 1147 516 1200 etiam
550 1143 672 1199 aliis
699 1153 902 1199 metum
927 1143 1151 1212 injicere
1180 1161 1194 1196 :
1225 1140 1431 1196 idcirco
1457 1142 1708 1198 tristibus

156 1238 254 1290 laeta
270 1235 572 1302 succedunt,
602 1247 656 1289 et
685 1234 816 1289 dicit
854 1253 865 1286 :
918 1231 1090 1287 Filius
1116 1233 1337 1286 hominis
1362 1243 1608 1286 venturus
1633 1242 1707 1287 est

154 1329 357 1398 ingloria
387 1326 562 1380 Patris
586 1328 666 1380 sui
689 1343 804 1379 cum
833 1327 1032 1395 angelis
1060 1326 1188 1378 suis.
1236 1325 1421 1379 Times
1451 1337 1703 1392 mortem,

153 1421 249 1474 audi
267 1419 476 1490 gloriam
501 1418 912 1489 triumphantis.
945 1419 1159 1474 Vereris
1179 1433 1424 1483 crucem,
1452 1419 1697 1472 ausculta

155 1516 426 1584 angelorum
460 1513 789 1568 ministeria.
842 1511 904 1566 Et
948 1522 1088 1575 tunc,
1135 1512 1330 1582 inquit,
1369 1513 1543 1565 reddet
1588 1513 1706 1565 uni-

152 1608 299 1677 cuique
344 1607 624 1660 secundum
665 1622 822 1676 Opera
865 1606 977 1675 ejus
1021 1603 1199 1674 (Rom.
1239 1619 1297 1670 χ,
1333 1603 1444 1676 12).
1474 1603 1589 1658 Νοη
1621 1612 1704 1658 est

153 1696 388 1752 distinctio
416 1697 590 1751 Judaei
618 1706 675 1751 et
705 1696 944 1760 ethnici,
976 1695 1078 1750 viri
1105 1706 1158 1750 et
1187 1695 1439 1750 mulieris
1460 1740 1476 1763 ,
1505 1711 1703 1766 paupe-

1815 496 1899 550 vel
1929 497 2181 550 amisisse
2209 496 2454 564 corporis
2485 497 2794 559 veritatem,
2827 504 2882 550 et
2900 497 3266 565 assumpsisse
3286 509 3410 549 cor-

1813 604 1914 658 pus
1942 589 2026 643 vel
2056 589 2363 660 spirituale,
2397 589 2480 644 vel
2507 604 2761 654 aereum;
2793 590 2888 643 sed
2919 588 3195 657 quomodo
3228 597 3404 642 trans-

1814 679 2073 734 formatus
2105 681 2193 744 sit,
2228 679 2562 748 evangelista
2588 680 2948 746 demonstrat,
2977 680 3190 734 dicens.

1884 768 1953 823 Et
1985 770 2307 842 resplenduit
2341 771 2500 842 facies
2525 773 2639 840 ejus
2667 773 2802 825 sicut
2830 770 2910 824 sol
2927 813 2942 837 ,
2981 771 3280 825 vestimenta
3308 786 3406 822 au-

1811 867 1910 912 tem
1939 861 2052 929 ejus
2081 859 2224 926 facta
2254 869 2373 911 sunt
2401 859 2519 911 alba
2548 859 2680 912 sicut
2704 859 2812 913 nix.
2842 857 2944 913 Ubi
2964 859 3223 928 splendor
3245 858 3404 914 faciei

1811 949 2140 1016 ostenditur,
2174 957 2232 1004 et
2256 949 2460 1004 candor
2483 949 2819 1005 describitur
2842 952 3099 1014 vestium,
3131 965 3238 1005 non
3268 951 3400 1004 sub-

1809 1041 2006 1094 stantia
2036 1039 2279 1105 tollitur,
2312 1041 2406 1095 sed
2433 1041 2604 1110 gloria
2631 1048 3021 1094 commutatur.
3055 1039 3405 1112 Resplenduit

1809 1134 1966 1204 facies
1994 1134 2108 1201 eius
2153 1135 2286 1187 sicut
2322 1135 2420 1188 sol.
2468 1131 2628 1189 Certe
2659 1133 3076 1189 transformatus
3103 1143 3191 1190 est
3222 1133 3406 1190 Domi-

1810 1239 1910 1278 nus
1934 1224 1988 1277 in
2011 1239 2129 1278 eam
2157 1225 2406 1293 gloriam,
2429 1240 2533 1294 qua
2555 1237 2815 1282 venturus
2835 1238 2918 1282 est
2943 1237 3132 1295 postea
3157 1229 3207 1282 in
3232 1243 3402 1298 regno

1807 1332 1928 1372 suo.
1959 1316 2392 1372 'l‘ransformatio
2422 1319 2768 1390 splendorem
2802 1319 3030 1386 addidit,
3064 1318 3259 1374 faciem
3287 1335 3398 1374 non

1807 1413 2096 1470 subtraxit.
2120 1414 2249 1468 Esto
2270 1430 2467 1482 corpus
2488 1415 2773 1486 spirituale
2795 1416 2981 1483 fuerit,
3007 1431 3132 1470 num
3160 1424 3215 1470 et
3236 1419 3402 1472 vesti-

1805 1517 1988 1562 menta
2018 1515 2220 1562 mutata
2247 1521 2375 1562 sunt
2402 1550 2416 1573 ,
2467 1524 2589 1580 quae
2635 1510 2907 1563 intantum
2944 1508 3098 1564 fuere
3131 1510 3359 1564 candida
3389 1551 3404 1573 ,

1806 1610 1863 1655 ut
1887 1601 2027 1655 alius
2056 1602 2384 1672 evangelista
2417 1601 2616 1656 dixerit
2651 1619 2664 1655 :
2701 1601 2893 1668 Qualia
2928 1601 3062 1670 fullo
3095 1618 3256 1670 super
3301 1613 3404 1656 ter-

1804 1710 1916 1746 ram
1943 1710 2046 1747 non
2068 1703 2230 1766 potest
2257 1695 2425 1764 facere
2452 1691 2646 1764 (Marc.
2672 1709 2748 1761 ιχ,
2771 1694 2849 1762 2).
2876 1692 3030 1762 Quod
3055 1702 3238 1748 autem
3265 1692 3400 1749 fullo

149 1807 242 1846 rum
269 1802 316 1847 et
342 1791 592 1857 divitum,
629 1792 720 1846 ubi
755 1808 859 1845 non
888 1805 1159 1861 personae,
1194 1791 1290 1847 sed
1323 1806 1488 1861 opera
1519 1792 1696 1847 consia

1811 1796 1972 1852 super
2003 1792 2205 1838 terram
2239 1792 2418 1854 potest
2449 1781 2650 1852 facere,
2684 1785 2973 1854 corporale
2999 1795 3079 1839 est
3105 1826 3120 1850 ,
3157 1785 3318 1857 130
3347 1794 3401 1840 et

149 1883 384 1937 dematur.

205 1976 356 2046 (Vers.
387 1975 505 2044 28.)
547 1976 711 2029 Antea
759 1976 875 2029 dico
913 1976 1090 2040 vobis,
1124 1985 1245 2030 sunt
1271 1976 1484 2046 quidam
1515 1977 1581 2030 de
1617 1977 1701 2030 hic

145 2068 352 2121 stantibus
373 2109 388 2132 ,
414 2069 502 2138 qui
527 2083 637 2121 non
672 2066 948 2137 gustabunt
986 2077 1203 2122 mortem
1225 2113 1239 2135 ,
1289 2067 1451 2122 donec
1493 2068 1700 2121 uideant

147 2157 306 2213 Filium
346 2159 570 2214 hominis
625 2160 912 2213 venientem
956 2159 1010 2212 in
1061 2175 1224 2230 regno
1261 2175 1377 2214 suo.
1406 2159 1696 2214 Terrorem

144 2253 466 2321 apostolorum
519 2267 622 2322 spe
674 2252 936 2306 medicari
978 2252 1228 2307 voluerat
1284 2253 1700 2322 promissorum,

145 2343 295 2398 dicens
324 2364 336 2398 :
378 2343 552 2399 Filius
582 2345 814 2399 hominis
845 2356 1088 2400 venturus
1118 2356 1190 2400 est
1221 2347 1273 2399 in
1309 2345 1477 2417 gloria
1522 2345 1699 2400 Patris

143 2439 204 2488 sui
227 2453 326 2490 cum
360 2439 563 2508 angelis
602 2439 736 2492 suis.
767 2436 991 2508 Insuper
1017 2438 1343 2493 auctoritate
1364 2439 1567 2510 judicis
1598 2439 1697 2493 ad-

143 2527 226 2581 dita
250 2538 323 2583 :et
340 2531 510 2583 reddet
546 2531 824 2600 unicuique
845 2531 1130 2584 secundum
1154 2547 1309 2602 Opera
1331 2548 1446 2585 sua.
1473 2531 1699 2586 Poterat

142 2624 462 2688 apostolorum
507 2623 682 2678 tacita
715 2623 1000 2694 cogitatio,
1037 2624 1346 2680 istiusmodi
1377 2625 1696 2680 scandalum

143 2714 366 2770 sustinere
409 2732 424 2771 :
475 2715 818 2771 occisionem
851 2726 906 2770 et
935 2725 1168 2772 mortem
1202 2732 1347 2772 nunc
1396 2718 1540 2772 dicis
1577 2733 1698 2774 esse

143 2816 380 2861 venturam
426 2824 440 2862 :
489 2806 648 2878 quod
690 2817 874 2861 autem
925 2808 1202 2884 promittis
1237 2819 1287 2862 te
1317 2808 1608 2864 affuturum
1644 2811 1694 2865 in

144 2897 275 2967 gloria
298 2899 468 2954 Patris
498 2915 633 2954 cum
684 2900 1003 2969 angelorum
1034 2900 1357 2957 ministeriis
1377 2943 1393 2968 ,
1419 2910 1476 2956 et
1497 2903 1701 2972 judicis

141 3003 385 3060 potestate,
441 2995 557 3050 hoc
610 2995 662 3048 in
713 2993 834 3049 dies
877 2995 1004 3059 erit,
1035 3007 1091 3050 et
1136 2995 1190 3049 in
1248 3008 1489 3066 tempora
1540 2997 1695 3066 longa

147 3085 271 3156 129
303 3087 586 3143 differetur
626 3087 738 3158 [ΑΙ.
767 3087 1060 3160 diﬂertur].
1095 3089 1408 3146 Praevidens
1444 3107 1574 3163 ergo
1600 3109 1694 3148 oc-

1807 1877 1969 1931 tactni
1997 1876 2280 1946 subjacet,
2326 1885 2380 1930 et
2408 1892 2516 1931 non
2547 1875 2831 1944 spirituale
2857 1887 2908 1931 et
2936 1891 3158 1932 aereum
3186 1919 3200 1942 ,
3249 1877 3398 1947 quod

1803 1967 1992 2023 illudat
2031 1969 2243 2038 oculis,
2292 1978 2349 2024 et
2394 1978 2602 2024 tantum
2650 1971 2701 2023 in
2751 1971 3134 2040 phantasmate
3178 1969 3399 2038 conspi-

1802 2063 1996 2119 ciatur.

1875 2156 2076 2226 (Vers.
2106 2157 2157 2212 5.
2186 2157 2206 2229 )
2241 2156 2306 2211 Et
2337 2173 2449 2212 ecce
2487 2156 2515 2196 δ
2554 2169 2914 2227 apparuerunt
2961 2159 3069 2215 illis
3103 2158 3310 2230 Moyses
3349 2169 3398 2214 et

1802 2249 1973 2316 Elias,
2000 2269 2117 2306 cum
2139 2269 2198 2306 eo
2220 2254 2506 2323 loquentes.
2543 2251 2754 2307 Scribis
2782 2265 2836 2308 et
2865 2252 3161 2308 Pharisazis
3193 2262 3401 2308 tentan-

1804 2346 1947 2401 tibus
1970 2360 2048 2410 se,
2079 2353 2134 2400 et
2156 2345 2224 2400 de
2253 2345 2395 2401 cmlo
2426 2345 2579 2416 signa
2605 2345 2982 2415 poscentibus,
3012 2345 3144 2402 dare
3175 2346 3350 2400 noluit
3379 2388 3395 2412 ,

1802 2437 1896 2492 sed
1944 2451 2163 2504 pravam
2217 2437 2642 2506 postulationem
2680 2437 2986 2492 confutavit
3032 2437 3396 2504 responsione

1804 2531 2076 2602 prudenti.
2101 2532 2196 2586 llic
2221 2548 2373 2596 vero,
2399 2541 2459 2587 ut
2479 2532 2848 2602 apostolorum
2873 2542 3066 2602 augeat
3093 2531 3276 2596 fidem,
3303 2531 3398 2586 dat

1801 2625 2012 2694 signum
2037 2626 2105 2680 de
2127 2625 2292 2690 coelo,
2320 2627 2431 2680 Elia
2457 2624 2582 2691 inde
2604 2623 2970 2680 descendente
2995 2639 3102 2694 quo
3135 2638 3394 2679 conscen-

1801 2717 1988 2782 derat;
2014 2727 2070 2772 et
2091 2718 2275 2789 Moyse
2297 2717 2367 2771 ab
2387 2717 2575 2772 inferis
2602 2726 2953 2787 resurgente:
2978 2715 3121 2788 quod
3145 2716 3396 2772 ctAchaz

1803 2826 1898 2882 per
1920 2811 2108 2865 Isaiam
2136 2811 2475 2882 prmcipitur,
2502 2820 2561 2866 ut
2587 2821 2732 2881 petat
2756 2812 2858 2868 sibi
2882 2813 3094 2882 signum
3121 2810 3188 2864 de
3214 2810 3398 2865 excel-

1801 2917 1887 2971 so,
1922 2911 2016 2957 aut
2044 2903 2112 2959 de
2134 2903 2346 2958 inferno
2371 2903 2522 2973 (Isai.
2541 2921 2634 2967 vn,
2657 2915 2704 2958 et
2727 2904 2795 2958 ιν
2824 2905 2954 2974 Reg.
2979 2903 3062 2974 ιι).
3096 2903 3227 2958 Nam
3251 2901 3395 2973 quod

1802 2993 2007 3049 dictum
2035 3007 2122 3051 cst
2152 3013 2166 3050 :
2201 2997 2572 3065 Apparuerunt
2598 2998 2703 3051 illis
2738 2997 2947 3068 Moyses
2984 3006 3032 3051 et
3069 2995 3251 3060 Elias,
3281 3012 3397 3048 cum

1802 3101 1862 3140 eo
1892 3087 2196 3159 loquentes;
2227 3097 2280 3144 et
2311 3089 2362 3142 in
2385 3089 2495 3142 alio
2519 3088 2752 3145 refertur
2777 3089 3094 3156 Evangelia,
3120 3089 3400 3143 nuntiasse

141 3181 362 3234 cultorum
407 3181 675 3252 cognitor
721 3180 849 3249 quid
897 3192 1119 3250 possent
1163 3183 1428 3253 objicere,
1460 3200 1693 3254 praesen-
1725 3166 1772 3232 (ἶ
1801 3183 1850 3238 ei
1878 3199 2001 3254 quae
2044 3184 2403 3254 Jerosolymis
2450 3199 2711 3254 passurus
2753 3193 2898 3240 esset
2929 3183 3081 3251 (Luc.
3116 3181 3210 3252 ιι)
3241 3200 3254 3235 :
3287 3182 3396 3237 Lex

142 3276 223 3320 tem
267 3271 503 3326 timorem
575 3273 836 3342 praesenti
886 3285 1207 3342 compensat
1259 3277 1506 3344 praemio.
1560 3277 1698 3346 Quid

139 3362 252 3416 enim
270 3365 391 3420 dicit
414 3383 428 3420 :
456 3365 605 3422 Sunt
625 3366 840 3436 quidam
866 3366 928 3420 de
945 3367 1028 3419 hic
1048 3368 1324 3434 stantibus,
1343 3371 1433 3441 qui
1451 3386 1553 3424 non
1579 3389 1703 3442 gus-

139 3453 284 3508 tabunt
301 3468 532 3523 mortem,
560 3459 723 3511 donec
740 3458 945 3511 videant
969 3456 1016 3509 F
1018 3459 1168 3512 ilium
1180 3460 1403 3515 hominis
1420 3464 1699 3518 venientem

138 3547 178 3598 in
201 3566 336 3621 regno
351 3568 480 3619 suo;
511 3561 580 3605 ut
600 3551 781 3623 qualis
806 3561 890 3606 est
913 3561 1103 3621 postea
1130 3562 1411 3620 venturus,
1434 3555 1503 3610 ob
1525 3557 1701 3612 incre-

137 3638 368 3698 dulitatem
397 3658 640 3702 vestram
671 3647 924 3716 praesenti
961 3655 1208 3717 tempore
1239 3648 1666 3704 demonstretur.

189 3734 319 3804 (Cap.
349 3736 761 3793 XVll.——Vers.
796 3737 874 3807 l.)
911 3739 971 3791 Et
1005 3748 1030 3776 α
1057 3750 1168 3811 post
1212 3740 1324 3794 dies
1361 3757 1450 3794 sea:
1473 3783 1490 3805 ,
1536 3758 1686 3796 assu-

135 3825 403 3883 measJesus
426 3829 684 3895 Petrum,
719 3841 767 3884 et
801 3829 1087 3898 Iacobum,
1120 3842 1168 3886 et
1192 3833 1451 3887 Joannem
1479 3834 1694 3903 fratrem

138 3920 239 3985 ejus.
266 3920 432 3987 Quare
459 3923 666 3977 Petrus
692 3963 706 3985 ,
739 3935 794 3977 et
823 3922 1058 3979 Jacobus
1082 3967 1096 3989 ,
1134 3936 1182 3980 et
1216 3924 1462 3982 Joannes
1491 3929 1544 3982 in
1577 3930 1696 3999 qui-

138 4007 320 4067 busdam
347 4015 782 4085 Evangeliorum
828 4017 960 4072 locis
991 4029 1318 4088 separentur
1359 4035 1387 4072 a
1432 4021 1650 4078 caeteris
1679 4037 1693 4076 :

139 4115 204 4158 aut
239 4108 350 4177 quid
391 4110 673 4181 privilegii
703 4111 943 4165 habeant
981 4123 1135 4167 extra
1183 4113 1324 4166 alios
1369 4116 1651 4185 apostolos
1679 4159 1693 4182 ,

138 4199 287 4256 crebro
312 4203 580 4259 diximus.
610 4203 766 4260 Nunc
810 4208 1076 4274 quaeritur
1120 4207 1394 4272 quomodo
1425 4218 1549 4278 post
1577 4209 1696 4264 dies

138 4301 206 4344 set
225 4295 578 4365 assumpserit
602 4310 723 4359 eos,
754 4305 812 4350 et
831 4295 1048 4351 (Ιιιιθτίι
1077 4297 1131 4351 in
1155 4307 1392 4354 montem
1415 4301 1692 4356 excelsum

138 4395 334 4442 seorsum
362 4407 374 4442 :
407 4404 542 4445 cum
574 4388 750 4443 Lucas
769 4389 1109 4460 evangelista
1138 4392 1479 4446 octonarium
1506 4409 1696 4449 nume-

142 4488 232 4530 rum
254 4490 408 4546 ponat
439 4481 607 4553 (Luc.
636 4484 739 4550 ut).
769 4482 876 4537 Sed
906 4481 1078 4537 facilis
1109 4487 1394 4552 reSponsio
1422 4496 1534 4552 est,
1567 4489 1690 4558 quia

1806 3278 2114 3333 ostenditur
2142 3287 2198 3333 et
2225 3277 2503 3347 propheta:
2523 3319 2536 3341 ,
2571 3277 2661 3348 qui
2706 3286 2759 3331 et
2789 3277 3097 3346 passionem
3129 3275 3342 3330 Domini
3377 3316 3394 3342 ,

1804 3382 1859 3428 et
1890 3372 2349 3428 resurrectionem
2379 3372 2588 3427 crebris
2621 3371 2848 3426 vocibus
2873 3370 3214 3424 nuntiarunt.

1876 3464 2056 3538 (Vers.
2090 3466 2170 3534 4.)
2203 3463 2541 3534 Respondeas
2567 3473 2737 3518 autem
2771 3462 2956 3517 Petrus
2982 3505 2997 3529 ,
3038 3462 3171 3516 dixit
3206 3462 3274 3515 ad
3307 3459 3399 3513 Je-

1804 3574 1918 3612 sum
1950 3575 1969 3612 :
1997 3557 2216 3611 Domine
2239 3597 2254 3623 ,
2299 3558 2491 3611 bonum
2518 3567 2593 3611 est
2629 3574 2721 3611 nos
2750 3556 2835 3610 hic
2859 3573 2984 3611 esse.
3011 3554 3114 3622 Qui
3148 3554 3213 3608 ad
3248 3568 3401 3607 mon-

1805 3657 1927 3703 tana
1956 3649 2376 3716 conscenderat,
2411 3666 2516 3704 non
2547 3650 2660 3704 vult
2690 3650 2755 3704 ad
2782 3660 2995 3703 terrena
3029 3645 3357 3703 descenderi-
3382 3662 3396 3710 ;

1803 3739 1901 3795 sed
1940 3756 2157 3808 semper
2185 3741 2237 3795 in
2270 3741 2595 3796 sublimibus
2627 3755 3001 3810 perseverare.

1876 3832 1938 3886 Si
1966 3833 2061 3895 vis,
2093 3832 2345 3902 faciamus
2374 3831 2459 3884 hic
2491 3834 2592 3886 tria
2629 3831 2963 3898 tabernacula
2989 3847 3007 3884 :
3051 3829 3166 3884 Tibi
3194 3846 3352 3884 unum
3382 3872 3396 3896 ,

1806 3926 1977 3997 Moysi
2011 3943 2202 3991 unum,
2235 3938 2280 3980 et
2307 3925 2444 3981 Elia:
2475 3942 2654 3980 unum.
2693 3927 2855 3980 Erras
2885 3966 2900 3992 ,
2932 3926 3092 3980 Pelre
3119 3967 3134 3991 ,
3169 3925 3305 3980 sicut
3341 3935 3397 3978 ct

1801 4019 1939 4073 alius
1967 4019 2296 4090 evangelista
2343 4029 2594 4075 tesmtur.
2635 4019 2824 4074 Nescis
2867 4019 2994 4088 quid
3025 4019 3176 4073 dicas
3213 4017 3394 4090 (Lar.

1803 4111 1917 4181 Ix).
1950 4111 2074 4166 Noli
2109 4113 2211 4166 tria
2246 4113 2590 4166 tabernacula
2636 4127 2887 4181 qumrere
2912 4154 2927 4175 ,
2969 4125 3090 4164 cum
3128 4126 3293 4166 unum
3326 4111 3396 4164 sit

1804 4205 2210 4262 tabernaculum
2237 4205 2544 4276 EVangelii,
2577 4206 2629 4259 in
2661 4221 2769 4275 quo
2787 4205 2894 4259 Lex
2915 4216 2969 4259 et
2997 4204 3284 4274 Prophetas
3307 4221 3393 4258 re-

1801 4298 2149 4367 capitulanda
2178 4307 2327 4352 sunt.
2360 4295 2417 4351 Si
2442 4309 2622 4351 autem
2655 4296 2853 4366 quaeris
2888 4299 2987 4350 tria
3020 4296 3393 4358 tabernacula,

1801 4405 2142 4461 nequaquam
2175 4403 2366 4445 servos
2407 4404 2529 4444 cum
2579 4389 2810 4442 Domino
2853 4386 3148 4450 conferas,
3188 4386 3284 4442 sed
3318 4386 3400 4440 fac

1803 4483 1905 4536 tria
1940 4481 2292 4537 tabernacula
2328 4499 2341 4536 :
2377 4483 2542 4536 immo
2586 4497 2751 4535 ttnum
2787 4480 2932 4535 Patri
2964 4524 2977 4548 ,
3024 4491 3077 4534 et
3121 4480 3259 4534 Filio
3289 4525 3301 4546 ,
3347 4489 3403 4533 rt

141 4564 205 4621 hic
227 4574 371 4628 medii
401 4583 691 4644 ponuntur
718 4573 840 4629 dies
865 4617 880 4640 ,
923 4575 1000 4632 ihi
1033 4578 1238 4645 primus
1265 4579 1484 4634 additur
1514 4591 1568 4634 ct
1597 4596 1690 4636 ex-
1725 4559 1778 4618 D
1802 4573 2022 4640 Spiritui
2053 4584 2276 4639 sancto;
2328 4585 2383 4627 ut
2407 4588 2638 4644 quorum
2671 4583 2758 4628 est
2788 4587 2893 4626 una
2923 4571 3198 4640 divinitas,
3233 4589 3397 4626 unum

141 4668 322 4721 tremas.
350 4667 472 4724 Non
501 4669 656 4725 enim
686 4669 921 4724 dicitur:
952 4669 1078 4724 Post
1109 4671 1221 4724 dies
1258 4681 1372 4725 octo
1412 4677 1692 4746 assumpsit

137 4749 254 4810 lem
281 4759 491 4816 Petrum
513 4803 532 4830 ,
567 4772 614 4816 et
642 4759 926 4829 Iacobum,
957 4774 1004 4816 et
1029 4761 1316 4830 Joannem;
1358 4764 1453 4821 scd
1480 4765 1572 4821 die
1597 4781 1690 4821 oc-

138 4853 252 4904 lavo.

189 4942 320 4999 Ducit
360 4949 483 5004 illos
531 4949 589 5002 in
634 4959 861 5002 montem
888 4949 1147 5004 excelsum
1177 4965 1429 5005 seorsum.
1478 4950 1693 5008 Ducere

139 5031 187 5087 ad
224 5049 469 5096 montana
518 5040 818 5110 discipulos
845 5082 860 5106 ,
903 5055 1030 5112 pars
1073 5041 1221 5112 regni
1263 5053 1366 5097 est.
1409 5042 1694 5098 Ducuntur

133 5138 359 5194 serirsuni,
387 5132 518 5202 quia
547 5130 704 5185 multi
729 5132 926 5198 vocati,
953 5132 1108 5202 pauci
1136 5146 1268 5190 vero
1289 5133 1451 5188 electi
1473 5133 1691 5203 (Matth.

135 5229 204 5278 It.
233 5220 311 5286 l6,
343 5233 392 5276 et
425 5239 563 5291 snt,
595 5219 726 5293 M).

185 5310 345 5378 (Vere.
375 5315 460 5385 Ξ.)
492 5313 561 5368 Et
590 5313 996 5386 transﬁguratus
1018 5326 1089 5370 est
1111 5325 1233 5370 ante
1254 5332 1359 5370 eos.
1395 5317 1580 5383 Qualis
1613 5318 1695 5372 fu-

135 5405 256 5453 turus
275 5415 353 5459 est
377 5416 625 5475 tempore
642 5405 953 5476 judicandi,
987 5407 1110 5460 talis
1132 5408 1382 5478 apparuit
1403 5412 1688 5478 apostolis.

131 5491 258 5556 Quod
279 5511 456 5555 autem
482 5501 611 5556 dicit
637 5519 652 5555 :
674 5499 1114 5572 Trans/iguratus
1144 5511 1217 5555 est
1244 5512 1367 5555 ante
1392 5519 1498 5570 eos,
1531 5519 1691 5560 nemo

187 5633 203 5713 _'
231 5637 455 5713 Qadices
471 5639 799 5709 Palatini,Et
823 5643 1020 5713 factum
1063 5653 1135 5697 est
1161 5654 1274 5712 post
1299 5659 1390 5698 sea:
1417 5643 1547 5708 dies,
1579 5652 1686 5698 etc.

186 5704 209 5742 δ
242 5709 334 5783 llic
359 5721 526 5783 atque
552 5704 728 5779 intra,
772 5704 863 5768 ubi
898 5714 1050 5768 locus
1093 5704 1195 5769 iste
1226 5717 1461 5770 recurrit
1491 5756 1506 5778 ,
1535 5704 1684 5768 ’mss.

135 5780 584 5852 mstriprzel'erunt
626 5785 825 5842 minori
857 5799 1087 5842 numero
1114 5828 1128 5853 ,
1174 5788 1440 5858 apparuit.
1494 5785 1694 5860 Legem

1801 4667 1872 4720 sit
1897 4676 1951 4721 et
1980 4667 2031 4719 in
2064 4675 2286 4734 pectore
2319 4675 2412 4718 tuo
2447 4665 2876 4719 tabernaculum.

1874 4762 1892 4832 (
1921 4759 2077 4815 Vers.
2111 4759 2164 4814 5.
2198 4758 2216 4830 )
2263 4758 2450 4813 Adhuc
2476 4775 2537 4813 eo
2562 4759 2805 4829 loquente
2831 4801 2846 4826 ,
2896 4774 3008 4812 ecce
3036 4758 3194 4812 nubes
3226 4757 3404 4812 lurida

1802 4853 2124 4909 obumbravit
2151 4867 2260 4905 eos.
2293 4849 2360 4903 Et
2386 4866 2500 4903 ecce
2532 4865 2630 4902 eoa:
2656 4850 2718 4901 de
2751 4848 2902 4914 nube,
2938 4848 3115 4900 dicens
3145 4864 3161 4899 :
3190 4846 3288 4899 Hic
3326 4860 3401 4902 est

1802 4943 1978 4998 Filius
2023 4960 2164 4998 meus
2210 4941 2430 4996 dilectus
2455 4985 2468 5007 ,
2513 4941 2566 4994 in
2607 4956 2709 5010 quo
2751 4938 2878 4991 mihi
2907 4939 3032 4992 bene
3062 4940 3396 5011 complacui:

1801 5040 1970 5111 ipsum
1993 5036 2188 5090 audite.
2211 5035 2348 5102 Quia
2377 5034 2757 5104 imprudenter
2786 5032 3239 5102 interrogaverat,
3273 5048 3398 5101 pro-

1802 5139 1990 5202 pterea
2013 5129 2425 5198 respOnsionem
2454 5125 2666 5180 Domini
2694 5140 2800 5178 non
2826 5132 3093 5190 meretur,
3119 5125 3213 5180 sed
3241 5124 3398 5178 Pater

1797 5221 2092 5293 reSpOitdet
2116 5236 2213 5291 pro
2235 5220 2395 5287 Filio,
2423 5229 2481 5274 ut
2502 5220 2730 5275 verbum
2754 5221 2968 5276 Domini
2996 5220 3392 5288 compleretur:

1799 5317 1916 5390 Ego
1945 5317 2296 5371 testimonium
2331 5332 2432 5369 non
2461 5315 2578 5369 dico
2613 5332 2706 5384 pro
2737 5333 2815 5370 me
2842 5359 2856 5380 ,
2902 5317 2993 5371 sed
3026 5315 3182 5367 Pater
3201 5311 3288 5382 qui
3317 5328 3396 5364 me

1799 5412 1968 5480 misit,
2003 5411 2116 5481 ipse
2137 5426 2233 5481 pro
2263 5425 2343 5462 me
2373 5409 2498 5462 dicit
2531 5409 2882 5463 testimonium
2915 5410 2933 5478 (
2952 5407 3114 5461 Joan.
3149 5421 3204 5469 v,
3230 5405 3320 5466 57,
3353 5414 3398 5455 rt

1800 5522 1916 5572 vtu,
1955 5504 2065 5577 l8).
2095 5503 2282 5559 Nubes
2306 5512 2486 5558 autem
2516 5502 2734 5557 videtur
2765 5501 2943 5555 lucida
2971 5546 2985 5570 ,
3029 5511 3085 5555 et
3111 5499 3402 5554 obumbrat

1801 5654 1854 5699 et
1881 5643 2182 5713 Prophetas
2221 5658 2316 5712 per
2359 5642 2595 5713 Moysem
2625 5653 2681 5713 et
2712 5642 2882 5696 Eliam
2908 5640 3202 5710 significari
3230 5684 3242 5703 ,
3275 5658 3396 5713 qua:

1801 5717 1958 5772 obvia
1991 5712 2366 5787 interpretatio
2399 5712 2504 5783 est,
2538 5713 2597 5769 S.
2630 5712 2792 5769 Pater
2814 5730 2877 5769 ex
2902 5713 3136 5783 Origene
3167 5712 3396 5788 accepit.
