3962 6312
536 277 643 332 125

1780 271 1839 327 S.
1885 272 2155 331 EUSEBII
2196 272 2575 333 HIERONYMI

3716 273 3823 332 εει

532 409 635 451 eos
666 412 680 449 :
713 402 769 448 nt
799 393 892 464 qui
924 392 1143 448 carnale
1169 405 1201 445 e
1227 388 1536 458 frondibus,
1570 397 1665 444 aut
1689 391 1939 446 tentoriis
1966 407 2122 463 quaa-
2150 399 2200 459 Α
2226 405 2283 451 et
2317 403 2441 466 post
2471 402 2673 449 tantam
2712 391 2944 463 gloriam
2975 388 3118 460 apud
3150 391 3320 446 rudes
3345 390 3560 447 animos
3588 406 3817 465 sequens

537 488 734 543 reltant
764 485 1197 548 tabernaculum,
1229 481 1391 536 nubis
1418 480 1613 537 lucidze
1640 482 1990 552 operirentur
2015 498 2133 539 um-

534 581 782 636 braculo.
819 579 973 651 131
1008 578 1119 632 Vox
1145 590 1364 646 quoque
1393 574 1462 631 de
1484 575 1628 631 calo
1649 575 1829 631 Patris
1854 576 2135 647 loquentis

536 673 777 735 auditur,
807 686 925 740 qua:
947 679 1001 726 et
1032 668 1401 725 testimonium
1423 667 1704 736 perhibeat
1730 666 1902 734 Filio;
1934 676 1991 723 et
2027 668 2132 724 Pe-

535 775 675 822 trum
709 762 816 836 [AL
853 761 1043 835 Petri],
1074 775 1262 817 errore
1290 760 1507 816 sublato
1529 801 1544 825 ,
1574 759 1768 815 doceat
1798 760 2081 816 veritatem
2112 776 2128 814 :

534 857 701 913 immo
720 870 815 925 per
838 855 1057 910 Petrum
1079 863 1310 910 cmteros
1330 852 1627 923 apostolos.
1654 852 1763 907 Hie
1788 860 1884 917 est,
1910 854 2006 919 ait,
2039 851 2135 906 Fi-

534 951 638 1005 lius
669 964 813 1003 meus
840 947 1108 1002 dilectus:
1140 947 1271 1002 huic
1293 946 1562 1015 ﬁgendum
1590 957 1678 1001 est
1699 946 2128 1017 tabernaculum,

534 1040 660 1095 huic
683 1038 1187 1107 obtemperantium.
1223 1037 1322 1091 Hic
1350 1044 1434 1091 est
1464 1036 1625 1102 ﬁlius,
1673 1036 1753 1091 illi
1793 1037 1934 1093 servi
1964 1045 2132 1093 sunt:

535 1133 745 1205 Moyses
775 1144 831 1189 et
861 1132 1010 1188 Elias
1034 1132 1236 1188 debent
1266 1140 1323 1187 et
1343 1132 1443 1202 ipsi
1486 1131 1762 1187 vobiscum
1794 1132 1847 1187 in
1882 1141 2137 1203 penetra-

535 1227 678 1282 libus
706 1226 889 1282 cordis
908 1226 991 1281 sui
1016 1226 1245 1281 Domino
1265 1226 1673 1281 tabernaculum
1697 1241 2022 1297 preparare.

606 1320 791 1391 (Vcrs.
821 1318 902 1389 6.)
937 1318 1007 1373 Et
1030 1319 1299 1373 audientes
1328 1319 1617 1390 discipuli,
1644 1320 1943 1373 ceciderunt
1968 1320 2021 1373 in
2051 1318 2137 1389 fa-

535 1416 666 1470 ciem
691 1430 873 1480 suam,
904 1422 953 1467 et
984 1414 1267 1468 timuerunt
1296 1414 1466 1469 valde.
1501 1413 1791 1483 Triplicem
1821 1414 1894 1468 ob
1914 1427 2136 1469 causam

537 1522 740 1580 pavore
770 1518 1047 1562 terrentur
1073 1553 1086 1576 ,
1115 1508 1202 1563 vel
1231 1507 1355 1578 quia
1382 1522 1441 1563 se
1469 1522 1684 1564 errasse
1722 1518 2131 1578 cognoverant,

535 1601 624 1655 vel
649 1602 773 1667 quia
802 1601 977 1655 nubes
1020 1601 1194 1657 lucida
1223 1612 1517 1670 aperuerat
1555 1617 1651 1657 eos
1678 1642 1692 1665 ,
1740 1610 1832 1656 ant
1872 1603 2001 1674 quia
2037 1602 2133 1657 Dei

542 1692 718 1749 Patris
750 1708 939 1749 vocem
967 1693 1237 1762 loquentis
1268 1694 1554 1748 audierant
1597 1708 1613 1747 :
1657 1702 1684 1731 ι
1732 1696 1859 1765 quia
1900 1694 2133 1749 humana

2238 502 2259 527 π
2303 504 2434 546 crux
2464 488 2782 545 scandalum
2811 486 3041 543 faceret.

2304 583 2499 654 (Vers.
2536 582 2664 651 10.)
2698 580 2763 636 Et
2787 583 3239 652 interrogaverunt
3264 598 3382 637 eum
3409 582 3651 655 discipuli
3672 625 3690 652 ,
3733 585 3820 640 di-

2232 686 2400 732 centes
2422 690 2441 732 :
2471 676 2611 745 Quid
2631 691 2755 748 ergo
2774 674 2977 731 Scribat
2998 676 3204 743 dicunt,
3228 677 3369 747 quod
3391 676 3569 731 Etiam
3589 688 3821 749 oporteat

2233 774 2459 844 primum
2479 770 2692 826 uenire?
2712 769 2829 825 Nisi
2861 783 3057 824 causas
3085 768 3422 836 noverimus,
3455 785 3624 838 quare
3649 771 3820 828 inter-

2233 864 2543 935 rogaverint
2574 862 2827 933 discipuli
2858 876 3025 932 super
3053 861 3185 917 Elia:
3207 863 3452 927 nomine,
3482 866 3647 920 stulta
3673 865 3825 922 vide-

2232 965 2341 1026 tur,
2367 965 2423 1013 et
2444 955 2879 1013 extraordinaria
2899 970 3092 1011 eorum
3115 955 3500 1028 interrogatio.
3518 958 3657 1027 Quid
3680 960 3821 1015 enim

2234 1050 2478 1122 pertinet
2504 1050 2570 1105 ad
2602 1063 2688 1119 ea,
2722 1062 2845 1119 quas
2872 1062 3036 1118 supra
3067 1051 3265 1116 scripta
3297 1058 3447 1115 sunt,
3479 1050 3549 1106 de
3579 1050 3711 1106 Elim
3740 1051 3824 1108 ad.

2232 1152 2397 1201 ventu
2424 1143 2712 1215 quaerere?
2746 1139 2997 1197 Traditio
3023 1138 3049 1178 ά
3084 1141 3484 1196 Pharisaeorum
3510 1152 3636 1211 est,
3671 1144 3820 1215 juxta

2235 1238 2553 1293 Malacbiam
2587 1234 2914 1304 prophetam
2941 1231 3076 1305 (qui
3106 1242 3193 1289 est
3224 1235 3555 1289 novissimus
3594 1234 3651 1290 in
3690 1235 3825 1292 duo-

2235 1327 2440 1399 decim)
2470 1324 2616 1397 quod
2644 1324 2796 1380 Elias
2824 1324 3008 1379 veniat
3037 1334 3166 1378 ante
3184 1322 3479 1379 adventum
3506 1325 3820 1394 Salvatoris,

2235 1428 2291 1476 et
2322 1419 2544 1473 reducat
2573 1431 2671 1473 cor
2694 1426 2910 1487 patrum
2936 1415 3004 1471 ad
3036 1415 3178 1471 filios
3204 1459 3219 1483 ,
3267 1423 3325 1473 et
3350 1416 3589 1473 ﬁliorum
3628 1418 3696 1475 ad
3732 1433 3825 1491 pa-

2237 1522 2370 1577 tres,
2394 1519 2450 1566 et
2474 1511 2730 1566 restituat
2751 1510 2936 1564 omnia
2965 1510 3019 1564 in
3041 1510 3325 1580 antiquum
3346 1518 3546 1565 statum
3567 1511 3822 1584 (Halaelt.

2239 1602 2338 1676 tv).
2369 1602 2669 1659 Estimant
2694 1616 2829 1674 ergo
2857 1601 3115 1673 discipuli
3150 1602 3688 1659 transformationem
3712 1605 3828 1676 glo-

2237 1695 2338 1750 riae
2368 1695 2508 1751 hanc
2536 1710 2664 1751 esse
2686 1737 2701 1761 ,
2740 1708 2903 1766 quam
2934 1696 2986 1750 in
3017 1705 3206 1750 monte
3233 1695 3484 1761 videant,
3517 1705 3573 1752 et
3598 1697 3783 1753 dicunt
3809 1714 3824 1756 :

540 1786 804 1857 fragilitas
828 1797 1176 1857 conspectum
1208 1788 1432 1858 majoris
1456 1786 1644 1857 gloriae
1674 1786 1820 1843 ferre
1840 1802 1950 1843 non
1971 1787 2135 1844 susti-
2163 1782 2215 1844 B
2240 1787 2297 1845 Si
2320 1788 2435 1858 jam
2482 1788 2681 1844 venisti
2728 1787 2993 1858 in-gloria
3020 1832 3033 1855 ,
3080 1788 3355 1858 quomodo
3382 1803 3687 1858 praecursor
3710 1799 3827 1846 tuus

538 1890 653 1948 net,
686 1895 748 1935 ac
775 1888 888 1935 toto
919 1881 1101 1935 animo
1124 1886 1179 1935 et
1197 1895 1427 1949 corpore
1449 1883 1901 1950 contremiscens,
1932 1882 2000 1937 ad
2024 1891 2136 1938 ter-

537 1986 654 2028 ram
685 1972 857 2027 cadit.
903 1971 1121 2037 Quanto
1158 1972 1282 2042 quis
1322 1972 1585 2040 ampliora
1621 1974 1935 2043 quaesierit,
1985 1983 2136 2030 tanto

490 2076 493 2077 '
537 2066 709 2136 magis
736 2064 804 2119 ad
834 2064 1098 2120 inferiora
1128 2065 1422 2121 collabitur
1446 2107 1462 2133 ,
1527 2066 1572 2120 si
1616 2066 1948 2137 ignoraverit
1971 2054 2135 2123 inen-

540 2171 722 2212 suram
755 2172 931 2213 suam.

611 2250 798 2319 (Vers.
829 2248 912 2319 7.)
943 2249 1011 2304 Et
1037 2250 1251 2305 accessit
1274 2247 1452 2320 Iesus,
1486 2258 1537 2304 et
1560 2250 1726 2321 tetigit
1749 2266 1854 2305 eos.
1894 2252 2029 2319 Quia
2061 2251 2137 2307 illi

532 2342 791 2414 iacebant
814 2383 830 2409 ,
875 2351 929 2397 et
962 2356 1209 2413 surgere“
1234 2358 1343 2397 non
1370 2350 1625 2411 poterant
1649 2386 1662 2411 ,
1696 2342 1809 2412 ipse
1838 2344 2140 2399 clementer

540 2435 775 2500 accedit,
808 2443 863 2489 et
894 2435 1060 2505 tangit
1087 2449 1203 2502 eos,
1238 2444 1297 2489 ut
1324 2443 1466 2489 tactu
1494 2436 1742 2491 timorem
1767 2436 1936 2507 fuget,
1966 2445 2022 2492 et
2044 2435 2141 2491 de-

542 2527 753 2582 bilitata
785 2527 1028 2581 membra
1062 2527 1388 2582 solidentur.

613 2618 865 2690 Dixitque
888 2619 963 2673 eis
985 2635 1003 2672 :
1032 2619 1280 2693 Surgite,
1309 2629 1359 2674 et
1383 2620 1542 2675 nolite
1567 2624 1763 2678 timere.
1795 2621 1948 2689 Quos
1976 2635 2136 2675 manu

538 2719 843 2777 sanaverat,
878 2722 1032 2767 sanat
1059 2713 1315 2783 imperio.
1356 2711 1536 2767 Nolite
1565 2715 1766 2769 timere.
1794 2714 2037 2769 Primum
2062 2713 2135 2770 ti-

544 2818 669 2858 mor
692 2803 1011 2873 expellitur,
1042 2814 1095 2859 ut
1127 2813 1310 2874 postea
1335 2804 1585 2860 doctrina
1615 2806 1899 2862 tribuatur.

616 2896 636 2968 (
660 2897 813 2953 Vera.
849 2898 902 2952 8.
928 2895 950 2970 )
979 2895 1232 2951 Leoantes
1260 2898 1435 2952 autem
1464 2897 1646 2953 oculos
1673 2913 1800 2954 suos
1822 2944 1836 2967 ,
1884 2900 2139 2954 neminem

542 2989 807 3055 ﬁlerunt,
838 2992 939 3043 nisi
968 2991 1138 3044 solum
1167 2988 1369 3044 Iesum.
1401 2990 1823 3048 Rationahiliter
1852 3001 2138 3064 postquam

544 3092 941 3150 surrexerunt,
990 3098 1098 3137 non
1128 3083 1381 3139 viderunt
1411 3084 1513 3139 nisi
1539 3085 1714 3140 solum
1739 3085 1930 3141 Iesum
1954 3102 1969 3138 :
1996 3100 2067 3143 ne
2090 3087 2135 3142 si

2240 1896 2348 1935 non
2376 1891 2624 1951 apparet,
2645 1881 2879 1935 maxime
2900 1880 3026 1951 quia
3046 1880 3219 1935 Eliam
3244 1879 3495 1935 viderant
3516 1884 3825 1939 recessisse.

2239 1970 2465 2037 Quando
2495 1980 2675 2025 autem
2701 1968 2967 2038 adjiciunt
2994 1985 3010 2027 :
3046 1966 3248 2023 Scriba:
3275 1968 3459 2023 dicunt
3489 1970 3629 2039 quod
3662 1970 3826 2024 Etiam

2240 2071 2475 2133 apertast
2496 2065 2721 2136 primum
2740 2062 2914 2118 venire
2934 2078 2955 2116 :
2977 2061 3218 2117 Primum
3247 2061 3500 2132 dicendo,
3532 2063 3829 2119 ostendunt

2240 2158 2381 2226 quod
2412 2158 2513 2211 nisi
2540 2157 2686 2212 Elias
2716 2157 2949 2223 venerit,
2978 2170 3085 2211 non
3106 2156 3179 2212 sit
3198 2156 3503 2212 secundum
3524 2157 3829 2229 Scriptores

2238 2250 2543 2305 Saluatoris
2579 2249 2867 2304 adventus.

2314 2340 2495 2411 (Vers.
2529 2343 2618 2404 11.
2650 2342 2767 2412 12.)
2795 2341 2862 2395 At
2891 2339 2985 2395 ille
3008 2341 3330 2410 respondens
3350 2384 3366 2410 ,
3402 2342 3477 2395 ait
3498 2340 3607 2397 illis
3632 2358 3650 2396 :
3684 2339 3829 2395 Elius

2240 2433 2451 2500 quidem
2481 2446 2731 2489 uenturus
2757 2442 2832 2487 est
2859 2476 2873 2500 ,
2923 2444 2971 2488 ct
3005 2435 3240 2489 restituet
3268 2434 3462 2488 omnia.
3503 2432 3640 2488 Dico
3667 2444 3830 2489 autem

2239 2527 2381 2582 vobis
2400 2569 2415 2591 ,
2445 2527 2567 2598 quia
2597 2526 2749 2580 Elius
2768 2529 2885 2599 jam
2914 2528 3072 2583 venit.
3105 2527 3230 2597 Ipse
3255 2528 3344 2598 qui
3377 2534 3644 2582 venturus
3668 2537 3750 2582 est
3778 2527 3830 2581 in

2240 2621 2483 2678 secundo
2510 2621 2812 2676 Salvatoris
2839 2620 3080 2677 adventu
3109 2662 3121 2683 .
3162 2621 3317 2691 juxta
3350 2622 3600 2691 corporis
3628 2620 3787 2677 ﬁdem
3812 2664 3827 2691 ,

2241 2729 2383 2767 nunc
2414 2729 2510 2781 per
2534 2712 2800 2768 Joannem
2827 2713 2979 2768 venit
3010 2714 3065 2768 in
3088 2713 3295 2768 virtute
3322 2723 3375 2769 et
3404 2713 3596 2783 spiritu
3642 2723 3690 2766 ο.

2313 2806 2382 2862 Et
2400 2823 2504 2862 non
2525 2817 2871 2879 cognoverunt
2889 2823 3039 2874 eum;
3064 2808 3154 2862 sed
3170 2808 3401 2874 fecerunt
3425 2808 3476 2861 in
3500 2822 3559 2861 eo
3575 2821 3833 2878 quacum-

2238 2919 2337 2974 que
2357 2904 2632 2957 uoluerunt
2656 2919 2675 2957 :
2703 2902 2815 2956 Hoc
2838 2910 2943 2970 est,
2969 2910 3316 2973 spreverunt,
3345 2908 3401 2956 et
3420 2899 3830 2957 decollaverunt

2240 3009 2390 3049 eum.

2312 3085 2495 3159 (Vera.
2524 3085 2637 3155 15.)
2660 3084 2752 3143 Sic
2773 3096 2824 3141 et
2846 3083 3019 3141 Filius
3044 3087 3268 3141 hominis
3287 3100 3536 3158 passurus
3555 3094 3631 3139 est
3654 3085 3721 3141 ab
3741 3086 3832 3143 cis.

544 3174 760 3247 Moyses
790 3183 843 3229 et
874 3175 1021 3230 Elias
1054 3188 1500 3246 perseverassent
1525 3192 1647 3234 cum
1682 3178 1929 3246 Domino,
1963 3178 2141 3237 Patris
2164 3162 2211 3229 Ο
2242 3187 2393 3242 Tunc
2420 3189 2784 3244 intellexerunt
2808 3188 3088 3260 discipuli,
3116 3189 3241 3260 quia
3267 3189 3333 3243 de
3352 3186 3557 3243 Joanne
3587 3187 3829 3259 Baptista

540 3283 653 3324 vox
675 3270 952 3325 videretur
981 3271 1209 3337 incerta,
1240 3272 1328 3326 cui
1360 3272 1700 3342 potissimum
1722 3272 1875 3328 daret
1900 3275 2130 3329 testimo-

2248 3290 2456 3345 dixisset
2478 3290 2571 3345 eis.
2592 3289 2867 3359 Quaeritur
2888 3299 3066 3345 autem
3091 3304 3214 3344 cum
3230 3288 3477 3344 llerodes
3500 3288 3829 3345 ctllerodias

545 3364 716 3463 Pium'
753 3362 1113 3463 νίδθξξξθηξθ
1136 3365 1326 3463 ³⁸³¹¹¹Ϊ¹
1356 3374 1589 3463 “ante”?
1613 3405 1630 3434 ν
1664 3364 1844 3421 ³1³³⁸³³
1872 3366 2017 3463 η¹¹δξ⁵
2038 3409 2055 3434 ν
2086 3373 2146 3463 in
2239 3390 2503 3446 Joannem
2536 3390 2692 3463 133
2725 3390 3142 3459 interfecerint,
3183 3389 3459 3460 quomodo
3502 3390 3601 3462 ipsi
3638 3390 3821 3446 Jesum

552 3456 775 3526 Moysen
804 3467 860 3513 et
890 3457 1077 3529 Eliam;
1105 3459 1394 3512 evanuisse
1437 3474 1452 3511 :
1497 3458 1627 3527 quia
1662 3468 1950 3529 postquam
1977 3459 2140 3530 Legis

549 3560 604 3606 et
632 3552 1030 3622 Prophetarum
1064 3552 1258 3605 umbra
1289 3551 1636 3618 discesserit,
1683 3566 1805 3620 qua:
1834 3551 2143 3607 velamento

547 3658 647 3700 suo
675 3646 955 3715 apostolos
984 3652 1234 3710 texerat,
1278 3642 1308 3682 δ
1341 3655 1630 3716 utrumque
1656 3644 1844 3700 lumen
1871 3645 1925 3700 in
1956 3645 2138 3701 Even.

545 3737 690 3807 gelio
724 3740 1010 3803 reperitur.

618 3829 799 3899 (Vera.
833 3828 889 3884 9.
914 3827 932 3898 )
968 3828 1035 3882 Et
1063 3828 1485 3885 descendentibus
1516 3829 1627 3885 illis
1654 3830 1722 3884 de
1744 3839 1920 3885 monte
1946 3845 2141 3902 prace-

548 3921 624 3990 pit
656 3919 813 3992 132
841 3918 997 3974 Iesus
1017 3964 1031 3987 ,
1065 3921 1243 3975 dicens
1269 3938 1285 3972 :
1314 3920 1524 3975 Nemini
1566 3922 1808 3978 dixeritis
1845 3923 2092 3979 visionem
2120 3965 2137 3991 ,

546 4012 707 4066 donec
738 4009 914 4066 Filius
953 4012 1175 4066 hominis
1219 4029 1252 4066 α
1301 4014 1516 4066 mortuis
1540 4022 1799 4086 resurgat.
1831 4012 2022 4071 Fuluri
2048 4029 2139 4071 re-

542 4104 633 4174 gni
652 4104 1071 4174 praemeditatio,
1090 4113 1147 4161 et
1160 4104 1332 4177 gloria
1360 4105 1746 4175 triumphantis
1763 4106 2134 4163 demonstrata

548 4194 730 4251 fuerat
754 4196 808 4250 in
841 4207 1049 4251 monte.
1079 4195 1198 4251 Non
1227 4211 1360 4267 ergo
1385 4196 1501 4252 vult
1526 4197 1629 4253 hoc
1659 4198 1714 4253 in
1741 4199 1971 4269 populos
1998 4214 2138 4269 prte-

544 4288 715 4346 dicari
735 4330 750 4356 ,
781 4304 851 4346 ne
877 4299 934 4345 et
960 4290 1281 4348 incredibile
1313 4300 1459 4348 esset
1479 4306 1581 4363 pro
1610 4294 1692 4349 rei
1718 4294 2093 4365 magnitudine
2114 4339 2129 4367 ,

613 4554 639 4624 ξ
677 4546 859 4624 [Sostri
892 4564 1023 4607 mss.
1059 4558 1241 4624 tacent
1265 4552 1566 4620 causalem,
1598 4554 1745 4624 quia.

608 4615 636 4656 δ
677 4617 834 4693 Nullo
861 4636 1025 4676 sensu
1058 4621 1339 4693 legebatur
1366 4615 1754 4692 autea,’u'trum
1784 4624 1978 4681 lumen.
2013 4625 2123 4685 Re-

538 4690 678 4746 ctius
709 4690 762 4745 in
794 4694 994 4764 aliqum
1030 4690 1159 4747 mss.
1189 4692 1421 4764 legitur,
1464 4690 1641 4750 verum
1689 4712 1707 4750 :
1754 4696 1807 4752 in
1853 4696 2127 4766 plerisque

540 4770 720 4817 autem
752 4771 1029 4831 utrumque
1060 4781 1079 4819 :
1104 4779 1226 4834 qua:
1254 4774 1309 4820 et
1338 4768 1495 4821 nobis
1526 4769 1767 4836 reposita
1800 4768 1964 4823 lectio
1992 4777 2077 4823 est
2106 4784 2120 4833 ;

540 4848 864 4910 quamquam
895 4837 1102 4903 malim,
1134 4853 1295 4891 unum
1325 4839 1534 4910 restitui
1556 4842 1764 4910 absque
1790 4838 2126 4895 additameno

539 4917 595 4981 t_o
620 4948 637 4971 ,
668 4906 843 4961 lumen
870 4953 884 4975 ,
918 4922 1082 4981 quam
1112 4922 1298 4963 vorem
1330 4918 1385 4964 et
1418 4908 1658 4981 plerique
1678 4906 1819 4965 'mss.
1851 4910 2127 4981 ignorant.

541 4977 854 5050 Essetpvero
879 4977 990 5032 tum
1023 4978 1335 5050 Hieronymi
1365 4977 1545 5035 sensui
1577 4977 1910 5036 conformio'r
1939 4981 2127 5050 lectio,

541 5048 1042 5122 cum_0rigeniana;
1059 5048 1513 5122 interpretationi,
1547 5068 1668 5120 qua:
1696 5052 1859 5107 habet
1885 5069 1900 5104 :
1939 5048 2128 5122 Moses,

540 5121 628 5183 qni
658 5119 766 5173 Lex
794 5130 889 5187 est,
921 5130 968 5175 et
1001 5119 1168 5180 Elias.
1200 5120 1300 5175 hoc
1324 5132 1419 5178 est.
1454 5119 1754 5191 “Ophelte,
1778 5138 1921 5178 uauu
1934 5119 2131 5179 elidem

540 5193 667 5261 [acti
692 5201 814 5248 sunt
843 5210 904 5266 ac
928 5192 1084 5247 Jesns
1104 5237 1118 5261 ,
1161 5194 1215 5248 id
1240 5203 1314 5246 est
1339 5233 1353 5259 ,
1388 5191 1723 5266 Evangelium
1740 5210 1759 5259 ;
1789 5210 1879 5249 nec
1903 5206 1957 5251 ut
1987 5195 2130 5264 prius

539 5272 637 5316 tres
664 5272 836 5335 erant,
868 5263 939 5335 ita
962 5275 1393 5335 permanserant;
1422 5265 1510 5335 sed
1534 5263 1636 5335 tres
1659 5276 1811 5320 usus:
1836 5267 1961 5335 facti
1980 5275 2126 5321 sunt.

616 5345 637 5372 ο
678 5333 838 5389 Ratio
867 5333 983 5389 hinc
1016 5335 1221 5402 pridem
1253 5333 1508 5403 Origenis
1538 5334 1637 5390 fuit
1664 5351 1679 5389 :
1715 5333 1852 5389 Nam
1877 5379 1892 5402 ,
1927 5336 2123 5403 inquit,

538 5406 624 5474 qui
650 5406 989 5478 audivissent,
1021 5422 1084 5459 ac
1104 5406 1386 5477 prrrsertini
1411 5406 1594 5478 turbas,
1620 5416 1726 5460 tum
1754 5408 1976 5461 maxime
1996 5410 2129 5478 {nis-

538 5486 651 5550 sent
678 5475 923 5550 offensio,
945 5493 1073 5550 cum
1102 5475 1220 5530 eum
1248 5480 1392 5530 cruci
1417 5477 1629 5548 aﬂirum
1662 5478 1946 5545 vidissent,
1976 5475 2127 5550 quem

539 5546 631 5600 tali
645 5547 888 5614 affectum
901 5545 1083 5619 gloria:
1102 5545 1528 5613 accepissentf'At
1549 5550 1803 5619 persequi
1823 5545 2133 5604 annotantlo

545 5620 789 5693 studiose
828 5619 1040 5693 singula
1066 5660 1081 5682 ,
1129 5634 1253 5689 qua:
1288 5619 1489 5689 abillo
1525 5622 1799 5693 scriptore
1827 5631 2015 5679 noster
2040 5635 2137 5676 ex-

548 5690 773 5759 pressit,
806 5690 969 5744 nimis
997 5688 1212 5759 longum
1239 5703 1344 5747 est.

623 5756 648 5795 ⁸³
687 5759 971 5831 Origenes,
1002 5756 1259 5834 Discipuli
1290 5762 1544 5819 recordati
1567 5772 1686 5821 sunt
1708 5779 1905 5832 eorum,
1935 5777 2051 5835 qua:
2073 5762 2135 5821 de

2241 3507 2461 3561 quoque
2487 3492 2830 3547 crucifixisse
2858 3492 3108 3548 diCanlttr
3150 3508 3165 3546 :
3216 3507 3338 3547 cum
3376 3491 3620 3562 legamus
3652 3507 3775 3549 eum
3803 3506 3831 3545 a

2242 3594 2447 3651 Scribis
2468 3604 2524 3651 et
2544 3592 2836 3652 Phariszeis
2860 3595 3232 3651 interfectum?
3257 3595 3328 3651 Et
3345 3590 3585 3652 breviter
3611 3610 3836 3667 respono

2242 3695 2666 3767 deudum,quod
2685 3706 2739 3754 et
2762 3698 2812 3751 in
2841 3696 3071 3753 Joannis
3097 3712 3232 3755 nece
3269 3695 3288 3735 ί
3324 3696 3733 3755 Pharisaeorum
3754 3696 3832 3753 fa-

2243 3798 2352 3855 ctio
2376 3797 2718 3854 consenserit
2746 3840 2762 3866 ,
2809 3805 2863 3854 et
2911 3799 2963 3853 iu
3007 3796 3283 3854 occisione
3331 3797 3548 3855 Domini
3594 3796 3837 3856 llerodes

2236 3898 2479 3970 jnnxerit
2516 3898 2848 3954 voluntatem
2895 3913 3050 3955 suam
3086 3916 3102 3954 :
3144 3900 3234 3969 qui
3272 3898 3489 3955 illusum
3538 3910 3707 3971 atque
3747 3900 3836 3957 de-

2241 4011 2487 4072 spectum
2540 4001 2813 4058 remiserit
2865 4000 2933 4057 ad
2984 4000 3218 4057 Pilatum
3254 4040 3269 4069 ,
3327 4010 3385 4057 ut
3454 4002 3837 4075 eruciligerent

2243 4118 2391 4161 eum.

2312 4196 2490 4269 (Vera.
2528 4192 2621 4258 14,
2656 4193 2771 4264 15.)
2804 4192 3060 4262 Domine,
3109 4194 3348 4250 miserere
3388 4195 3500 4266 ﬁlio
3532 4211 3672 4262 meo,
3720 4195 3838 4267 quia

2242 4294 2503 4353 lunaticus
2548 4304 2646 4363 est,
2686 4304 2738 4351 et
2778 4293 2919 4350 male
2962 4295 3206 4367 patitur:
3255 4311 3376 4350 nam
3413 4310 3551 4368 sepe
3596 4297 3744 4351 cadit
3784 4295 3836 4350 in

2151 4555 2207 4618 D
2231 4552 2355 4608 Elia
2386 4551 2668 4607 traduntur
2692 4566 2726 4605 α
2748 4548 2953 4607 Scribis
2976 4588 2990 4613 ,
3024 4555 3145 4605 ante
3164 4544 3361 4605 Christi
3382 4545 3619 4618 videlicet
3650 4547 3837 4618 adreuo

2230 4632 2361 4689 tum,
2391 4621 2564 4677 Etiam
2589 4624 2871 4677 venientem
2902 4628 3321 4689 prarparaturum
3344 4620 3466 4689 huic
3490 4616 3704 4689 illorum
3726 4617 3837 4671 ani-

2230 4684 2361 4757 mas,
2379 4694 2470 4765 qui
2490 4710 2607 4749 eum
2627 4684 2918 4765 suscepturi
2942 4684 3084 4765 sunt.
3102 4690 3166 4744 At
3188 4689 3323 4765 risus
3349 4684 3570 4765 ξας,ραί
3590 4688 3643 4741 in
3669 4700 3839 4765 monte

2230 4758 2448 4835 contiqit
2474 4806 2488 4830 ,
2533 4781 2635 4834 quo
2676 4758 2924 4832 apparuit
2958 4761 3106 4816 Elius
3129 4802 3145 4827 ,
3191 4758 3509 4835 minimeltis
3537 4761 3840 4813 consentire

2233 4831 2676 4904 videbatnrpquaa
2704 4831 2845 4889 dicta
2873 4842 2997 4888 sunt
3046 4851 3079 4905 :7
3110 4831 3533 4905 quandoquidem
3567 4841 3838 4905 non‘ante.

2231 4910 2322 4962 sed
2349 4919 2465 4982 post
2492 4898 2674 4982 {esum
2706 4905 2787 4960 Itis
2816 4905 2967 4982 Elias
3014 4898 3279 4982 advenisse
3324 4898 3596 4982 risus‘est.
3628 4898 3837 4982 Idcirco

2231 4972 2471 5033 meniitos
2505 4977 2717 5035 Scribas
2747 4977 3103 5031 existimantes
3132 5020 3145 5040 ,
3194 4973 3305 5027 lucc
3334 4972 3513 5035 aiunt,
3552 4980 3661 5026 etc.
3693 4973 3836 5025 Con-
3884 4988 3893 4998 ·

2238 5052 2319 5106 fer
2347 5060 2404 5105 et
2434 5052 2487 5105 in
2514 5048 2789 5104 laudatum
2818 5046 3096 5103 Malachia:
3121 5047 3298 5101 locum
3326 5043 3642 5113 llieronymi
3673 5043 3834 5099 Cont-

2238 5123 2569 5178 mentarioa.
2624 5190 2629 5191 γ
2762 5180 2777 5191 ,

2311 5202 2334 5230 ο
2377 5194 2599 5249 Addunt
2621 5187 2851 5246 Palatini
2879 5205 3037 5260 mss.,
3067 5188 3201 5243 Elim
3222 5203 3239 5242 :
3262 5187 3451 5258 sicque
3480 5193 3691 5244 textum
3709 5200 3840 5242 con-

2238 5266 2472 5335 tinuant,
2504 5264 2593 5319 sed
2625 5279 2730 5316 non
2756 5271 3126 5335 cognouerunt,
3160 5272 3267 5335 etc.

2311 5334 2328 5372 τ
2366 5327 2477 5388 lloc
2510 5336 2688 5397 ipsum
2720 5327 3021 5403 proposita:
3048 5328 3342 5403 quaestioni
3380 5328 3684 5403 respondet
3722 5327 3840 5383 Ori-

2231 5420 2425 5475 genes.
2455 5406 2607 5473 Quod
2633 5400 2842 5461 causam
2860 5412 2906 5458 et
2935 5405 3037 5475 ipsi
3062 5400 3295 5475 (Scriba:
3324 5410 3379 5455 et
3403 5400 3686 5475 Pltariszci)
3709 5414 3842 5468 prato

2238 5470 2587 5537 buerunt'ltis.
2622 5492 2739 5548 qnte
2767 5470 3165 5548 adrersuse‘um
3189 5470 3502 5548 (lunonem)
3539 5482 3840 5548 perpetrare
3918 5492 3919 5509 :

2239 5566 2398 5605 ausus
2425 5558 2495 5603 est
2526 5543 2785 5603 Herodes.
2825 5545 2891 5600 Et
2921 5546 3103 5599 statim
3145 5560 3158 5595 :
3195 5543 3347 5606 Quod
3385 5553 3561 5595 autem
3608 5543 3842 5612 sequitur

2242 5623 2324 5677 his
2352 5635 2654 5688 expressum
2682 5618 2868 5677 verbis.
2902 5616 2996 5672 Sic
3031 5623 3085 5688 et
3114 5613 3283 5688 Filius
3310 5613 3546 5688 hominis
3580 5625 3842 5688 passurus

2242 5703 2324 5748 est
2367 5684 2435 5745 ab
2476 5691 2576 5755 cis,
2610 5690 2678 5744 ad
2729 5689 2941 5745 Scribas
2985 5684 3396 5756 referrinpotest,
3428 5685 3475 5743 si
3522 5684 3594 5741 ad
3631 5684 3843 5743 Scribas

2243 5777 2443 5837 quoque
2473 5754 2697 5833 refertur
2719 5759 2775 5814 id
2802 5758 2943 5832 quod
2970 5754 3239 5830 precedit,
3268 5764 3379 5815 etc.
