3962 6298
500 273 607 331 127
1745 274 1803 329 S.
1846 268 2107 330 EUSEBII

2218 265 2545 325 IERONVMI
3034 302 3053 319 .
3697 263 3816 321 ηε

496 384 807 451 tributaria,
849 394 904 440 et
931 398 1120 440 omnes
1156 385 1309 440 censi
1346 385 1524 455 capite
1559 385 1898 440 ferebantur.
1939 383 2093 440 Unde
2120 386 2170 447 Α
2200 389 2224 418 ³
2257 380 2518 435 Dominus
2549 377 2714 433 fuerit
2738 377 3091 449 paupertatis,
3127 386 3186 433 ut
3211 376 3358 434 unde
3389 377 3589 435 tributa
3618 394 3716 449 pro
3742 395 3819 437 se

497 483 554 531 et
576 475 784 547 Ioseph
807 490 931 531 cum
961 474 1130 530 Maria
1152 484 1382 544 cognata
1409 489 1506 529 sua
1541 476 1819 545 professus
1841 475 1949 549 [ΑΙ.
1978 489 2098 545 pro-
2198 482 2254 529 et
2282 472 2532 543 apostolo
2563 471 2834 535 redderet,
2862 486 2967 526 non
3001 471 3271 527 habuerit.
3295 470 3450 540 Quod
3478 472 3522 528 si
3552 474 3678 544 quis
3704 474 3818 530 ob-

502 566 702 641 iectus]
732 577 816 623 est
857 568 910 621 in
955 566 1260 623 Bethleem.
1293 565 1528 622 Rursum
1555 570 1815 639 quoniam
1862 571 2096 624 nutritus
2192 567 2363 638 jicere
2386 566 2615 621 voluerit
2642 585 2655 617 :
2679 564 3026 635 etquomodo
3046 565 3220 620 Iudas
3243 566 3297 619 in
3324 566 3524 621 loculis
3546 569 3817 636 portabat

500 668 621 713 erat
645 658 698 713 in
721 656 989 713 Namretb
1016 657 1184 728 (quod
1208 670 1293 715 est
1309 659 1570 729 oppidum
1596 659 1832 716 Galilaeze
1853 659 2096 732 Caphar-

498 766 665 807 naum
702 750 823 807 urbi
852 751 1163 824 subjacens)
1196 768 1264 808 ex
1292 768 1446 809 more
1482 765 1716 824 poscunt
1750 755 1952 810 tributa
1995 772 2011 809 :
2042 766 2099 811 et

497 860 598 915 pro
646 847 928 915 signorum
977 847 1353 917 magnitudine
1386 847 1442 903 hi
1490 848 1582 917 qui
1625 848 1936 919 exigebant,
1987 865 2095 904 nun

495 938 699 995 audent
737 938 915 1009 ipsum
948 948 1218 1011 repetere,
1261 940 1359 997 sed
1388 940 1714 1011 discipulum
1745 944 2095 1008 conveniunt,

494 1034 610 1090 sive
633 1033 907 1090 malitiose
931 1035 1272 1106 interrogant
1296 1053 1311 1090 :
1344 1022 1525 1090 utrum
1550 1034 1744 1090 reddat
1768 1036 1967 1091 tributa
1984 1077 1999 1105 ,
2028 1052 2095 1091 an

497 1129 845 1184 contradicat
889 1129 1124 1185 Cmsnris
1174 1130 1475 1196 voluntati;
1504 1129 1655 1200 juxta
1702 1129 1847 1201 quod
1893 1131 1947 1185 in
1993 1131 2100 1186 alio

493 1220 615 1276 loco
641 1222 915 1293 legimus:
967 1220 1108 1276 Licet
1138 1220 1361 1277 Caesaris
1399 1221 1594 1276 tributa
1626 1220 1847 1287 solvere,
1887 1239 1953 1277 an
1998 1240 2099 1277 non

502 1312 702 1383 (Marc.
736 1329 834 1379 xu,
868 1312 1004 1386 H)?

569 1404 639 1458 Et
675 1421 795 1459 cum
832 1407 1077 1460 intrasset
1108 1407 1159 1460 in
1187 1408 1431 1474 domum,
1463 1409 1713 1478 prmenit
1749 1423 1863 1461 eum
1910 1405 2062 1461 Iesus
2083 1448 2099 1474 ,

501 1498 701 1552 dicens.
728 1497 832 1564 Qui
860 1497 1181 1553 didraclnna
1210 1499 1521 1569 exigebant,
1554 1513 1798 1554 seorsum
1824 1514 2101 1555 convene-

501 1601 625 1646 rant
667 1590 907 1646 Petrum.
953 1588 1200 1662 Cumque
1238 1591 1497 1647 intrasset
1524 1591 1770 1657 domum,
1810 1600 2099 1661 antequam

497 1682 694 1739 Petrus
724 1694 1064 1756 suggereret,
1094 1687 1392 1757 interrogat
1430 1685 1716 1752 Dominus,
1767 1701 1838 1741 ne
1873 1686 2103 1741 scanda-

2199 661 2522 733 pecuniam?
2555 658 3051 728 Respondebimus,
3086 674 3201 713 rem
3236 672 3531 728 pauperum
3577 659 3633 713 in
3671 675 3815 715 usus

2200 767 2328 808 suos
2352 759 2678 806 convertere
2703 748 2856 805 nefas
2882 749 3113 820 putavit,
3143 750 3408 821 nobisque
3436 749 3584 806 idem
3615 750 3818 807 tribuit

2200 843 2533 913 exemplum.

2276 935 2433 1005 (Cap.
2476 932 2908 990 XVlll.—Vers.
2959 934 3040 1007 l.)
3092 932 3159 989 In
3182 935 3278 989 illa
3307 934 3438 989 hora
3467 945 3816 991 accesserunt

2201 1028 2449 1095 discipuli
2472 1025 2541 1079 ad
2566 1024 2767 1091 Iesum,
2800 1025 3026 1080 dicentes
3052 1043 3068 1079 :
3099 1028 3228 1095 Quis
3252 1036 3405 1097 putas
3434 1029 3608 1099 major
3637 1037 3712 1083 est
3752 1029 3815 1084 in

2208 1122 2359 1195 137
2387 1136 2545 1192 regno
2570 1120 2817 1174 caelorum
2837 1121 2862 1175 τι
2881 1120 3040 1188 Quod
3064 1134 3210 1189 saepe
3234 1120 3439 1186 monui,
3464 1123 3631 1175 etiam
3662 1136 3817 1177 nunc

2201 1215 2601 1271 observandmn
2627 1223 2732 1267 est.
2756 1210 2948 1267 Causa:
2974 1212 3279 1281 quaerenda:
3306 1221 3433 1267 sunt
3461 1213 3813 1283 singulorum

2201 1306 2418 1361 Domini
2463 1306 2731 1361 dictorum
2781 1314 2944 1375 atque
2994 1304 3284 1360 factorum.
3336 1305 3466 1360 Post
3516 1307 3811 1361 inventum

2203 1410 2458 1456 staterem
2480 1442 2495 1469 ,
2530 1410 2650 1470 post
2683 1400 2882 1454 tributa
2934 1400 3179 1465 reddita,
3211 1398 3347 1470 quid
3386 1398 3490 1454 sibi
3522 1399 3640 1453 vult
3669 1415 3812 1470 apo-

2202 1497 2471 1552 stolorum
2504 1496 2789 1565 repentina
2818 1494 3215 1565 interrogatio?
3242 1492 3310 1548 In
3349 1494 3444 1548 illa
3470 1493 3601 1548 liora
3629 1510 3817 1551 acces-

2202 1598 2377 1644 serunt
2419 1589 2664 1661 discipuli
2691 1588 2761 1643 ad
2788 1587 2968 1643 Iesum
2999 1589 3248 1653 dicentes,
3280 1587 3407 1655 Quis
3438 1596 3590 1657 putas
3635 1590 3814 1659 major

2204 1694 2278 1739 est
2308 1686 2359 1739 in
2386 1701 2545 1756 regno
2571 1686 2854 1740 caelorum?
2873 1685 3009 1753 Quia
3036 1685 3283 1740 viderant
3313 1699 3408 1753 pro
3432 1683 3597 1739 Petro
3618 1694 3671 1739 et
3698 1683 3816 1738 Do-

498 1777 736 1833 lizentur
763 1778 1016 1848 discipuli
1046 1778 1112 1833 ad
1144 1778 1571 1851 postulationem
1600 1778 1822 1844 tributi;
1870 1794 1992 1853 cum
2024 1779 2102 1834 vi-
2133 1772 2180 1832 B
2207 1780 2353 1834 mino
2387 1780 2525 1835 idem
2557 1779 2818 1835 tributum
2849 1779 3149 1843 redditum,
3179 1793 3245 1834 ex
3273 1778 3583 1848 aequalitate
3619 1779 3813 1848 pretii,

500 1870 666 1927 deant
693 1885 818 1926 eum
851 1885 1014 1927 nosse
1037 1888 1156 1942 quae
1186 1872 1415 1927 absente
1442 1887 1503 1928 se
1529 1882 1680 1941 gesta
1712 1881 1862 1927 sunt.

572 1962 754 2036 (Vers.
777 1962 897 2035 25.)
931 1962 1072 2030 Quid
1102 1963 1193 2017 tibi
1226 1964 1452 2029 videtur,
1487 1962 1716 2019 Simon?
1749 1962 1914 2037 Reges
1952 1972 2105 2020 terra:

500 2075 534 2111 a
557 2056 743 2128 quibus
776 2057 1039 2128 accipiunt
1082 2057 1329 2111 tributum
1370 2057 1447 2111 vel
1483 2072 1715 2124 censum,
1750 2073 1783 2110 a
1809 2057 1934 2126 ﬁliis
1971 2058 2101 2123 suis,

503 2165 572 2204 an
596 2149 661 2203 ab
687 2147 912 2203 alienis?
940 2146 1011 2203 Et
1039 2148 1133 2203 ille
1165 2149 1297 2204 dixit
1320 2164 1337 2202 :
1365 2149 1442 2203 Ab
1474 2149 1681 2203 alienis.
1716 2146 1864 2202 Dixit
1903 2150 1983 2203 illi
2009 2149 2103 2204 Ie-

502 2258 591 2295 sus
614 2257 632 2294 :
663 2239 808 2312 Ergo
844 2241 993 2295 liberi
1023 2249 1146 2295 sunt
1173 2241 1290 2310 ﬁlii.
1318 2240 1585 2296 Dominus
1620 2240 1779 2312 136
1816 2253 2021 2307 neater,
2054 2250 2109 2295 et

504 2336 805 2391 secundum
837 2351 1078 2400 carnem,
1123 2343 1181 2390 et
1220 2333 1521 2390 secundum
1544 2334 1793 2404 spiritum
1828 2332 1973 2390 illius
2015 2349 2107 2389 re-

505 2431 590 2501 gis
637 2440 776 2493 erat,
818 2428 903 2484 vel
948 2444 1014 2483 ex
1046 2427 1219 2483 David
1246 2428 1420 2497 stirpe
1465 2435 1777 2497 generatus,
1811 2428 1892 2482 vel
1933 2427 2111 2482 omni-

507 2523 743 2594 potentis
771 2522 1008 2578 Verbum
1038 2520 1242 2577 Patris.
1276 2521 1419 2591 Ergo
1466 2518 1665 2575 tributa
1715 2519 1872 2589 quasi
1922 2534 2107 2588 regum

504 2619 647 2674 illius
708 2634 816 2672 non
869 2616 1147 2684 debebat,
1209 2615 1306 2670 sed
1363 2614 1459 2685 qui
1512 2612 1877 2669 humilitatem
1928 2612 2110 2668 carnis

505 2719 906 2780 assumpserat.
962 2709 1149 2764 debuit
1190 2707 1492 2776 adimplere
1558 2719 1773 2762 omnem
1819 2705 2110 2775 juStitiam.

508 2803 728 2873 Nosque
767 2802 1012 2859 infelices
1040 2802 1133 2874 qui
1178 2800 1384 2857 Christi
1430 2815 1720 2856 censemur
1774 2798 2015 2863 nomine,
2056 2808 2114 2855 et

514 2897 653 2953 nihil
679 2897 901 2966 dignum
930 2905 1077 2952 tanta
1107 2894 1333 2950 iacimus
1356 2894 1645 2963 majestate
1671 2911 1685 2947 :
1718 2892 1808 2948 ille
1835 2906 1932 2961 pro
1955 2891 2112 2947 nobis

508 2998 562 3044 et
589 3003 808 3045 crucem
839 2987 1119 3050 sustinuit,
1152 2998 1204 3041 et
1249 2987 1453 3040 tributa
1485 2983 1739 3052 reddidit,
1782 2998 1881 3038 nos
1910 3000 2013 3054 pro
2045 2983 2113 3037 il-

513 3082 617 3137 lius
649 3082 859 3137 honore
883 3081 1085 3136 tributa
1111 3094 1220 3135 non
1252 3078 1556 3147 reddimus,
1580 3085 1635 3133 et
1658 3075 1811 3147 quasi
1844 3075 1937 3130 lilii
1965 3074 2111 3146 regis

512 3189 543 3229 a
574 3174 926 3247 vestigalibus
959 3174 1231 3228 immunes
1256 3186 1467 3227 sumus.

580 3266 765 3340 (Vers.
792 3264 913 3337 26.)
947 3265 1017 3321 Ut
1043 3274 1214 3321 autem
1241 3282 1346 3320 non
1376 3265 1786 3321 scandalizemus
1814 3281 1902 3320 eos
1937 3282 1956 3319 :
1981 3266 2111 3320 vade

508 3362 578 3417 ad
609 3378 772 3428 mare,
819 3372 867 3416 et
898 3363 1039 3417 mitte
1063 3360 1296 3430 hamum,
1340 3370 1385 3416 et
1427 3378 1541 3416 eum
1566 3363 1759 3435 piscem
1788 3362 1877 3433 qui
1910 3364 2110 3431 primus

508 3456 821 3520 ascenderit,
864 3454 1007 3511 tolle.
1048 3454 1118 3508 Et
1155 3466 1335 3527 aperto
1383 3470 1473 3508 ore
1518 3458 1654 3527 ejus,
1688 3456 1909 3513 invenies
1946 3464 2108 3508 state—

510 3566 618 3604 rem
645 3566 665 3604 :
692 3550 845 3604 illum
865 3564 1094 3608 sumens,
1123 3548 1193 3601 da
1222 3550 1295 3602 eis
1322 3562 1418 3618 pro
1444 3562 1524 3600 me
1545 3559 1593 3601 et
1619 3556 1685 3600 te.
1711 3547 1850 3614 Quid
1878 3548 2110 3616 primum

513 3641 682 3696 mirer
715 3641 768 3695 in
811 3639 915 3695 hoc
937 3640 1080 3705 loco,
1114 3640 1327 3705 nescio,
1356 3649 1539 3694 utrum
1583 3638 2011 3710 prtcscientiam,
2043 3655 2109 3695 an

516 3732 946 3803 magnitudinem
991 3731 1309 3788 Salvatoris.
1339 3731 1746 3788 Prmsciettliam
1778 3733 1922 3803 quod
1948 3749 2115 3789 nove-

509 3834 595 3882 rat
623 3827 828 3895 piscem
855 3824 1059 3881 habcre
1108 3828 1161 3879 in
1193 3840 1292 3881 ore
1316 3833 1597 3891 staterem,
1636 3833 1691 3881 et
1734 3824 1874 3896 quod
1906 3825 2112 3895 primus

509 3918 629 3988 ipse
657 3917 957 3989 capiendus
977 3926 1144 3973 esset.
1177 3917 1604 3988 Magnitudinem
1633 3926 1797 3987 atque
1827 3916 2110 3984 virtutem,

509 4012 554 4067 si
585 4009 652 4065 ad
684 4011 910 4066 verbum
942 4010 1065 4079 ejus
1088 4011 1273 4066 statim
1308 4020 1475 4066 statcr
1496 4011 1550 4066 in
1578 4024 1675 4066 ore
1702 4010 1867 4081 piscis
1893 4020 2112 4067 creatus

511 4114 620 4170 est,
653 4115 707 4160 et
752 4102 895 4175 quod
941 4105 1182 4161 futurum
1233 4116 1370 4172 erat,
1411 4107 1531 4177 ipse
1583 4106 1858 4177 loquendo
1899 4107 2107 4163 fecerit.

514 4197 743 4255 Videtur
783 4210 964 4255 autem
999 4200 1131 4255 mihi
1160 4201 1454 4257 secundum
1487 4200 1747 4273 mysticos
1777 4202 2106 4268 intellectus,

512 4290 617 4345 iste
654 4305 779 4346 esse
829 4291 992 4360 piscis
1022 4293 1113 4357 qui
1148 4291 1357 4361 primus
1394 4300 1586 4362 captus
1624 4302 1729 4361 est,
1768 4294 1858 4362 qui
1900 4294 1950 4348 in
1987 4309 2114 4364 pro-

513 4379 682 4435 l'undo
716 4382 885 4436 maris
914 4391 1030 4437 erat
1056 4428 1069 4451 ,
1100 4393 1156 4437 et
1183 4384 1235 4437 in
1268 4383 1428 4439 salsis
1458 4384 1774 4451 amarisque
1811 4385 2113 4455 gurgitibus

513 4473 849 4539 morabatur,
879 4482 937 4527 ut
984 4489 1081 4541 per
1105 4475 1404 4531 secundum
1441 4476 1611 4532 Adam
1652 4477 1976 4532 liberaretur
2006 4476 2113 4546 pri-

2205 1873 2449 1928 arbitrati
2481 1883 2607 1927 sunt
2641 1874 2857 1928 Petrum
2890 1873 3145 1929 omnibus
3175 1872 3438 1944 apostolis
3462 1888 3585 1928 esse
3614 1873 3818 1943 praela-

2207 1973 2343 2033 tum,
2369 1967 2535 2036 quiin
2563 1966 2871 2022 redditione
2899 1966 3090 2022 tributi
3123 1966 3349 2020 Domino
3379 1966 3556 2021 fuerat
3583 1978 3817 2036 compa-

2208 2068 2383 2123 ratus,
2414 2057 2538 2113 ideo
2571 2056 2930 2129 interrogant,
2965 2058 3087 2127 quis
3117 2057 3291 2126 major
3319 2056 3392 2112 sit
3417 2055 3469 2111 in
3500 2071 3670 2127 regno
3692 2072 3814 2114 cae-

2209 2150 2423 2206 lorum?
2477 2150 2789 2221 Videasque
2836 2150 2998 2206 Iesus
3051 2150 3412 2220 cogitationes
3459 2164 3647 2205 eorum
3685 2191 3701 2213 ,
3757 2158 3814 2205 et

2208 2260 2402 2301 causas
2439 2249 2641 2300 erroris
2683 2245 3009 2315 intelligens,
3053 2243 3167 2298 vult
3211 2242 3543 2299 desiderium
3589 2241 3809 2314 glorizr,

2212 2334 2530 2390 humilitatis
2560 2336 2912 2391 contentione
2939 2350 3160 2392 sanare.

2282 2427 2467 2501 (Vers.
2499 2426 2578 2497 2.)
2609 2427 2675 2481 Et
2697 2428 2955 2483 aduocans
2978 2426 3133 2481 Iesus
3156 2427 3452 2499 parvulum,
3485 2427 3672 2481 statuit
3689 2443 3813 2481 eum

2210 2522 2268 2576 in
2288 2520 2455 2575 medio
2484 2537 2684 2588 eorum,
2733 2530 2777 2575 et
2811 2522 2963 2576 dixit.
3008 2521 3106 2577 Vel
3157 2520 3479 2591 simpliciter
3505 2520 3814 2592 quemlibet

2214 2612 2523 2685 parvulum,
2557 2625 2610 2667 ut
2642 2623 2859 2669 aetatem
2882 2624 3174 2684 qumreret,
3205 2622 3259 2670 et
3280 2612 3691 2670 similitudinem
3726 2613 3812 2667 in-

2214 2710 2483 2765 nocentiae
2528 2708 2955 2765 demonstraret.
2987 2708 3089 2765 Vel
3119 2717 3266 2764 certe
3308 2708 3587 2777 parvulum
3615 2706 3813 2761 statuit

2214 2802 2267 2856 in
2302 2801 2482 2856 medio
2518 2816 2706 2856 eorum
2756 2801 3022 2869 seipsum,
3070 2801 3163 2870 qui
3207 2815 3311 2855 non
3354 2798 3676 2865 ministrari,
3712 2797 3809 2854 sed

2214 2895 2525 2950 ministrare
2537 2903 2785 2960 venerat,
2812 2904 2869 2947 ut
2897 2894 2979 2949 eis
3000 2894 3321 2950 humilitatis
3343 2893 3812 2949 tribueretexem-

2215 2989 2383 3058 plum.
2437 2990 2541 3043 Alii
2588 2988 2874 3059 parvulum
2920 2989 3355 3056 interpretantur
3384 2986 3647 3057 Spiritum
3678 3001 3812 3040 sau~

2214 3094 2385 3147 ctum,
2410 3096 2574 3153 quem
2608 3082 2852 3152 posuerit
2880 3082 2933 3135 in
2966 3080 3224 3137 cordibus
3245 3079 3665 3149 discipulorum,
3700 3076 3730 3117 δ
3756 3085 3813 3133 ut

2136 3161 2183 3225 C
2216 3174 2531 3245 superbiam
2560 3175 2612 3228 in
2653 3173 3019 3230 humilitatem
3048 3183 3306 3229 mutaret.

2285 3266 2470 3336 (Vers.
2514 3267 2597 3336 '5.)
2626 3268 2789 3322 Amen
2833 3266 2953 3322 dico
2992 3266 3156 3332 vobis,
3201 3267 3303 3320 nisi
3332 3267 3564 3319 conuersi
3605 3266 3811 3337 fueritis

2213 3370 2257 3415 et
2283 3361 2582 3432 efﬁciamini
2604 3362 2737 3414 sicut
2760 3361 2984 3431 paruuli,
3011 3377 3113 3414 non
3137 3360 3394 3413 intrabitis
3416 3360 3469 3412 in
3482 3375 3700 3432 regnum
3714 3375 3812 3413 co:-

2215 3455 2405 3509 lorum.
2433 3453 2553 3509 Non
2584 3454 2892 3525 praecipitur
2919 3455 3207 3525 apostolis,
3239 3464 3293 3508 ut
3323 3462 3535 3508 mtatem
3569 3454 3812 3508 habeant

2215 3548 2589 3618 parvulorum,
2641 3550 2738 3605 sed
2785 3560 2840 3604 ut
2890 3549 3284 3612 innocentiam,
3331 3555 3386 3602 et
3425 3547 3570 3617 quod
3603 3547 3681 3602 illi
3719 3562 3812 3617 per

2215 3654 2389 3696 annos
2419 3641 2721 3711 possident,
2761 3640 2816 3696 hi
2855 3641 3172 3711 possideant
3214 3656 3310 3711 per
3347 3639 3673 3695 industriam
3709 3657 3725 3698 :
3757 3649 3813 3696 ut

2222 3732 2450 3796 malitia,
2482 3749 2588 3788 non
2621 3734 2888 3803 sapientia
2914 3734 3123 3804 parvuli
3146 3732 3274 3789 sint.

2286 3824 2469 3894 (Vers.
2500 3824 2582 3897 4.)
2608 3826 2926 3897 Quicumque
2947 3842 3069 3897 ergo
3094 3825 3441 3880 humiliaverit
3466 3842 3520 3880 se
3540 3827 3674 3880 sicut
3689 3844 3813 3899 par-

2212 3915 2363 3972 uulus
2391 3919 2507 3983 iste,
2538 3918 2622 3972 hic
2646 3927 2723 3972 est
2749 3920 2919 3989 major
2948 3919 3002 3973 in
3033 3934 3191 3989 regno
3221 3917 3491 3972 rariorum.
3522 3917 3675 3974 Sicut
3713 3917 3813 3972 iste

2216 4011 2496 4077 parvulus,
2524 4011 2681 4078 cnjns
2707 4010 2866 4065 vobis
2906 4011 3220 4080 exemplum
3249 4010 3454 4075 tribuo,
3489 4023 3595 4064 non
3627 4025 3813 4081 perse-

2214 4115 2367 4160 verat
2397 4104 2451 4158 in
2487 4104 2783 4169 iracundia,
2821 4120 2927 4158 non
2958 4104 3118 4160 laesus
3162 4103 3430 4171 meminit,
3468 4119 3574 4157 non
3617 4104 3810 4158 videns

2214 4196 2498 4267 pulchram
2533 4197 2818 4253 mulierem
2857 4197 3187 4263 delectatur,
3235 4212 3344 4252 non
3387 4195 3533 4251 aliud
3582 4198 3809 4266 Cogitat,

2213 4298 2267 4342 et
2298 4286 2446 4341 aliud
2490 4288 2730 4354 lnquitur
2761 4305 2776 4346 :
2810 4290 2890 4344 sic
2928 4299 2982 4345 et
3025 4304 3123 4345 vos
3168 4289 3272 4345 nisi
3307 4288 3468 4344 talem
3506 4287 3811 4343 habueritis

2216 4380 2601 4444 innocentiam,
2628 4389 2681 4434 et
2704 4380 2869 4435 animi
2896 4381 3211 4449 puritatem,
3238 4395 3346 4434 non
3372 4379 3622 4448 poteritis
3647 4394 3812 4447 regna

2216 4471 2479 4526 caelorum
2512 4472 2735 4527 intrare.
2769 4472 2895 4530 Sive
2924 4473 3085 4529 aliter
3112 4493 3123 4527 :
3158 4474 3478 4543 Quicumque
3504 4473 3816 4526 humiliore-

514 4581 634 4621 mus
662 4565 831 4620 Adam
867 4584 881 4621 :
915 4579 969 4622 et
995 4568 1048 4623 id
1071 4570 1214 4638 quod
1245 4571 1297 4626 in
1328 4586 1426 4626 ore
1455 4571 1596 4639 ejus,
1631 4570 1732 4627 hoc
1771 4582 1853 4627 est
1895 4572 1947 4627 in
1973 4587 2109 4626 con-
2134 4547 2190 4609 Ῑ)
2211 4565 2278 4619 rit
2306 4581 2363 4619 se
2390 4566 2519 4619 sicut
2547 4567 2793 4638 parvulus
2821 4568 2937 4633 iste,
2980 4567 3063 4621 hic
3089 4578 3159 4622 est
3190 4570 3362 4640 major
3387 4567 3441 4620 in
3470 4581 3630 4635 regno
3656 4567 3815 4620 calo-

512 4657 751 4713 l’essione
776 4656 954 4713 fuerat
980 4657 1281 4724 inventum,
1315 4677 1415 4729 pro
1441 4662 1600 4717 Petro
1630 4671 1685 4716 et
1716 4663 1944 4718 Domino
1984 4663 2111 4717 red-

513 4746 751 4804 deretur.
790 4750 854 4805 Et
884 4749 1107 4819 pulchre
1134 4750 1365 4822 idipsum
1395 4754 1615 4824 quidem
1646 4753 1804 4811 datur
1852 4756 2108 4826 pretium,

512 4844 607 4899 sed
638 4842 875 4898 divisum
902 4853 1008 4908 est,
1038 4845 1165 4913 quia
1194 4860 1291 4914 pro
1315 4845 1478 4903 Petro
1506 4836 1667 4918 quasi
1694 4863 1791 4917 pro
1828 4860 2113 4918 peccatore

517 4935 747 5005 pretium
780 4936 1155 4992 reddebatur:
1200 4937 1463 4994 Dominus
1490 4950 1670 4995 autem
1708 4952 1897 4995 noster
1923 4958 2113 5010 pecca-

515 5039 627 5084 tum
660 5044 765 5084 non
804 5030 1027 5100 fecerat,
1064 5047 1164 5086 nec
1194 5032 1351 5087 dolus
1379 5034 1633 5089 inventus
1666 5045 1748 5089 cst
1774 5036 1825 5089 in
1857 5050 1952 5091 ore
1993 5036 2113 5105 ejus

518 5120 675 5192 (lsai.
711 5130 847 5192 LIII).
879 5122 1063 5179 Stater
1094 5125 1320 5185 dicitur.
1366 5126 1456 5193 qui
1505 5125 1616 5180 duo
1656 5126 1818 5181 habet
1860 5127 2116 5181 didrach-

516 5223 683 5276 inata.
714 5225 768 5269 ut
793 5215 1179 5270 ostenderetur
1201 5216 1506 5271 similitudo
1534 5218 1738 5283 carnis,
1764 5217 1889 5272 dum
1919 5220 2113 5273 eodem

514 5313 568 5359 et
597 5321 793 5360 servus
822 5317 877 5361 et
908 5306 1171 5361 Dominus
1199 5308 1377 5377 pretio
1410 5296 1734 5363 liberantur.
1765 5308 1872 5365 Sed
1899 5321 1953 5364 et
1982 5310 2116 5366 sint-

514 5397 730 5467 pliciter
759 5399 1097 5456 intellectum
1133 5399 1369 5457 aediﬁcat
1413 5400 1714 5458 auditorem
1751 5404 1921 5458 :dum
1954 5414 2115 5458 tanta!

585 5571 612 5600 ι
642 5561 779 5619 Tres
807 5576 942 5618 mss.
973 5563 1223 5631 Palatini,
1260 5572 1417 5619 tunae
1448 5562 1729 5619 Dominum
1768 5564 1915 5617 audit
1944 5563 2105 5634 fuisse

512 5636 833 5704 paupertatis

580 5701 612 5776 it
635 5702 874 5776 Cratere.
909 5721 1041 5776 mss.
1068 5706 1269 5776 aliique
1292 5720 1460 5775 penes
1498 5706 1901 5772 biartianatum,
1934 5713 1987 5758 ut
2014 5720 2103 5759 su-

503 5774 731 5847 perbiam
769 5773 1059 5829 humilitate
1101 5773 1380 5832 mutarent.
1419 5777 1692 5833 Czeterum
1735 5786 1790 5832 et
1835 5777 1953 5834 lttec
1985 5776 2100 5848 ipsa

2214 4675 2352 4714 rum.
2382 4658 2483 4726 Qui
2526 4659 2767 4716 imitatus
2794 4662 2954 4717 luerit
2985 4676 3091 4721 me,
3117 4669 3172 4716 et
3192 4675 3251 4716 se
3274 4661 3326 4715 in
3360 4659 3674 4728 exemplum
3706 4657 3811 4714 mei

2217 4750 2602 4818 Itumiliaverit,
2631 4765 2689 4810 ut
2715 4763 2924 4810 tantum
2948 4772 3006 4810 se
3029 4755 3273 4826 dejiciat,
3299 4763 3564 4825 quantum
3595 4771 3701 4824 ego
3724 4755 3813 4808 de-

2214 4845 2323 4912 jeci
2356 4845 2553 4916 [Supp.
2589 4845 2722 4917 me],
2759 4847 2917 4919 138
2949 4846 3184 4902 formam
3213 4847 3361 4902 servi
3392 4846 3693 4916 accipiens,
3727 4845 3813 4899 hic

2225 4939 2450 4995 intrabit
2482 4942 2534 4995 in
2562 4957 2788 5011 regnum
2810 4943 3077 4996 ctnlorum
3101 4940 3364 5014 (Philipp.
3400 4956 3435 4995 ll
3467 4939 3508 5011 ).

2286 5034 2469 5103 (Vers.
2502 5034 2585 5107 5.)
2619 5033 2683 5088 Et
2711 5037 2799 5107 qui
2828 5037 3112 5105 susceperit
3143 5052 3304 5088 unum
3349 5032 3625 5104 parvulum
3659 5035 3810 5087 (alunt

2214 5128 2270 5181 in
2298 5128 2507 5181 nomine
2528 5145 2661 5193 meo,
2692 5144 2769 5183 me
2789 5108 3034 5195 suscipit.
3057 5128 3158 5194 Qui
3184 5127 3307 5182 talis
3332 5125 3514 5191 fuerit,
3533 5126 3808 5182 utChristi

2218 5218 2462 5273 itnitetur
2488 5218 2855 5273 humilitatem
2890 5229 2943 5273 et
2976 5219 3368 5281 innocentiam,
3393 5220 3445 5273 in
3473 5233 3539 5273 eo
3563 5219 3810 5273 Christus

2216 5310 2528 5379 suscipitur.
2561 5309 2620 5363 Et
2654 5309 2975 5379 prudenter,
2998 5324 3065 5364 ne
3086 5325 3206 5364 cum
3234 5310 3474 5363 delatum
3500 5308 3666 5363 luerit
3686 5324 3810 5378 apo-

2218 5404 2393 5470 stolis,
2446 5418 2506 5459 se
2537 5411 2729 5474 putent
2775 5403 3097 5469 honoratos,
3143 5401 3365 5472 adjecit,
3397 5417 3504 5456 non
3558 5402 3685 5458 illos
3730 5400 3808 5455 sui

2212 5580 2279 5619 ex
2304 5562 2540 5636 Origene
2576 5563 2957 5636 interpretatio
2987 5563 3267 5617 derivatur
3296 5579 3310 5618 :
3352 5560 3501 5636 Vide
3530 5580 3654 5616 num
3685 5577 3808 5636 pue-

2215 5653 2328 5688 rum
2353 5652 2383 5688 a
2412 5630 2539 5689 Iesu
2575 5630 2906 5695 accersitum,
2938 5645 3176 5689 sanctum
3205 5648 3313 5688 esse
3353 5632 3616 5700 Spiritum
3645 5630 3807 5689 dicere

2214 5708 2400 5777 possis,
2438 5707 2527 5776 qui
2566 5707 2791 5772 seipsum
2820 5706 3031 5777 abiecit.
3063 5722 3094 5758 a
3140 5705 3413 5759 Servatore
3459 5713 3652 5777 auctus
3701 5712 3801 5769 est,

2210 5774 2257 5832 et
2288 5778 2341 5833 in
2371 5774 2542 5832 media
2583 5777 2959 5848 discipulorum
2983 5774 3111 5834 Iesu
3141 5784 3306 5831 mente
3329 5776 3667 5845 constitutus,
3700 5788 3804 5834 etc.
