3962 6286
120 242 224 299 1%

600 242 1269 303 COMMENTARIURUM
1310 244 1375 300 IN
1418 244 1872 304 EVANGELIUM
1913 248 2247 307 ΜΛΤΤΙΙᾸΞΙ
2289 250 2420 308 LIB.
2462 251 2554 309 III.
2594 252 2754 311 CAP.
2794 251 2983 312 XVIII.

3349 259 3452 319 l50

132 356 232 429 μι.
261 356 382 430 suo]
414 361 658 429 merito,
695 363 800 417 scd
831 361 1069 431 magistri
1097 360 1307 423 honore
1337 360 1737 428 suscipiendos.
1770 366 1825 427 Α
1849 361 1902 417 in
1915 379 2023 434 quo
2044 364 2378 421 sollicitetur
2402 367 2639 437 animus,
2663 384 2729 425 ac
2746 386 2897 441 saepe
2924 371 2951 412 ι’
2986 378 3243 428 tentetur.
3261 372 3451 430 Helius

208 449 382 522 Wars.
414 452 505 521 6.)
552 453 669 520 Qui
708 465 886 507 autem
909 452 1339 508 scandalisaverit
1366 470 1529 507 unum
1558 454 1620 507 de
1650 471 1747 525 pu-

157 542 277 599 sillis
303 545 415 598 istis
438 546 531 615 qui
546 545 621 608 ⁸ἕιι
656 562 744 600 me
767 546 1003 600 credunt.
1029 544 1169 601 Nota
1193 545 1337 616 quod
1363 545 1458 616 qui
1487 546 1748 602 scandali-

157 645 315 703 zatur,
347 638 617 707 parvulus
645 647 739 693 est
770 655 786 691 :
816 640 1053 709 majores
1073 640 1221 695 enim
1243 640 1498 696 scandala
1523 655 1632 695 non
1660 656 1746 696 re-

154 729 370 799 cipiunt.

217 821 438 894 Expedit
478 824 528 878 ei
573 834 629 878 ut
669 824 1028 895 suspendatur
1066 825 1208 879 mola
1243 826 1478 881 asinaria
1515 827 1569 880 in
1609 826 1746 880 collo

154 919 281 987 ejus,
305 925 353 968 et
376 916 718 988 demergatur
744 919 800 970 in
827 917 1149 989 profundum
1194 918 1371 972 maris.
1401 917 1743 987 Quamquam

153 1009 265 1066 hnc
291 1011 563 1080 generalis
586 1012 771 1082 possit
801 1026 928 1067 esse
956 1012 1231 1066 sententia
1259 1011 1526 1067 adversus
1554 1025 1746 1066 omnes

152 1107 237 1174 qui
257 1105 489 1174 aliquem
505 1104 909 1171 scandalixant,
930 1105 1274 1173 tamenjuxta
1297 1106 1743 1173 consequentiam

153 1196 414 1251 sermonis
435 1196 597 1252 etiam
621 1205 819 1252 contra
846 1197 1127 1267 apostolos
1154 1196 1355 1253 dictum
1385 1197 1613 1268 intelligi
1645 1212 1743 1267 po-

154 1295 274 1355 test,
308 1288 399 1359 qui
438 1288 861 1359 interrogando,
906 1293 1033 1356 quis
1072 1289 1247 1357 major
1293 1299 1439 1344 esset
1485 1289 1539 1343 in
1572 1304 1745 1359 regno

148 1382 430 1443 calorum,
444 1380 771 1436 videbantur
787 1383 933 1436 inter
945 1397 1007 1437 se
1028 1382 1097 1437 de
1109 1383 1377 1453 dignitate
1387 1382 1741 1445 contendere,

149 1482 205 1526 et
227 1473 275 1527 si
315 1473 373 1526 in
402 1471 505 1527 hoc
533 1472 668 1527 vitio
699 1473 1166 1542 permansissent,
1201 1483 1453 1541 poterant
1484 1488 1582 1528 eos
1607 1488 1747 1543 quos

154 1563 221 1618 ad
260 1565 416 1619 fidem
459 1565 754 1629 vocabant,
806 1580 907 1633 per
941 1580 1100 1619 suum
1143 1564 1459 1619 scandalum
1491 1565 1742 1635 perdere,

156 1652 278 1708 dum
299 1656 576 1724 apostolos
605 1655 863 1711 viderent
889 1656 1034 1710 inter
1059 1671 1119 1711 se
1147 1656 1213 1710 de
1241 1655 1452 1711 honore
1479 1671 1739 1727 pugnare.

1851 464 1937 509 est
1961 458 2127 511 vitam
2150 458 2453 515 solitariam
2474 460 2696 527 ducere,
2721 478 2882 532 quam
2910 464 2983 519 ob
3008 466 3136 520 vita:
3162 465 3449 537 praesentis

1847 548 2183 616 necessaria,
2215 557 2479 605 aeternam
2513 552 2676 608 vitam
2707 554 2962 623 perdere.

1919 638 2107 710 (Vera.
2143 641 2230 707 l0,
2256 640 2374 709 11.)
2415 641 2595 698 Videte
2620 661 2685 700 ne
2711 647 3055 703 contemnatis
3084 664 3248 702 unum
3276 666 3339 705 ea:
3364 650 3445 704 his

1846 733 2075 803 pusillis.
2106 733 2242 788 Dico
2271 734 2408 789 enim
2432 735 2574 790 vobis
2602 752 2622 790 :
2650 738 2775 801 quia
2813 739 2986 812 angeli
3020 755 3198 794 eorum
3223 742 3277 795 in
3306 741 3446 797 cozlis

1850 833 1873 861 ο
1896 840 2098 895 semper
2126 826 2294 879 rident
2321 826 2510 894 [aciem
2540 826 2718 883 Patris
2744 830 2844 883 mei
2869 831 2957 899 qui
2978 831 3033 885 in
3056 829 3198 886 caelis
3218 842 3311 886 est.
3344 831 3446 887 Ve-

1845 916 1923 969 nit
1946 918 2081 970 enim
2113 916 2283 972 Filius
2313 916 2540 972 hominis
2578 920 2785 974 salvere
2813 921 2953 992 quod
2983 924 3234 992 perierat.
3266 924 3440 995 Supra

1845 1007 2064 1065 dixerat
2092 1025 2190 1079 per
2231 1025 2475 1071 manum.
2527 1019 2583 1067 et
2613 1014 2829 1082 pedem,
2876 1023 2934 1069 et
2975 1016 3217 1081 oculum,
3253 1032 3448 1073 omnes

1845 1105 2284 1173 propinquitates
2304 1111 2361 1159 et
2383 1103 2836 1169 necessitudines,
2866 1120 2988 1176 quae
3010 1107 3330 1163 scandalum
3361 1108 3447 1163 fa-

1846 1209 1977 1251 cere
2000 1204 2277 1263 poterant,
2299 1196 2659 1264 amputandas
2683 1213 2697 1249 :
2723 1198 3098 1254 austeritatem
3121 1198 3302 1270 itaque
3321 1215 3448 1256 sen-

1848 1285 2054 1350 tentiae,
2084 1285 2329 1354 subjecto
2356 1298 2634 1357 prmcepto
2664 1296 2958 1355 temperat,
2989 1289 3177 1344 dicens
3209 1307 3223 1346 :
3266 1291 3448 1348 Videte

1847 1394 1911 1432 ne
1934 1380 2277 1432 contemnatis
2298 1395 2459 1433 unum
2481 1396 2545 1434 ea:
2565 1379 2774 1450 pusillis
2795 1381 2931 1436 istis.
2957 1381 3070 1445 Sic,
3092 1383 3287 1453 inquit,
3308 1401 3446 1454 prm-

1845 1472 1994 1541 cipio
2015 1474 2385 1537 severitatem,
2419 1484 2498 1535 ut,
2531 1470 2558 1509 ἀ
2589 1475 2934 1530 commisceri
2965 1474 3311 1531 clementiam
3342 1477 3444 1532 do-

1846 1578 2022 1619 ceam.
2050 1564 2322 1633 Quantum
2344 1566 2401 1619 in
2428 1565 2583 1621 vobis
2608 1574 2716 1632 est,
2744 1567 2911 1622 nolite
2939 1578 3315 1634 contemnere,
3346 1569 3444 1625 sed

1849 1671 1944 1725 per
1975 1668 2215 1712 vestram
2249 1659 2481 1714 salutem
2511 1658 2678 1713 etiam
2724 1659 2945 1715 illorum
2976 1663 3207 1732 quarrite
3234 1661 3444 1717 sanita-

153 1745 301 1813 Quod
334 1755 510 1801 autem
554 1746 695 1801 dixit
721 1762 740 1801 :
770 1745 1003 1817 Expedit
1032 1748 1079 1800 ei
1110 1756 1165 1801 ut
1213 1748 1564 1813 suspendatur
1604 1747 1742 1801 mola
1771 1744 1821 1805 Β
1848 1755 1978 1804 tem.
2008 1749 2102 1804 Sin
2132 1759 2315 1806 autem
2350 1760 2765 1821 perseverantes
2805 1753 2860 1807 in
2893 1753 3136 1823 peccatis
3166 1752 3438 1821 videritis,

154 1840 377 1893 asinaria
405 1841 457 1893 in
486 1839 623 1894 collo
651 1842 792 1911 ejus,
820 1838 1124 1895 secundum
1151 1840 1313 1894 ritum
1340 1839 1633 1909 provinciae
1662 1841 1744 1896 lo-

151 1931 354 2000 quitur,
375 1947 482 2000 quo
505 1931 772 2001 majorum
792 1931 1085 1986 criminum
1115 1931 1218 1986 ista
1241 1930 1382 2001 apud
1410 1939 1626 1988 veteres
1646 1931 1741 1986 Ju-

151 2022 296 2079 dzeos
329 2040 479 2094 poena
513 2025 701 2091 fuerit,
739 2035 798 2079 ut
830 2027 886 2080 in
921 2024 1247 2095 profundum
1275 2027 1441 2097 ligato
1472 2042 1612 2082 saxo
1640 2025 1740 2082 de-

152 2129 543 2188 mergerentur.
580 2119 815 2187 Expedit
845 2129 1028 2175 autem
1070 2120 1145 2186 ei,
1176 2121 1306 2190 quia
1341 2121 1518 2176 multo
1546 2122 1743 2177 melius

153 2219 235 2265 est
263 2226 358 2279 pro
384 2212 539 2282 culpa
569 2211 799 2267 brevem
831 2212 1078 2281 recipere
1122 2225 1363 2281 pinnam,
1395 2228 1556 2281 quam
1585 2221 1742 2267 cetero

151 2302 235 2357 nis
263 2307 461 2359 servari
487 2304 847 2360 cruciatibus.
870 2303 992 2359 Non
1016 2305 1160 2359 enim
1189 2304 1491 2359 vindicabit
1517 2302 1626 2376 [AL
1648 2312 1740 2373 ju-

151 2394 368 2469 dicabit]
401 2398 664 2453 Dominus
695 2398 780 2452 bis
811 2397 867 2452 in
898 2397 1136 2467 idipsum
1164 2396 1390 2468 (Naum.
1426 2396 1487 2467 ι).

222 2488 394 2559 (Vers.
420 2490 499 2558 7.)
537 2489 631 2544 Vt:
652 2490 849 2544 mundo
869 2507 904 2543 a
929 2478 1216 2544 scandatis.
1252 2488 1476 2544 Necesse
1504 2499 1578 2544 est
1604 2490 1740 2543 enim

154 2590 209 2634 ut
237 2583 436 2636 ueniant
456 2582 730 2637 scattdala.
770 2580 1132 2637 Verumtamen
1159 2598 1233 2636 viz
1262 2581 1458 2636 homini
1482 2596 1572 2653 per
1591 2597 1741 2651 quem

155 2673 446 2728 scandalum
463 2675 618 2730 venit.

222 2765 336 2822 Non
377 2768 521 2837 quod
573 2783 807 2824 necesse
844 2768 921 2823 sit
949 2768 1140 2823 venire
1183 2767 1460 2834 scandala,
1494 2765 1737 2836 alioquin

151 2860 269 2917 sine
307 2864 456 2932 culpa
501 2872 712 2929 essent,
744 2862 841 2934 qui
869 2862 1195 2919 scandalum
1227 2862 1461 2927 iaciunt,
1487 2862 1583 2916 sed
1612 2875 1737 2915 cum

152 2969 370 3012 necesse
392 2956 461 3011 sit
482 2956 537 3011 in
570 2958 676 3013 isto
702 2957 908 3011 mundo
939 2956 1053 3011 fieri
1084 2956 1363 3023 scandala,
1392 2966 1419 2994 ιι
1451 2954 1739 3024 unusquis-

152 3062 255 3118 que
274 3064 368 3105 suu
391 3048 520 3106 vitio
532 3049 812 3105 scandatis
828 3058 992 3119 patet.
1012 3049 1294 3119 Simulque
1317 3065 1412 3118 per
1425 3049 1734 3121 generalem

1844 1851 1901 1898 et
1932 1843 2077 1897 vitiis
2105 1843 2430 1908 servientes,
2463 1844 2661 1900 melius
2678 1856 2764 1900 est
2791 1860 2891 1900 vos
2914 1847 3066 1902 solos
3086 1850 3268 1903 salvos
3292 1848 3379 1905 fiet
3395 1849 3411 1904 i
3429 1891 3445 1916 ,

1843 1952 2009 2007 quam
2045 1937 2227 2006 perire
2255 1955 2378 1993 cum
2411 1938 2674 2007 pluribus.
2704 1938 2841 2006 Quia
2862 1941 3036 2011 angeli
3065 1958 3239 1996 eorum
3267 1943 3321 1997 in
3348 1960 3448 1997 ca:-

1843 2021 1909 2077 lis
1937 2023 2111 2077 vident
2148 2040 2349 2095 semper
2385 2024 2574 2094 faciem
2605 2021 2804 2079 Patris.
2836 2025 3026 2097 Magna
3057 2026 3296 2096 dignitas
3322 2027 3449 2082 ani-

1843 2132 2086 2183 marum,
2118 2128 2176 2170 ut
2208 2132 2552 2189 unaquaeque
2582 2117 2784 2173 habeat
2811 2118 2879 2174 ab
2906 2129 3031 2174 ortu
3065 2120 3365 2175 nativitatis
3393 2121 3446 2176 in

1842 2208 2147 2265 custodiam
2179 2209 2262 2264 sui
2289 2210 2545 2281 angelum
2576 2210 2911 2280 delegatum.
2944 2209 3097 2268 Unde
3125 2212 3355 2282 legimus
3386 2211 3441 2267 in

1843 2305 2180 2376 Apocalypsi
2216 2305 2442 2361 JOannis
2474 2323 2487 2360 :
2518 2304 2731 2375 Angelo
2765 2304 2924 2378 ιω
2952 2305 3180 2377 Ephesi,
3211 2306 3445 2378 Thyati-

1843 2412 1940 2460 ιω.
1973 2408 2027 2452 et
2054 2396 2249 2466 angelo
2280 2396 2698 2468 Philadelphia,
2731 2409 2788 2453 et
2818 2399 3029 2471 angelis
3048 2409 3282 2472 quatuor
3309 2400 3446 2456 reli-

1841 2503 2073 2559 quarum
2100 2487 2472 2545 Ecclesiarum
2496 2489 2676 2544 scribe
2698 2489 2817 2545 hac
2837 2489 3027 2560 (Apoc.
3053 2506 3094 2557 ι,
3115 2492 3171 2552 2.
3197 2490 3277 2563 5).
3297 2490 3445 2563 Apo-

1840 2580 2017 2636 stolus
2047 2596 2266 2651 quoque
2300 2581 2549 2651 praecipit
2578 2581 2745 2635 velari
2777 2581 2961 2651 capita
2992 2580 3046 2635 in
3089 2582 3338 2638 ecclesiis
3362 2582 3443 2638 fe-

1842 2673 2140 2739 minarum,
2174 2680 2397 2741 propter
2424 2670 2649 2743 angelos
2676 2670 2718 2743 (I
2745 2670 2870 2725 Cor.
2902 2673 3005 2742 xt).

1912 2764 2093 2833 (Vers.
2129 2764 2217 2832 12,
2248 2765 2365 2835 15.)
2398 2763 2541 2830 Quid
2572 2766 2711 2819 vobis
2741 2763 2986 2818 videtur?
3024 2764 3085 2821 Si
3114 2765 3310 2835 fuerint
3337 2766 3441 2823 ali-

1840 2856 1926 2909 cui
1948 2864 2154 2909 centum
2182 2871 2324 2923 oves,
2356 2864 2403 2910 et
2432 2856 2680 2910 errauerit
2708 2872 2814 2910 una
2841 2871 2907 2911 ea:
2926 2856 3000 2911 eis
3032 2872 3050 2910 :
3078 2873 3248 2911 nonne
3276 2858 3442 2913 relin-

1838 2946 1950 3017 quit
1972 2946 2259 3017 nonaginta
2282 2962 2459 3001 noueta
2475 2947 2527 3000 in
2549 2946 2824 3013 montibus,
2840 2955 2887 3002 et
2909 2946 3052 3001 vadit
3073 2963 3304 3018 quatere
3325 2966 3438 3004 eam

1838 3054 1957 3109 qua:
1982 3039 2206 3093 erravit?
2232 3038 2298 3092 Et
2336 3040 2383 3093 si
2411 3040 2679 3111 contigerit
2720 3050 2772 3094 ut
2820 3040 3045 3095 inueniat
3089 3059 3201 3097 eam
3232 3059 3250 3096 .'
3290 3059 3443 3100 amen

150 3144 463 3195 sententiam
508 3141 811 3211 percutitur
837 3140 1024 3207 ludas,
1051 3142 1142 3212 qui
1169 3119 1467 3211 proditioni
1496 3141 1734 3196 animum

1849 3129 1960 3183 dico
1988 3129 2151 3197 vobis,
2176 3130 2298 3201 quia
2327 3130 2570 3204 gaudebit
2600 3147 2757 3199 super
2793 3148 2852 3185 ea
2895 3134 3060 3207 magis
3086 3151 3242 3205 quant
3282 3154 3440 3208 super

153 3242 565 3303 preparaverat.

220 3323 391 3392 (Vers.
414 3328 468 3391 8,
490 3326 576 3397 9.)
608 3326 669 3382 Si
696 3333 869 3379 autem
890 3341 1073 3379 manus
1091 3334 1201 3390 tua,
1230 3325 1306 3379 uel
1331 3342 1418 3397 pes
1443 3334 1565 3378 tuus
1591 3341 1741 3379 scan-

154 3413 341 3471 dalizat
364 3428 429 3483 te,
447 3417 689 3472 abscinde
710 3433 828 3471 eum
848 3429 893 3471 et
908 3416 1102 3489 projice
1128 3416 1218 3470 abs
1242 3425 1308 3469 te.
1331 3414 1534 3470 Bonum
1555 3425 1629 3470 est
1649 3416 1741 3470 tibi

159 3508 226 3562 ad
254 3512 404 3564 vitam
424 3511 625 3585 ingredi
650 3512 872 3565 debilem
892 3513 971 3565 vel
994 3510 1263 3576 claudum,
1283 3526 1438 3578 quant
1466 3510 1599 3564 duas
1629 3526 1741 3564 ma-

157 3616 276 3664 nus,
302 3602 450 3673 139
476 3605 553 3657 vel
579 3603 713 3657 duos
742 3602 899 3674 pedes
925 3601 1198 3656 habentem
1229 3601 1366 3654 mitti
1391 3602 1445 3654 in
1473 3603 1641 3673 ignem
1670 3617 1741 3655 az-

158 3702 369 3750 ternum.
408 3697 471 3751 Et
497 3699 543 3751 si
569 3699 753 3751 oculus
779 3707 900 3750 tuus
926 3696 1253 3751 scandalizat
1283 3704 1350 3762 te,
1381 3711 1502 3750 erue
1527 3712 1664 3759 eum,
1694 3703 1742 3750 et

155 3791 341 3864 profice
368 3792 455 3845 abs
483 3801 551 3846 te.
582 3791 788 3845 Bonum
819 3799 893 3845 est
922 3791 1014 3844 tibi
1036 3806 1155 3844 cum
1182 3807 1287 3843 uno
1315 3789 1469 3843 oculo
1495 3790 1551 3843 in
1581 3790 1740 3842 vitam

158 3882 368 3950 intrare,
394 3902 548 3956 quant
572 3886 702 3938 duos
723 3883 902 3938 oculos
923 3882 1189 3937 habentem
1218 3882 1354 3935 mitti
1377 3882 1432 3935 in
1452 3882 1739 3954 gehennam

160 3974 306 4045 ignis.
351 3977 583 4034 Necesse
628 3988 714 4034 est
742 3977 960 4049 quidem
989 3977 1177 4031 venire
1205 3975 1461 4030 scandala
1496 3993 1509 4032 :
1538 3974 1632 4029 Vae
1658 3984 1738 4028 la-

166 4081 282 4124 men
319 4073 366 4124 ei
407 4081 490 4127 est
512 4072 745 4139 homini,
787 4070 881 4141 qui
904 4070 1048 4141 quod
1081 4083 1306 4125 necesse
1333 4079 1420 4124 est
1449 4077 1509 4123 ut
1550 4068 1645 4122 ﬁat
1683 4069 1734 4122 in

167 4162 373 4229 mundo,
398 4165 527 4219 vitio
567 4180 667 4219 suo
692 4163 844 4228 facit,
876 4169 937 4217 ut
982 4176 1080 4231 per
1118 4176 1180 4217 se
1216 4161 1330 4215 ﬂat.
1362 4159 1530 4230 Igitur
1554 4159 1737 4214 omnis

168 4257 427 4310 truncatur
446 4256 692 4319 aﬁ'ectus,
722 4263 782 4310 et
802 4254 1055 4310 universa
1083 4252 1462 4323 propinquitas
1491 4258 1737 4321 amputa-

169 4350 268 4413 tur,
288 4364 349 4404 ue
374 4365 466 4418 per
486 4348 835 4405 occasionem
862 4348 1080 4418 pietatis
1103 4346 1484 4416 unusquisque
1503 4344 1735 4400 creden-

172 4436 290 4492 tium
315 4441 569 4497 scandalis
584 4449 785 4512 pateat.
810 4440 903 4508 Si,
926 4440 1123 4510 inquit,
1140 4439 1212 4493 ita
1231 4449 1314 4493 est
1334 4438 1457 4508 quis
1484 4437 1581 4492 tibi
1608 4452 1737 4492 con-

1844 3225 2126 3294 nonaginta
2154 3240 2356 3290 novem,
2387 3239 2503 3294 qua:
2532 3240 2635 3278 non
2677 3237 2994 3282 erraverunt.
3023 3226 3442 3300 Consequentcr

1842 3313 1908 3369 ad
1951 3313 2300 3369 clementiam
2345 3323 2623 3384 provocat,
2669 3316 2761 3386 qui
2796 3319 3157 3386 praemiserat,
3199 3320 3441 3377 dicens:

1850 3404 2034 3459 Videte
2076 3421 2140 3459 ne
2168 3406 2510 3460 contenmatis
2537 3422 2694 3460 unum
2723 3422 2788 3461 ea:
2816 3408 3024 3477 pusillis
3054 3410 3189 3477 istis,
3227 3419 3282 3465 et
3306 3412 3441 3467 sub-

1837 3496 2348 3568 jungitparabolam
2381 3500 2673 3567 nonaginta
2703 3515 2901 3557 novem
2941 3502 3125 3557 ovium
3154 3504 3206 3559 in
3238 3508 3443 3563 monti-

1842 3588 1944 3644 bus
1985 3590 2326 3657 relictarum,
2364 3599 2419 3645 et
2448 3594 2606 3646 unius
2631 3593 2899 3656 errantis,
2932 3608 3093 3664 quam
3131 3605 3317 3665 pastor
3345 3596 3445 3654 bo-

1843 3698 1965 3752 nus,
1999 3686 2125 3755 quia
2148 3696 2369 3756 prapter
2390 3685 2612 3740 nimiam
2637 3686 3006 3741 infirmitatem
3030 3688 3309 3746 ambulare
3332 3707 3441 3748 non

1844 3784 2086 3846 poterat,
2120 3776 2361 3831 humeris
2390 3776 2505 3832 suis
2542 3776 2609 3831 ad
2644 3776 2917 3848 reliquum
2943 3793 3164 3851 gregem
3196 3793 3445 3853 reporta-

1840 3869 1940 3922 vit.
1966 3868 2195 3935 Quidam
2227 3880 2421 3940 putant
2452 3869 2617 3925 istum
2646 3885 2767 3926 esse
2795 3882 3091 3943 pastorem,
3119 3875 3209 3943 qui
3231 3892 3353 3932 cum
3387 3877 3441 3934 in

1844 3960 2018 4016 forma
2047 3961 2332 4029 Deiesset,
2356 3979 2463 4018 non
2508 3969 2753 4035 rapinam
2795 3966 3091 4022 arbitratus
3123 3978 3207 4025 est
3236 3984 3295 4026 se
3322 3986 3447 4029 esse

1840 4055 2105 4126 aequalem
2133 4058 2271 4121 Deo;
2302 4056 2397 4112 sed
2420 4056 2721 4113 exinanivit
2743 4074 2825 4125 se,
2858 4058 3088 4116 formam
3117 4063 3262 4117 servi
3293 4066 3440 4121 acci-

1841 4149 2021 4219 piens,
2038 4149 2211 4205 l‘actus
2223 4149 2482 4206 obediens
2497 4149 2640 4206 Patri
2656 4151 2895 4223 usquead
2921 4165 3176 4221 mortem,
3193 4163 3428 4212 mortem

1838 4252 2020 4298 autem
2044 4244 2222 4299 crucis
2246 4242 2506 4316 (Philipp.
2538 4258 2596 4310 tt,
2618 4243 2652 4300 6
2678 4253 2726 4298 et
2752 4244 2919 4316 seqq.)
2949 4261 2964 4299 :
2990 4253 3046 4301 et
3067 4246 3138 4302 ob
3158 4246 3219 4302 id
3238 4247 3306 4303 ad
3331 4257 3442 4305 ter-

1840 4349 1972 4390 rena
2003 4334 2374 4406 descenderit,
2409 4345 2467 4390 ut
2493 4336 2699 4392 salvam
2739 4334 2947 4393 faceret
2977 4354 3140 4394 unam
3164 4339 3437 4397 oviculam

1839 4441 1963 4497 qua:
2003 4429 2264 4497 perierat,
2305 4427 2411 4485 hoc
2448 4437 2555 4493 est,
2589 4428 2887 4485 humanum
2936 4446 3128 4502 genus.
3164 4431 3271 4488 Alii
3302 4450 3432 4490 vero

174 4527 387 4599 jundus,
425 4546 479 4590 ut
518 4510 738 4602 mm,
777 4548 895 4605 pes,
937 4532 1158 4595 οευιυε,
1199 4542 1254 4586 ει
1280 4541 1363 4586 εει
1394 4531 1545 4586 mins
1573 4541 1738 4600 atque
1764 4510 1816 4572 ι)
1842 4519 1898 4575 in
1931 4520 2223 4589 nonaginta
2254 4534 2453 4576 novem
2483 4519 2705 4589 ovibus,
2736 4522 3004 4590 iustorum
3028 4532 3220 4593 putant
3248 4541 3442 4584 nume-

177 4621 434 4691 sollicitus,
463 4637 520 4682 et
562 4635 754 4681 acutus
780 4623 847 4679 ad
894 4622 1335 4694 perspiciendum
1373 4641 1386 4675 :
1419 4622 1735 4677 scandalum

180 4724 332 4770 autem
361 4717 451 4773 tibi
489 4718 637 4783 facit,
668 4726 726 4773 et
754 4724 983 4788 propter
1010 4713 1405 4771 dissonantiam
1439 4728 1655 4769 morum
1688 4721 1741 4768 te

180 4809 413 4876 pertrahit
439 4812 491 4866 in
521 4810 827 4883 gehennam
855 4826 869 4864 :
897 4808 1096 4865 melius
1120 4818 1227 4875 est,
1253 4816 1311 4862 ut
1335 4815 1392 4863 et
1421 4806 1744 4878 propinqui-

178 4903 273 4956 tate
291 4903 418 4973 ejus.
444 4916 497 4960 et
522 4901 913 4960 emolumentis
938 4900 1252 4955 carnalibus
1274 4914 1484 4965 careas,
1517 4914 1586 4955 ne
1612 4898 1739 4954 dum

178 4991 245 5046 vis
270 4994 578 5054 lucrifacere
606 5003 872 5068 cognatos
894 5003 949 5050 et
990 4992 1360 5063 necessarios,
1388 5007 1607 5049 causam
1637 4994 1739 5046 ha-

176 5080 284 5142 beas
311 5090 601 5146 ruinarum.
630 5088 818 5159 Itaque
847 5101 957 5142 non
984 5086 1176 5150 frater,
1208 5099 1316 5139 non
1346 5100 1506 5153 uxor,
1540 5100 1649 5138 non
1680 5084 1740 5137 li-

176 5172 239 5243 lii,
262 5196 357 5237 non
376 5183 556 5251 amici,
588 5196 701 5237 non
735 5180 918 5234 omnis
942 5177 1170 5235 aﬂ‘ectus
1191 5178 1282 5248 qui
1317 5191 1417 5232 nos
1443 5175 1743 5232 excludere

177 5280 327 5337 p0test
350 5289 377 5326 a
410 5288 577 5345 regno
602 5271 895 5335 calorum,
922 5269 1095 5326 amori
1120 5266 1339 5323 Domini
1367 5278 1738 5337 praeponatur.

175 5358 309 5420 Novit
327 5369 699 5439 unusquisque
721 5362 1083 5429 credentium,
1108 5360 1240 5432 quid
1270 5360 1374 5417 sibi
1401 5369 1620 5427 noceat,
1653 5358 1742 5415 vel

231 5512 251 5573 ε
282 5501 540 5573 Origenes
568 5504 661 5557 καὶ
690 5501 881 5573 ἀνάγκη
902 5500 1023 5573 ἐστὶ
1042 5503 1213 5573 raturas
1238 5496 1410 5556 ἐλθεῖν.
1436 5498 1525 5551 οὐκ
1549 5495 1739 5567 ἀνάγκη

174 5569 216 5628 δὲ
236 5572 304 5631 διὰ
322 5569 470 5631 mss.
491 5575 632 5634 τινὸς
658 5588 675 5626 z
697 5569 946 5626 scandala
970 5569 1162 5624 aboriri
1187 5583 1389 5622 necesse
1405 5577 1499 5633 est,
1527 5582 1631 5619 non
1653 5581 1749 5617 au-

173 5652 248 5717 tem
270 5664 355 5717 per
381 5647 540 5717 illum
569 5643 891 5716 quempiam,
914 5649 1049 5707 etc.,
1074 5655 1196 5708 qua:
1217 5638 1436 5709 longius
1458 5636 1742 5692 edisserit.

225 5715 247 5755 ³³
272 5715 446 5775 Penes
471 5715 717 5778 Victum,
741 5728 877 5782 sirpe
907 5720 1130 5766 tenetur.

1846 4628 1965 4668 rum
2002 4613 2265 4686 intelligi;
2291 4615 2424 4669 etin
2449 4629 2553 4669 una
2576 4615 2810 4683 ovicula,
2837 4627 3212 4686 peccatorem,
3244 4634 3441 4677 secun-

1846 4704 1975 4761 dum
2005 4706 2149 4776 quod
2183 4706 2235 4760 in
2264 4704 2374 4761 alio
2404 4707 2524 4762 loco
2561 4705 2778 4762 dixerat
2809 4725 2824 4762 :
2850 4707 2974 4763 Non
3002 4712 3115 4765 veni
3130 4715 3302 4786 justas
3333 4731 3428 4769 vo-

1846 4814 1987 4864 care,
2027 4798 2116 4853 sed
2153 4808 2447 4870 peccatores
2474 4814 2492 4851 :
2518 4814 2620 4853 non
2650 4800 2786 4853 enim
2814 4817 2947 4870 opus
2975 4803 3162 4858 habent
3190 4807 3306 4859 sani
3324 4824 3436 4863 nte-

1849 4890 1988 4957 dico,
2021 4890 2113 4946 sed
2141 4891 2195 4943 hi
2215 4889 2306 4961 qui
2336 4905 2390 4944 se
2418 4890 2553 4944 male
2583 4890 2769 4945 habent
2807 4890 2961 4963 (Luc.
2984 4909 3042 4961 ν,
3067 4893 3180 4965 52).
3213 4895 3316 4951 Ista
3350 4914 3442 4969 pa-

1850 4983 2039 5039 rabola
2094 4982 2148 5037 in
2192 4981 2491 5052 Evangelia
2537 4981 2836 5037 secundum
2890 4984 3094 5041 Lucam
3152 5002 3274 5043 cum
3325 4991 3447 5047 aliis

1844 5075 2057 5130 duabus
2089 5074 2371 5146 parabolis
2396 5073 2587 5129 decem
2618 5073 3004 5133 drachmarum
3036 5087 3090 5133 et
3119 5078 3350 5137 duorum
3383 5082 3448 5137 ii-

1844 5170 2040 5225 liorum
2065 5168 2272 5239 scripta
2302 5179 2387 5224 est
2415 5167 2573 5241 (Luc.
2603 5170 2722 5240 xv).

1916 5263 2098 5334 (Vers.
2127 5261 2242 5333 ll.)
2258 5263 2347 5319 Sic
2367 5279 2471 5317 non
2491 5271 2562 5317 est
2583 5262 2821 5319 voluntas
2841 5274 2961 5323 ante
2986 5265 3201 5323 Patrem
3220 5278 3441 5328 uestrum

1846 5355 1935 5427 qui
1959 5353 2014 5409 in
2041 5352 2181 5409 cwlis
2208 5360 2303 5419 est,
2330 5362 2385 5407 ut
2407 5362 2587 5423 pereat
2606 5369 2741 5408 unus
2768 5355 2833 5410 de
2861 5356 3069 5427 pusillis
3095 5360 3229 5415 istis.
3253 5358 3444 5420 Refert

1924 5504 1947 5532 ε
1990 5491 2050 5547 In
2084 5490 2260 5547 tribus
2288 5488 2554 5545 Palatinis
2585 5505 2718 5547 mss.
2753 5494 2924 5551 verba
2954 5497 3009 5550 in
3040 5498 3182 5554 cretis
3206 5514 3314 5557 non
3345 5503 3443 5561 ha-

1849 5563 2098 5691 ΜΞξῖιιιῗῖἰί
2132 5648 2294 5701 mss.,
2324 5640 2381 5688 ut
2404 5631 2724 5688 commiztim
2747 5649 2850 5706 pro
2877 5638 3222 5697 commisceri.
