  <div class='ocr_page' id='page_1' title='image "/cluster/home/n/w/nwhite01/storage/ocr_20150623/26/uva.x000826568/073.png"; bbox 0 0 3966 6338; ppageno 0'>
   <div class='ocr_carea' id='block_1_1' title="bbox 518 306 621 365">
    <p class='ocr_par' dir='ltr' id='par_1_1' title="bbox 518 306 621 365">
     <span class='ocr_line' id='line_1_1' title="bbox 518 306 621 365; baseline -0.019 0"><span class='ocrx_word' id='word_1_1' title='bbox 518 306 621 365; x_wconf 69' lang='grc'><strong>131</strong></span> 
     </span>
    </p>
   </div>
   <div class='ocr_carea' id='block_1_2' title="bbox 1771 284 2574 350">
    <p class='ocr_par' dir='ltr' id='par_1_2' title="bbox 1771 284 2574 350">
     <span class='ocr_line' id='line_1_2' title="bbox 1771 284 2574 350; baseline -0.011 0"><span class='ocrx_word' id='word_1_2' title='bbox 1771 294 1833 350; x_wconf 83' lang='lat' dir='ltr'><strong>S.</strong></span> <span class='ocrx_word' id='word_1_3' title='bbox 1876 284 2153 350; x_wconf 81' lang='lat' dir='ltr'><strong>EUSEBII</strong></span> <span class='ocrx_word' id='word_1_4' title='bbox 2187 284 2574 345; x_wconf 70' lang='lat' dir='ltr'><strong>HIEBONVMI</strong></span> 
     </span>
    </p>
   </div>
   <div class='ocr_carea' id='block_1_3' title="bbox 1622 18 2643 35">
    <p class='ocr_par' dir='ltr' id='par_1_3' title="bbox 1622 18 2643 35">
     <span class='ocr_line' id='line_1_3' title="bbox 1622 18 2643 35; baseline -0.001 -6"><span class='ocrx_word' id='word_1_5' title='bbox 1622 18 1635 23; x_wconf 84' lang='lat'><em>-</em></span> <span class='ocrx_word' id='word_1_6' title='bbox 1652 20 2161 31; x_wconf 62' lang='lat'><strong>~-———-—————_</strong></span> <span class='ocrx_word' id='word_1_7' title='bbox 2176 24 2643 35; x_wconf 52' lang='lat' dir='ltr'><strong>__—_h_</strong></span> 
     </span>
    </p>
   </div>
   <div class='ocr_carea' id='block_1_4' title="bbox 3750 274 3907 337">
    <p class='ocr_par' dir='ltr' id='par_1_4' title="bbox 3750 274 3907 337">
     <span class='ocr_line' id='line_1_4' title="bbox 3750 274 3907 337; baseline -0.013 0"><span class='ocrx_word' id='word_1_8' title='bbox 3750 274 3907 337; x_wconf 63' lang='grc'><strong>131</strong></span> 
     </span>
    </p>
   </div>
   <div class='ocr_carea' id='block_1_5' title="bbox 521 395 3902 493">
    <p class='ocr_par' dir='ltr' id='par_1_5' title="bbox 521 395 3902 493">
     <span class='ocr_line' id='line_1_5' title="bbox 521 395 3902 493; baseline -0.009 -18"><span class='ocrx_word' id='word_1_9' title='bbox 521 423 589 476; x_wconf 82' lang='lat' dir='ltr'><strong>ad</strong></span> <span class='ocrx_word' id='word_1_10' title='bbox 632 421 889 493; x_wconf 83' lang='lat' dir='ltr'><strong>superius</strong></span> <span class='ocrx_word' id='word_1_11' title='bbox 919 418 1285 493; x_wconf 91' lang='lat' dir='ltr'><strong>propositum,</strong></span> <span class='ocrx_word' id='word_1_12' title='bbox 1318 417 1387 472; x_wconf 89' lang='lat' dir='ltr'><strong>de</strong></span> <span class='ocrx_word' id='word_1_13' title='bbox 1413 430 1525 487; x_wconf 86' lang='lat' dir='ltr'><strong>quo</strong></span> <span class='ocrx_word' id='word_1_14' title='bbox 1553 414 1808 470; x_wconf 77' lang='lat' dir='ltr'><strong>dixerat:</strong></span> <span class='ocrx_word' id='word_1_15' title='bbox 1846 411 2030 469; x_wconf 85' lang='lat' dir='ltr'><strong>Videte</strong></span> <span class='ocrx_word' id='word_1_16' title='bbox 2059 427 2123 464; x_wconf 85' lang='lat' dir='ltr'><strong>ne</strong></span> <span class='ocrx_word' id='word_1_17' title='bbox 2148 405 2203 467; x_wconf 80' lang='grc' dir='ltr'><strong>Δ</strong></span> <span class='ocrx_word' id='word_1_18' title='bbox 2226 405 2294 462; x_wconf 88' lang='lat' dir='ltr'><strong>ad</strong></span> <span class='ocrx_word' id='word_1_19' title='bbox 2324 403 2677 462; x_wconf 80' lang='lat' dir='ltr'><strong>concordiam</strong></span> <span class='ocrx_word' id='word_1_20' title='bbox 2715 408 3053 472; x_wconf 70' lang='lat' dir='ltr'><strong>provocarat.</strong></span> <span class='ocrx_word' id='word_1_21' title='bbox 3087 398 3255 471; x_wconf 89' lang='lat' dir='ltr'><strong>igitur</strong></span> <span class='ocrx_word' id='word_1_22' title='bbox 3296 404 3354 493; x_wconf 76' lang='lat' dir='ltr'><strong>et</strong></span> <span class='ocrx_word' id='word_1_23' title='bbox 3379 395 3683 469; x_wconf 79' lang='lat' dir='ltr'><strong>prtemium</strong></span> <span class='ocrx_word' id='word_1_24' title='bbox 3728 395 3902 464; x_wconf 68' lang='lat' dir='ltr'><strong>polo</strong></span> 
     </span>
    </p>
   </div>
   <div class='ocr_carea' id='block_1_6' title="bbox 521 504 2116 583">
    <p class='ocr_par' dir='ltr' id='par_1_6' title="bbox 521 504 2116 583">
     <span class='ocr_line' id='line_1_6' title="bbox 521 504 2116 583; baseline -0.004 -15"><span class='ocrx_word' id='word_1_25' title='bbox 521 517 864 570; x_wconf 85' lang='lat' dir='ltr'><strong>contemnatis</strong></span> <span class='ocrx_word' id='word_1_26' title='bbox 893 530 1055 568; x_wconf 85' lang='lat' dir='ltr'><strong>unum</strong></span> <span class='ocrx_word' id='word_1_27' title='bbox 1098 528 1163 567; x_wconf 82' lang='lat' dir='ltr'><strong>ea:</strong></span> <span class='ocrx_word' id='word_1_28' title='bbox 1190 509 1396 583; x_wconf 83' lang='lat' dir='ltr'><strong>pusillis</strong></span> <span class='ocrx_word' id='word_1_29' title='bbox 1434 510 1588 576; x_wconf 87' lang='lat' dir='ltr'><strong>istis;</strong></span> <span class='ocrx_word' id='word_1_30' title='bbox 1619 519 1674 565; x_wconf 84' lang='lat' dir='ltr'><strong>et</strong></span> <span class='ocrx_word' id='word_1_31' title='bbox 1709 506 1871 564; x_wconf 92' lang='lat' dir='ltr'><strong>docet</strong></span> <span class='ocrx_word' id='word_1_32' title='bbox 1913 504 2116 562; x_wconf 91' lang='lat' dir='ltr'><strong>idcirco</strong></span> 
     </span>
    </p>
   </div>
   <div class='ocr_carea' id='block_1_7' title="bbox 527 608 2115 684">
    <p class='ocr_par' dir='ltr' id='par_1_7' title="bbox 527 608 2115 684">
     <span class='ocr_line' id='line_1_7' title="bbox 527 608 2115 684; baseline -0.003 -17"><span class='ocrx_word' id='word_1_33' title='bbox 527 614 836 684; x_wconf 84' lang='lat' dir='ltr'><strong>parabolam</strong></span> <span class='ocrx_word' id='word_1_34' title='bbox 866 612 1119 684; x_wconf 89' lang='lat' dir='ltr'><strong>positam,</strong></span> <span class='ocrx_word' id='word_1_35' title='bbox 1150 619 1210 666; x_wconf 90' lang='lat' dir='ltr'><strong>ut</strong></span> <span class='ocrx_word' id='word_1_36' title='bbox 1242 609 1424 681; x_wconf 79' lang='lat' dir='ltr'><strong>pusilli</strong></span> <span class='ocrx_word' id='word_1_37' title='bbox 1448 623 1556 665; x_wconf 91' lang='lat' dir='ltr'><strong>non</strong></span> <span class='ocrx_word' id='word_1_38' title='bbox 1583 612 2026 665; x_wconf 86' lang='lat' dir='ltr'><strong>contemnantur.</strong></span> <span class='ocrx_word' id='word_1_39' title='bbox 2059 608 2115 663; x_wconf 86' lang='lat' dir='ltr'><strong>lti</strong></span> 
     </span>
    </p>
   </div>
   <div class='ocr_carea' id='block_1_8' title="bbox 524 698 2119 776">
    <p class='ocr_par' dir='ltr' id='par_1_8' title="bbox 524 698 2119 776">
     <span class='ocr_line' id='line_1_8' title="bbox 524 698 2119 776; baseline -0.008 -10"><span class='ocrx_word' id='word_1_40' title='bbox 524 725 594 766; x_wconf 86' lang='lat' dir='ltr'><strong>eo</strong></span> <span class='ocrx_word' id='word_1_41' title='bbox 649 716 830 762; x_wconf 88' lang='lat' dir='ltr'><strong>autem</strong></span> <span class='ocrx_word' id='word_1_42' title='bbox 882 705 1026 776; x_wconf 88' lang='lat' dir='ltr'><strong>quod</strong></span> <span class='ocrx_word' id='word_1_43' title='bbox 1067 704 1246 760; x_wconf 82' lang='lat' dir='ltr'><strong>dicit:</strong></span> <span class='ocrx_word' id='word_1_44' title='bbox 1284 703 1405 758; x_wconf 84' lang='lat' dir='ltr'><strong>Non</strong></span> <span class='ocrx_word' id='word_1_45' title='bbox 1454 710 1527 759; x_wconf 88' lang='lat' dir='ltr'><strong>est</strong></span> <span class='ocrx_word' id='word_1_46' title='bbox 1575 698 1817 757; x_wconf 68' lang='lat' dir='ltr'><strong>volturios</strong></span> <span class='ocrx_word' id='word_1_47' title='bbox 1849 709 1967 756; x_wconf 80' lang='lat' dir='ltr'><strong>ante</strong></span> <span class='ocrx_word' id='word_1_48' title='bbox 2011 699 2119 755; x_wconf 86' lang='lat' dir='ltr'><strong>Pa-</strong></span> 
     </span>
    </p>
   </div>
   <div class='ocr_carea' id='block_1_9' title="bbox 526 798 2120 878">
    <p class='ocr_par' dir='ltr' id='par_1_9' title="bbox 526 798 2120 878">
     <span class='ocr_line' id='line_1_9' title="bbox 526 798 2120 878; baseline -0.005 -14"><span class='ocrx_word' id='word_1_49' title='bbox 526 818 655 865; x_wconf 81' lang='lat' dir='ltr'><strong>trem</strong></span> <span class='ocrx_word' id='word_1_50' title='bbox 683 813 929 875; x_wconf 82' lang='lat' dir='ltr'><strong>vestrum,</strong></span> <span class='ocrx_word' id='word_1_51' title='bbox 955 809 1010 861; x_wconf 89' lang='lat' dir='ltr'><strong>ut</strong></span> <span class='ocrx_word' id='word_1_52' title='bbox 1037 810 1212 878; x_wconf 85' lang='lat' dir='ltr'><strong>pereat</strong></span> <span class='ocrx_word' id='word_1_53' title='bbox 1242 816 1376 861; x_wconf 87' lang='lat' dir='ltr'><strong>unus</strong></span> <span class='ocrx_word' id='word_1_54' title='bbox 1399 806 1463 861; x_wconf 88' lang='lat' dir='ltr'><strong>de</strong></span> <span class='ocrx_word' id='word_1_55' title='bbox 1485 798 1692 876; x_wconf 82' lang='lat' dir='ltr'><strong>pusillis</strong></span> <span class='ocrx_word' id='word_1_56' title='bbox 1711 800 1830 859; x_wconf 85' lang='lat' dir='ltr'><strong>istis</strong></span> <span class='ocrx_word' id='word_1_57' title='bbox 1861 820 1876 856; x_wconf 94' lang='lat'><em>:</em></span> <span class='ocrx_word' id='word_1_58' title='bbox 1906 801 2120 873; x_wconf 84' lang='lat' dir='ltr'><strong>quoties</strong></span> 
     </span>
    </p>
   </div>
   <div class='ocr_carea' id='block_1_10' title="bbox 524 894 2121 973">
    <p class='ocr_par' dir='ltr' id='par_1_10' title="bbox 524 894 2121 973">
     <span class='ocr_line' id='line_1_10' title="bbox 524 894 2121 973; baseline -0.005 -15"><span class='ocrx_word' id='word_1_59' title='bbox 524 900 723 973; x_wconf 77' lang='lat' dir='ltr'><strong>aliquis</strong></span> <span class='ocrx_word' id='word_1_60' title='bbox 751 900 979 971; x_wconf 88' lang='lat' dir='ltr'><strong>perierit</strong></span> <span class='ocrx_word' id='word_1_61' title='bbox 1011 899 1079 955; x_wconf 88' lang='lat' dir='ltr'><strong>de</strong></span> <span class='ocrx_word' id='word_1_62' title='bbox 1101 898 1316 971; x_wconf 80' lang='lat' dir='ltr'><strong>pusillis</strong></span> <span class='ocrx_word' id='word_1_63' title='bbox 1339 898 1488 967; x_wconf 82' lang='lat' dir='ltr'><strong>istis,</strong></span> <span class='ocrx_word' id='word_1_64' title='bbox 1513 894 1817 955; x_wconf 83' lang='lat' dir='ltr'><strong>ostenditur</strong></span> <span class='ocrx_word' id='word_1_65' title='bbox 1838 894 1981 969; x_wconf 90' lang='lat' dir='ltr'><strong>quod</strong></span> <span class='ocrx_word' id='word_1_66' title='bbox 2014 905 2121 951; x_wconf 84' lang='lat' dir='ltr'><strong>nOn</strong></span> 
     </span>
    </p>
   </div>
   <div class='ocr_carea' id='block_1_11' title="bbox 524 988 1292 1062">
    <p class='ocr_par' dir='ltr' id='par_1_11' title="bbox 524 988 1292 1062">
     <span class='ocr_line' id='line_1_11' title="bbox 524 988 1292 1062; baseline -0.001 -15"><span class='ocrx_word' id='word_1_67' title='bbox 524 993 807 1048; x_wconf 84' lang='lat' dir='ltr'><strong>voluntate</strong></span> <span class='ocrx_word' id='word_1_68' title='bbox 837 991 1015 1047; x_wconf 80' lang='lat' dir='ltr'><strong>Patris</strong></span> <span class='ocrx_word' id='word_1_69' title='bbox 1046 988 1292 1062; x_wconf 88' lang='lat' dir='ltr'><strong>perierit.</strong></span> 
     </span>
    </p>
   </div>
   <div class='ocr_carea' id='block_1_12' title="bbox 600 1086 2124 1165">
    <p class='ocr_par' dir='ltr' id='par_1_12' title="bbox 600 1086 2124 1165">
     <span class='ocr_line' id='line_1_12' title="bbox 600 1086 2124 1165; baseline -0.003 -16"><span class='ocrx_word' id='word_1_70' title='bbox 600 1090 782 1165; x_wconf 78' lang='lat' dir='ltr'><strong>(Vers.</strong></span> <span class='ocrx_word' id='word_1_71' title='bbox 822 1094 891 1149; x_wconf 78' lang='grc'><strong>15</strong></span> <span class='ocrx_word' id='word_1_72' title='bbox 917 1090 1095 1165; x_wconf 85' lang='lat' dir='ltr'><strong>seqq.)</strong></span> <span class='ocrx_word' id='word_1_73' title='bbox 1143 1088 1206 1149; x_wconf 91' lang='lat' dir='ltr'><strong>Si</strong></span> <span class='ocrx_word' id='word_1_74' title='bbox 1251 1102 1425 1148; x_wconf 86' lang='lat' dir='ltr'><strong>autent</strong></span> <span class='ocrx_word' id='word_1_75' title='bbox 1464 1093 1745 1163; x_wconf 79' lang='lat' dir='ltr'><strong>peccaverit</strong></span> <span class='ocrx_word' id='word_1_76' title='bbox 1780 1086 1833 1146; x_wconf 81' lang='lat' dir='ltr'><strong>in</strong></span> <span class='ocrx_word' id='word_1_77' title='bbox 1877 1101 1924 1147; x_wconf 92' lang='lat' dir='ltr'><strong>te</strong></span> <span class='ocrx_word' id='word_1_78' title='bbox 1962 1090 2124 1160; x_wconf 77' lang='lat' dir='ltr'><strong>frater</strong></span> 
     </span>
    </p>
   </div>
   <div class='ocr_carea' id='block_1_13' title="bbox 525 1180 2124 1257">
    <p class='ocr_par' dir='ltr' id='par_1_13' title="bbox 525 1180 2124 1257">
     <span class='ocr_line' id='line_1_13' title="bbox 525 1180 2124 1257; baseline -0.003 -15"><span class='ocrx_word' id='word_1_79' title='bbox 525 1193 663 1254; x_wconf 88' lang='lat' dir='ltr'><strong>tuus,</strong></span> <span class='ocrx_word' id='word_1_80' title='bbox 689 1186 841 1252; x_wconf 82' lang='lat' dir='ltr'><strong>vade,</strong></span> <span class='ocrx_word' id='word_1_81' title='bbox 873 1194 921 1239; x_wconf 91' lang='lat' dir='ltr'><strong>et</strong></span> <span class='ocrx_word' id='word_1_82' title='bbox 949 1183 1152 1255; x_wconf 82' lang='lat' dir='ltr'><strong>corripe</strong></span> <span class='ocrx_word' id='word_1_83' title='bbox 1182 1200 1299 1240; x_wconf 86' lang='lat' dir='ltr'><strong>eum</strong></span> <span class='ocrx_word' id='word_1_84' title='bbox 1327 1185 1461 1240; x_wconf 87' lang='lat' dir='ltr'><strong>inter</strong></span> <span class='ocrx_word' id='word_1_85' title='bbox 1488 1194 1535 1240; x_wconf 89' lang='lat' dir='ltr'><strong>te</strong></span> <span class='ocrx_word' id='word_1_86' title='bbox 1569 1192 1617 1242; x_wconf 90' lang='lat' dir='ltr'><strong>et</strong></span> <span class='ocrx_word' id='word_1_87' title='bbox 1643 1180 1818 1257; x_wconf 86' lang='lat' dir='ltr'><strong>ipsum</strong></span> <span class='ocrx_word' id='word_1_88' title='bbox 1839 1182 2029 1239; x_wconf 88' lang='lat' dir='ltr'><strong>solum.</strong></span> <span class='ocrx_word' id='word_1_89' title='bbox 2062 1182 2124 1239; x_wconf 89' lang='lat' dir='ltr'><strong>Si</strong></span> 
     </span>
    </p>
   </div>
   <div class='ocr_carea' id='block_1_14' title="bbox 527 1273 2125 1348">
    <p class='ocr_par' dir='ltr' id='par_1_14' title="bbox 527 1273 2125 1348">
     <span class='ocr_line' id='line_1_14' title="bbox 527 1273 2125 1348; baseline -0.003 -14"><span class='ocrx_word' id='word_1_90' title='bbox 527 1285 576 1334; x_wconf 82' lang='lat' dir='ltr'><strong>te</strong></span> <span class='ocrx_word' id='word_1_91' title='bbox 601 1277 850 1345; x_wconf 84' lang='lat' dir='ltr'><strong>audierit,</strong></span> <span class='ocrx_word' id='word_1_92' title='bbox 876 1275 1107 1332; x_wconf 86' lang='lat' dir='ltr'><strong>lucratus</strong></span> <span class='ocrx_word' id='word_1_93' title='bbox 1129 1273 1231 1333; x_wconf 82' lang='lat' dir='ltr'><strong>eris</strong></span> <span class='ocrx_word' id='word_1_94' title='bbox 1252 1278 1645 1348; x_wconf 56' lang='lat' dir='ltr'><strong>{ratremtuumq</strong></span> <span class='ocrx_word' id='word_1_95' title='bbox 1676 1277 1739 1332; x_wconf 90' lang='lat' dir='ltr'><strong>Si</strong></span> <span class='ocrx_word' id='word_1_96' title='bbox 1758 1284 1928 1330; x_wconf 89' lang='lat' dir='ltr'><strong>autem</strong></span> <span class='ocrx_word' id='word_1_97' title='bbox 1954 1285 2003 1329; x_wconf 88' lang='lat' dir='ltr'><strong>te</strong></span> <span class='ocrx_word' id='word_1_98' title='bbox 2023 1291 2125 1329; x_wconf 88' lang='lat' dir='ltr'><strong>non</strong></span> 
     </span>
    </p>
   </div>
   <div class='ocr_carea' id='block_1_15' title="bbox 529 1368 2126 1443">
    <p class='ocr_par' dir='ltr' id='par_1_15' title="bbox 529 1368 2126 1443">
     <span class='ocr_line' id='line_1_15' title="bbox 529 1368 2126 1443; baseline -0.003 -17"><span class='ocrx_word' id='word_1_99' title='bbox 529 1371 777 1441; x_wconf 85' lang='lat' dir='ltr'><strong>audierit,</strong></span> <span class='ocrx_word' id='word_1_100' title='bbox 814 1368 969 1443; x_wconf 64' lang='grc'><strong>141</strong></span> <span class='ocrx_word' id='word_1_101' title='bbox 993 1371 1180 1426; x_wconf 84' lang='lat' dir='ltr'><strong>adhibe</strong></span> <span class='ocrx_word' id='word_1_102' title='bbox 1206 1378 1372 1426; x_wconf 88' lang='lat' dir='ltr'><strong>tecum</strong></span> <span class='ocrx_word' id='word_1_103' title='bbox 1394 1371 1566 1425; x_wconf 89' lang='lat' dir='ltr'><strong>adhuc</strong></span> <span class='ocrx_word' id='word_1_104' title='bbox 1596 1387 1756 1425; x_wconf 89' lang='lat' dir='ltr'><strong>unum</strong></span> <span class='ocrx_word' id='word_1_105' title='bbox 1785 1369 1863 1424; x_wconf 85' lang='lat' dir='ltr'><strong>uel</strong></span> <span class='ocrx_word' id='word_1_106' title='bbox 1891 1370 2039 1435; x_wconf 84' lang='lat' dir='ltr'><strong>duos,</strong></span> <span class='ocrx_word' id='word_1_107' title='bbox 2074 1376 2126 1422; x_wconf 86' lang='lat' dir='ltr'><strong>ut</strong></span> 
     </span>
    </p>
   </div>
   <div class='ocr_carea' id='block_1_16' title="bbox 526 1462 2127 1528">
    <p class='ocr_par' dir='ltr' id='par_1_16' title="bbox 526 1462 2127 1528">
     <span class='ocr_line' id='line_1_16' title="bbox 526 1462 2127 1528; baseline -0.002 -10"><span class='ocrx_word' id='word_1_108' title='bbox 526 1465 581 1518; x_wconf 87' lang='lat' dir='ltr'><strong>in</strong></span> <span class='ocrx_word' id='word_1_109' title='bbox 604 1479 693 1519; x_wconf 90' lang='lat' dir='ltr'><strong>ore</strong></span> <span class='ocrx_word' id='word_1_110' title='bbox 712 1462 933 1517; x_wconf 88' lang='lat' dir='ltr'><strong>duorum</strong></span> <span class='ocrx_word' id='word_1_111' title='bbox 946 1464 1024 1518; x_wconf 84' lang='lat' dir='ltr'><strong>vel</strong></span> <span class='ocrx_word' id='word_1_112' title='bbox 1044 1465 1200 1519; x_wconf 88' lang='lat' dir='ltr'><strong>trium</strong></span> <span class='ocrx_word' id='word_1_113' title='bbox 1217 1465 1423 1519; x_wconf 87' lang='lat' dir='ltr'><strong>testium</strong></span> <span class='ocrx_word' id='word_1_114' title='bbox 1445 1470 1544 1520; x_wconf 89' lang='lat' dir='ltr'><strong>stet</strong></span> <span class='ocrx_word' id='word_1_115' title='bbox 1564 1480 1710 1519; x_wconf 89' lang='lat' dir='ltr'><strong>omne</strong></span> <span class='ocrx_word' id='word_1_116' title='bbox 1730 1463 1937 1518; x_wconf 86' lang='lat' dir='ltr'><strong>verbum</strong></span> <span class='ocrx_word' id='word_1_117' title='bbox 1976 1462 2127 1528; x_wconf 84' lang='lat' dir='ltr'><strong>Quod</strong></span> 
     </span>
    </p>
   </div>
   <div class='ocr_carea' id='block_1_17' title="bbox 530 1553 2129 1625">
    <p class='ocr_par' dir='ltr' id='par_1_17' title="bbox 530 1553 2129 1625">
     <span class='ocr_line' id='line_1_17' title="bbox 530 1553 2129 1625; baseline -0.003 -14"><span class='ocrx_word' id='word_1_118' title='bbox 530 1557 701 1611; x_wconf 85' lang='lat' dir='ltr'><strong>sinon</strong></span> <span class='ocrx_word' id='word_1_119' title='bbox 730 1555 956 1611; x_wconf 86' lang='lat' dir='ltr'><strong>audierit</strong></span> <span class='ocrx_word' id='word_1_120' title='bbox 981 1573 1088 1625; x_wconf 87' lang='lat' dir='ltr'><strong>eos,</strong></span> <span class='ocrx_word' id='word_1_121' title='bbox 1124 1556 1207 1611; x_wconf 84' lang='lat' dir='ltr'><strong>dic</strong></span> <span class='ocrx_word' id='word_1_122' title='bbox 1236 1557 1505 1613; x_wconf 65' lang='lat' dir='ltr'><strong>Ecclesia.</strong></span> <span class='ocrx_word' id='word_1_123' title='bbox 1540 1557 1602 1614; x_wconf 90' lang='lat' dir='ltr'><strong>Si</strong></span> <span class='ocrx_word' id='word_1_124' title='bbox 1632 1566 1805 1612; x_wconf 84' lang='lat' dir='ltr'><strong>autem</strong></span> <span class='ocrx_word' id='word_1_125' title='bbox 1838 1553 2129 1610; x_wconf 74' lang='lat' dir='ltr'><strong>Ecclesium</strong></span> 
     </span>
    </p>
   </div>
   <div class='ocr_carea' id='block_1_18' title="bbox 529 1642 2129 1719">
    <p class='ocr_par' dir='ltr' id='par_1_18' title="bbox 529 1642 2129 1719">
     <span class='ocr_line' id='line_1_18' title="bbox 529 1642 2129 1719; baseline -0.001 -18"><span class='ocrx_word' id='word_1_126' title='bbox 529 1660 635 1702; x_wconf 84' lang='lat' dir='ltr'><strong>non</strong></span> <span class='ocrx_word' id='word_1_127' title='bbox 662 1647 908 1718; x_wconf 87' lang='lat' dir='ltr'><strong>audierit,</strong></span> <span class='ocrx_word' id='word_1_128' title='bbox 950 1646 1016 1702; x_wconf 89' lang='lat' dir='ltr'><strong>sit</strong></span> <span class='ocrx_word' id='word_1_129' title='bbox 1049 1646 1141 1702; x_wconf 74' lang='lat' dir='ltr'><strong>tibi</strong></span> <span class='ocrx_word' id='word_1_130' title='bbox 1170 1649 1304 1702; x_wconf 84' lang='lat' dir='ltr'><strong>sicut</strong></span> <span class='ocrx_word' id='word_1_131' title='bbox 1345 1646 1582 1703; x_wconf 82' lang='lat' dir='ltr'><strong>ethnicus</strong></span> <span class='ocrx_word' id='word_1_132' title='bbox 1612 1656 1658 1702; x_wconf 87' lang='lat' dir='ltr'><strong>et</strong></span> <span class='ocrx_word' id='word_1_133' title='bbox 1697 1647 2026 1719; x_wconf 82' lang='lat' dir='ltr'><strong>publicanus.</strong></span> <span class='ocrx_word' id='word_1_134' title='bbox 2072 1642 2129 1702; x_wconf 88' lang='lat' dir='ltr'><strong>Si</strong></span> 
     </span>
    </p>
   </div>
   <div class='ocr_carea' id='block_1_19' title="bbox 532 1738 2127 1812">
    <p class='ocr_par' dir='ltr' id='par_1_19' title="bbox 532 1738 2127 1812">
     <span class='ocr_line' id='line_1_19' title="bbox 532 1738 2127 1812; baseline -0.002 -16"><span class='ocrx_word' id='word_1_135' title='bbox 532 1739 844 1812; x_wconf 83' lang='lat' dir='ltr'><strong>peccaverit</strong></span> <span class='ocrx_word' id='word_1_136' title='bbox 874 1742 929 1796; x_wconf 91' lang='lat' dir='ltr'><strong>in</strong></span> <span class='ocrx_word' id='word_1_137' title='bbox 968 1756 1067 1796; x_wconf 90' lang='lat' dir='ltr'><strong>nos</strong></span> <span class='ocrx_word' id='word_1_138' title='bbox 1096 1740 1265 1796; x_wconf 86' lang='lat' dir='ltr'><strong>frater</strong></span> <span class='ocrx_word' id='word_1_139' title='bbox 1297 1748 1504 1805; x_wconf 88' lang='lat' dir='ltr'><strong>noster,</strong></span> <span class='ocrx_word' id='word_1_140' title='bbox 1528 1749 1584 1797; x_wconf 90' lang='lat' dir='ltr'><strong>et</strong></span> <span class='ocrx_word' id='word_1_141' title='bbox 1610 1741 1664 1795; x_wconf 92' lang='lat' dir='ltr'><strong>in</strong></span> <span class='ocrx_word' id='word_1_142' title='bbox 1694 1738 1938 1810; x_wconf 86' lang='lat' dir='ltr'><strong>qualibet</strong></span> <span class='ocrx_word' id='word_1_143' title='bbox 1965 1750 2127 1794; x_wconf 86' lang='lat' dir='ltr'><strong>causa</strong></span> 
     </span>
    </p>
   </div>
   <div class='ocr_carea' id='block_1_20' title="bbox 535 1832 2131 1904">
    <p class='ocr_par' dir='ltr' id='par_1_20' title="bbox 535 1832 2131 1904">
     <span class='ocr_line' id='line_1_20' title="bbox 535 1832 2131 1904; baseline -0.001 -15"><span class='ocrx_word' id='word_1_144' title='bbox 535 1846 636 1889; x_wconf 92' lang='lat' dir='ltr'><strong>nos</strong></span> <span class='ocrx_word' id='word_1_145' title='bbox 666 1833 900 1899; x_wconf 66' lang='lat' dir='ltr'><strong>laeserit,</strong></span> <span class='ocrx_word' id='word_1_146' title='bbox 932 1832 1252 1890; x_wconf 89' lang='lat' dir='ltr'><strong>dimittendi</strong></span> <span class='ocrx_word' id='word_1_147' title='bbox 1284 1834 1555 1891; x_wconf 85' lang='lat' dir='ltr'><strong>habemus</strong></span> <span class='ocrx_word' id='word_1_148' title='bbox 1586 1840 1933 1904; x_wconf 85' lang='lat' dir='ltr'><strong>potestatem,</strong></span> <span class='ocrx_word' id='word_1_149' title='bbox 1965 1833 2131 1887; x_wconf 90' lang='lat' dir='ltr'><strong>immo</strong></span> 
     </span>
    </p>
   </div>
   <div class='ocr_carea' id='block_1_21' title="bbox 531 1924 2135 2001">
    <p class='ocr_par' dir='ltr' id='par_1_21' title="bbox 531 1924 2135 2001">
     <span class='ocr_line' id='line_1_21' title="bbox 531 1924 2135 2001; baseline -0.002 -17"><span class='ocrx_word' id='word_1_150' title='bbox 531 1926 941 1994; x_wconf 86' lang='lat' dir='ltr'><strong>necessitatem,</strong></span> <span class='ocrx_word' id='word_1_151' title='bbox 973 1943 1078 1997; x_wconf 90' lang='lat' dir='ltr'><strong>qua</strong></span> <span class='ocrx_word' id='word_1_152' title='bbox 1107 1925 1216 2001; x_wconf 81' lang='grc' dir='ltr'><strong>[ΑΙ.</strong></span> <span class='ocrx_word' id='word_1_153' title='bbox 1239 1925 1389 1999; x_wconf 78' lang='lat' dir='ltr'><strong>quia]</strong></span> <span class='ocrx_word' id='word_1_154' title='bbox 1420 1926 1758 1998; x_wconf 66' lang='lat' dir='ltr'><strong>praecipitur,</strong></span> <span class='ocrx_word' id='word_1_155' title='bbox 1786 1937 1843 1981; x_wconf 91' lang='lat' dir='ltr'><strong>ut</strong></span> <span class='ocrx_word' id='word_1_156' title='bbox 1869 1924 2135 1982; x_wconf 89' lang='lat' dir='ltr'><strong>debitori-</strong></span> 
     </span>
    </p>
   </div>
   <div class='ocr_carea' id='block_1_22' title="bbox 533 2012 2135 2076">
    <p class='ocr_par' dir='ltr' id='par_1_22' title="bbox 533 2012 2135 2076">
     <span class='ocr_line' id='line_1_22' title="bbox 533 2012 2135 2076; baseline -0.003 0"><span class='ocrx_word' id='word_1_157' title='bbox 533 2019 637 2076; x_wconf 89' lang='lat' dir='ltr'><strong>bus</strong></span> <span class='ocrx_word' id='word_1_158' title='bbox 681 2021 890 2075; x_wconf 85' lang='lat' dir='ltr'><strong>nostris</strong></span> <span class='ocrx_word' id='word_1_159' title='bbox 935 2016 1118 2074; x_wconf 89' lang='lat' dir='ltr'><strong>debita</strong></span> <span class='ocrx_word' id='word_1_160' title='bbox 1154 2018 1515 2075; x_wconf 88' lang='lat' dir='ltr'><strong>dimittamus.</strong></span> <span class='ocrx_word' id='word_1_161' title='bbox 1560 2016 1621 2076; x_wconf 89' lang='lat' dir='ltr'><strong>Si</strong></span> <span class='ocrx_word' id='word_1_162' title='bbox 1651 2030 1829 2074; x_wconf 90' lang='lat' dir='ltr'><strong>autem</strong></span> <span class='ocrx_word' id='word_1_163' title='bbox 1874 2012 1925 2072; x_wconf 89' lang='lat' dir='ltr'><strong>in</strong></span> <span class='ocrx_word' id='word_1_164' title='bbox 1964 2018 2135 2073; x_wconf 85' lang='lat' dir='ltr'><strong>Deum</strong></span> 
     </span>
    </p>
   </div>
   <div class='ocr_carea' id='block_1_23' title="bbox 533 2102 2137 2182">
    <p class='ocr_par' dir='ltr' id='par_1_23' title="bbox 533 2102 2137 2182">
     <span class='ocr_line' id='line_1_23' title="bbox 533 2102 2137 2182; baseline -0.002 -17"><span class='ocrx_word' id='word_1_165' title='bbox 533 2112 658 2182; x_wconf 85' lang='lat' dir='ltr'><strong>quis</strong></span> <span class='ocrx_word' id='word_1_166' title='bbox 687 2113 1032 2182; x_wconf 82' lang='lat' dir='ltr'><strong>peccaverit,</strong></span> <span class='ocrx_word' id='word_1_167' title='bbox 1064 2127 1171 2166; x_wconf 89' lang='lat' dir='ltr'><strong>non</strong></span> <span class='ocrx_word' id='word_1_168' title='bbox 1203 2117 1289 2167; x_wconf 91' lang='lat' dir='ltr'><strong>est</strong></span> <span class='ocrx_word' id='word_1_169' title='bbox 1328 2108 1507 2167; x_wconf 88' lang='lat' dir='ltr'><strong>nostri</strong></span> <span class='ocrx_word' id='word_1_170' title='bbox 1551 2102 1785 2165; x_wconf 87' lang='lat' dir='ltr'><strong>arbitrii.</strong></span> <span class='ocrx_word' id='word_1_171' title='bbox 1822 2108 1965 2164; x_wconf 90' lang='lat' dir='ltr'><strong>Dicit</strong></span> <span class='ocrx_word' id='word_1_172' title='bbox 1990 2107 2137 2164; x_wconf 87' lang='lat' dir='ltr'><strong>enim</strong></span> 
     </span>
    </p>
   </div>
   <div class='ocr_carea' id='block_1_24' title="bbox 533 2198 2138 2277">
    <p class='ocr_par' dir='ltr' id='par_1_24' title="bbox 533 2198 2138 2277">
     <span class='ocr_line' id='line_1_24' title="bbox 533 2198 2138 2277; baseline -0.006 -15"><span class='ocrx_word' id='word_1_173' title='bbox 533 2203 815 2275; x_wconf 89' lang='lat' dir='ltr'><strong>Scriptura</strong></span> <span class='ocrx_word' id='word_1_174' title='bbox 843 2204 1027 2260; x_wconf 89' lang='lat' dir='ltr'><strong>divina</strong></span> <span class='ocrx_word' id='word_1_175' title='bbox 1054 2220 1068 2260; x_wconf 71' lang='grc' dir='ltr'>ε</span> <span class='ocrx_word' id='word_1_176' title='bbox 1092 2204 1152 2259; x_wconf 87' lang='lat' dir='ltr'><strong>Si</strong></span> <span class='ocrx_word' id='word_1_177' title='bbox 1178 2204 1463 2277; x_wconf 71' lang='lat' dir='ltr'><strong>peccaverit</strong></span> <span class='ocrx_word' id='word_1_178' title='bbox 1484 2202 1638 2260; x_wconf 88' lang='lat' dir='ltr'><strong>homo</strong></span> <span class='ocrx_word' id='word_1_179' title='bbox 1666 2202 1718 2257; x_wconf 86' lang='lat' dir='ltr'><strong>in</strong></span> <span class='ocrx_word' id='word_1_180' title='bbox 1744 2198 2024 2268; x_wconf 75' lang='lat' dir='ltr'><strong>hominem,</strong></span> <span class='ocrx_word' id='word_1_181' title='bbox 2050 2217 2138 2254; x_wconf 87' lang='lat' dir='ltr'><strong>ro-</strong></span> 
     </span>
    </p>
   </div>
   <div class='ocr_carea' id='block_1_25' title="bbox 533 2288 2132 2369">
    <p class='ocr_par' dir='ltr' id='par_1_25' title="bbox 533 2288 2132 2369">
     <span class='ocr_line' id='line_1_25' title="bbox 533 2288 2132 2369; baseline -0.003 -18"><span class='ocrx_word' id='word_1_182' title='bbox 533 2297 672 2369; x_wconf 87' lang='lat' dir='ltr'><strong>gabit</strong></span> <span class='ocrx_word' id='word_1_183' title='bbox 700 2312 796 2368; x_wconf 84' lang='lat' dir='ltr'><strong>pro</strong></span> <span class='ocrx_word' id='word_1_184' title='bbox 834 2313 894 2351; x_wconf 90' lang='lat' dir='ltr'><strong>eo</strong></span> <span class='ocrx_word' id='word_1_185' title='bbox 926 2296 1193 2352; x_wconf 85' lang='lat' dir='ltr'><strong>sacerdos.</strong></span> <span class='ocrx_word' id='word_1_186' title='bbox 1228 2296 1292 2352; x_wconf 81' lang='lat' dir='ltr'><strong>Si</strong></span> <span class='ocrx_word' id='word_1_187' title='bbox 1319 2306 1488 2350; x_wconf 85' lang='lat' dir='ltr'><strong>autem</strong></span> <span class='ocrx_word' id='word_1_188' title='bbox 1531 2296 1585 2349; x_wconf 85' lang='lat' dir='ltr'><strong>in</strong></span> <span class='ocrx_word' id='word_1_189' title='bbox 1622 2288 1789 2349; x_wconf 85' lang='lat' dir='ltr'><strong>Deum</strong></span> <span class='ocrx_word' id='word_1_190' title='bbox 1827 2292 2132 2365; x_wconf 84' lang='lat' dir='ltr'><strong>peccauerit,</strong></span> 
     </span>
    </p>
   </div>
   <div class='ocr_carea' id='block_1_26' title="bbox 533 2390 2135 2472">
    <p class='ocr_par' dir='ltr' id='par_1_26' title="bbox 533 2390 2135 2472">
     <span class='ocr_line' id='line_1_26' title="bbox 533 2390 2135 2472; baseline -0.001 -21"><span class='ocrx_word' id='word_1_191' title='bbox 533 2398 651 2468; x_wconf 82' lang='lat' dir='ltr'><strong>quis</strong></span> <span class='ocrx_word' id='word_1_192' title='bbox 674 2396 875 2472; x_wconf 82' lang='lat' dir='ltr'><strong>ragabit</strong></span> <span class='ocrx_word' id='word_1_193' title='bbox 904 2410 998 2467; x_wconf 90' lang='lat' dir='ltr'><strong>pro</strong></span> <span class='ocrx_word' id='word_1_194' title='bbox 1020 2410 1081 2452; x_wconf 88' lang='lat' dir='ltr'><strong>ea</strong></span> <span class='ocrx_word' id='word_1_195' title='bbox 1101 2399 1127 2451; x_wconf 74' lang='lat'><strong>2’</strong></span> <span class='ocrx_word' id='word_1_196' title='bbox 1148 2390 1258 2452; x_wconf 79' lang='lat' dir='ltr'><strong>Nos</strong></span> <span class='ocrx_word' id='word_1_197' title='bbox 1284 2395 1598 2451; x_wconf 90' lang='lat' dir='ltr'><strong>econtrario</strong></span> <span class='ocrx_word' id='word_1_198' title='bbox 1622 2394 1674 2450; x_wconf 92' lang='lat' dir='ltr'><strong>in</strong></span> <span class='ocrx_word' id='word_1_199' title='bbox 1702 2396 1793 2451; x_wconf 89' lang='lat' dir='ltr'><strong>Dei</strong></span> <span class='ocrx_word' id='word_1_200' title='bbox 1821 2394 2019 2465; x_wconf 90' lang='lat' dir='ltr'><strong>injuria</strong></span> <span class='ocrx_word' id='word_1_201' title='bbox 2042 2395 2135 2449; x_wconf 49' lang='lat' dir='ltr'><strong>beo</strong></span> 
     </span>
    </p>
   </div>
   <div class='ocr_carea' id='block_1_27' title="bbox 535 2485 2131 2559">
    <p class='ocr_par' dir='ltr' id='par_1_27' title="bbox 535 2485 2131 2559">
     <span class='ocr_line' id='line_1_27' title="bbox 535 2485 2131 2559; baseline -0.003 -16"><span class='ocrx_word' id='word_1_202' title='bbox 535 2490 685 2559; x_wconf 84' lang='lat' dir='ltr'><strong>nigni</strong></span> <span class='ocrx_word' id='word_1_203' title='bbox 720 2505 933 2558; x_wconf 86' lang='lat' dir='ltr'><strong>sumus,</strong></span> <span class='ocrx_word' id='word_1_204' title='bbox 965 2490 1019 2544; x_wconf 91' lang='lat' dir='ltr'><strong>in</strong></span> <span class='ocrx_word' id='word_1_205' title='bbox 1043 2489 1248 2545; x_wconf 88' lang='lat' dir='ltr'><strong>nostris</strong></span> <span class='ocrx_word' id='word_1_206' title='bbox 1268 2485 1618 2544; x_wconf 88' lang='lat' dir='ltr'><strong>contumeliis</strong></span> <span class='ocrx_word' id='word_1_207' title='bbox 1641 2500 1964 2543; x_wconf 82' lang='lat' dir='ltr'><strong>exercemus</strong></span> <span class='ocrx_word' id='word_1_208' title='bbox 1985 2485 2131 2540; x_wconf 89' lang='lat' dir='ltr'><strong>odia.</strong></span> 
     </span>
    </p>
   </div>
   <div class='ocr_carea' id='block_1_28' title="bbox 531 2563 2134 2651">
    <p class='ocr_par' dir='ltr' id='par_1_28' title="bbox 531 2563 2134 2651">
     <span class='ocr_line' id='line_1_28' title="bbox 531 2563 2134 2651; baseline -0.004 -15"><span class='ocrx_word' id='word_1_209' title='bbox 531 2576 930 2651; x_wconf 87' lang='lat' dir='ltr'><strong>Corripiendus</strong></span> <span class='ocrx_word' id='word_1_210' title='bbox 962 2563 1052 2636; x_wconf 83' lang='lat' dir='ltr'><strong>est</strong></span> <span class='ocrx_word' id='word_1_211' title='bbox 1074 2589 1256 2636; x_wconf 90' lang='lat' dir='ltr'><strong>autem</strong></span> <span class='ocrx_word' id='word_1_212' title='bbox 1291 2580 1459 2635; x_wconf 82' lang='lat' dir='ltr'><strong>frater</strong></span> <span class='ocrx_word' id='word_1_213' title='bbox 1484 2594 1730 2636; x_wconf 88' lang='lat' dir='ltr'><strong>seorsum</strong></span> <span class='ocrx_word' id='word_1_214' title='bbox 1751 2621 1765 2646; x_wconf 91' lang='lat'><strong>,</strong></span> <span class='ocrx_word' id='word_1_215' title='bbox 1797 2592 1865 2633; x_wconf 90' lang='lat' dir='ltr'><strong>ne</strong></span> <span class='ocrx_word' id='word_1_216' title='bbox 1894 2577 1938 2632; x_wconf 88' lang='lat' dir='ltr'><strong>si</strong></span> <span class='ocrx_word' id='word_1_217' title='bbox 1967 2572 2134 2631; x_wconf 89' lang='lat' dir='ltr'><strong>semel</strong></span> 
     </span>
    </p>
   </div>
   <div class='ocr_carea' id='block_1_29' title="bbox 534 2672 2135 2742">
    <p class='ocr_par' dir='ltr' id='par_1_29' title="bbox 534 2672 2135 2742">
     <span class='ocr_line' id='line_1_29' title="bbox 534 2672 2135 2742; baseline -0.001 -15"><span class='ocrx_word' id='word_1_218' title='bbox 534 2672 827 2742; x_wconf 87' lang='lat' dir='ltr'><strong>pudorem,</strong></span> <span class='ocrx_word' id='word_1_219' title='bbox 880 2690 944 2731; x_wconf 91' lang='lat' dir='ltr'><strong>ac</strong></span> <span class='ocrx_word' id='word_1_220' title='bbox 983 2673 1375 2731; x_wconf 84' lang='lat' dir='ltr'><strong>verecundiam</strong></span> <span class='ocrx_word' id='word_1_221' title='bbox 1423 2674 1693 2740; x_wconf 89' lang='lat' dir='ltr'><strong>amiserit,</strong></span> <span class='ocrx_word' id='word_1_222' title='bbox 1749 2679 2032 2728; x_wconf 88' lang='lat' dir='ltr'><strong>remaneat</strong></span> <span class='ocrx_word' id='word_1_223' title='bbox 2080 2673 2135 2725; x_wconf 92' lang='lat' dir='ltr'><strong>in</strong></span> 
     </span>
    </p>
   </div>
   <div class='ocr_carea' id='block_1_30' title="bbox 535 2763 2134 2841">
    <p class='ocr_par' dir='ltr' id='par_1_30' title="bbox 535 2763 2134 2841">
     <span class='ocr_line' id='line_1_30' title="bbox 535 2763 2134 2841; baseline -0.005 -15"><span class='ocrx_word' id='word_1_224' title='bbox 535 2780 786 2841; x_wconf 86' lang='lat' dir='ltr'><strong>peccato.</strong></span> <span class='ocrx_word' id='word_1_225' title='bbox 815 2771 881 2825; x_wconf 88' lang='lat' dir='ltr'><strong>Et</strong></span> <span class='ocrx_word' id='word_1_226' title='bbox 900 2769 1171 2840; x_wconf 84' lang='lat' dir='ltr'><strong>siquidem</strong></span> <span class='ocrx_word' id='word_1_227' title='bbox 1204 2767 1462 2836; x_wconf 89' lang='lat' dir='ltr'><strong>audierit,</strong></span> <span class='ocrx_word' id='word_1_228' title='bbox 1497 2763 1869 2823; x_wconf 81' lang='lat' dir='ltr'><strong>lueril‘acimus</strong></span> <span class='ocrx_word' id='word_1_229' title='bbox 1895 2764 2134 2820; x_wconf 85' lang='lat' dir='ltr'><strong>animam</strong></span> 
     </span>
    </p>
   </div>
   <div class='ocr_carea' id='block_1_31' title="bbox 534 2856 2137 2933">
    <p class='ocr_par' dir='ltr' id='par_1_31' title="bbox 534 2856 2137 2933">
     <span class='ocr_line' id='line_1_31' title="bbox 534 2856 2137 2933; baseline -0.004 -15"><span class='ocrx_word' id='word_1_230' title='bbox 534 2859 679 2933; x_wconf 89' lang='lat' dir='ltr'><strong>ejus,</strong></span> <span class='ocrx_word' id='word_1_231' title='bbox 711 2872 765 2918; x_wconf 90' lang='lat' dir='ltr'><strong>et</strong></span> <span class='ocrx_word' id='word_1_232' title='bbox 799 2877 896 2933; x_wconf 90' lang='lat' dir='ltr'><strong>per</strong></span> <span class='ocrx_word' id='word_1_233' title='bbox 923 2862 1153 2917; x_wconf 89' lang='lat' dir='ltr'><strong>alterius</strong></span> <span class='ocrx_word' id='word_1_234' title='bbox 1179 2862 1436 2930; x_wconf 88' lang='lat' dir='ltr'><strong>salutem,</strong></span> <span class='ocrx_word' id='word_1_235' title='bbox 1466 2856 1624 2917; x_wconf 89' lang='lat' dir='ltr'><strong>nobis</strong></span> <span class='ocrx_word' id='word_1_236' title='bbox 1652 2876 1870 2932; x_wconf 86' lang='lat' dir='ltr'><strong>quoque</strong></span> <span class='ocrx_word' id='word_1_237' title='bbox 1898 2858 2137 2928; x_wconf 87' lang='lat' dir='ltr'><strong>acquiri—</strong></span> 
     </span>
    </p>
   </div>
   <div class='ocr_carea' id='block_1_32' title="bbox 538 2950 2137 3020">
    <p class='ocr_par' dir='ltr' id='par_1_32' title="bbox 538 2950 2137 3020">
     <span class='ocr_line' id='line_1_32' title="bbox 538 2950 2137 3020; baseline -0.003 -10"><span class='ocrx_word' id='word_1_238' title='bbox 538 2966 628 3010; x_wconf 90' lang='lat' dir='ltr'><strong>tur</strong></span> <span class='ocrx_word' id='word_1_239' title='bbox 676 2953 845 3011; x_wconf 90' lang='lat' dir='ltr'><strong>salns.</strong></span> <span class='ocrx_word' id='word_1_240' title='bbox 892 2954 987 3011; x_wconf 84' lang='lat' dir='ltr'><strong>Sin</strong></span> <span class='ocrx_word' id='word_1_241' title='bbox 1035 2965 1219 3012; x_wconf 88' lang='lat' dir='ltr'><strong>autem</strong></span> <span class='ocrx_word' id='word_1_242' title='bbox 1259 2952 1448 3011; x_wconf 91' lang='lat' dir='ltr'><strong>audire</strong></span> <span class='ocrx_word' id='word_1_243' title='bbox 1499 2950 1762 3020; x_wconf 88' lang='lat' dir='ltr'><strong>noluerit,</strong></span> <span class='ocrx_word' id='word_1_244' title='bbox 1808 2952 2137 3007; x_wconf 87' lang='lat' dir='ltr'><strong>adhibeatur</strong></span> 
     </span>
    </p>
   </div>
   <div class='ocr_carea' id='block_1_33' title="bbox 534 3042 2138 3115">
    <p class='ocr_par' dir='ltr' id='par_1_33' title="bbox 534 3042 2138 3115">
     <span class='ocr_line' id='line_1_33' title="bbox 534 3042 2138 3115; baseline -0.004 -14"><span class='ocrx_word' id='word_1_245' title='bbox 534 3042 728 3102; x_wconf 80' lang='lat' dir='ltr'><strong>frater.</strong></span> <span class='ocrx_word' id='word_1_246' title='bbox 753 3044 911 3115; x_wconf 84' lang='lat' dir='ltr'><strong>Quod</strong></span> <span class='ocrx_word' id='word_1_247' title='bbox 940 3046 984 3101; x_wconf 89' lang='lat' dir='ltr'><strong>si</strong></span> <span class='ocrx_word' id='word_1_248' title='bbox 1013 3062 1114 3103; x_wconf 91' lang='lat' dir='ltr'><strong>nec</strong></span> <span class='ocrx_word' id='word_1_249' title='bbox 1142 3047 1292 3101; x_wconf 90' lang='lat' dir='ltr'><strong>illum</strong></span> <span class='ocrx_word' id='word_1_250' title='bbox 1319 3046 1576 3110; x_wconf 88' lang='lat' dir='ltr'><strong>audierit,</strong></span> <span class='ocrx_word' id='word_1_251' title='bbox 1607 3044 1931 3100; x_wconf 65' lang='lat' dir='ltr'><strong>adhibeatur</strong></span> <span class='ocrx_word' id='word_1_252' title='bbox 1953 3053 2005 3096; x_wconf 92' lang='lat' dir='ltr'><strong>ct</strong></span> <span class='ocrx_word' id='word_1_253' title='bbox 2030 3051 2138 3095; x_wconf 90' lang='lat' dir='ltr'><strong>ter-</strong></span> 
     </span>
    </p>
   </div>
   <div class='ocr_carea' id='block_1_34' title="bbox 538 3133 2137 3211">
    <p class='ocr_par' dir='ltr' id='par_1_34' title="bbox 538 3133 2137 3211">
     <span class='ocr_line' id='line_1_34' title="bbox 538 3133 2137 3211; baseline -0.004 -18"><span class='ocrx_word' id='word_1_254' title='bbox 538 3138 669 3206; x_wconf 89' lang='lat' dir='ltr'><strong>tius,</strong></span> <span class='ocrx_word' id='word_1_255' title='bbox 703 3140 790 3195; x_wconf 91' lang='lat' dir='ltr'><strong>vel</strong></span> <span class='ocrx_word' id='word_1_256' title='bbox 824 3139 1129 3211; x_wconf 88' lang='lat' dir='ltr'><strong>corrigendi</strong></span> <span class='ocrx_word' id='word_1_257' title='bbox 1153 3139 1356 3205; x_wconf 90' lang='lat' dir='ltr'><strong>studio,</strong></span> <span class='ocrx_word' id='word_1_258' title='bbox 1393 3140 1476 3194; x_wconf 85' lang='lat' dir='ltr'><strong>vel</strong></span> <span class='ocrx_word' id='word_1_259' title='bbox 1506 3134 1871 3193; x_wconf 88' lang='lat' dir='ltr'><strong>conveniendi</strong></span> <span class='ocrx_word' id='word_1_260' title='bbox 1897 3133 1999 3189; x_wconf 92' lang='lat' dir='ltr'><strong>sub</strong></span> <span class='ocrx_word' id='word_1_261' title='bbox 2030 3145 2137 3188; x_wconf 89' lang='lat' dir='ltr'><strong>tes-</strong></span> 
     </span>
    </p>
   </div>
   <div class='ocr_carea' id='block_1_35' title="bbox 537 3225 2135 3296">
    <p class='ocr_par' dir='ltr' id='par_1_35' title="bbox 537 3225 2135 3296">
     <span class='ocr_line' id='line_1_35' title="bbox 537 3225 2135 3296; baseline -0.006 -9"><span class='ocrx_word' id='word_1_262' title='bbox 537 3231 704 3289; x_wconf 92' lang='lat' dir='ltr'><strong>tibus.</strong></span> <span class='ocrx_word' id='word_1_263' title='bbox 732 3228 906 3289; x_wconf 87' lang='lat' dir='ltr'><strong>Porro</strong></span> <span class='ocrx_word' id='word_1_264' title='bbox 927 3232 973 3289; x_wconf 91' lang='lat' dir='ltr'><strong>si</strong></span> <span class='ocrx_word' id='word_1_265' title='bbox 1006 3248 1107 3289; x_wconf 91' lang='lat' dir='ltr'><strong>nec</strong></span> <span class='ocrx_word' id='word_1_266' title='bbox 1128 3233 1255 3288; x_wconf 90' lang='lat' dir='ltr'><strong>illos</strong></span> <span class='ocrx_word' id='word_1_267' title='bbox 1286 3231 1482 3287; x_wconf 90' lang='lat' dir='ltr'><strong>audire</strong></span> <span class='ocrx_word' id='word_1_268' title='bbox 1512 3230 1768 3296; x_wconf 80' lang='lat' dir='ltr'><strong>voluerit,</strong></span> <span class='ocrx_word' id='word_1_269' title='bbox 1796 3239 1923 3283; x_wconf 90' lang='lat' dir='ltr'><strong>tunc</strong></span> <span class='ocrx_word' id='word_1_270' title='bbox 1951 3225 2135 3281; x_wconf 91' lang='lat' dir='ltr'><strong>multis</strong></span> 
     </span>
    </p>
   </div>
   <div class='ocr_carea' id='block_1_36' title="bbox 536 3316 2136 3392">
    <p class='ocr_par' dir='ltr' id='par_1_36' title="bbox 536 3316 2136 3392">
     <span class='ocr_line' id='line_1_36' title="bbox 536 3316 2136 3392; baseline -0.007 -11"><span class='ocrx_word' id='word_1_271' title='bbox 536 3324 827 3383; x_wconf 90' lang='lat' dir='ltr'><strong>dicendum</strong></span> <span class='ocrx_word' id='word_1_272' title='bbox 859 3338 967 3392; x_wconf 90' lang='lat' dir='ltr'><strong>est,</strong></span> <span class='ocrx_word' id='word_1_273' title='bbox 1002 3332 1061 3381; x_wconf 94' lang='lat' dir='ltr'><strong>ut</strong></span> <span class='ocrx_word' id='word_1_274' title='bbox 1087 3325 1446 3382; x_wconf 88' lang='lat' dir='ltr'><strong>detestationi</strong></span> <span class='ocrx_word' id='word_1_275' title='bbox 1495 3341 1620 3381; x_wconf 91' lang='lat' dir='ltr'><strong>eum</strong></span> <span class='ocrx_word' id='word_1_276' title='bbox 1667 3322 1924 3386; x_wconf 81' lang='lat' dir='ltr'><strong>habeant,</strong></span> <span class='ocrx_word' id='word_1_277' title='bbox 1958 3330 2013 3375; x_wconf 90' lang='lat' dir='ltr'><strong>et</strong></span> <span class='ocrx_word' id='word_1_278' title='bbox 2044 3316 2136 3389; x_wconf 90' lang='lat' dir='ltr'><strong>qui</strong></span> 
     </span>
    </p>
   </div>
   <div class='ocr_carea' id='block_1_37' title="bbox 538 3422 2140 3500">
    <p class='ocr_par' dir='ltr' id='par_1_37' title="bbox 538 3422 2140 3500">
     <span class='ocr_line' id='line_1_37' title="bbox 538 3422 2140 3500; baseline -0.004 -18"><span class='ocrx_word' id='word_1_279' title='bbox 538 3442 647 3483; x_wconf 90' lang='lat' dir='ltr'><strong>non</strong></span> <span class='ocrx_word' id='word_1_280' title='bbox 668 3427 850 3500; x_wconf 90' lang='lat' dir='ltr'><strong>potuit</strong></span> <span class='ocrx_word' id='word_1_281' title='bbox 870 3427 1081 3499; x_wconf 90' lang='lat' dir='ltr'><strong>pudore</strong></span> <span class='ocrx_word' id='word_1_282' title='bbox 1096 3424 1322 3492; x_wconf 88' lang='lat' dir='ltr'><strong>salvari,</strong></span> <span class='ocrx_word' id='word_1_283' title='bbox 1337 3427 1583 3482; x_wconf 89' lang='lat' dir='ltr'><strong>salvetur</strong></span> <span class='ocrx_word' id='word_1_284' title='bbox 1603 3423 1940 3495; x_wconf 80' lang='lat' dir='ltr'><strong>Opprobriis.</strong></span> <span class='ocrx_word' id='word_1_285' title='bbox 1956 3422 2140 3489; x_wconf 85' lang='lat' dir='ltr'><strong>Quan-</strong></span> 
     </span>
    </p>
   </div>
   <div class='ocr_carea' id='block_1_38' title="bbox 533 3517 2136 3590">
    <p class='ocr_par' dir='ltr' id='par_1_38' title="bbox 533 3517 2136 3590">
     <span class='ocr_line' id='line_1_38' title="bbox 533 3517 2136 3590; baseline -0.006 -13"><span class='ocrx_word' id='word_1_286' title='bbox 533 3520 604 3577; x_wconf 90' lang='lat' dir='ltr'><strong>do</strong></span> <span class='ocrx_word' id='word_1_287' title='bbox 628 3531 808 3579; x_wconf 88' lang='lat' dir='ltr'><strong>autem</strong></span> <span class='ocrx_word' id='word_1_288' title='bbox 835 3522 1034 3578; x_wconf 87' lang='lat' dir='ltr'><strong>dicitur</strong></span> <span class='ocrx_word' id='word_1_289' title='bbox 1065 3539 1080 3580; x_wconf 89' lang='lat'>:</span> <span class='ocrx_word' id='word_1_290' title='bbox 1115 3521 1196 3578; x_wconf 87' lang='lat' dir='ltr'><strong>Sit</strong></span> <span class='ocrx_word' id='word_1_291' title='bbox 1229 3522 1320 3576; x_wconf 89' lang='lat' dir='ltr'><strong>tibi</strong></span> <span class='ocrx_word' id='word_1_292' title='bbox 1337 3521 1467 3576; x_wconf 88' lang='lat' dir='ltr'><strong>sicut</strong></span> <span class='ocrx_word' id='word_1_293' title='bbox 1485 3518 1723 3574; x_wconf 86' lang='lat' dir='ltr'><strong>ethnicus</strong></span> <span class='ocrx_word' id='word_1_294' title='bbox 1738 3527 1784 3574; x_wconf 85' lang='lat' dir='ltr'><strong>et</strong></span> <span class='ocrx_word' id='word_1_295' title='bbox 1806 3517 2136 3590; x_wconf 78' lang='lat' dir='ltr'><strong>publicanus,</strong></span> 
     </span>
    </p>
   </div>
   <div class='ocr_carea' id='block_1_39' title="bbox 535 3608 2138 3685">
    <p class='ocr_par' dir='ltr' id='par_1_39' title="bbox 535 3608 2138 3685">
     <span class='ocr_line' id='line_1_39' title="bbox 535 3608 2138 3685; baseline -0.004 -15"><span class='ocrx_word' id='word_1_296' title='bbox 535 3614 846 3670; x_wconf 83' lang='lat' dir='ltr'><strong>ostenditur</strong></span> <span class='ocrx_word' id='word_1_297' title='bbox 870 3614 1100 3685; x_wconf 86' lang='lat' dir='ltr'><strong>majoris</strong></span> <span class='ocrx_word' id='word_1_298' title='bbox 1124 3628 1247 3669; x_wconf 90' lang='lat' dir='ltr'><strong>esse</strong></span> <span class='ocrx_word' id='word_1_299' title='bbox 1273 3613 1679 3679; x_wconf 88' lang='lat' dir='ltr'><strong>detestationis,</strong></span> <span class='ocrx_word' id='word_1_300' title='bbox 1711 3611 1801 3682; x_wconf 87' lang='lat' dir='ltr'><strong>qui</strong></span> <span class='ocrx_word' id='word_1_301' title='bbox 1833 3610 1934 3665; x_wconf 90' lang='lat' dir='ltr'><strong>sub</strong></span> <span class='ocrx_word' id='word_1_302' title='bbox 1962 3608 2138 3665; x_wconf 88' lang='lat' dir='ltr'><strong>nomi-</strong></span> 
     </span>
    </p>
   </div>
   <div class='ocr_carea' id='block_1_40' title="bbox 540 3702 2139 3777">
    <p class='ocr_par' dir='ltr' id='par_1_40' title="bbox 540 3702 2139 3777">
     <span class='ocr_line' id='line_1_40' title="bbox 540 3702 2139 3777; baseline -0.001 -17"><span class='ocrx_word' id='word_1_303' title='bbox 540 3721 609 3762; x_wconf 91' lang='lat' dir='ltr'><strong>ne</strong></span> <span class='ocrx_word' id='word_1_304' title='bbox 640 3705 818 3761; x_wconf 87' lang='lat' dir='ltr'><strong>iidelis</strong></span> <span class='ocrx_word' id='word_1_305' title='bbox 843 3706 955 3776; x_wconf 79' lang='lat' dir='ltr'><strong>agit</strong></span> <span class='ocrx_word' id='word_1_306' title='bbox 990 3720 1159 3777; x_wconf 91' lang='lat' dir='ltr'><strong>opera</strong></span> <span class='ocrx_word' id='word_1_307' title='bbox 1192 3704 1521 3773; x_wconf 76' lang='lat' dir='ltr'><strong>inﬁdelium,</strong></span> <span class='ocrx_word' id='word_1_308' title='bbox 1551 3720 1711 3776; x_wconf 86' lang='lat' dir='ltr'><strong>quam</strong></span> <span class='ocrx_word' id='word_1_309' title='bbox 1742 3703 1797 3759; x_wconf 92' lang='lat' dir='ltr'><strong>hi</strong></span> <span class='ocrx_word' id='word_1_310' title='bbox 1829 3702 1918 3774; x_wconf 86' lang='lat' dir='ltr'><strong>qui</strong></span> <span class='ocrx_word' id='word_1_311' title='bbox 1948 3710 2139 3773; x_wconf 90' lang='lat' dir='ltr'><strong>aperte</strong></span> 
     </span>
    </p>
   </div>
   <div class='ocr_carea' id='block_1_41' title="bbox 537 3795 2136 3854">
    <p class='ocr_par' dir='ltr' id='par_1_41' title="bbox 537 3795 2136 3854">
     <span class='ocr_line' id='line_1_41' title="bbox 537 3795 2136 3854; baseline -0.003 -1"><span class='ocrx_word' id='word_1_312' title='bbox 537 3796 783 3853; x_wconf 87' lang='lat' dir='ltr'><strong>Gentiles</strong></span> <span class='ocrx_word' id='word_1_313' title='bbox 823 3805 971 3853; x_wconf 89' lang='lat' dir='ltr'><strong>sunt.</strong></span> <span class='ocrx_word' id='word_1_314' title='bbox 1022 3797 1310 3854; x_wconf 76' lang='lat' dir='ltr'><strong>Publiceni</strong></span> <span class='ocrx_word' id='word_1_315' title='bbox 1350 3798 1496 3853; x_wconf 91' lang='lat' dir='ltr'><strong>enim</strong></span> <span class='ocrx_word' id='word_1_316' title='bbox 1526 3805 1791 3852; x_wconf 87' lang='lat' dir='ltr'><strong>vocantur</strong></span> <span class='ocrx_word' id='word_1_317' title='bbox 1836 3795 2136 3852; x_wconf 88' lang='lat' dir='ltr'><strong>secundum</strong></span> 
     </span>
    </p>
   </div>
   <div class='ocr_carea' id='block_1_42' title="bbox 537 3888 2141 3963">
    <p class='ocr_par' dir='ltr' id='par_1_42' title="bbox 537 3888 2141 3963">
     <span class='ocr_line' id='line_1_42' title="bbox 537 3888 2141 3963; baseline -0.001 -17"><span class='ocrx_word' id='word_1_318' title='bbox 537 3888 927 3963; x_wconf 86' lang='lat' dir='ltr'><strong>tropologiam,</strong></span> <span class='ocrx_word' id='word_1_319' title='bbox 961 3891 1054 3961; x_wconf 89' lang='lat' dir='ltr'><strong>qui</strong></span> <span class='ocrx_word' id='word_1_320' title='bbox 1103 3891 1289 3946; x_wconf 62' lang='lat' dir='ltr'><strong>saeculi</strong></span> <span class='ocrx_word' id='word_1_321' title='bbox 1318 3899 1601 3947; x_wconf 88' lang='lat' dir='ltr'><strong>sectantur</strong></span> <span class='ocrx_word' id='word_1_322' title='bbox 1625 3890 1796 3959; x_wconf 88' lang='lat' dir='ltr'><strong>lucra,</strong></span> <span class='ocrx_word' id='word_1_323' title='bbox 1830 3897 1886 3944; x_wconf 90' lang='lat' dir='ltr'><strong>et</strong></span> <span class='ocrx_word' id='word_1_324' title='bbox 1916 3890 2141 3959; x_wconf 73' lang='lat' dir='ltr'><strong>exigunt</strong></span> 
     </span>
    </p>
   </div>
   <div class='ocr_carea' id='block_1_43' title="bbox 540 3981 2136 4053">
    <p class='ocr_par' dir='ltr' id='par_1_43' title="bbox 540 3981 2136 4053">
     <span class='ocr_line' id='line_1_43' title="bbox 540 3981 2136 4053; baseline 0 -17"><span class='ocrx_word' id='word_1_325' title='bbox 540 3983 825 4053; x_wconf 74' lang='lat' dir='ltr'><strong>vectigalia</strong></span> <span class='ocrx_word' id='word_1_326' title='bbox 872 3998 970 4053; x_wconf 89' lang='lat' dir='ltr'><strong>per</strong></span> <span class='ocrx_word' id='word_1_327' title='bbox 1016 3983 1417 4053; x_wconf 86' lang='lat' dir='ltr'><strong>negotiationes</strong></span> <span class='ocrx_word' id='word_1_328' title='bbox 1465 3992 1521 4039; x_wconf 90' lang='lat' dir='ltr'><strong>et</strong></span> <span class='ocrx_word' id='word_1_329' title='bbox 1569 3983 1830 4050; x_wconf 81' lang='lat' dir='ltr'><strong>fraudes,</strong></span> <span class='ocrx_word' id='word_1_330' title='bbox 1859 3997 1923 4037; x_wconf 90' lang='lat' dir='ltr'><strong>ae</strong></span> <span class='ocrx_word' id='word_1_331' title='bbox 1968 3981 2136 4049; x_wconf 89' lang='lat' dir='ltr'><strong>furta,</strong></span> 
     </span>
    </p>
   </div>
   <div class='ocr_carea' id='block_1_44' title="bbox 540 4072 1203 4146">
    <p class='ocr_par' dir='ltr' id='par_1_44' title="bbox 540 4072 1203 4146">
     <span class='ocr_line' id='line_1_44' title="bbox 540 4072 1203 4146; baseline 0.002 -17"><span class='ocrx_word' id='word_1_332' title='bbox 540 4072 915 4146; x_wconf 88' lang='lat' dir='ltr'><strong>scelerataque</strong></span> <span class='ocrx_word' id='word_1_333' title='bbox 941 4075 1203 4145; x_wconf 75' lang='lat' dir='ltr'><strong>periuria.</strong></span> 
     </span>
    </p>
   </div>
   <div class='ocr_carea' id='block_1_45' title="bbox 617 4164 2139 4239">
    <p class='ocr_par' dir='ltr' id='par_1_45' title="bbox 617 4164 2139 4239">
     <span class='ocr_line' id='line_1_45' title="bbox 617 4164 2139 4239; baseline 0.001 -20"><span class='ocrx_word' id='word_1_334' title='bbox 617 4164 798 4236; x_wconf 80' lang='lat' dir='ltr'><strong>(Vere.</strong></span> <span class='ocrx_word' id='word_1_335' title='bbox 832 4166 945 4238; x_wconf 84' lang='grc'><strong>18.)</strong></span> <span class='ocrx_word' id='word_1_336' title='bbox 979 4168 1142 4223; x_wconf 88' lang='lat' dir='ltr'><strong>Amen</strong></span> <span class='ocrx_word' id='word_1_337' title='bbox 1186 4167 1305 4222; x_wconf 85' lang='lat' dir='ltr'><strong>dico</strong></span> <span class='ocrx_word' id='word_1_338' title='bbox 1352 4169 1489 4222; x_wconf 81' lang='lat' dir='ltr'><strong>vobis</strong></span> <span class='ocrx_word' id='word_1_339' title='bbox 1519 4183 1539 4222; x_wconf 81' lang='lat'><strong>.&#39;</strong></span> <span class='ocrx_word' id='word_1_340' title='bbox 1568 4184 1903 4239; x_wconf 70' lang='lat' dir='ltr'><strong>quiscumque</strong></span> <span class='ocrx_word' id='word_1_341' title='bbox 1949 4167 2139 4239; x_wconf 82' lang='lat' dir='ltr'><strong>alliga-</strong></span> 
     </span>
    </p>
   </div>
   <div class='ocr_carea' id='block_1_46' title="bbox 543 4259 2141 4333">
    <p class='ocr_par' dir='ltr' id='par_1_46' title="bbox 543 4259 2141 4333">
     <span class='ocr_line' id='line_1_46' title="bbox 543 4259 2141 4333; baseline 0.003 -20"><span class='ocrx_word' id='word_1_342' title='bbox 543 4259 718 4315; x_wconf 75' lang='lat' dir='ltr'><strong>reritis</strong></span> <span class='ocrx_word' id='word_1_343' title='bbox 741 4278 896 4333; x_wconf 85' lang='lat' dir='ltr'><strong>super</strong></span> <span class='ocrx_word' id='word_1_344' title='bbox 924 4269 1114 4316; x_wconf 87' lang='lat' dir='ltr'><strong>terram</strong></span> <span class='ocrx_word' id='word_1_345' title='bbox 1141 4304 1157 4329; x_wconf 89' lang='lat'><strong>,</strong></span> <span class='ocrx_word' id='word_1_346' title='bbox 1190 4271 1344 4316; x_wconf 88' lang='lat' dir='ltr'><strong>erunt</strong></span> <span class='ocrx_word' id='word_1_347' title='bbox 1371 4262 1535 4332; x_wconf 87' lang='lat' dir='ltr'><strong>ligata</strong></span> <span class='ocrx_word' id='word_1_348' title='bbox 1573 4271 1621 4316; x_wconf 88' lang='lat' dir='ltr'><strong>et</strong></span> <span class='ocrx_word' id='word_1_349' title='bbox 1650 4264 1701 4316; x_wconf 88' lang='lat' dir='ltr'><strong>in</strong></span> <span class='ocrx_word' id='word_1_350' title='bbox 1733 4262 1899 4317; x_wconf 77' lang='lat' dir='ltr'><strong>cwlo:</strong></span> <span class='ocrx_word' id='word_1_351' title='bbox 1930 4272 1977 4316; x_wconf 85' lang='lat' dir='ltr'><strong>et</strong></span> <span class='ocrx_word' id='word_1_352' title='bbox 2000 4277 2141 4329; x_wconf 72' lang='lat' dir='ltr'><strong>quat-</strong></span> 
     </span>
    </p>
   </div>
   <div class='ocr_carea' id='block_1_47' title="bbox 542 4340 2138 4424">
    <p class='ocr_par' dir='ltr' id='par_1_47' title="bbox 542 4340 2138 4424">
     <span class='ocr_line' id='line_1_47' title="bbox 542 4340 2138 4424; baseline 0.002 -19"><span class='ocrx_word' id='word_1_353' title='bbox 542 4340 1031 4421; x_wconf 46' lang='lat' dir='ltr'><strong>cumque&#39;solveritis</strong></span> <span class='ocrx_word' id='word_1_354' title='bbox 1055 4367 1212 4424; x_wconf 82' lang='lat' dir='ltr'><strong>super</strong></span> <span class='ocrx_word' id='word_1_355' title='bbox 1235 4361 1449 4420; x_wconf 85' lang='lat' dir='ltr'><strong>terram,</strong></span> <span class='ocrx_word' id='word_1_356' title='bbox 1473 4362 1624 4407; x_wconf 85' lang='lat' dir='ltr'><strong>erunt</strong></span> <span class='ocrx_word' id='word_1_357' title='bbox 1645 4346 1816 4407; x_wconf 80' lang='lat' dir='ltr'><strong>soluta</strong></span> <span class='ocrx_word' id='word_1_358' title='bbox 1835 4360 1883 4407; x_wconf 88' lang='lat' dir='ltr'><strong>et</strong></span> <span class='ocrx_word' id='word_1_359' title='bbox 1902 4352 1957 4406; x_wconf 83' lang='lat' dir='ltr'><strong>in</strong></span> <span class='ocrx_word' id='word_1_360' title='bbox 1986 4352 2138 4409; x_wconf 74' lang='lat' dir='ltr'><strong>cazlo.</strong></span> 
     </span>
    </p>
   </div>
   <div class='ocr_carea' id='block_1_48' title="bbox 543 4442 2142 4513">
    <p class='ocr_par' dir='ltr' id='par_1_48' title="bbox 543 4442 2142 4513">
     <span class='ocr_line' id='line_1_48' title="bbox 543 4442 2142 4513; baseline 0.002 -15"><span class='ocrx_word' id='word_1_361' title='bbox 543 4442 681 4510; x_wconf 86' lang='lat' dir='ltr'><strong>Quia</strong></span> <span class='ocrx_word' id='word_1_362' title='bbox 728 4443 942 4500; x_wconf 76' lang='lat' dir='ltr'><strong>dixerat</strong></span> <span class='ocrx_word' id='word_1_363' title='bbox 975 4463 986 4499; x_wconf 90' lang='lat'>:</span> <span class='ocrx_word' id='word_1_364' title='bbox 1015 4445 1077 4501; x_wconf 84' lang='lat' dir='ltr'><strong>Si</strong></span> <span class='ocrx_word' id='word_1_365' title='bbox 1116 4454 1288 4499; x_wconf 87' lang='lat' dir='ltr'><strong>autem</strong></span> <span class='ocrx_word' id='word_1_366' title='bbox 1320 4444 1610 4502; x_wconf 81' lang='lat' dir='ltr'><strong>Ecclesium</strong></span> <span class='ocrx_word' id='word_1_367' title='bbox 1638 4464 1741 4501; x_wconf 86' lang='lat' dir='ltr'><strong>non</strong></span> <span class='ocrx_word' id='word_1_368' title='bbox 1792 4447 2043 4513; x_wconf 89' lang='lat' dir='ltr'><strong>audierit,</strong></span> <span class='ocrx_word' id='word_1_369' title='bbox 2075 4447 2142 4501; x_wconf 85' lang='lat' dir='ltr'><strong>sit</strong></span> 
     </span>
    </p>
   </div>
   <div class='ocr_carea' id='block_1_49' title="bbox 543 4542 2139 4617">
    <p class='ocr_par' dir='ltr' id='par_1_49' title="bbox 543 4542 2139 4617">
     <span class='ocr_line' id='line_1_49' title="bbox 543 4542 2139 4617; baseline 0.003 -21"><span class='ocrx_word' id='word_1_370' title='bbox 543 4542 638 4596; x_wconf 85' lang='lat' dir='ltr'><strong>tibi</strong></span> <span class='ocrx_word' id='word_1_371' title='bbox 668 4545 801 4599; x_wconf 86' lang='lat' dir='ltr'><strong>sicut</strong></span> <span class='ocrx_word' id='word_1_372' title='bbox 827 4545 1063 4600; x_wconf 82' lang='lat' dir='ltr'><strong>ethnicus</strong></span> <span class='ocrx_word' id='word_1_373' title='bbox 1091 4552 1139 4600; x_wconf 87' lang='lat' dir='ltr'><strong>et</strong></span> <span class='ocrx_word' id='word_1_374' title='bbox 1170 4544 1500 4614; x_wconf 81' lang='lat' dir='ltr'><strong>publicanus,</strong></span> <span class='ocrx_word' id='word_1_375' title='bbox 1524 4554 1581 4602; x_wconf 91' lang='lat' dir='ltr'><strong>et</strong></span> <span class='ocrx_word' id='word_1_376' title='bbox 1605 4554 1825 4617; x_wconf 87' lang='lat' dir='ltr'><strong>poterat</strong></span> <span class='ocrx_word' id='word_1_377' title='bbox 1851 4555 2139 4617; x_wconf 87' lang='lat' dir='ltr'><strong>contemp-</strong></span> 
     </span>
    </p>
   </div>
   <div class='ocr_carea' id='block_1_50' title="bbox 546 4638 2143 4712">
    <p class='ocr_par' dir='ltr' id='par_1_50' title="bbox 546 4638 2143 4712">
     <span class='ocr_line' id='line_1_50' title="bbox 546 4638 2143 4712; baseline 0.003 -21"><span class='ocrx_word' id='word_1_378' title='bbox 546 4638 684 4693; x_wconf 88' lang='lat' dir='ltr'><strong>toris</strong></span> <span class='ocrx_word' id='word_1_379' title='bbox 701 4638 887 4695; x_wconf 79' lang='lat' dir='ltr'><strong>fratris</strong></span> <span class='ocrx_word' id='word_1_380' title='bbox 902 4639 1021 4695; x_wconf 76' lang='lat' dir='ltr'><strong>htcc</strong></span> <span class='ocrx_word' id='word_1_381' title='bbox 1031 4639 1247 4696; x_wconf 88' lang='lat' dir='ltr'><strong>occulta</strong></span> <span class='ocrx_word' id='word_1_382' title='bbox 1264 4654 1387 4696; x_wconf 83' lang='lat' dir='ltr'><strong>esse</strong></span> <span class='ocrx_word' id='word_1_383' title='bbox 1402 4641 1804 4712; x_wconf 85' lang='lat' dir='ltr'><strong>responsio,vel</strong></span> <span class='ocrx_word' id='word_1_384' title='bbox 1821 4640 1982 4697; x_wconf 81' lang='lat' dir='ltr'><strong>tacita</strong></span> <span class='ocrx_word' id='word_1_385' title='bbox 1994 4643 2143 4711; x_wconf 86' lang='lat' dir='ltr'><strong>cogi-</strong></span> 
     </span>
    </p>
   </div>
   <div class='ocr_carea' id='block_1_51' title="bbox 549 4732 2144 4806">
    <p class='ocr_par' dir='ltr' id='par_1_51' title="bbox 549 4732 2144 4806">
     <span class='ocr_line' id='line_1_51' title="bbox 549 4732 2144 4806; baseline 0 -19"><span class='ocrx_word' id='word_1_386' title='bbox 549 4732 768 4800; x_wconf 88' lang='lat' dir='ltr'><strong>tatio,si</strong></span> <span class='ocrx_word' id='word_1_387' title='bbox 790 4749 876 4790; x_wconf 91' lang='lat' dir='ltr'><strong>me</strong></span> <span class='ocrx_word' id='word_1_388' title='bbox 897 4732 1157 4804; x_wconf 86' lang='lat' dir='ltr'><strong>despicis,</strong></span> <span class='ocrx_word' id='word_1_389' title='bbox 1182 4743 1240 4791; x_wconf 91' lang='lat' dir='ltr'><strong>et</strong></span> <span class='ocrx_word' id='word_1_390' title='bbox 1265 4750 1365 4805; x_wconf 84' lang='lat' dir='ltr'><strong>ego</strong></span> <span class='ocrx_word' id='word_1_391' title='bbox 1389 4744 1441 4790; x_wconf 92' lang='lat' dir='ltr'><strong>te</strong></span> <span class='ocrx_word' id='word_1_392' title='bbox 1462 4734 1730 4806; x_wconf 87' lang='lat' dir='ltr'><strong>despicio,</strong></span> <span class='ocrx_word' id='word_1_393' title='bbox 1757 4734 1803 4790; x_wconf 88' lang='lat' dir='ltr'><strong>si</strong></span> <span class='ocrx_word' id='word_1_394' title='bbox 1827 4743 1883 4791; x_wconf 91' lang='lat' dir='ltr'><strong>tu</strong></span> <span class='ocrx_word' id='word_1_395' title='bbox 1905 4749 1991 4790; x_wconf 89' lang='lat' dir='ltr'><strong>me</strong></span> <span class='ocrx_word' id='word_1_396' title='bbox 2013 4749 2144 4788; x_wconf 91' lang='lat' dir='ltr'><strong>eon-</strong></span> 
     </span>
    </p>
   </div>
   <div class='ocr_carea' id='block_1_52' title="bbox 547 4826 2140 4898">
    <p class='ocr_par' dir='ltr' id='par_1_52' title="bbox 547 4826 2140 4898">
     <span class='ocr_line' id='line_1_52' title="bbox 547 4826 2140 4898; baseline 0 -16"><span class='ocrx_word' id='word_1_397' title='bbox 547 4826 797 4896; x_wconf 88' lang='lat' dir='ltr'><strong>denmas,</strong></span> <span class='ocrx_word' id='word_1_398' title='bbox 813 4836 869 4883; x_wconf 92' lang='lat' dir='ltr'><strong>et</strong></span> <span class='ocrx_word' id='word_1_399' title='bbox 881 4841 1003 4884; x_wconf 90' lang='lat' dir='ltr'><strong>mea</strong></span> <span class='ocrx_word' id='word_1_400' title='bbox 1015 4827 1285 4883; x_wconf 87' lang='lat' dir='ltr'><strong>sententia</strong></span> <span class='ocrx_word' id='word_1_401' title='bbox 1298 4827 1790 4884; x_wconf 79' lang='lat' dir='ltr'><strong>condemnaberis:</strong></span> <span class='ocrx_word' id='word_1_402' title='bbox 1810 4834 2140 4898; x_wconf 87' lang='lat' dir='ltr'><strong>potestatem</strong></span> 
     </span>
    </p>
   </div>
   <div class='ocr_carea' id='block_1_53' title="bbox 548 4918 2141 4992">
    <p class='ocr_par' dir='ltr' id='par_1_53' title="bbox 548 4918 2141 4992">
     <span class='ocr_line' id='line_1_53' title="bbox 548 4918 2141 4992; baseline -0.001 -18"><span class='ocrx_word' id='word_1_403' title='bbox 548 4918 737 4975; x_wconf 88' lang='lat' dir='ltr'><strong>tribuit</strong></span> <span class='ocrx_word' id='word_1_404' title='bbox 750 4919 1398 4992; x_wconf 83' lang='lat' dir='ltr'><strong>apOStolis,utsciantqni</strong></span> <span class='ocrx_word' id='word_1_405' title='bbox 1415 4936 1443 4975; x_wconf 89' lang='lat' dir='ltr'><strong>a</strong></span> <span class='ocrx_word' id='word_1_406' title='bbox 1462 4921 1663 4977; x_wconf 88' lang='lat' dir='ltr'><strong>talibus</strong></span> <span class='ocrx_word' id='word_1_407' title='bbox 1679 4920 2141 4986; x_wconf 85' lang='lat' dir='ltr'><strong>condemnamur,</strong></span> 
     </span>
    </p>
   </div>
   <div class='ocr_carea' id='block_1_54' title="bbox 547 5010 2145 5080">
    <p class='ocr_par' dir='ltr' id='par_1_54' title="bbox 547 5010 2145 5080">
     <span class='ocr_line' id='line_1_54' title="bbox 547 5010 2145 5080; baseline 0 -13"><span class='ocrx_word' id='word_1_408' title='bbox 547 5010 840 5069; x_wconf 83' lang='lat' dir='ltr'><strong>humanam</strong></span> <span class='ocrx_word' id='word_1_409' title='bbox 886 5014 1220 5070; x_wconf 87' lang='lat' dir='ltr'><strong>sententiam</strong></span> <span class='ocrx_word' id='word_1_410' title='bbox 1247 5013 1429 5069; x_wconf 84' lang='lat' dir='ltr'><strong>divina</strong></span> <span class='ocrx_word' id='word_1_411' title='bbox 1478 5012 1752 5070; x_wconf 85' lang='lat' dir='ltr'><strong>sententia</strong></span> <span class='ocrx_word' id='word_1_412' title='bbox 1798 5011 2145 5080; x_wconf 89' lang='lat' dir='ltr'><strong>roborari,et</strong></span> 
     </span>
    </p>
   </div>
   <div class='ocr_carea' id='block_1_55' title="bbox 547 5105 2145 5179">
    <p class='ocr_par' dir='ltr' id='par_1_55' title="bbox 547 5105 2145 5179">
     <span class='ocr_line' id='line_1_55' title="bbox 547 5105 2145 5179; baseline -0.001 -16"><span class='ocrx_word' id='word_1_413' title='bbox 547 5106 931 5179; x_wconf 89' lang='lat' dir='ltr'><strong>quodcumque</strong></span> <span class='ocrx_word' id='word_1_414' title='bbox 950 5108 1171 5179; x_wconf 86' lang='lat' dir='ltr'><strong>ligatum</strong></span> <span class='ocrx_word' id='word_1_415' title='bbox 1191 5107 1355 5162; x_wconf 87' lang='lat' dir='ltr'><strong>fuerit</strong></span> <span class='ocrx_word' id='word_1_416' title='bbox 1375 5108 1430 5163; x_wconf 89' lang='lat' dir='ltr'><strong>in</strong></span> <span class='ocrx_word' id='word_1_417' title='bbox 1445 5116 1610 5178; x_wconf 88' lang='lat' dir='ltr'><strong>terra,</strong></span> <span class='ocrx_word' id='word_1_418' title='bbox 1632 5105 1784 5177; x_wconf 85' lang='lat' dir='ltr'><strong>ligari</strong></span> <span class='ocrx_word' id='word_1_419' title='bbox 1803 5106 2006 5177; x_wconf 86' lang='lat' dir='ltr'><strong>pariter</strong></span> <span class='ocrx_word' id='word_1_420' title='bbox 2018 5112 2073 5160; x_wconf 88' lang='lat' dir='ltr'><strong>et</strong></span> <span class='ocrx_word' id='word_1_421' title='bbox 2091 5106 2145 5161; x_wconf 88' lang='lat' dir='ltr'><strong>in</strong></span> 
     </span>
    </p>
   </div>
   <div class='ocr_carea' id='block_1_56' title="bbox 548 5200 712 5257">
    <p class='ocr_par' dir='ltr' id='par_1_56' title="bbox 548 5200 712 5257">
     <span class='ocr_line' id='line_1_56' title="bbox 548 5200 712 5257; baseline -0.006 -2"><span class='ocrx_word' id='word_1_422' title='bbox 548 5200 712 5257; x_wconf 80' lang='lat' dir='ltr'><strong>etclo.</strong></span> 
     </span>
    </p>
   </div>
   <div class='ocr_carea' id='block_1_57' title="bbox 548 5299 2148 5375">
    <p class='ocr_par' dir='ltr' id='par_1_57' title="bbox 548 5299 2148 5375">
     <span class='ocr_line' id='line_1_57' title="bbox 548 5299 2148 5375; baseline -0.004 -17"><span class='ocrx_word' id='word_1_423' title='bbox 548 5336 555 5364; x_wconf 64' lang='grc' dir='ltr'><strong><em>ς</em></strong></span> <span class='ocrx_word' id='word_1_424' title='bbox 622 5301 811 5375; x_wconf 82' lang='lat' dir='ltr'><strong>(Vers.</strong></span> <span class='ocrx_word' id='word_1_425' title='bbox 837 5301 929 5372; x_wconf 86' lang='lat' dir='ltr'><strong>i9,</strong></span> <span class='ocrx_word' id='word_1_426' title='bbox 954 5300 1048 5358; x_wconf 76' lang='grc'><strong>20.</strong></span> <span class='ocrx_word' id='word_1_427' title='bbox 1079 5299 1331 5374; x_wconf 83' lang='lat' dir='ltr'><strong>)Itertmt</strong></span> <span class='ocrx_word' id='word_1_428' title='bbox 1355 5300 1477 5355; x_wconf 80' lang='lat' dir='ltr'><strong>dico</strong></span> <span class='ocrx_word' id='word_1_429' title='bbox 1500 5301 1639 5355; x_wconf 83' lang='lat' dir='ltr'><strong>vobis</strong></span> <span class='ocrx_word' id='word_1_430' title='bbox 1666 5314 1682 5352; x_wconf 88' lang='lat'><strong><em>:</em></strong></span> <span class='ocrx_word' id='word_1_431' title='bbox 1713 5299 1835 5370; x_wconf 83' lang='lat' dir='ltr'><strong>quia</strong></span> <span class='ocrx_word' id='word_1_432' title='bbox 1861 5301 1907 5353; x_wconf 88' lang='lat' dir='ltr'><strong>si</strong></span> <span class='ocrx_word' id='word_1_433' title='bbox 1936 5299 2040 5354; x_wconf 85' lang='lat' dir='ltr'><strong>duo</strong></span> <span class='ocrx_word' id='word_1_434' title='bbox 2083 5314 2148 5352; x_wconf 83' lang='lat' dir='ltr'><strong>ea:</strong></span> 
     </span>
    </p>
   </div>
   <div class='ocr_carea' id='block_1_58' title="bbox 549 5400 2148 5475">
    <p class='ocr_par' dir='ltr' id='par_1_58' title="bbox 549 5400 2148 5475">
     <span class='ocr_line' id='line_1_58' title="bbox 549 5400 2148 5475; baseline -0.003 -15"><span class='ocrx_word' id='word_1_435' title='bbox 549 5405 688 5460; x_wconf 75' lang='lat' dir='ltr'><strong>vobis</strong></span> <span class='ocrx_word' id='word_1_436' title='bbox 706 5404 1056 5460; x_wconf 76' lang='lat' dir='ltr'><strong>consenserint</strong></span> <span class='ocrx_word' id='word_1_437' title='bbox 1073 5418 1233 5474; x_wconf 76' lang='lat' dir='ltr'><strong>super</strong></span> <span class='ocrx_word' id='word_1_438' title='bbox 1248 5411 1461 5468; x_wconf 83' lang='lat' dir='ltr'><strong>terram,</strong></span> <span class='ocrx_word' id='word_1_439' title='bbox 1475 5402 1540 5456; x_wconf 86' lang='lat' dir='ltr'><strong>de</strong></span> <span class='ocrx_word' id='word_1_440' title='bbox 1556 5402 1697 5456; x_wconf 82' lang='lat' dir='ltr'><strong>omni</strong></span> <span class='ocrx_word' id='word_1_441' title='bbox 1716 5417 1773 5456; x_wconf 81' lang='lat' dir='ltr'><strong>re</strong></span> <span class='ocrx_word' id='word_1_442' title='bbox 1793 5400 1947 5475; x_wconf 63' lang='grc' dir='ltr'><strong>ιω</strong></span> <span class='ocrx_word' id='word_1_443' title='bbox 1964 5417 2148 5473; x_wconf 84' lang='lat' dir='ltr'><strong>qnam-</strong></span> 
     </span>
    </p>
   </div>
   <div class='ocr_carea' id='block_1_59' title="bbox 550 5504 2150 5580">
    <p class='ocr_par' dir='ltr' id='par_1_59' title="bbox 550 5504 2150 5580">
     <span class='ocr_line' id='line_1_59' title="bbox 550 5504 2150 5580; baseline -0.001 -21"><span class='ocrx_word' id='word_1_444' title='bbox 550 5522 766 5577; x_wconf 86' lang='lat' dir='ltr'><strong>cumque</strong></span> <span class='ocrx_word' id='word_1_445' title='bbox 812 5507 1080 5580; x_wconf 86' lang='lat' dir='ltr'><strong>peticrint,</strong></span> <span class='ocrx_word' id='word_1_446' title='bbox 1109 5507 1197 5577; x_wconf 71' lang='lat' dir='ltr'><strong>ﬁet</strong></span> <span class='ocrx_word' id='word_1_447' title='bbox 1247 5506 1355 5560; x_wconf 91' lang='lat' dir='ltr'><strong>illis</strong></span> <span class='ocrx_word' id='word_1_448' title='bbox 1400 5522 1433 5560; x_wconf 90' lang='lat' dir='ltr'><strong>a</strong></span> <span class='ocrx_word' id='word_1_449' title='bbox 1458 5504 1623 5561; x_wconf 88' lang='lat' dir='ltr'><strong>Patre</strong></span> <span class='ocrx_word' id='word_1_450' title='bbox 1652 5522 1763 5560; x_wconf 83' lang='lat' dir='ltr'><strong>meo</strong></span> <span class='ocrx_word' id='word_1_451' title='bbox 1792 5507 1881 5576; x_wconf 75' lang='lat' dir='ltr'><strong>qui</strong></span> <span class='ocrx_word' id='word_1_452' title='bbox 1925 5506 1980 5559; x_wconf 88' lang='lat' dir='ltr'><strong>in</strong></span> <span class='ocrx_word' id='word_1_453' title='bbox 2008 5504 2150 5560; x_wconf 71' lang='lat' dir='ltr'><strong>cretis</strong></span> 
     </span>
    </p>
   </div>
   <div class='ocr_carea' id='block_1_60' title="bbox 552 5598 2150 5677">
    <p class='ocr_par' dir='ltr' id='par_1_60' title="bbox 552 5598 2150 5677">
     <span class='ocr_line' id='line_1_60' title="bbox 552 5598 2150 5677; baseline 0.003 -23"><span class='ocrx_word' id='word_1_454' title='bbox 552 5611 646 5654; x_wconf 85' lang='lat' dir='ltr'><strong>est.</strong></span> <span class='ocrx_word' id='word_1_455' title='bbox 681 5598 781 5656; x_wconf 85' lang='lat' dir='ltr'><strong>Ubi</strong></span> <span class='ocrx_word' id='word_1_456' title='bbox 808 5603 948 5656; x_wconf 87' lang='lat' dir='ltr'><strong>enim</strong></span> <span class='ocrx_word' id='word_1_457' title='bbox 974 5614 1090 5656; x_wconf 87' lang='lat' dir='ltr'><strong>sunt</strong></span> <span class='ocrx_word' id='word_1_458' title='bbox 1129 5604 1232 5658; x_wconf 85' lang='lat' dir='ltr'><strong>duo</strong></span> <span class='ocrx_word' id='word_1_459' title='bbox 1261 5604 1339 5658; x_wconf 81' lang='lat' dir='ltr'><strong>vel</strong></span> <span class='ocrx_word' id='word_1_460' title='bbox 1375 5613 1478 5659; x_wconf 88' lang='lat' dir='ltr'><strong>tres</strong></span> <span class='ocrx_word' id='word_1_461' title='bbox 1519 5606 1818 5677; x_wconf 82' lang='lat' dir='ltr'><strong>congregati</strong></span> <span class='ocrx_word' id='word_1_462' title='bbox 1862 5604 1915 5657; x_wconf 87' lang='lat' dir='ltr'><strong>in</strong></span> <span class='ocrx_word' id='word_1_463' title='bbox 1945 5604 2150 5659; x_wconf 67' lang='lat' dir='ltr'><strong>nomine</strong></span> 
     </span>
    </p>
   </div>
   <div class='ocr_carea' id='block_1_61' title="bbox 552 5692 2149 5766">
    <p class='ocr_par' dir='ltr' id='par_1_61' title="bbox 552 5692 2149 5766">
     <span class='ocr_line' id='line_1_61' title="bbox 552 5692 2149 5766; baseline 0.006 -24"><span class='ocrx_word' id='word_1_464' title='bbox 552 5705 686 5758; x_wconf 87' lang='lat' dir='ltr'><strong>meo,</strong></span> <span class='ocrx_word' id='word_1_465' title='bbox 712 5692 783 5748; x_wconf 82' lang='lat' dir='ltr'><strong>ibi</strong></span> <span class='ocrx_word' id='word_1_466' title='bbox 802 5709 922 5747; x_wconf 82' lang='lat' dir='ltr'><strong>sum</strong></span> <span class='ocrx_word' id='word_1_467' title='bbox 949 5693 1003 5748; x_wconf 84' lang='lat' dir='ltr'><strong>in</strong></span> <span class='ocrx_word' id='word_1_468' title='bbox 1036 5694 1203 5748; x_wconf 71' lang='lat' dir='ltr'><strong>inedia</strong></span> <span class='ocrx_word' id='word_1_469' title='bbox 1224 5708 1421 5750; x_wconf 80' lang='lat' dir='ltr'><strong>eorum.</strong></span> <span class='ocrx_word' id='word_1_470' title='bbox 1454 5694 1645 5751; x_wconf 73' lang='lat' dir='ltr'><strong>Grauis</strong></span> <span class='ocrx_word' id='word_1_471' title='bbox 1665 5706 1825 5766; x_wconf 81' lang='lat' dir='ltr'><strong>supra</strong></span> <span class='ocrx_word' id='word_1_472' title='bbox 1850 5708 2031 5750; x_wconf 86' lang='lat' dir='ltr'><strong>sermo</strong></span> <span class='ocrx_word' id='word_1_473' title='bbox 2051 5710 2149 5751; x_wconf 90' lang='lat' dir='ltr'><strong>nos</strong></span> 
     </span>
    </p>
   </div>
   <div class='ocr_carea' id='block_1_62' title="bbox 631 5807 1574 5882">
    <p class='ocr_par' dir='ltr' id='par_1_62' title="bbox 631 5807 1574 5882">
     <span class='ocr_line' id='line_1_62' title="bbox 631 5807 1574 5882; baseline 0.006 -22"><span class='ocrx_word' id='word_1_474' title='bbox 631 5814 657 5843; x_wconf 74' lang='grc' dir='ltr'><strong>ἰ</strong></span> <span class='ocrx_word' id='word_1_475' title='bbox 688 5807 889 5864; x_wconf 75' lang='lat' dir='ltr'><strong>Vitiose</strong></span> <span class='ocrx_word' id='word_1_476' title='bbox 920 5820 1038 5865; x_wconf 87' lang='lat' dir='ltr'><strong>erat</strong></span> <span class='ocrx_word' id='word_1_477' title='bbox 1066 5811 1241 5879; x_wconf 86' lang='lat' dir='ltr'><strong>simul,</strong></span> <span class='ocrx_word' id='word_1_478' title='bbox 1267 5828 1365 5882; x_wconf 88' lang='lat' dir='ltr'><strong>pro</strong></span> <span class='ocrx_word' id='word_1_479' title='bbox 1395 5814 1574 5868; x_wconf 87' lang='lat' dir='ltr'><strong>simus.</strong></span> 
     </span>
    </p>
   </div>
   <div class='ocr_carea' id='block_1_63' title="bbox 2224 491 3913 565">
    <p class='ocr_par' dir='ltr' id='par_1_63' title="bbox 2224 491 3913 565">
     <span class='ocr_line' id='line_1_63' title="bbox 2224 491 3913 565; baseline -0.008 -10"><span class='ocrx_word' id='word_1_480' title='bbox 2224 500 2423 556; x_wconf 89' lang='lat' dir='ltr'><strong>licetur</strong></span> <span class='ocrx_word' id='word_1_481' title='bbox 2453 507 2549 565; x_wconf 85' lang='grc' dir='ltr'>,ιιι</span> <span class='ocrx_word' id='word_1_482' title='bbox 2568 497 2855 553; x_wconf 75' lang='lat' dir='ltr'><strong>sollicitius</strong></span> <span class='ocrx_word' id='word_1_483' title='bbox 2901 494 3221 552; x_wconf 85' lang='lat' dir='ltr'><strong>festinemus</strong></span> <span class='ocrx_word' id='word_1_484' title='bbox 3241 491 3308 549; x_wconf 90' lang='lat' dir='ltr'><strong>ad</strong></span> <span class='ocrx_word' id='word_1_485' title='bbox 3339 506 3531 565; x_wconf 84' lang='lat' dir='ltr'><strong>pacem</strong></span> <span class='ocrx_word' id='word_1_486' title='bbox 3561 531 3575 557; x_wconf 89' lang='lat'><strong>,</strong></span> <span class='ocrx_word' id='word_1_487' title='bbox 3602 504 3765 545; x_wconf 84' lang='lat' dir='ltr'><strong>cum</strong></span> <span class='ocrx_word' id='word_1_488' title='bbox 3805 503 3913 551; x_wconf 68' lang='lat' dir='ltr'><strong>se,</strong></span> 
     </span>
    </p>
   </div>
   <div class='ocr_carea' id='block_1_64' title="bbox 2221 581 3895 650">
    <p class='ocr_par' dir='ltr' id='par_1_64' title="bbox 2221 581 3895 650">
     <span class='ocr_line' id='line_1_64' title="bbox 2221 581 3895 650; baseline -0.008 -1"><span class='ocrx_word' id='word_1_489' title='bbox 2221 592 2366 650; x_wconf 85' lang='lat' dir='ltr'><strong>dicat</strong></span> <span class='ocrx_word' id='word_1_490' title='bbox 2411 596 2554 648; x_wconf 74' lang='lat' dir='ltr'><strong>inter</strong></span> <span class='ocrx_word' id='word_1_491' title='bbox 2597 592 2733 647; x_wconf 83' lang='lat' dir='ltr'><strong>duos</strong></span> <span class='ocrx_word' id='word_1_492' title='bbox 2771 600 2826 648; x_wconf 89' lang='lat' dir='ltr'><strong>et</strong></span> <span class='ocrx_word' id='word_1_493' title='bbox 2870 599 2983 646; x_wconf 89' lang='lat' dir='ltr'><strong>tres</strong></span> <span class='ocrx_word' id='word_1_494' title='bbox 3023 587 3265 645; x_wconf 87' lang='lat' dir='ltr'><strong>medium</strong></span> <span class='ocrx_word' id='word_1_495' title='bbox 3310 586 3449 642; x_wconf 90' lang='lat' dir='ltr'><strong>fore.</strong></span> <span class='ocrx_word' id='word_1_496' title='bbox 3480 585 3653 642; x_wconf 79' lang='lat' dir='ltr'><strong>Juxta</strong></span> <span class='ocrx_word' id='word_1_497' title='bbox 3710 581 3895 638; x_wconf 82' lang='lat' dir='ltr'><strong>illud</strong></span> 
     </span>
    </p>
   </div>
   <div class='ocr_carea' id='block_1_65' title="bbox 2222 674 3895 756">
    <p class='ocr_par' dir='ltr' id='par_1_65' title="bbox 2222 674 3895 756">
     <span class='ocr_line' id='line_1_65' title="bbox 2222 674 3895 756; baseline -0.01 -13"><span class='ocrx_word' id='word_1_498' title='bbox 2222 686 2528 756; x_wconf 84' lang='lat' dir='ltr'><strong>exemplum</strong></span> <span class='ocrx_word' id='word_1_499' title='bbox 2584 683 2835 755; x_wconf 70' lang='lat' dir='ltr'><strong>tyranni,</strong></span> <span class='ocrx_word' id='word_1_500' title='bbox 2878 684 2968 752; x_wconf 88' lang='lat' dir='ltr'><strong>qui</strong></span> <span class='ocrx_word' id='word_1_501' title='bbox 3000 681 3138 738; x_wconf 88' lang='lat' dir='ltr'><strong>duos</strong></span> <span class='ocrx_word' id='word_1_502' title='bbox 3183 679 3392 736; x_wconf 87' lang='lat' dir='ltr'><strong>amicos</strong></span> <span class='ocrx_word' id='word_1_503' title='bbox 3433 687 3631 749; x_wconf 85' lang='lat' dir='ltr'><strong>captos</strong></span> <span class='ocrx_word' id='word_1_504' title='bbox 3693 674 3895 746; x_wconf 83' lang='lat' dir='ltr'><strong>(cum</strong></span> 
     </span>
    </p>
   </div>
   <div class='ocr_carea' id='block_1_66' title="bbox 2223 766 3893 838">
    <p class='ocr_par' dir='ltr' id='par_1_66' title="bbox 2223 766 3893 838">
     <span class='ocr_line' id='line_1_66' title="bbox 2223 766 3893 838; baseline -0.008 -5"><span class='ocrx_word' id='word_1_505' title='bbox 2223 793 2364 833; x_wconf 88' lang='lat' dir='ltr'><strong>unus</strong></span> <span class='ocrx_word' id='word_1_506' title='bbox 2415 775 2483 831; x_wconf 90' lang='lat' dir='ltr'><strong>ad</strong></span> <span class='ocrx_word' id='word_1_507' title='bbox 2512 776 2792 832; x_wconf 88' lang='lat' dir='ltr'><strong>visendam</strong></span> <span class='ocrx_word' id='word_1_508' title='bbox 2821 782 3051 830; x_wconf 89' lang='lat' dir='ltr'><strong>matrem</strong></span> <span class='ocrx_word' id='word_1_509' title='bbox 3089 771 3455 838; x_wconf 87' lang='lat' dir='ltr'><strong>revertisset,</strong></span> <span class='ocrx_word' id='word_1_510' title='bbox 3486 777 3541 824; x_wconf 90' lang='lat' dir='ltr'><strong>et</strong></span> <span class='ocrx_word' id='word_1_511' title='bbox 3584 766 3893 822; x_wconf 82' lang='lat' dir='ltr'><strong>amicum</strong></span> 
     </span>
    </p>
   </div>
   <div class='ocr_carea' id='block_1_67' title="bbox 2224 863 3889 940">
    <p class='ocr_par' dir='ltr' id='par_1_67' title="bbox 2224 863 3889 940">
     <span class='ocr_line' id='line_1_67' title="bbox 2224 863 3889 940; baseline -0.007 -15"><span class='ocrx_word' id='word_1_512' title='bbox 2224 885 2325 940; x_wconf 88' lang='lat' dir='ltr'><strong>pro</strong></span> <span class='ocrx_word' id='word_1_513' title='bbox 2352 886 2412 926; x_wconf 91' lang='lat' dir='ltr'><strong>se</strong></span> <span class='ocrx_word' id='word_1_514' title='bbox 2439 870 2632 925; x_wconf 86' lang='lat' dir='ltr'><strong>vadem</strong></span> <span class='ocrx_word' id='word_1_515' title='bbox 2677 866 2960 939; x_wconf 88' lang='lat' dir='ltr'><strong>dedisset)</strong></span> <span class='ocrx_word' id='word_1_516' title='bbox 2988 867 3070 923; x_wconf 90' lang='lat' dir='ltr'><strong>sic</strong></span> <span class='ocrx_word' id='word_1_517' title='bbox 3113 865 3349 937; x_wconf 83' lang='lat' dir='ltr'><strong>probare</strong></span> <span class='ocrx_word' id='word_1_518' title='bbox 3375 863 3593 928; x_wconf 82' lang='lat' dir='ltr'><strong>voluit,</strong></span> <span class='ocrx_word' id='word_1_519' title='bbox 3631 870 3704 916; x_wconf 89' lang='lat' dir='ltr'><strong>ut</strong></span> <span class='ocrx_word' id='word_1_520' title='bbox 3740 868 3889 915; x_wconf 81' lang='lat' dir='ltr'><strong>uno</strong></span> 
     </span>
    </p>
   </div>
   <div class='ocr_carea' id='block_1_68' title="bbox 2228 950 3891 1028">
    <p class='ocr_par' dir='ltr' id='par_1_68' title="bbox 2228 950 3891 1028">
     <span class='ocr_line' id='line_1_68' title="bbox 2228 950 3891 1028; baseline -0.005 -13"><span class='ocrx_word' id='word_1_521' title='bbox 2228 962 2674 1028; x_wconf 87' lang='lat' dir='ltr'><strong>tento,alterum</strong></span> <span class='ocrx_word' id='word_1_522' title='bbox 2732 960 3053 1016; x_wconf 72' lang='lat' dir='ltr'><strong>dimitteret.</strong></span> <span class='ocrx_word' id='word_1_523' title='bbox 3093 956 3339 1027; x_wconf 85' lang='lat' dir='ltr'><strong>Cumque</strong></span> <span class='ocrx_word' id='word_1_524' title='bbox 3388 955 3732 1012; x_wconf 79' lang='lat' dir='ltr'><strong>revertisset</strong></span> <span class='ocrx_word' id='word_1_525' title='bbox 3790 950 3891 1007; x_wconf 78' lang='lat' dir='ltr'><strong>ad</strong></span> 
     </span>
    </p>
   </div>
   <div class='ocr_carea' id='block_1_69' title="bbox 2225 1044 3892 1123">
    <p class='ocr_par' dir='ltr' id='par_1_69' title="bbox 2225 1044 3892 1123">
     <span class='ocr_line' id='line_1_69' title="bbox 2225 1044 3892 1123; baseline -0.008 -12"><span class='ocrx_word' id='word_1_526' title='bbox 2225 1056 2534 1111; x_wconf 88' lang='lat' dir='ltr'><strong>condictam</strong></span> <span class='ocrx_word' id='word_1_527' title='bbox 2563 1054 2739 1123; x_wconf 90' lang='lat' dir='ltr'><strong>diem,</strong></span> <span class='ocrx_word' id='word_1_528' title='bbox 2773 1053 3051 1108; x_wconf 88' lang='lat' dir='ltr'><strong>admirans</strong></span> <span class='ocrx_word' id='word_1_529' title='bbox 3090 1051 3372 1106; x_wconf 86' lang='lat' dir='ltr'><strong>amborum</strong></span> <span class='ocrx_word' id='word_1_530' title='bbox 3405 1048 3587 1117; x_wconf 86' lang='lat' dir='ltr'><strong>fidem,</strong></span> <span class='ocrx_word' id='word_1_531' title='bbox 3617 1044 3892 1116; x_wconf 73' lang='lat' dir='ltr'><strong>rogavit</strong></span> 
     </span>
    </p>
   </div>
   <div class='ocr_carea' id='block_1_70' title="bbox 2228 1138 3887 1209">
    <p class='ocr_par' dir='ltr' id='par_1_70' title="bbox 2228 1138 3887 1209">
     <span class='ocr_line' id='line_1_70' title="bbox 2228 1138 3887 1209; baseline -0.009 -4"><span class='ocrx_word' id='word_1_532' title='bbox 2228 1159 2289 1205; x_wconf 90' lang='lat' dir='ltr'><strong>ut</strong></span> <span class='ocrx_word' id='word_1_533' title='bbox 2317 1164 2378 1203; x_wconf 91' lang='lat' dir='ltr'><strong>se</strong></span> <span class='ocrx_word' id='word_1_534' title='bbox 2406 1148 2667 1204; x_wconf 87' lang='lat' dir='ltr'><strong>haberent</strong></span> <span class='ocrx_word' id='word_1_535' title='bbox 2710 1146 2952 1203; x_wconf 89' lang='lat' dir='ltr'><strong>tertium.</strong></span> <span class='ocrx_word' id='word_1_536' title='bbox 2999 1146 3296 1199; x_wconf 81' lang='lat' dir='ltr'><strong>Possumus</strong></span> <span class='ocrx_word' id='word_1_537' title='bbox 3337 1149 3394 1196; x_wconf 90' lang='lat' dir='ltr'><strong>et</strong></span> <span class='ocrx_word' id='word_1_538' title='bbox 3432 1140 3535 1194; x_wconf 87' lang='lat' dir='ltr'><strong>hoc</strong></span> <span class='ocrx_word' id='word_1_539' title='bbox 3563 1138 3887 1209; x_wconf 74' lang='lat' dir='ltr'><strong>spiritua—</strong></span> 
     </span>
    </p>
   </div>
   <div class='ocr_carea' id='block_1_71' title="bbox 2229 1231 3887 1310">
    <p class='ocr_par' dir='ltr' id='par_1_71' title="bbox 2229 1231 3887 1310">
     <span class='ocr_line' id='line_1_71' title="bbox 2229 1231 3887 1310; baseline -0.009 -13"><span class='ocrx_word' id='word_1_540' title='bbox 2229 1242 2357 1297; x_wconf 90' lang='lat' dir='ltr'><strong>liter</strong></span> <span class='ocrx_word' id='word_1_541' title='bbox 2382 1239 2692 1310; x_wconf 88' lang='lat' dir='ltr'><strong>intelligere</strong></span> <span class='ocrx_word' id='word_1_542' title='bbox 2715 1280 2729 1303; x_wconf 90' lang='lat'><strong>,</strong></span> <span class='ocrx_word' id='word_1_543' title='bbox 2758 1237 2900 1308; x_wconf 89' lang='lat' dir='ltr'><strong>quod</strong></span> <span class='ocrx_word' id='word_1_544' title='bbox 2932 1235 3024 1293; x_wconf 88' lang='lat' dir='ltr'><strong>ubi</strong></span> <span class='ocrx_word' id='word_1_545' title='bbox 3052 1235 3281 1307; x_wconf 86' lang='lat' dir='ltr'><strong>spiritus</strong></span> <span class='ocrx_word' id='word_1_546' title='bbox 3309 1242 3365 1289; x_wconf 92' lang='lat' dir='ltr'><strong>et</strong></span> <span class='ocrx_word' id='word_1_547' title='bbox 3389 1231 3569 1288; x_wconf 82' lang='lat' dir='ltr'><strong>anima</strong></span> <span class='ocrx_word' id='word_1_548' title='bbox 3597 1242 3887 1299; x_wconf 53' lang='lat' dir='ltr'><strong>corpus‘</strong></span> 
     </span>
    </p>
   </div>
   <div class='ocr_carea' id='block_1_72' title="bbox 2229 1325 3882 1405">
    <p class='ocr_par' dir='ltr' id='par_1_72' title="bbox 2229 1325 3882 1405">
     <span class='ocr_line' id='line_1_72' title="bbox 2229 1325 3882 1405; baseline -0.006 -16"><span class='ocrx_word' id='word_1_549' title='bbox 2229 1350 2337 1405; x_wconf 89' lang='lat' dir='ltr'><strong>que</strong></span> <span class='ocrx_word' id='word_1_550' title='bbox 2364 1333 2766 1399; x_wconf 85' lang='lat' dir='ltr'><strong>consenserint,</strong></span> <span class='ocrx_word' id='word_1_551' title='bbox 2794 1341 2850 1388; x_wconf 91' lang='lat' dir='ltr'><strong>et</strong></span> <span class='ocrx_word' id='word_1_552' title='bbox 2878 1347 2986 1387; x_wconf 93' lang='lat' dir='ltr'><strong>non</strong></span> <span class='ocrx_word' id='word_1_553' title='bbox 3015 1332 3157 1387; x_wconf 86' lang='lat' dir='ltr'><strong>inter</strong></span> <span class='ocrx_word' id='word_1_554' title='bbox 3178 1345 3239 1385; x_wconf 88' lang='lat' dir='ltr'><strong>se</strong></span> <span class='ocrx_word' id='word_1_555' title='bbox 3260 1328 3462 1385; x_wconf 87' lang='lat' dir='ltr'><strong>bellum</strong></span> <span class='ocrx_word' id='word_1_556' title='bbox 3485 1325 3882 1381; x_wconf 82' lang='lat' dir='ltr'><strong>diversarum</strong></span> 
     </span>
    </p>
   </div>
   <div class='ocr_carea' id='block_1_73' title="bbox 2232 1419 3887 1497">
    <p class='ocr_par' dir='ltr' id='par_1_73' title="bbox 2232 1419 3887 1497">
     <span class='ocr_line' id='line_1_73' title="bbox 2232 1419 3887 1497; baseline -0.007 -14"><span class='ocrx_word' id='word_1_557' title='bbox 2232 1428 2527 1484; x_wconf 86' lang='lat' dir='ltr'><strong>habuerint</strong></span> <span class='ocrx_word' id='word_1_558' title='bbox 2549 1428 2889 1483; x_wconf 84' lang='lat' dir='ltr'><strong>voluntatum</strong></span> <span class='ocrx_word' id='word_1_559' title='bbox 2915 1423 3026 1497; x_wconf 79' lang='grc' dir='ltr'><strong>[ΑΙ.</strong></span> <span class='ocrx_word' id='word_1_560' title='bbox 3058 1419 3424 1494; x_wconf 89' lang='lat' dir='ltr'><strong>voluptatum]</strong></span> <span class='ocrx_word' id='word_1_561' title='bbox 3456 1435 3471 1485; x_wconf 87' lang='lat'><strong>;</strong></span> <span class='ocrx_word' id='word_1_562' title='bbox 3503 1431 3681 1473; x_wconf 86' lang='lat' dir='ltr'><strong>carne</strong></span> <span class='ocrx_word' id='word_1_563' title='bbox 3711 1428 3887 1472; x_wconf 77' lang='lat' dir='ltr'><strong>con-</strong></span> 
     </span>
    </p>
   </div>
   <div class='ocr_carea' id='block_1_74' title="bbox 2231 1510 3885 1590">
    <p class='ocr_par' dir='ltr' id='par_1_74' title="bbox 2231 1510 3885 1590">
     <span class='ocr_line' id='line_1_74' title="bbox 2231 1510 3885 1590; baseline -0.008 -14"><span class='ocrx_word' id='word_1_564' title='bbox 2231 1521 2550 1590; x_wconf 86' lang='lat' dir='ltr'><strong>cupiscente</strong></span> <span class='ocrx_word' id='word_1_565' title='bbox 2595 1519 2858 1575; x_wconf 80' lang='lat' dir='ltr'><strong>adversus</strong></span> <span class='ocrx_word' id='word_1_566' title='bbox 2903 1516 3158 1586; x_wconf 86' lang='lat' dir='ltr'><strong>spiritum</strong></span> <span class='ocrx_word' id='word_1_567' title='bbox 3184 1552 3199 1581; x_wconf 91' lang='lat'><strong>,</strong></span> <span class='ocrx_word' id='word_1_568' title='bbox 3229 1523 3287 1570; x_wconf 91' lang='lat' dir='ltr'><strong>et</strong></span> <span class='ocrx_word' id='word_1_569' title='bbox 3334 1512 3531 1582; x_wconf 85' lang='lat' dir='ltr'><strong>spiritu</strong></span> <span class='ocrx_word' id='word_1_570' title='bbox 3565 1510 3885 1565; x_wconf 79' lang='lat' dir='ltr'><strong>adversus</strong></span> 
     </span>
    </p>
   </div>
   <div class='ocr_carea' id='block_1_75' title="bbox 2235 1605 3884 1679">
    <p class='ocr_par' dir='ltr' id='par_1_75' title="bbox 2235 1605 3884 1679">
     <span class='ocr_line' id='line_1_75' title="bbox 2235 1605 3884 1679; baseline -0.008 -12"><span class='ocrx_word' id='word_1_571' title='bbox 2235 1627 2479 1678; x_wconf 85' lang='lat' dir='ltr'><strong>carnem,</strong></span> <span class='ocrx_word' id='word_1_572' title='bbox 2513 1611 2583 1667; x_wconf 88' lang='lat' dir='ltr'><strong>de</strong></span> <span class='ocrx_word' id='word_1_573' title='bbox 2614 1611 2760 1666; x_wconf 89' lang='lat' dir='ltr'><strong>omni</strong></span> <span class='ocrx_word' id='word_1_574' title='bbox 2817 1626 2877 1665; x_wconf 89' lang='lat' dir='ltr'><strong>re</strong></span> <span class='ocrx_word' id='word_1_575' title='bbox 2921 1622 3080 1679; x_wconf 92' lang='lat' dir='ltr'><strong>quam</strong></span> <span class='ocrx_word' id='word_1_576' title='bbox 3132 1606 3423 1677; x_wconf 87' lang='lat' dir='ltr'><strong>petierint,</strong></span> <span class='ocrx_word' id='word_1_577' title='bbox 3457 1605 3775 1673; x_wconf 70' lang='lat' dir='ltr'><strong>impetrent</strong></span> <span class='ocrx_word' id='word_1_578' title='bbox 3839 1614 3884 1655; x_wconf 67' lang='grc' dir='ltr'><strong>α</strong></span> 
     </span>
    </p>
   </div>
   <div class='ocr_carea' id='block_1_76' title="bbox 2235 1695 3883 1774">
    <p class='ocr_par' dir='ltr' id='par_1_76' title="bbox 2235 1695 3883 1774">
     <span class='ocr_line' id='line_1_76' title="bbox 2235 1695 3883 1774; baseline -0.007 -15"><span class='ocrx_word' id='word_1_579' title='bbox 2235 1704 2419 1760; x_wconf 87' lang='lat' dir='ltr'><strong>Patre.</strong></span> <span class='ocrx_word' id='word_1_580' title='bbox 2480 1703 2731 1774; x_wconf 87' lang='lat' dir='ltr'><strong>Nullique</strong></span> <span class='ocrx_word' id='word_1_581' title='bbox 2805 1702 3031 1757; x_wconf 89' lang='lat' dir='ltr'><strong>dubium</strong></span> <span class='ocrx_word' id='word_1_582' title='bbox 3109 1700 3238 1770; x_wconf 86' lang='lat' dir='ltr'><strong>quin</strong></span> <span class='ocrx_word' id='word_1_583' title='bbox 3313 1695 3579 1754; x_wconf 84' lang='lat' dir='ltr'><strong>bonarum</strong></span> <span class='ocrx_word' id='word_1_584' title='bbox 3654 1704 3883 1751; x_wconf 83' lang='lat' dir='ltr'><strong>rerum</strong></span> 
     </span>
    </p>
   </div>
   <div class='ocr_carea' id='block_1_77' title="bbox 2158 1787 3885 1867">
    <p class='ocr_par' dir='ltr' id='par_1_77' title="bbox 2158 1787 3885 1867">
     <span class='ocr_line' id='line_1_77' title="bbox 2158 1787 3885 1867; baseline -0.006 -15"><span class='ocrx_word' id='word_1_585' title='bbox 2158 1787 2534 1867; x_wconf 82' lang='lat' dir='ltr'><strong>Bpostulatio</strong></span> <span class='ocrx_word' id='word_1_586' title='bbox 2596 1797 2707 1862; x_wconf 86' lang='lat' dir='ltr'><strong>sit,</strong></span> <span class='ocrx_word' id='word_1_587' title='bbox 2759 1795 2848 1850; x_wconf 87' lang='lat' dir='ltr'><strong>ubi</strong></span> <span class='ocrx_word' id='word_1_588' title='bbox 2904 1806 3104 1865; x_wconf 88' lang='lat' dir='ltr'><strong>corpus</strong></span> <span class='ocrx_word' id='word_1_589' title='bbox 3161 1804 3224 1848; x_wconf 85' lang='lat' dir='ltr'><strong>ea</strong></span> <span class='ocrx_word' id='word_1_590' title='bbox 3278 1789 3397 1846; x_wconf 86' lang='lat' dir='ltr'><strong>vult</strong></span> <span class='ocrx_word' id='word_1_591' title='bbox 3456 1788 3665 1846; x_wconf 87' lang='lat' dir='ltr'><strong>habere</strong></span> <span class='ocrx_word' id='word_1_592' title='bbox 3725 1796 3885 1858; x_wconf 66' lang='lat' dir='ltr'><strong>quin</strong></span> 
     </span>
    </p>
   </div>
   <div class='ocr_carea' id='block_1_78' title="bbox 2238 1888 2487 1958">
    <p class='ocr_par' dir='ltr' id='par_1_78' title="bbox 2238 1888 2487 1958">
     <span class='ocr_line' id='line_1_78' title="bbox 2238 1888 2487 1958; baseline -0.012 -15"><span class='ocrx_word' id='word_1_593' title='bbox 2238 1888 2487 1958; x_wconf 85' lang='lat' dir='ltr'><strong>spiritus.</strong></span> 
     </span>
    </p>
   </div>
   <div class='ocr_carea' id='block_1_79' title="bbox 2311 1972 3885 2049">
    <p class='ocr_par' dir='ltr' id='par_1_79' title="bbox 2311 1972 3885 2049">
     <span class='ocr_line' id='line_1_79' title="bbox 2311 1972 3885 2049; baseline -0.006 -13"><span class='ocrx_word' id='word_1_594' title='bbox 2311 1979 2493 2049; x_wconf 76' lang='lat' dir='ltr'><strong>(Vers.</strong></span> <span class='ocrx_word' id='word_1_595' title='bbox 2524 1979 2616 2046; x_wconf 71' lang='lat' dir='ltr'><strong>2i,</strong></span> <span class='ocrx_word' id='word_1_596' title='bbox 2651 1978 2782 2047; x_wconf 69' lang='grc'><strong>22.)</strong></span> <span class='ocrx_word' id='word_1_597' title='bbox 2816 1976 2959 2033; x_wconf 78' lang='lat' dir='ltr'><strong>Tune</strong></span> <span class='ocrx_word' id='word_1_598' title='bbox 2986 1977 3238 2031; x_wconf 87' lang='lat' dir='ltr'><strong>accedens</strong></span> <span class='ocrx_word' id='word_1_599' title='bbox 3271 1973 3461 2030; x_wconf 87' lang='lat' dir='ltr'><strong>Petrus</strong></span> <span class='ocrx_word' id='word_1_600' title='bbox 3488 1972 3559 2028; x_wconf 85' lang='lat' dir='ltr'><strong>ad</strong></span> <span class='ocrx_word' id='word_1_601' title='bbox 3587 1984 3740 2038; x_wconf 87' lang='lat' dir='ltr'><strong>eum,</strong></span> <span class='ocrx_word' id='word_1_602' title='bbox 3774 1972 3885 2026; x_wconf 50' lang='lat' dir='ltr'><strong>di-</strong></span> 
     </span>
    </p>
   </div>
   <div class='ocr_carea' id='block_1_80' title="bbox 2237 2069 3883 2143">
    <p class='ocr_par' dir='ltr' id='par_1_80' title="bbox 2237 2069 3883 2143">
     <span class='ocr_line' id='line_1_80' title="bbox 2237 2069 3883 2143; baseline -0.007 -14"><span class='ocrx_word' id='word_1_603' title='bbox 2237 2073 2315 2129; x_wconf 64' lang='lat' dir='ltr'><strong>sit</strong></span> <span class='ocrx_word' id='word_1_604' title='bbox 2343 2088 2361 2127; x_wconf 95' lang='lat'><em>:</em></span> <span class='ocrx_word' id='word_1_605' title='bbox 2392 2070 2616 2127; x_wconf 83' lang='lat' dir='ltr'><strong>Domine</strong></span> <span class='ocrx_word' id='word_1_606' title='bbox 2641 2110 2657 2138; x_wconf 94' lang='lat'><strong>,</strong></span> <span class='ocrx_word' id='word_1_607' title='bbox 2687 2070 2885 2142; x_wconf 85' lang='lat' dir='ltr'><strong>quoties</strong></span> <span class='ocrx_word' id='word_1_608' title='bbox 2923 2069 3153 2143; x_wconf 80' lang='lat' dir='ltr'><strong>peccabit</strong></span> <span class='ocrx_word' id='word_1_609' title='bbox 3191 2069 3245 2122; x_wconf 90' lang='lat' dir='ltr'><strong>in</strong></span> <span class='ocrx_word' id='word_1_610' title='bbox 3274 2084 3353 2123; x_wconf 88' lang='lat' dir='ltr'><strong>me</strong></span> <span class='ocrx_word' id='word_1_611' title='bbox 3388 2069 3550 2139; x_wconf 76' lang='lat' dir='ltr'><strong>frater</strong></span> <span class='ocrx_word' id='word_1_612' title='bbox 3587 2079 3780 2129; x_wconf 82' lang='lat' dir='ltr'><strong>meus,</strong></span> <span class='ocrx_word' id='word_1_613' title='bbox 3811 2074 3883 2118; x_wconf 77' lang='lat' dir='ltr'><strong>es</strong></span> 
     </span>
    </p>
   </div>
   <div class='ocr_carea' id='block_1_81' title="bbox 2239 2158 3877 2234">
    <p class='ocr_par' dir='ltr' id='par_1_81' title="bbox 2239 2158 3877 2234">
     <span class='ocr_line' id='line_1_81' title="bbox 2239 2158 3877 2234; baseline -0.002 -17"><span class='ocrx_word' id='word_1_614' title='bbox 2239 2165 2499 2221; x_wconf 83' lang='lat' dir='ltr'><strong>dimittam</strong></span> <span class='ocrx_word' id='word_1_615' title='bbox 2516 2166 2562 2220; x_wconf 90' lang='lat' dir='ltr'><strong>ei</strong></span> <span class='ocrx_word' id='word_1_616' title='bbox 2584 2168 2608 2220; x_wconf 86' lang='lat'><strong><em>?</em></strong></span> <span class='ocrx_word' id='word_1_617' title='bbox 2638 2180 2794 2231; x_wconf 73' lang='lat' dir='ltr'><strong>nepte</strong></span> <span class='ocrx_word' id='word_1_618' title='bbox 2820 2165 3006 2234; x_wconf 82' lang='lat' dir='ltr'><strong>septies</strong></span> <span class='ocrx_word' id='word_1_619' title='bbox 3030 2164 3056 2217; x_wconf 76' lang='grc'><em>1</em></span> <span class='ocrx_word' id='word_1_620' title='bbox 3080 2162 3223 2217; x_wconf 83' lang='lat' dir='ltr'><strong>Dicit</strong></span> <span class='ocrx_word' id='word_1_621' title='bbox 3241 2162 3324 2216; x_wconf 82' lang='lat' dir='ltr'><strong>illi</strong></span> <span class='ocrx_word' id='word_1_622' title='bbox 3349 2158 3544 2215; x_wconf 86' lang='lat' dir='ltr'><strong>Jesus:</strong></span> <span class='ocrx_word' id='word_1_623' title='bbox 3571 2159 3701 2214; x_wconf 88' lang='lat' dir='ltr'><strong>Non</strong></span> <span class='ocrx_word' id='word_1_624' title='bbox 3731 2159 3877 2213; x_wconf 87' lang='lat' dir='ltr'><strong>dico</strong></span> 
     </span>
    </p>
   </div>
   <div class='ocr_carea' id='block_1_82' title="bbox 2240 2250 3879 2328">
    <p class='ocr_par' dir='ltr' id='par_1_82' title="bbox 2240 2250 3879 2328">
     <span class='ocr_line' id='line_1_82' title="bbox 2240 2250 3879 2328; baseline -0.003 -19"><span class='ocrx_word' id='word_1_625' title='bbox 2240 2257 2334 2312; x_wconf 89' lang='lat' dir='ltr'><strong>tibi</strong></span> <span class='ocrx_word' id='word_1_626' title='bbox 2359 2273 2523 2328; x_wconf 83' lang='lat' dir='ltr'><strong>usque</strong></span> <span class='ocrx_word' id='word_1_627' title='bbox 2551 2258 2739 2325; x_wconf 69' lang='lat' dir='ltr'><strong>sejrties</strong></span> <span class='ocrx_word' id='word_1_628' title='bbox 2761 2257 2786 2310; x_wconf 71' lang='grc' dir='ltr'><em>ἵ</em></span> <span class='ocrx_word' id='word_1_629' title='bbox 2809 2256 2900 2309; x_wconf 89' lang='lat' dir='ltr'><strong>sed</strong></span> <span class='ocrx_word' id='word_1_630' title='bbox 2926 2271 3086 2326; x_wconf 84' lang='lat' dir='ltr'><strong>usque</strong></span> <span class='ocrx_word' id='word_1_631' title='bbox 3117 2253 3405 2325; x_wconf 82' lang='lat' dir='ltr'><strong>septuagies</strong></span> <span class='ocrx_word' id='word_1_632' title='bbox 3432 2252 3639 2322; x_wconf 78' lang='lat' dir='ltr'><strong>septies.</strong></span> <span class='ocrx_word' id='word_1_633' title='bbox 3658 2250 3879 2305; x_wconf 81' lang='lat' dir='ltr'><strong>Hterct</strong></span> 
     </span>
    </p>
   </div>
   <div class='ocr_carea' id='block_1_83' title="bbox 2238 2341 3875 2412">
    <p class='ocr_par' dir='ltr' id='par_1_83' title="bbox 2238 2341 3875 2412">
     <span class='ocr_line' id='line_1_83' title="bbox 2238 2341 3875 2412; baseline -0.007 -6"><span class='ocrx_word' id='word_1_634' title='bbox 2238 2349 2345 2406; x_wconf 86' lang='lat' dir='ltr'><strong>sibi</strong></span> <span class='ocrx_word' id='word_1_635' title='bbox 2375 2361 2562 2404; x_wconf 83' lang='lat' dir='ltr'><strong>sermo</strong></span> <span class='ocrx_word' id='word_1_636' title='bbox 2592 2346 2931 2411; x_wconf 79' lang='lat' dir='ltr'><strong>Dominicus,</strong></span> <span class='ocrx_word' id='word_1_637' title='bbox 2956 2356 3012 2402; x_wconf 90' lang='lat' dir='ltr'><strong>et</strong></span> <span class='ocrx_word' id='word_1_638' title='bbox 3058 2343 3115 2401; x_wconf 93' lang='lat' dir='ltr'><strong>in</strong></span> <span class='ocrx_word' id='word_1_639' title='bbox 3146 2343 3367 2400; x_wconf 91' lang='lat' dir='ltr'><strong>modum</strong></span> <span class='ocrx_word' id='word_1_640' title='bbox 3400 2342 3631 2399; x_wconf 82' lang='lat' dir='ltr'><strong>funiculi</strong></span> <span class='ocrx_word' id='word_1_641' title='bbox 3663 2341 3875 2412; x_wconf 49' lang='lat' dir='ltr'><strong>tripli.</strong></span> 
     </span>
    </p>
   </div>
   <div class='ocr_carea' id='block_1_84' title="bbox 2239 2437 3874 2513">
    <p class='ocr_par' dir='ltr' id='par_1_84' title="bbox 2239 2437 3874 2513">
     <span class='ocr_line' id='line_1_84' title="bbox 2239 2437 3874 2513; baseline -0.006 -14"><span class='ocrx_word' id='word_1_642' title='bbox 2239 2444 2317 2499; x_wconf 83' lang='lat' dir='ltr'><strong>cis</strong></span> <span class='ocrx_word' id='word_1_643' title='bbox 2348 2442 2523 2513; x_wconf 88' lang='lat' dir='ltr'><strong>rumpi</strong></span> <span class='ocrx_word' id='word_1_644' title='bbox 2557 2458 2662 2497; x_wconf 91' lang='lat' dir='ltr'><strong>non</strong></span> <span class='ocrx_word' id='word_1_645' title='bbox 2696 2451 2895 2513; x_wconf 86' lang='lat' dir='ltr'><strong>potest.</strong></span> <span class='ocrx_word' id='word_1_646' title='bbox 2930 2442 3106 2512; x_wconf 88' lang='lat' dir='ltr'><strong>Supra</strong></span> <span class='ocrx_word' id='word_1_647' title='bbox 3130 2437 3348 2495; x_wconf 76' lang='lat' dir='ltr'><strong>dixerat</strong></span> <span class='ocrx_word' id='word_1_648' title='bbox 3379 2456 3390 2492; x_wconf 86' lang='lat'><strong>:</strong></span> <span class='ocrx_word' id='word_1_649' title='bbox 3425 2437 3605 2491; x_wconf 80' lang='lat' dir='ltr'><strong>Videte</strong></span> <span class='ocrx_word' id='word_1_650' title='bbox 3627 2451 3692 2490; x_wconf 84' lang='lat' dir='ltr'><strong>ne</strong></span> <span class='ocrx_word' id='word_1_651' title='bbox 3721 2451 3874 2490; x_wconf 81' lang='lat' dir='ltr'><strong>con-</strong></span> 
     </span>
    </p>
   </div>
   <div class='ocr_carea' id='block_1_85' title="bbox 2240 2530 3868 2609">
    <p class='ocr_par' dir='ltr' id='par_1_85' title="bbox 2240 2530 3868 2609">
     <span class='ocr_line' id='line_1_85' title="bbox 2240 2530 3868 2609; baseline -0.002 -20"><span class='ocrx_word' id='word_1_652' title='bbox 2240 2539 2480 2592; x_wconf 86' lang='lat' dir='ltr'><strong>tenmatis</strong></span> <span class='ocrx_word' id='word_1_653' title='bbox 2494 2550 2654 2591; x_wconf 86' lang='lat' dir='ltr'><strong>unum</strong></span> <span class='ocrx_word' id='word_1_654' title='bbox 2668 2553 2731 2592; x_wconf 79' lang='lat' dir='ltr'><strong>ex</strong></span> <span class='ocrx_word' id='word_1_655' title='bbox 2744 2535 2947 2609; x_wconf 81' lang='lat' dir='ltr'><strong>pusillis</strong></span> <span class='ocrx_word' id='word_1_656' title='bbox 2960 2537 3098 2601; x_wconf 87' lang='lat' dir='ltr'><strong>istis;</strong></span> <span class='ocrx_word' id='word_1_657' title='bbox 3113 2535 3448 2605; x_wconf 77' lang='lat' dir='ltr'><strong>etadjet-crat</strong></span> <span class='ocrx_word' id='word_1_658' title='bbox 3459 2552 3470 2586; x_wconf 90' lang='lat'>:</span> <span class='ocrx_word' id='word_1_659' title='bbox 3482 2530 3542 2588; x_wconf 82' lang='lat' dir='ltr'><strong>Si</strong></span> <span class='ocrx_word' id='word_1_660' title='bbox 3552 2533 3868 2604; x_wconf 74' lang='lat' dir='ltr'><strong>peccauerit</strong></span> 
     </span>
    </p>
   </div>
   <div class='ocr_carea' id='block_1_86' title="bbox 2238 2626 3866 2701">
    <p class='ocr_par' dir='ltr' id='par_1_86' title="bbox 2238 2626 3866 2701">
     <span class='ocr_line' id='line_1_86' title="bbox 2238 2626 3866 2701; baseline -0.002 -17"><span class='ocrx_word' id='word_1_661' title='bbox 2238 2630 2361 2684; x_wconf 84' lang='lat' dir='ltr'><strong>inte</strong></span> <span class='ocrx_word' id='word_1_662' title='bbox 2382 2632 2545 2701; x_wconf 77' lang='lat' dir='ltr'><strong>frater</strong></span> <span class='ocrx_word' id='word_1_663' title='bbox 2572 2638 2714 2696; x_wconf 87' lang='lat' dir='ltr'><strong>tuus,</strong></span> <span class='ocrx_word' id='word_1_664' title='bbox 2740 2631 2886 2698; x_wconf 82' lang='lat' dir='ltr'><strong>vade,</strong></span> <span class='ocrx_word' id='word_1_665' title='bbox 2918 2637 2965 2684; x_wconf 87' lang='lat' dir='ltr'><strong>et</strong></span> <span class='ocrx_word' id='word_1_666' title='bbox 2987 2631 3190 2699; x_wconf 82' lang='lat' dir='ltr'><strong>corripe</strong></span> <span class='ocrx_word' id='word_1_667' title='bbox 3213 2642 3325 2683; x_wconf 87' lang='lat' dir='ltr'><strong>eum</strong></span> <span class='ocrx_word' id='word_1_668' title='bbox 3356 2628 3487 2682; x_wconf 85' lang='lat' dir='ltr'><strong>inter</strong></span> <span class='ocrx_word' id='word_1_669' title='bbox 3516 2642 3563 2680; x_wconf 85' lang='lat' dir='ltr'><strong>te</strong></span> <span class='ocrx_word' id='word_1_670' title='bbox 3587 2634 3637 2681; x_wconf 88' lang='lat' dir='ltr'><strong>et</strong></span> <span class='ocrx_word' id='word_1_671' title='bbox 3664 2626 3866 2695; x_wconf 86' lang='lat' dir='ltr'><strong>ipsum</strong></span> 
     </span>
    </p>
   </div>
   <div class='ocr_carea' id='block_1_87' title="bbox 2240 2716 3864 2791">
    <p class='ocr_par' dir='ltr' id='par_1_87' title="bbox 2240 2716 3864 2791">
     <span class='ocr_line' id='line_1_87' title="bbox 2240 2716 3864 2791; baseline 0 -18"><span class='ocrx_word' id='word_1_672' title='bbox 2240 2720 2434 2788; x_wconf 86' lang='lat' dir='ltr'><strong>solum;</strong></span> <span class='ocrx_word' id='word_1_673' title='bbox 2457 2728 2513 2775; x_wconf 91' lang='lat' dir='ltr'><strong>et</strong></span> <span class='ocrx_word' id='word_1_674' title='bbox 2543 2721 2829 2791; x_wconf 75' lang='lat' dir='ltr'><strong>praemium</strong></span> <span class='ocrx_word' id='word_1_675' title='bbox 2861 2722 3277 2790; x_wconf 86' lang='lat' dir='ltr'><strong>repromiserat,</strong></span> <span class='ocrx_word' id='word_1_676' title='bbox 3308 2720 3537 2778; x_wconf 84' lang='lat' dir='ltr'><strong>dicens:</strong></span> <span class='ocrx_word' id='word_1_677' title='bbox 3568 2718 3629 2774; x_wconf 89' lang='lat' dir='ltr'><strong>Si</strong></span> <span class='ocrx_word' id='word_1_678' title='bbox 3651 2716 3761 2773; x_wconf 85' lang='lat' dir='ltr'><strong>duo</strong></span> <span class='ocrx_word' id='word_1_679' title='bbox 3783 2728 3864 2773; x_wconf 66' lang='lat' dir='ltr'><strong>ea</strong></span> 
     </span>
    </p>
   </div>
   <div class='ocr_carea' id='block_1_88' title="bbox 2240 2811 3864 2886">
    <p class='ocr_par' dir='ltr' id='par_1_88' title="bbox 2240 2811 3864 2886">
     <span class='ocr_line' id='line_1_88' title="bbox 2240 2811 3864 2886; baseline -0.001 -20"><span class='ocrx_word' id='word_1_680' title='bbox 2240 2813 2381 2868; x_wconf 80' lang='lat' dir='ltr'><strong>t&#39;obis</strong></span> <span class='ocrx_word' id='word_1_681' title='bbox 2413 2814 2766 2869; x_wconf 84' lang='lat' dir='ltr'><strong>consenserint</strong></span> <span class='ocrx_word' id='word_1_682' title='bbox 2802 2831 2960 2886; x_wconf 82' lang='lat' dir='ltr'><strong>super</strong></span> <span class='ocrx_word' id='word_1_683' title='bbox 2985 2822 3177 2868; x_wconf 84' lang='lat' dir='ltr'><strong>terram</strong></span> <span class='ocrx_word' id='word_1_684' title='bbox 3203 2856 3218 2881; x_wconf 92' lang='lat'><strong>,</strong></span> <span class='ocrx_word' id='word_1_685' title='bbox 3253 2814 3318 2868; x_wconf 84' lang='lat' dir='ltr'><strong>de</strong></span> <span class='ocrx_word' id='word_1_686' title='bbox 3342 2812 3484 2867; x_wconf 86' lang='lat' dir='ltr'><strong>omni</strong></span> <span class='ocrx_word' id='word_1_687' title='bbox 3514 2826 3568 2865; x_wconf 85' lang='lat' dir='ltr'><strong>re</strong></span> <span class='ocrx_word' id='word_1_688' title='bbox 3596 2811 3864 2883; x_wconf 83' lang='lat' dir='ltr'><strong>impetra-</strong></span> 
     </span>
    </p>
   </div>
   <div class='ocr_carea' id='block_1_89' title="bbox 2241 2902 3859 2977">
    <p class='ocr_par' dir='ltr' id='par_1_89' title="bbox 2241 2902 3859 2977">
     <span class='ocr_line' id='line_1_89' title="bbox 2241 2902 3859 2977; baseline -0.001 -20"><span class='ocrx_word' id='word_1_689' title='bbox 2241 2903 2367 2959; x_wconf 86' lang='lat' dir='ltr'><strong>bunt</strong></span> <span class='ocrx_word' id='word_1_690' title='bbox 2396 2921 2553 2975; x_wconf 86' lang='lat' dir='ltr'><strong>quam</strong></span> <span class='ocrx_word' id='word_1_691' title='bbox 2598 2906 2843 2977; x_wconf 87' lang='lat' dir='ltr'><strong>petierint</strong></span> <span class='ocrx_word' id='word_1_692' title='bbox 2884 2912 2987 2969; x_wconf 88' lang='lat' dir='ltr'><strong>;ct</strong></span> <span class='ocrx_word' id='word_1_693' title='bbox 3017 2918 3119 2968; x_wconf 75' lang='lat' dir='ltr'><strong>ego</strong></span> <span class='ocrx_word' id='word_1_694' title='bbox 3160 2918 3259 2959; x_wconf 90' lang='lat' dir='ltr'><strong>ero</strong></span> <span class='ocrx_word' id='word_1_695' title='bbox 3285 2904 3338 2959; x_wconf 90' lang='lat' dir='ltr'><strong>in</strong></span> <span class='ocrx_word' id='word_1_696' title='bbox 3395 2902 3576 2957; x_wconf 89' lang='lat' dir='ltr'><strong>medio</strong></span> <span class='ocrx_word' id='word_1_697' title='bbox 3623 2916 3859 2956; x_wconf 88' lang='lat' dir='ltr'><strong>eorum.</strong></span> 
     </span>
    </p>
   </div>
   <div class='ocr_carea' id='block_1_90' title="bbox 2241 2994 3857 3068">
    <p class='ocr_par' dir='ltr' id='par_1_90' title="bbox 2241 2994 3857 3068">
     <span class='ocr_line' id='line_1_90' title="bbox 2241 2994 3857 3068; baseline 0 -18"><span class='ocrx_word' id='word_1_698' title='bbox 2241 2995 2577 3052; x_wconf 88' lang='lat' dir='ltr'><strong>Provocatus</strong></span> <span class='ocrx_word' id='word_1_699' title='bbox 2595 2998 2873 3068; x_wconf 88' lang='lat' dir='ltr'><strong>apostolus</strong></span> <span class='ocrx_word' id='word_1_700' title='bbox 2891 2997 3088 3052; x_wconf 89' lang='lat' dir='ltr'><strong>Petrus</strong></span> <span class='ocrx_word' id='word_1_701' title='bbox 3110 2996 3409 3067; x_wconf 89' lang='lat' dir='ltr'><strong>interrogat</strong></span> <span class='ocrx_word' id='word_1_702' title='bbox 3423 3037 3438 3061; x_wconf 90' lang='lat'><strong>,</strong></span> <span class='ocrx_word' id='word_1_703' title='bbox 3453 2995 3665 3063; x_wconf 88' lang='lat' dir='ltr'><strong>quoties</strong></span> <span class='ocrx_word' id='word_1_704' title='bbox 3682 2994 3857 3050; x_wconf 79' lang='lat' dir='ltr'><strong>fratri</strong></span> 
     </span>
    </p>
   </div>
   <div class='ocr_carea' id='block_1_91' title="bbox 2243 3086 3857 3161">
    <p class='ocr_par' dir='ltr' id='par_1_91' title="bbox 2243 3086 3857 3161">
     <span class='ocr_line' id='line_1_91' title="bbox 2243 3086 3857 3161; baseline -0.002 -17"><span class='ocrx_word' id='word_1_705' title='bbox 2243 3092 2295 3145; x_wconf 92' lang='lat' dir='ltr'><strong>in</strong></span> <span class='ocrx_word' id='word_1_706' title='bbox 2328 3106 2387 3147; x_wconf 92' lang='lat' dir='ltr'><strong>se</strong></span> <span class='ocrx_word' id='word_1_707' title='bbox 2418 3091 2669 3161; x_wconf 87' lang='lat' dir='ltr'><strong>peccanti</strong></span> <span class='ocrx_word' id='word_1_708' title='bbox 2698 3091 2977 3147; x_wconf 83' lang='lat' dir='ltr'><strong>dimittere</strong></span> <span class='ocrx_word' id='word_1_709' title='bbox 3022 3090 3253 3155; x_wconf 84' lang='lat' dir='ltr'><strong>debeat,</strong></span> <span class='ocrx_word' id='word_1_710' title='bbox 3279 3097 3337 3145; x_wconf 91' lang='lat' dir='ltr'><strong>et</strong></span> <span class='ocrx_word' id='word_1_711' title='bbox 3374 3103 3496 3143; x_wconf 86' lang='lat' dir='ltr'><strong>eum</strong></span> <span class='ocrx_word' id='word_1_712' title='bbox 3526 3086 3857 3157; x_wconf 65' lang='lat' dir='ltr'><strong>interroga-</strong></span> 
     </span>
    </p>
   </div>
   <div class='ocr_carea' id='block_1_92' title="bbox 2164 3169 3856 3256">
    <p class='ocr_par' dir='ltr' id='par_1_92' title="bbox 2164 3169 3856 3256">
     <span class='ocr_line' id='line_1_92' title="bbox 2164 3169 3856 3256; baseline -0.004 -14"><span class='ocrx_word' id='word_1_713' title='bbox 2164 3169 2213 3242; x_wconf 85' lang='lat' dir='ltr'>C</span> <span class='ocrx_word' id='word_1_714' title='bbox 2244 3186 2390 3241; x_wconf 88' lang='lat' dir='ltr'><strong>tione</strong></span> <span class='ocrx_word' id='word_1_715' title='bbox 2418 3185 2628 3255; x_wconf 86' lang='lat' dir='ltr'><strong>profert</strong></span> <span class='ocrx_word' id='word_1_716' title='bbox 2654 3185 3007 3249; x_wconf 81' lang='lat' dir='ltr'><strong>sententiam,</strong></span> <span class='ocrx_word' id='word_1_717' title='bbox 3041 3196 3198 3256; x_wconf 80' lang='lat' dir='ltr'><strong>usque</strong></span> <span class='ocrx_word' id='word_1_718' title='bbox 3222 3184 3452 3256; x_wconf 80' lang='lat' dir='ltr'><strong>septies?</strong></span> <span class='ocrx_word' id='word_1_719' title='bbox 3475 3180 3577 3238; x_wconf 88' lang='lat' dir='ltr'><strong>Cui</strong></span> <span class='ocrx_word' id='word_1_720' title='bbox 3609 3194 3856 3252; x_wconf 65' lang='lat' dir='ltr'><strong>respona</strong></span> 
     </span>
    </p>
   </div>
   <div class='ocr_carea' id='block_1_93' title="bbox 2241 3274 3854 3348">
    <p class='ocr_par' dir='ltr' id='par_1_93' title="bbox 2241 3274 3854 3348">
     <span class='ocr_line' id='line_1_93' title="bbox 2241 3274 3854 3348; baseline -0.001 -16"><span class='ocrx_word' id='word_1_721' title='bbox 2241 3278 2323 3332; x_wconf 90' lang='lat' dir='ltr'><strong>dit</strong></span> <span class='ocrx_word' id='word_1_722' title='bbox 2352 3278 2514 3333; x_wconf 86' lang='lat' dir='ltr'><strong>Jesus</strong></span> <span class='ocrx_word' id='word_1_723' title='bbox 2562 3295 2576 3331; x_wconf 91' lang='lat'>:</span> <span class='ocrx_word' id='word_1_724' title='bbox 2613 3275 2737 3331; x_wconf 86' lang='lat' dir='ltr'><strong>Non</strong></span> <span class='ocrx_word' id='word_1_725' title='bbox 2765 3294 2926 3348; x_wconf 83' lang='lat' dir='ltr'><strong>usque</strong></span> <span class='ocrx_word' id='word_1_726' title='bbox 2974 3278 3160 3347; x_wconf 85' lang='lat' dir='ltr'><strong>septies</strong></span> <span class='ocrx_word' id='word_1_727' title='bbox 3182 3319 3197 3344; x_wconf 91' lang='lat'><strong>,</strong></span> <span class='ocrx_word' id='word_1_728' title='bbox 3222 3275 3314 3329; x_wconf 85' lang='lat' dir='ltr'><strong>sed</strong></span> <span class='ocrx_word' id='word_1_729' title='bbox 3354 3286 3514 3346; x_wconf 83' lang='lat' dir='ltr'><strong>usque</strong></span> <span class='ocrx_word' id='word_1_730' title='bbox 3554 3274 3854 3346; x_wconf 77' lang='lat' dir='ltr'><strong>septuagies</strong></span> 
     </span>
    </p>
   </div>
   <div class='ocr_carea' id='block_1_94' title="bbox 2238 3365 3855 3444">
    <p class='ocr_par' dir='ltr' id='par_1_94' title="bbox 2238 3365 3855 3444">
     <span class='ocr_line' id='line_1_94' title="bbox 2238 3365 3855 3444; baseline -0.003 -18"><span class='ocrx_word' id='word_1_731' title='bbox 2238 3372 2459 3444; x_wconf 84' lang='lat' dir='ltr'><strong>septies,</strong></span> <span class='ocrx_word' id='word_1_732' title='bbox 2489 3371 2541 3426; x_wconf 91' lang='lat' dir='ltr'><strong>id</strong></span> <span class='ocrx_word' id='word_1_733' title='bbox 2575 3380 2698 3436; x_wconf 90' lang='lat' dir='ltr'><strong>est,</strong></span> <span class='ocrx_word' id='word_1_734' title='bbox 2730 3369 3148 3441; x_wconf 83' lang='lat' dir='ltr'><strong>quadringentis</strong></span> <span class='ocrx_word' id='word_1_735' title='bbox 3194 3368 3489 3439; x_wconf 81' lang='lat' dir='ltr'><strong>nonaginta</strong></span> <span class='ocrx_word' id='word_1_736' title='bbox 3520 3365 3745 3436; x_wconf 86' lang='lat' dir='ltr'><strong>vicibus,</strong></span> <span class='ocrx_word' id='word_1_737' title='bbox 3778 3375 3855 3421; x_wconf 85' lang='lat' dir='ltr'><strong>ut</strong></span> 
     </span>
    </p>
   </div>
   <div class='ocr_carea' id='block_1_95' title="bbox 2242 3456 3854 3535">
    <p class='ocr_par' dir='ltr' id='par_1_95' title="bbox 2242 3456 3854 3535">
     <span class='ocr_line' id='line_1_95' title="bbox 2242 3456 3854 3535; baseline -0.002 -16"><span class='ocrx_word' id='word_1_738' title='bbox 2242 3466 2405 3519; x_wconf 86' lang='lat' dir='ltr'><strong>teties</strong></span> <span class='ocrx_word' id='word_1_739' title='bbox 2446 3464 2692 3535; x_wconf 87' lang='lat' dir='ltr'><strong>peceanti</strong></span> <span class='ocrx_word' id='word_1_740' title='bbox 2727 3462 2887 3517; x_wconf 85' lang='lat' dir='ltr'><strong>fratri</strong></span> <span class='ocrx_word' id='word_1_741' title='bbox 2931 3462 3230 3518; x_wconf 84' lang='lat' dir='ltr'><strong>dimitteret</strong></span> <span class='ocrx_word' id='word_1_742' title='bbox 3274 3461 3329 3515; x_wconf 90' lang='lat' dir='ltr'><strong>in</strong></span> <span class='ocrx_word' id='word_1_743' title='bbox 3362 3459 3469 3529; x_wconf 90' lang='lat' dir='ltr'><strong>die,</strong></span> <span class='ocrx_word' id='word_1_744' title='bbox 3499 3458 3711 3530; x_wconf 89' lang='lat' dir='ltr'><strong>quoties</strong></span> <span class='ocrx_word' id='word_1_745' title='bbox 3741 3456 3854 3515; x_wconf 76' lang='lat' dir='ltr'><strong>ille</strong></span> 
     </span>
    </p>
   </div>
   <div class='ocr_carea' id='block_1_96' title="bbox 2242 3555 2842 3627">
    <p class='ocr_par' dir='ltr' id='par_1_96' title="bbox 2242 3555 2842 3627">
     <span class='ocr_line' id='line_1_96' title="bbox 2242 3555 2842 3627; baseline -0.007 -15"><span class='ocrx_word' id='word_1_746' title='bbox 2242 3570 2472 3627; x_wconf 88' lang='lat' dir='ltr'><strong>peccare</strong></span> <span class='ocrx_word' id='word_1_747' title='bbox 2501 3570 2611 3611; x_wconf 88' lang='lat' dir='ltr'><strong>non</strong></span> <span class='ocrx_word' id='word_1_748' title='bbox 2647 3555 2842 3625; x_wconf 85' lang='lat' dir='ltr'><strong>possit.</strong></span> 
     </span>
    </p>
   </div>
   <div class='ocr_carea' id='block_1_97' title="bbox 2313 3642 3850 3721">
    <p class='ocr_par' dir='ltr' id='par_1_97' title="bbox 2313 3642 3850 3721">
     <span class='ocr_line' id='line_1_97' title="bbox 2313 3642 3850 3721; baseline -0.003 -18"><span class='ocrx_word' id='word_1_749' title='bbox 2313 3650 2330 3721; x_wconf 96' lang='lat'>(</span> <span class='ocrx_word' id='word_1_750' title='bbox 2359 3649 2517 3704; x_wconf 83' lang='lat' dir='ltr'><strong>Vers.</strong></span> <span class='ocrx_word' id='word_1_751' title='bbox 2546 3648 2669 3718; x_wconf 72' lang='lat'><strong>25.)</strong></span> <span class='ocrx_word' id='word_1_752' title='bbox 2704 3647 2727 3701; x_wconf 91' lang='grc' dir='ltr'><strong><em>Ι</em></strong></span> <span class='ocrx_word' id='word_1_753' title='bbox 2737 3649 2832 3702; x_wconf 85' lang='lat' dir='ltr'><strong>deo</strong></span> <span class='ocrx_word' id='word_1_754' title='bbox 2862 3646 3208 3702; x_wconf 86' lang='lat' dir='ltr'><strong>assimilatum</strong></span> <span class='ocrx_word' id='word_1_755' title='bbox 3237 3654 3311 3701; x_wconf 86' lang='lat' dir='ltr'><strong>est</strong></span> <span class='ocrx_word' id='word_1_756' title='bbox 3338 3657 3557 3717; x_wconf 82' lang='lat' dir='ltr'><strong>regnum</strong></span> <span class='ocrx_word' id='word_1_757' title='bbox 3592 3642 3850 3700; x_wconf 66' lang='lat' dir='ltr'><strong>calorum</strong></span> 
     </span>
    </p>
   </div>
   <div class='ocr_carea' id='block_1_98' title="bbox 2241 3736 3844 3811">
    <p class='ocr_par' dir='ltr' id='par_1_98' title="bbox 2241 3736 3844 3811">
     <span class='ocr_line' id='line_1_98' title="bbox 2241 3736 3844 3811; baseline 0.001 -18"><span class='ocrx_word' id='word_1_758' title='bbox 2241 3740 2437 3794; x_wconf 85' lang='lat' dir='ltr'><strong>homini</strong></span> <span class='ocrx_word' id='word_1_759' title='bbox 2460 3742 2591 3811; x_wconf 82' lang='lat' dir='ltr'><strong>regi,</strong></span> <span class='ocrx_word' id='word_1_760' title='bbox 2616 3740 2704 3809; x_wconf 90' lang='lat' dir='ltr'><strong>qui</strong></span> <span class='ocrx_word' id='word_1_761' title='bbox 2721 3740 2883 3794; x_wconf 76' lang='lat' dir='ltr'><strong>uoluit</strong></span> <span class='ocrx_word' id='word_1_762' title='bbox 2905 3740 3159 3794; x_wconf 84' lang='lat' dir='ltr'><strong>rationem</strong></span> <span class='ocrx_word' id='word_1_763' title='bbox 3182 3752 3373 3808; x_wconf 85' lang='lat' dir='ltr'><strong>ponere</strong></span> <span class='ocrx_word' id='word_1_764' title='bbox 3390 3751 3507 3791; x_wconf 84' lang='lat' dir='ltr'><strong>eum</strong></span> <span class='ocrx_word' id='word_1_765' title='bbox 3530 3737 3683 3791; x_wconf 83' lang='lat' dir='ltr'><strong>servis</strong></span> <span class='ocrx_word' id='word_1_766' title='bbox 3701 3736 3844 3794; x_wconf 77' lang='lat' dir='ltr'><strong>suis.</strong></span> 
     </span>
    </p>
   </div>
   <div class='ocr_carea' id='block_1_99' title="bbox 2242 3827 3848 3904">
    <p class='ocr_par' dir='ltr' id='par_1_99' title="bbox 2242 3827 3848 3904">
     <span class='ocr_line' id='line_1_99' title="bbox 2242 3827 3848 3904; baseline -0.001 -17"><span class='ocrx_word' id='word_1_767' title='bbox 2242 3832 2533 3888; x_wconf 88' lang='lat' dir='ltr'><strong>Familiare</strong></span> <span class='ocrx_word' id='word_1_768' title='bbox 2559 3843 2646 3888; x_wconf 91' lang='lat' dir='ltr'><strong>est</strong></span> <span class='ocrx_word' id='word_1_769' title='bbox 2674 3834 2826 3904; x_wconf 84' lang='lat' dir='ltr'><strong>Syris</strong></span> <span class='ocrx_word' id='word_1_770' title='bbox 2852 3842 2908 3887; x_wconf 90' lang='lat' dir='ltr'><strong>et</strong></span> <span class='ocrx_word' id='word_1_771' title='bbox 2936 3832 3172 3887; x_wconf 79' lang='lat' dir='ltr'><strong>maxime</strong></span> <span class='ocrx_word' id='word_1_772' title='bbox 3194 3829 3503 3887; x_wconf 77' lang='lat' dir='ltr'><strong>Palaestinis</strong></span> <span class='ocrx_word' id='word_1_773' title='bbox 3526 3827 3593 3884; x_wconf 90' lang='lat' dir='ltr'><strong>ad</strong></span> <span class='ocrx_word' id='word_1_774' title='bbox 3620 3842 3848 3885; x_wconf 86' lang='lat' dir='ltr'><strong>omnem</strong></span> 
     </span>
    </p>
   </div>
   <div class='ocr_carea' id='block_1_100' title="bbox 2241 3922 3848 3997">
    <p class='ocr_par' dir='ltr' id='par_1_100' title="bbox 2241 3922 3848 3997">
     <span class='ocr_line' id='line_1_100' title="bbox 2241 3922 3848 3997; baseline -0.002 -13"><span class='ocrx_word' id='word_1_775' title='bbox 2241 3940 2551 3984; x_wconf 79' lang='lat' dir='ltr'><strong>scrmonem</strong></span> <span class='ocrx_word' id='word_1_776' title='bbox 2598 3942 2758 3982; x_wconf 88' lang='lat' dir='ltr'><strong>suum</strong></span> <span class='ocrx_word' id='word_1_777' title='bbox 2804 3926 3091 3997; x_wconf 85' lang='lat' dir='ltr'><strong>parabolas</strong></span> <span class='ocrx_word' id='word_1_778' title='bbox 3134 3925 3373 3996; x_wconf 84' lang='lat' dir='ltr'><strong>jungere</strong></span> <span class='ocrx_word' id='word_1_779' title='bbox 3418 3933 3521 3979; x_wconf 89' lang='lat' dir='ltr'><strong>:ut</strong></span> <span class='ocrx_word' id='word_1_780' title='bbox 3551 3922 3689 3995; x_wconf 92' lang='lat' dir='ltr'><strong>quod</strong></span> <span class='ocrx_word' id='word_1_781' title='bbox 3736 3934 3848 3994; x_wconf 74' lang='lat' dir='ltr'><strong>per</strong></span> 
     </span>
    </p>
   </div>
   <div class='ocr_carea' id='block_1_101' title="bbox 2241 4017 3843 4089">
    <p class='ocr_par' dir='ltr' id='par_1_101' title="bbox 2241 4017 3843 4089">
     <span class='ocr_line' id='line_1_101' title="bbox 2241 4017 3843 4089; baseline -0.002 -16"><span class='ocrx_word' id='word_1_782' title='bbox 2241 4018 2472 4089; x_wconf 82' lang='lat' dir='ltr'><strong>simplex</strong></span> <span class='ocrx_word' id='word_1_783' title='bbox 2497 4027 2834 4089; x_wconf 65' lang='lat' dir='ltr'><strong>praeceptum</strong></span> <span class='ocrx_word' id='word_1_784' title='bbox 2854 4018 3025 4073; x_wconf 88' lang='lat' dir='ltr'><strong>teneri</strong></span> <span class='ocrx_word' id='word_1_785' title='bbox 3055 4018 3124 4071; x_wconf 88' lang='lat' dir='ltr'><strong>ab</strong></span> <span class='ocrx_word' id='word_1_786' title='bbox 3146 4017 3487 4073; x_wconf 87' lang='lat' dir='ltr'><strong>auditoribus</strong></span> <span class='ocrx_word' id='word_1_787' title='bbox 3504 4030 3610 4072; x_wconf 91' lang='lat' dir='ltr'><strong>non</strong></span> <span class='ocrx_word' id='word_1_788' title='bbox 3633 4024 3843 4086; x_wconf 80' lang='lat' dir='ltr'><strong>potest,</strong></span> 
     </span>
    </p>
   </div>
   <div class='ocr_carea' id='block_1_102' title="bbox 2243 4108 3847 4184">
    <p class='ocr_par' dir='ltr' id='par_1_102' title="bbox 2243 4108 3847 4184">
     <span class='ocr_line' id='line_1_102' title="bbox 2243 4108 3847 4184; baseline -0.002 -15"><span class='ocrx_word' id='word_1_789' title='bbox 2243 4128 2341 4184; x_wconf 90' lang='lat' dir='ltr'><strong>per</strong></span> <span class='ocrx_word' id='word_1_790' title='bbox 2388 4112 2809 4168; x_wconf 88' lang='lat' dir='ltr'><strong>similitudinem</strong></span> <span class='ocrx_word' id='word_1_791' title='bbox 2856 4111 3214 4183; x_wconf 83' lang='lat' dir='ltr'><strong>exemplaque</strong></span> <span class='ocrx_word' id='word_1_792' title='bbox 3260 4116 3531 4166; x_wconf 85' lang='lat' dir='ltr'><strong>teneatur.</strong></span> <span class='ocrx_word' id='word_1_793' title='bbox 3576 4108 3847 4177; x_wconf 67' lang='lat' dir='ltr'><strong>Prazcepit</strong></span> 
     </span>
    </p>
   </div>
   <div class='ocr_carea' id='block_1_103' title="bbox 2242 4200 3844 4275">
    <p class='ocr_par' dir='ltr' id='par_1_103' title="bbox 2242 4200 3844 4275">
     <span class='ocr_line' id='line_1_103' title="bbox 2242 4200 3844 4275; baseline -0.001 -16"><span class='ocrx_word' id='word_1_794' title='bbox 2242 4205 2427 4275; x_wconf 88' lang='lat' dir='ltr'><strong>itaque</strong></span> <span class='ocrx_word' id='word_1_795' title='bbox 2457 4205 2621 4260; x_wconf 81' lang='lat' dir='ltr'><strong>Petro</strong></span> <span class='ocrx_word' id='word_1_796' title='bbox 2649 4204 2753 4260; x_wconf 90' lang='lat' dir='ltr'><strong>sub</strong></span> <span class='ocrx_word' id='word_1_797' title='bbox 2782 4203 3194 4272; x_wconf 85' lang='lat' dir='ltr'><strong>comparatione</strong></span> <span class='ocrx_word' id='word_1_798' title='bbox 3237 4203 3383 4273; x_wconf 88' lang='lat' dir='ltr'><strong>regis</strong></span> <span class='ocrx_word' id='word_1_799' title='bbox 3411 4213 3466 4255; x_wconf 86' lang='lat' dir='ltr'><strong>et</strong></span> <span class='ocrx_word' id='word_1_800' title='bbox 3510 4200 3706 4256; x_wconf 91' lang='lat' dir='ltr'><strong>domini</strong></span> <span class='ocrx_word' id='word_1_801' title='bbox 3733 4238 3745 4269; x_wconf 90' lang='lat'><strong>,</strong></span> <span class='ocrx_word' id='word_1_802' title='bbox 3779 4210 3844 4257; x_wconf 82' lang='lat' dir='ltr'><strong>et</strong></span> 
     </span>
    </p>
   </div>
   <div class='ocr_carea' id='block_1_104' title="bbox 2243 4293 3837 4368">
    <p class='ocr_par' dir='ltr' id='par_1_104' title="bbox 2243 4293 3837 4368">
     <span class='ocr_line' id='line_1_104' title="bbox 2243 4293 3837 4368; baseline -0.001 -17"><span class='ocrx_word' id='word_1_803' title='bbox 2243 4298 2410 4365; x_wconf 81' lang='lat' dir='ltr'><strong>servi,</strong></span> <span class='ocrx_word' id='word_1_804' title='bbox 2440 4298 2531 4368; x_wconf 86' lang='lat' dir='ltr'><strong>qui</strong></span> <span class='ocrx_word' id='word_1_805' title='bbox 2563 4297 2783 4353; x_wconf 88' lang='lat' dir='ltr'><strong>debitor</strong></span> <span class='ocrx_word' id='word_1_806' title='bbox 2810 4298 3002 4353; x_wconf 89' lang='lat' dir='ltr'><strong>decem</strong></span> <span class='ocrx_word' id='word_1_807' title='bbox 3035 4297 3266 4351; x_wconf 89' lang='lat' dir='ltr'><strong>millium</strong></span> <span class='ocrx_word' id='word_1_808' title='bbox 3305 4293 3462 4368; x_wconf 68' lang='grc' dir='ltr'><strong>ιω</strong></span> <span class='ocrx_word' id='word_1_809' title='bbox 3493 4295 3837 4363; x_wconf 84' lang='lat' dir='ltr'><strong>talentorum,</strong></span> 
     </span>
    </p>
   </div>
   <div class='ocr_carea' id='block_1_105' title="bbox 2243 4386 3840 4459">
    <p class='ocr_par' dir='ltr' id='par_1_105' title="bbox 2243 4386 3840 4459">
     <span class='ocr_line' id='line_1_105' title="bbox 2243 4386 3840 4459; baseline -0.002 -16"><span class='ocrx_word' id='word_1_810' title='bbox 2243 4403 2271 4443; x_wconf 91' lang='lat' dir='ltr'><strong>a</strong></span> <span class='ocrx_word' id='word_1_811' title='bbox 2296 4389 2517 4444; x_wconf 89' lang='lat' dir='ltr'><strong>domino</strong></span> <span class='ocrx_word' id='word_1_812' title='bbox 2537 4403 2757 4459; x_wconf 83' lang='lat' dir='ltr'><strong>rogans,</strong></span> <span class='ocrx_word' id='word_1_813' title='bbox 2782 4389 2996 4444; x_wconf 82' lang='lat' dir='ltr'><strong>veniam</strong></span> <span class='ocrx_word' id='word_1_814' title='bbox 3025 4389 3456 4459; x_wconf 85' lang='lat' dir='ltr'><strong>impetraverat;</strong></span> <span class='ocrx_word' id='word_1_815' title='bbox 3480 4396 3539 4441; x_wconf 91' lang='lat' dir='ltr'><strong>ut</strong></span> <span class='ocrx_word' id='word_1_816' title='bbox 3565 4386 3674 4457; x_wconf 90' lang='lat' dir='ltr'><strong>ipse</strong></span> <span class='ocrx_word' id='word_1_817' title='bbox 3696 4400 3840 4455; x_wconf 63' lang='lat' dir='ltr'><strong>quoa</strong></span> 
     </span>
    </p>
   </div>
   <div class='ocr_carea' id='block_1_106' title="bbox 2245 4478 3839 4553">
    <p class='ocr_par' dir='ltr' id='par_1_106' title="bbox 2245 4478 3839 4553">
     <span class='ocr_line' id='line_1_106' title="bbox 2245 4478 3839 4553; baseline 0.001 -16"><span class='ocrx_word' id='word_1_818' title='bbox 2245 4497 2353 4553; x_wconf 86' lang='lat' dir='ltr'><strong>que</strong></span> <span class='ocrx_word' id='word_1_819' title='bbox 2381 4481 2627 4536; x_wconf 82' lang='lat' dir='ltr'><strong>dimittat</strong></span> <span class='ocrx_word' id='word_1_820' title='bbox 2655 4483 2942 4537; x_wconf 87' lang='lat' dir='ltr'><strong>conservis</strong></span> <span class='ocrx_word' id='word_1_821' title='bbox 2969 4481 3085 4538; x_wconf 87' lang='lat' dir='ltr'><strong>suis</strong></span> <span class='ocrx_word' id='word_1_822' title='bbox 3122 4482 3330 4536; x_wconf 87' lang='lat' dir='ltr'><strong>minora</strong></span> <span class='ocrx_word' id='word_1_823' title='bbox 3378 4478 3740 4550; x_wconf 85' lang='lat' dir='ltr'><strong>peccantibus.</strong></span> <span class='ocrx_word' id='word_1_824' title='bbox 3772 4480 3839 4537; x_wconf 83' lang='lat' dir='ltr'><strong>8i</strong></span> 
     </span>
    </p>
   </div>
   <div class='ocr_carea' id='block_1_107' title="bbox 2164 4558 3837 4630">
    <p class='ocr_par' dir='ltr' id='par_1_107' title="bbox 2164 4558 3837 4630">
     <span class='ocr_line' id='line_1_107' title="bbox 2164 4558 3837 4630; baseline 0.001 -4"><span class='ocrx_word' id='word_1_825' title='bbox 2164 4558 2222 4626; x_wconf 80' lang='lat' dir='ltr'><strong>D</strong></span> <span class='ocrx_word' id='word_1_826' title='bbox 2246 4573 2393 4630; x_wconf 91' lang='lat' dir='ltr'><strong>enim</strong></span> <span class='ocrx_word' id='word_1_827' title='bbox 2421 4575 2512 4629; x_wconf 90' lang='lat' dir='ltr'><strong>ille</strong></span> <span class='ocrx_word' id='word_1_828' title='bbox 2551 4589 2647 4630; x_wconf 80' lang='lat' dir='ltr'><strong>rex</strong></span> <span class='ocrx_word' id='word_1_829' title='bbox 2673 4582 2727 4628; x_wconf 91' lang='lat' dir='ltr'><strong>et</strong></span> <span class='ocrx_word' id='word_1_830' title='bbox 2755 4572 3008 4629; x_wconf 89' lang='lat' dir='ltr'><strong>dominus</strong></span> <span class='ocrx_word' id='word_1_831' title='bbox 3038 4588 3201 4629; x_wconf 79' lang='lat' dir='ltr'><strong>servo</strong></span> <span class='ocrx_word' id='word_1_832' title='bbox 3230 4572 3468 4629; x_wconf 84' lang='lat' dir='ltr'><strong>debitori</strong></span> <span class='ocrx_word' id='word_1_833' title='bbox 3496 4572 3678 4628; x_wconf 86' lang='lat' dir='ltr'><strong>decem</strong></span> <span class='ocrx_word' id='word_1_834' title='bbox 3706 4571 3837 4628; x_wconf 65' lang='lat' dir='ltr'><strong>milo</strong></span> 
     </span>
    </p>
   </div>
   <div class='ocr_carea' id='block_1_108' title="bbox 2246 4664 3838 4735">
    <p class='ocr_par' dir='ltr' id='par_1_108' title="bbox 2246 4664 3838 4735">
     <span class='ocr_line' id='line_1_108' title="bbox 2246 4664 3838 4735; baseline 0 -14"><span class='ocrx_word' id='word_1_835' title='bbox 2246 4667 2318 4721; x_wconf 87' lang='lat' dir='ltr'><strong>lia</strong></span> <span class='ocrx_word' id='word_1_836' title='bbox 2349 4666 2679 4721; x_wconf 88' lang='lat' dir='ltr'><strong>talentorum</strong></span> <span class='ocrx_word' id='word_1_837' title='bbox 2708 4674 2820 4721; x_wconf 89' lang='lat' dir='ltr'><strong>tam</strong></span> <span class='ocrx_word' id='word_1_838' title='bbox 2853 4665 3012 4721; x_wconf 88' lang='lat' dir='ltr'><strong>facile</strong></span> <span class='ocrx_word' id='word_1_839' title='bbox 3033 4664 3260 4731; x_wconf 84' lang='lat' dir='ltr'><strong>dimisit,</strong></span> <span class='ocrx_word' id='word_1_840' title='bbox 3283 4672 3486 4735; x_wconf 85' lang='lat' dir='ltr'><strong>quanto</strong></span> <span class='ocrx_word' id='word_1_841' title='bbox 3509 4664 3671 4733; x_wconf 85' lang='lat' dir='ltr'><strong>magis</strong></span> <span class='ocrx_word' id='word_1_842' title='bbox 3690 4666 3838 4721; x_wconf 79' lang='lat' dir='ltr'><strong>servi</strong></span> 
     </span>
    </p>
   </div>
   <div class='ocr_carea' id='block_1_109' title="bbox 2246 4754 3838 4825">
    <p class='ocr_par' dir='ltr' id='par_1_109' title="bbox 2246 4754 3838 4825">
     <span class='ocr_line' id='line_1_109' title="bbox 2246 4754 3838 4825; baseline -0.001 -9"><span class='ocrx_word' id='word_1_843' title='bbox 2246 4761 2531 4816; x_wconf 84' lang='lat' dir='ltr'><strong>conservis</strong></span> <span class='ocrx_word' id='word_1_844' title='bbox 2561 4760 2675 4814; x_wconf 84' lang='lat' dir='ltr'><strong>suis</strong></span> <span class='ocrx_word' id='word_1_845' title='bbox 2704 4758 2912 4815; x_wconf 87' lang='lat' dir='ltr'><strong>debent</strong></span> <span class='ocrx_word' id='word_1_846' title='bbox 2961 4758 3172 4813; x_wconf 85' lang='lat' dir='ltr'><strong>minora</strong></span> <span class='ocrx_word' id='word_1_847' title='bbox 3220 4757 3497 4813; x_wconf 73' lang='lat' dir='ltr'><strong>dimittam</strong></span> <span class='ocrx_word' id='word_1_848' title='bbox 3530 4754 3552 4811; x_wconf 79' lang='lat' dir='ltr'><strong>i</strong></span> <span class='ocrx_word' id='word_1_849' title='bbox 3581 4756 3724 4825; x_wconf 81' lang='lat' dir='ltr'><strong>Quod</strong></span> <span class='ocrx_word' id='word_1_850' title='bbox 3768 4767 3838 4815; x_wconf 85' lang='lat' dir='ltr'><strong>ut</strong></span> 
     </span>
    </p>
   </div>
   <div class='ocr_carea' id='block_1_110' title="bbox 2248 4849 3834 4922">
    <p class='ocr_par' dir='ltr' id='par_1_110' title="bbox 2248 4849 3834 4922">
     <span class='ocr_line' id='line_1_110' title="bbox 2248 4849 3834 4922; baseline -0.001 -13"><span class='ocrx_word' id='word_1_851' title='bbox 2248 4853 2595 4910; x_wconf 87' lang='lat' dir='ltr'><strong>manifestius</strong></span> <span class='ocrx_word' id='word_1_852' title='bbox 2627 4853 2739 4918; x_wconf 86' lang='lat' dir='ltr'><strong>fiat,</strong></span> <span class='ocrx_word' id='word_1_853' title='bbox 2771 4852 3018 4908; x_wconf 87' lang='lat' dir='ltr'><strong>dicamus</strong></span> <span class='ocrx_word' id='word_1_854' title='bbox 3041 4852 3142 4908; x_wconf 89' lang='lat' dir='ltr'><strong>sub</strong></span> <span class='ocrx_word' id='word_1_855' title='bbox 3167 4851 3422 4922; x_wconf 73' lang='lat' dir='ltr'><strong>exemplo</strong></span> <span class='ocrx_word' id='word_1_856' title='bbox 3446 4866 3461 4906; x_wconf 86' lang='lat'><strong>:</strong></span> <span class='ocrx_word' id='word_1_857' title='bbox 3483 4849 3541 4907; x_wconf 84' lang='lat' dir='ltr'><strong>Si</strong></span> <span class='ocrx_word' id='word_1_858' title='bbox 3565 4849 3678 4921; x_wconf 87' lang='lat' dir='ltr'><strong>quis</strong></span> <span class='ocrx_word' id='word_1_859' title='bbox 3705 4865 3834 4908; x_wconf 55' lang='lat' dir='ltr'><strong>nos‘</strong></span> 
     </span>
    </p>
   </div>
   <div class='ocr_carea' id='block_1_111' title="bbox 2246 4942 3830 5012">
    <p class='ocr_par' dir='ltr' id='par_1_111' title="bbox 2246 4942 3830 5012">
     <span class='ocr_line' id='line_1_111' title="bbox 2246 4942 3830 5012; baseline 0 -9"><span class='ocrx_word' id='word_1_860' title='bbox 2246 4956 2391 5003; x_wconf 87' lang='lat' dir='ltr'><strong>trum</strong></span> <span class='ocrx_word' id='word_1_861' title='bbox 2419 4947 2760 5003; x_wconf 86' lang='lat' dir='ltr'><strong>commiserit</strong></span> <span class='ocrx_word' id='word_1_862' title='bbox 2786 4946 3115 5002; x_wconf 89' lang='lat' dir='ltr'><strong>adulterium</strong></span> <span class='ocrx_word' id='word_1_863' title='bbox 3141 4980 3157 5012; x_wconf 81' lang='lat'><strong>,</strong></span> <span class='ocrx_word' id='word_1_864' title='bbox 3189 4942 3541 5002; x_wconf 85' lang='lat' dir='ltr'><strong>homicidium</strong></span> <span class='ocrx_word' id='word_1_865' title='bbox 3567 4983 3583 5010; x_wconf 87' lang='lat'><strong>,</strong></span> <span class='ocrx_word' id='word_1_866' title='bbox 3615 4946 3830 5003; x_wconf 56' lang='lat' dir='ltr'><strong>sacrile4</strong></span> 
     </span>
    </p>
   </div>
   <div class='ocr_carea' id='block_1_112' title="bbox 2250 5039 3824 5115">
    <p class='ocr_par' dir='ltr' id='par_1_112' title="bbox 2250 5039 3824 5115">
     <span class='ocr_line' id='line_1_112' title="bbox 2250 5039 3824 5115; baseline -0.001 -18"><span class='ocrx_word' id='word_1_867' title='bbox 2250 5043 2424 5115; x_wconf 85' lang='lat' dir='ltr'><strong>gium,</strong></span> <span class='ocrx_word' id='word_1_868' title='bbox 2458 5044 2667 5110; x_wconf 80' lang='lat' dir='ltr'><strong>majora</strong></span> <span class='ocrx_word' id='word_1_869' title='bbox 2697 5042 2926 5097; x_wconf 79' lang='lat' dir='ltr'><strong>erimina</strong></span> <span class='ocrx_word' id='word_1_870' title='bbox 2966 5041 3156 5096; x_wconf 82' lang='lat' dir='ltr'><strong>decem</strong></span> <span class='ocrx_word' id='word_1_871' title='bbox 3207 5041 3438 5096; x_wconf 85' lang='lat' dir='ltr'><strong>militum</strong></span> <span class='ocrx_word' id='word_1_872' title='bbox 3493 5039 3824 5109; x_wconf 76' lang='lat' dir='ltr'><strong>talentorum,</strong></span> 
     </span>
    </p>
   </div>
   <div class='ocr_carea' id='block_1_113' title="bbox 2252 5120 3823 5206">
    <p class='ocr_par' dir='ltr' id='par_1_113' title="bbox 2252 5120 3823 5206">
     <span class='ocr_line' id='line_1_113' title="bbox 2252 5120 3823 5206; baseline 0.001 -17"><span class='ocrx_word' id='word_1_873' title='bbox 2252 5120 2953 5206; x_wconf 62' lang='lat' dir='ltr'><strong>rogantibus&#39;dimittuntur</strong></span> <span class='ocrx_word' id='word_1_874' title='bbox 2976 5168 2991 5196; x_wconf 82' lang='lat'><strong>,</strong></span> <span class='ocrx_word' id='word_1_875' title='bbox 3020 5134 3064 5187; x_wconf 89' lang='lat' dir='ltr'><strong>si</strong></span> <span class='ocrx_word' id='word_1_876' title='bbox 3095 5143 3148 5189; x_wconf 84' lang='lat' dir='ltr'><strong>et</strong></span> <span class='ocrx_word' id='word_1_877' title='bbox 3176 5134 3283 5203; x_wconf 82' lang='lat' dir='ltr'><strong>ipsi</strong></span> <span class='ocrx_word' id='word_1_878' title='bbox 3322 5127 3599 5188; x_wconf 76' lang='lat' dir='ltr'><strong>dimittant</strong></span> <span class='ocrx_word' id='word_1_879' title='bbox 3626 5133 3823 5191; x_wconf 79' lang='lat' dir='ltr'><strong>minora</strong></span> 
     </span>
    </p>
   </div>
   <div class='ocr_carea' id='block_1_114' title="bbox 2252 5225 3825 5298">
    <p class='ocr_par' dir='ltr' id='par_1_114' title="bbox 2252 5225 3825 5298">
     <span class='ocr_line' id='line_1_114' title="bbox 2252 5225 3825 5298; baseline 0.001 -14"><span class='ocrx_word' id='word_1_880' title='bbox 2252 5227 2626 5298; x_wconf 84' lang='lat' dir='ltr'><strong>peccantibus.</strong></span> <span class='ocrx_word' id='word_1_881' title='bbox 2656 5225 2751 5281; x_wconf 85' lang='lat' dir='ltr'><strong>Sin</strong></span> <span class='ocrx_word' id='word_1_882' title='bbox 2776 5234 2959 5281; x_wconf 83' lang='lat' dir='ltr'><strong>autem</strong></span> <span class='ocrx_word' id='word_1_883' title='bbox 2989 5225 3061 5283; x_wconf 86' lang='lat' dir='ltr'><strong>ob</strong></span> <span class='ocrx_word' id='word_1_884' title='bbox 3082 5225 3277 5282; x_wconf 84' lang='lat' dir='ltr'><strong>factam</strong></span> <span class='ocrx_word' id='word_1_885' title='bbox 3308 5226 3683 5285; x_wconf 78' lang='lat' dir='ltr'><strong>contumeiiam</strong></span> <span class='ocrx_word' id='word_1_886' title='bbox 3704 5237 3729 5267; x_wconf 77' lang='grc' dir='ltr'><strong>ι</strong></span> <span class='ocrx_word' id='word_1_887' title='bbox 3752 5230 3825 5285; x_wconf 63' lang='grc' dir='ltr'><strong>εἰι</strong></span> 
     </span>
    </p>
   </div>
   <div class='ocr_carea' id='block_1_115' title="bbox 2250 5317 3821 5391">
    <p class='ocr_par' dir='ltr' id='par_1_115' title="bbox 2250 5317 3821 5391">
     <span class='ocr_line' id='line_1_115' title="bbox 2250 5317 3821 5391; baseline 0 -14"><span class='ocrx_word' id='word_1_888' title='bbox 2250 5320 2361 5377; x_wconf 90' lang='lat' dir='ltr'><strong>mul</strong></span> <span class='ocrx_word' id='word_1_889' title='bbox 2388 5317 2763 5387; x_wconf 79' lang='lat' dir='ltr'><strong>implacabiles</strong></span> <span class='ocrx_word' id='word_1_890' title='bbox 2783 5359 2797 5385; x_wconf 95' lang='lat'><strong>,</strong></span> <span class='ocrx_word' id='word_1_891' title='bbox 2822 5326 2876 5373; x_wconf 87' lang='lat' dir='ltr'><strong>et</strong></span> <span class='ocrx_word' id='word_1_892' title='bbox 2906 5325 3132 5389; x_wconf 84' lang='lat' dir='ltr'><strong>propter</strong></span> <span class='ocrx_word' id='word_1_893' title='bbox 3160 5330 3410 5375; x_wconf 82' lang='lat' dir='ltr'><strong>amarum</strong></span> <span class='ocrx_word' id='word_1_894' title='bbox 3452 5320 3672 5376; x_wconf 79' lang='lat' dir='ltr'><strong>verbum</strong></span> <span class='ocrx_word' id='word_1_895' title='bbox 3706 5334 3821 5391; x_wconf 60' lang='lat' dir='ltr'><strong>pera</strong></span> 
     </span>
    </p>
   </div>
   <div class='ocr_carea' id='block_1_116' title="bbox 2251 5412 3823 5485">
    <p class='ocr_par' dir='ltr' id='par_1_116' title="bbox 2251 5412 3823 5485">
     <span class='ocr_line' id='line_1_116' title="bbox 2251 5412 3823 5485; baseline 0.002 -15"><span class='ocrx_word' id='word_1_896' title='bbox 2251 5424 2406 5485; x_wconf 86' lang='lat' dir='ltr'><strong>petes</strong></span> <span class='ocrx_word' id='word_1_897' title='bbox 2457 5413 2757 5468; x_wconf 85' lang='lat' dir='ltr'><strong>habeamus</strong></span> <span class='ocrx_word' id='word_1_898' title='bbox 2795 5412 3099 5469; x_wconf 86' lang='lat' dir='ltr'><strong>discordias</strong></span> <span class='ocrx_word' id='word_1_899' title='bbox 3141 5426 3369 5470; x_wconf 88' lang='lat' dir='ltr'><strong>:nonne</strong></span> <span class='ocrx_word' id='word_1_900' title='bbox 3399 5414 3552 5470; x_wconf 87' lang='lat' dir='ltr'><strong>nobis</strong></span> <span class='ocrx_word' id='word_1_901' title='bbox 3595 5413 3823 5473; x_wconf 83' lang='lat' dir='ltr'><strong>videmur</strong></span> 
     </span>
    </p>
   </div>
   <div class='ocr_carea' id='block_1_117' title="bbox 2251 5505 3814 5579">
    <p class='ocr_par' dir='ltr' id='par_1_117' title="bbox 2251 5505 3814 5579">
     <span class='ocr_line' id='line_1_117' title="bbox 2251 5505 3814 5579; baseline 0.002 -17"><span class='ocrx_word' id='word_1_902' title='bbox 2251 5515 2403 5563; x_wconf 86' lang='lat' dir='ltr'><strong>recte</strong></span> <span class='ocrx_word' id='word_1_903' title='bbox 2432 5505 2717 5576; x_wconf 78' lang='lat' dir='ltr'><strong>redigendi</strong></span> <span class='ocrx_word' id='word_1_904' title='bbox 2749 5508 2802 5563; x_wconf 90' lang='lat' dir='ltr'><strong>in</strong></span> <span class='ocrx_word' id='word_1_905' title='bbox 2833 5521 3110 5563; x_wconf 88' lang='lat' dir='ltr'><strong>carcerem</strong></span> <span class='ocrx_word' id='word_1_906' title='bbox 3137 5524 3151 5562; x_wconf 88' lang='lat'><strong>:</strong></span> <span class='ocrx_word' id='word_1_907' title='bbox 3176 5517 3233 5563; x_wconf 91' lang='lat' dir='ltr'><strong>et</strong></span> <span class='ocrx_word' id='word_1_908' title='bbox 3260 5507 3362 5562; x_wconf 88' lang='lat' dir='ltr'><strong>sub</strong></span> <span class='ocrx_word' id='word_1_909' title='bbox 3380 5508 3630 5577; x_wconf 82' lang='lat' dir='ltr'><strong>exemplo</strong></span> <span class='ocrx_word' id='word_1_910' title='bbox 3650 5508 3814 5579; x_wconf 89' lang='lat' dir='ltr'><strong>operis</strong></span> 
     </span>
    </p>
   </div>
   <div class='ocr_carea' id='block_1_118' title="bbox 2254 5602 3816 5675">
    <p class='ocr_par' dir='ltr' id='par_1_118' title="bbox 2254 5602 3816 5675">
     <span class='ocr_line' id='line_1_118' title="bbox 2254 5602 3816 5675; baseline 0.001 -16"><span class='ocrx_word' id='word_1_911' title='bbox 2254 5604 2428 5661; x_wconf 85' lang='lat' dir='ltr'><strong>nostri</strong></span> <span class='ocrx_word' id='word_1_912' title='bbox 2460 5603 2564 5659; x_wconf 88' lang='lat' dir='ltr'><strong>hoc</strong></span> <span class='ocrx_word' id='word_1_913' title='bbox 2594 5618 2777 5675; x_wconf 86' lang='lat' dir='ltr'><strong>agere,</strong></span> <span class='ocrx_word' id='word_1_914' title='bbox 2810 5611 2873 5659; x_wconf 89' lang='lat' dir='ltr'><strong>ut</strong></span> <span class='ocrx_word' id='word_1_915' title='bbox 2900 5603 3169 5675; x_wconf 73' lang='lat' dir='ltr'><strong>majorum</strong></span> <span class='ocrx_word' id='word_1_916' title='bbox 3201 5603 3362 5659; x_wconf 88' lang='lat' dir='ltr'><strong>nobis</strong></span> <span class='ocrx_word' id='word_1_917' title='bbox 3382 5602 3695 5661; x_wconf 76' lang='lat' dir='ltr'><strong>delictorum</strong></span> <span class='ocrx_word' id='word_1_918' title='bbox 3732 5616 3816 5661; x_wconf 86' lang='lat' dir='ltr'><strong>ve-</strong></span> 
     </span>
    </p>
   </div>
   <div class='ocr_carea' id='block_1_119' title="bbox 2254 5695 2839 5754">
    <p class='ocr_par' dir='ltr' id='par_1_119' title="bbox 2254 5695 2839 5754">
     <span class='ocr_line' id='line_1_119' title="bbox 2254 5695 2839 5754; baseline -0.01 0"><span class='ocrx_word' id='word_1_919' title='bbox 2254 5697 2344 5754; x_wconf 90' lang='lat' dir='ltr'><strong>nia</strong></span> <span class='ocrx_word' id='word_1_920' title='bbox 2379 5710 2488 5753; x_wconf 86' lang='lat' dir='ltr'><strong>non</strong></span> <span class='ocrx_word' id='word_1_921' title='bbox 2516 5695 2839 5754; x_wconf 79' lang='lat' dir='ltr'><strong>relaxetur?</strong></span> 
     </span>
    </p>
   </div>
  </div>
