3962 6304
154 272 239 333 133

603 252 1266 326 ΕΟΜΜΕΝΤΑΒῘΟΒΒΜ
1304 248 1371 317 ΙΝ
1411 242 1732 317 EVANGEL

1843 251 1865 307 Ι
1905 249 2242 309 υΑττιιΑῑι
2280 249 2409 309 LIB.
2450 250 2541 309 lll.
2580 249 2735 309 CAP.
2777 244 2921 308 XIX.

3309 245 3413 306 εει

202 388 363 460 (Vera.
390 385 464 442 ει
492 384 692 458 seqq.)
732 384 800 440 Et
830 399 942 438 cum
970 381 1203 452 cupisset
1224 377 1477 433 rationem
1503 388 1714 446 ponere,
1747 370 1800 433 Α
1822 370 2118 428 mittendas
2140 385 2268 428 esse
2298 384 2500 427 uxores
2529 369 2771 440 qualibet
2800 383 2867 424 ex
2906 380 3098 432 causa,
3128 372 3184 422 et
3208 364 3416 420 ducen-

146 482 315 539 oblulus
340 489 413 534 cst
441 479 491 533 ei
517 495 670 532 unus
698 478 788 550 qui
826 475 1030 531 debebat
1074 475 1249 528 decem
1285 470 1455 525 millia
1496 467 1711 522 talenta.

145 575 247 632 Cum
270 580 433 627 autem
457 585 571 625 non
607 569 821 624 haberet
848 567 982 622 unde
1005 565 1264 631 redderet,
1284 562 1442 634 jussit
1478 574 1593 613 eum
1621 555 1717 611 do-

146 666 283 719 minus
306 662 608 719 eenuudari
626 703 645 725 ,
670 672 722 714 et
755 675 969 715 uxorem
1001 661 1113 731 ejus
1136 698 1152 720 ,
1181 666 1230 710 et
1252 656 1411 726 filios,
1438 663 1486 707 ct
1539 649 1717 707 omnia

142 774 235 830 qua
252 756 483 819 habebat,
508 762 560 809 et
587 753 767 809 reddi.
794 750 1081 805 Procidens
1100 757 1270 804 autem
1296 762 1473 802 servus
1494 744 1606 805 ille,
1629 757 1717 795 ro-

145 851 268 923 gabat
289 865 424 911 eum,
449 849 643 903 dicens
686 862 703 902 :
729 844 1048 900 Patientiam
1079 841 1208 896 habe
1236 841 1288 895 in
1320 856 1402 893 me
1420 879 1436 904 ,
1463 846 1513 891 et
1542 834 1717 890 omnia

143 945 322 1001 reddant
341 942 455 998 tibi.
489 940 750 996 Hist-rtus
769 948 943 994 autem
978 936 1218 991 dominus
1243 934 1375 988 servi
1415 929 1563 985 illius
1584 972 1598 993 ,
1628 928 1715 982 di-

144 1041 255 1094 tnist't
275 1054 384 1091 eum
406 1052 426 1091 :
456 1046 506 1090 et
533 1034 770 1089 debitum
794 1031 991 1086 dimisit
1019 1029 1086 1084 ei.
1120 1026 1376 1099 Egressus
1405 1032 1575 1078 autem
1610 1036 1719 1075 ser-

145 1132 331 1198 rasille,
356 1128 560 1185 inuenit
593 1143 759 1182 unum
788 1125 854 1180 de
878 1121 1135 1178 conservis
1160 1119 1289 1187 suis,
1317 1117 1406 1186 qui
1430 1112 1642 1169 debebat
1671 1112 1719 1167 ei

147 1234 315 1279 rentum
342 1220 592 1277 denarios
627 1235 647 1274 :
682 1228 728 1273 et
772 1226 952 1272 tenens
992 1211 1278 1280 suﬂ'ocabat
1320 1224 1462 1271 eum,
1491 1205 1669 1260 dicens
1698 1219 1717 1257 :

145 1316 292 1372 Redde
317 1314 452 1387 quod
484 1313 669 1368 debes.
705 1309 770 1365 Et
816 1307 1086 1379 procidens
1118 1318 1395 1359 conservus
1423 1303 1537 1372 ejus
1565 1313 1719 1368 roga-

146 1414 210 1465 bat
227 1426 353 1473 eum,
377 1409 566 1462 dicens
584 1422 604 1457 :
632 1403 950 1458 Patientiam
970 1398 1103 1454 ltabe
1122 1399 1176 1451 in
1202 1410 1302 1461 me,
1332 1403 1379 1449 et
1401 1391 1574 1447 omnia
1602 1387 1718 1442 red-

146 1502 239 1554 dant
265 1498 371 1553 tibi.
405 1496 511 1553 Ille
533 1504 714 1551 autem
746 1492 918 1548 noluit
940 1507 960 1546 :
985 1489 1077 1545 sed
1107 1487 1255 1554 abiit,
1280 1493 1325 1541 et
1353 1484 1495 1538 misit
1521 1497 1637 1537 eum
1662 1480 1719 1533 in

144 1610 385 1659 carcerein,
406 1593 579 1646 donec
597 1588 838 1644 redderet
860 1584 1107 1639 debitum.
1144 1579 1384 1634 Videntes
1404 1583 1576 1630 autem
1596 1589 1719 1627 con-

1815 464 1916 522 das
1941 464 2100 532 alias,
2128 464 2404 536 pudicitiae
2427 464 2756 534 praedicator
2774 461 2883 517 sibi
2913 460 3187 515 videbitur
3215 458 3414 513 docere

1814 557 2111 614 contraria.
2171 554 2230 611 Si
2257 564 2440 611 autem
2498 552 2875 626 responderit,
2907 568 3017 607 non
3063 565 3282 606 omnem
3342 549 3413 604 ob

1814 663 2036 706 causam
2066 648 2272 706 debere
2299 648 2539 715 dimitti,
2572 647 2729 718 quasi
2781 644 3055 715 sacrilegii
3086 658 3212 699 reus
3266 652 3415 698 tene-

1814 743 1963 801 bitur
1995 760 2011 810 ;
2044 754 2100 799 et
2125 743 2391 800 adversus
2418 742 2724 798 doctrinam
2766 740 2938 812 Moysi
2968 754 3033 794 ac
3058 753 3157 809 per
3186 738 3411 809 Moysen

1818 836 1936 904 Dei,
1969 835 2150 892 facere
2170 834 2526 905 judicabitur.
2558 833 2730 904 Igitur
2761 831 3027 887 Dominus
3054 830 3134 885 sic
3183 844 3415 897 respou-

1815 929 2029 984 sionem
2084 934 2386 998 temperat,
2424 934 2482 981 ut
2535 924 2848 993 decipulam
2899 936 3093 978 eorum
3150 930 3412 987 transeat,

1814 1020 2158 1091 Scriptorum
2212 1028 2458 1075 sanctam
2511 1018 2789 1073 adducens
2815 1018 2868 1072 in
2915 1015 3288 1071 testimonium
3316 1054 3330 1079 ,
3358 1021 3416 1068 et

1818 1115 2126 1171 naturalem
2157 1114 2351 1184 legem,
2372 1112 2717 1183 primamque
2737 1111 2830 1166 Dei
2858 1108 3185 1165 sententiam
3209 1121 3408 1162 secun-

1817 1206 1903 1264 da:
1931 1221 2254 1278 apponens;
2277 1220 2398 1277 quae
2428 1219 2537 1259 non
2583 1204 2864 1259 voluntate
2893 1203 3011 1263 Dei,
3039 1200 3138 1258 sed
3184 1215 3415 1272 peccan-

1819 1298 1954 1354 tium
1984 1297 2311 1355 necessitate
2338 1310 2600 1352 concessa
2631 1304 2734 1351 est.

1894 1389 2087 1461 (Vers.
2116 1390 2207 1459 4.)
2240 1388 2345 1456 Qui
2390 1389 2708 1458 respondens
2754 1387 2829 1441 ait
2868 1389 2943 1441 eis
2974 1402 2991 1439 :
3023 1384 3146 1440 Non
3193 1385 3412 1456 legistis,

1817 1483 1942 1555 quia
1985 1483 2079 1554 qui
2118 1483 2236 1553 fecit
2278 1482 2342 1536 ab
2379 1482 2560 1544 initio,
2594 1479 2881 1534 masculum
2924 1488 2973 1532 et
3016 1478 3262 1549 feminam
3295 1476 3416 1544 fecit

1820 1577 1948 1631 eos?
1968 1574 2085 1632 Hoc
2104 1574 2157 1630 iu
2186 1574 2415 1630 exordio
2440 1573 2721 1629 Geneseos
2751 1572 3016 1640 scriptum
3039 1580 3146 1626 est.
3176 1568 3417 1625 Dicendo

146 1687 252 1741 servi
277 1687 385 1757 ejus
413 1700 533 1755 quis
561 1681 783 1753 fiebant,
811 1674 1107 1732 contristati
1135 1680 1255 1727 sunt
1285 1670 1435 1724 valde
1459 1682 1478 1721 ε
1500 1676 1548 1722 et
1571 1680 1718 1720 vener
1745 1745 1793 1757 _
1821 1677 2025 1733 autem,
2056 1666 2347 1723 masculum
2379 1665 2536 1738 155
2562 1675 2608 1720 et
2638 1666 2907 1737 fetuinam,
2944 1664 3188 1719 ostendit
3219 1677 3417 1716 secun-

143 1788 262 1843 ruttt,
287 1745 331 1831 it
351 1745 712 1830 narrauerint!
735 1745 948 1825 domino
968 1782 1063 1821 suo
1089 1764 1263 1819 omnia
1296 1775 1414 1831 quas
1434 1760 1574 1829 facta
1602 1758 1717 1827 fue-
1745 1745 1797 1808 Β
1822 1760 1892 1817 da
1921 1759 2139 1816 vitanda
2169 1759 2445 1831 conjugis.
2474 1758 2594 1814 Non
2621 1763 2768 1813 cuitu
2809 1757 2905 1823 ait,
2947 1757 3237 1812 masculum
3266 1765 3317 1810 et
3344 1761 3423 1826 [e-

146 1879 256 1925 rtutt.
288 1869 429 1924 Tunc
477 1866 689 1923 uocauit
732 1865 886 1919 illum
916 1861 1153 1915 dominus
1189 1872 1315 1910 suus
1342 1896 1355 1919 ,
1381 1862 1428 1908 et
1473 1852 1550 1905 ait
1596 1849 1717 1904 illi:

146 1964 278 2018 Serre
298 1977 540 2033 nequam,
576 1973 733 2013 omne
754 1954 983 2010 debitum
1007 1950 1186 2041 dimisi
1216 1946 1330 2010 tibi,
1362 1944 1605 2016 quoniam
1634 1956 1721 1993 ro-

145 2057 254 2127 gasti
278 2072 372 2109 me.
403 2053 608 2109 Nonne
635 2066 760 2121 ergo
797 2033 1024 2118 oportuit
1062 2052 1111 2098 et
1152 2055 1200 2096 te
1231 2039 1463 2095 misereri
1491 2033 1722 2091 conservi

145 2153 226 2219 tui,
243 2152 365 2204 sicut
387 2158 436 2203 et
463 2164 570 2221 ego
601 2149 675 2200 tui
703 2144 948 2198 misertus
985 2155 1100 2194 sum
1131 2139 1154 2191 ?
1183 2133 1253 2189 Et
1291 2135 1456 2189 iratus
1483 2129 1722 2184 dominus

145 2245 253 2310 ejus,
279 2219 509 2295 tradidit
526 2253 652 2293 eum
680 2233 964 2289 tortoribus
993 2227 1329 2299 quoadusque
1349 2223 1584 2278 redderet
1606 2219 1725 2274 uni-

147 2350 317 2389 uersum
336 2334 601 2388 debitum.
631 2328 762 2383 Scio
787 2336 815 2364 ⁸
846 2322 1110 2395 quosdam
1157 2321 1323 2376 istum
1354 2316 1446 2388 qui
1491 2312 1725 2369 debebat

147 2428 305 2483 decem
329 2427 503 2482 millia
535 2424 776 2488 talenta,
805 2417 1086 2475 diabolum
1130 2409 1486 2483 interpretari
1514 2449 1529 2475 ,
1569 2406 1726 2475 cujus

149 2536 349 2577 uxorem
393 2529 452 2577 et
492 2519 647 2573 filios
688 2510 1083 2569 venuttdandos
1112 2516 1499 2581 perseverante
1529 2503 1622 2557 illo
1668 2499 1724 2555 in

149 2617 327 2672 mshtia
347 2660 362 2681 ,
390 2612 777 2684 insipientiam
806 2617 861 2663 et
888 2606 1061 2663 malas
1089 2603 1448 2673 cogitationes
1496 2596 1724 2667 intelligi

150 2708 329 2763 volunt.
362 2707 525 2765 Sicut
565 2703 714 2760 enim
736 2701 873 2773 justi
905 2715 1060 2762 uxor,
1081 2697 1282 2752 dicitur
1306 2692 1575 2766 sapientia
1604 2708 1618 2745 :
1645 2689 1726 2744 sic

154 2814 351 2854 uxorem
383 2796 555 2872 ιω
578 2793 767 2866 iniusti
797 2801 854 2848 et
882 2788 1189 2860 peccatoris
1209 2829 1224 2854 ,
1249 2785 1515 2858 appellari
1542 2782 1727 2840 Stulti-

157 2890 282 2945 tiam.
311 2890 415 2946 Sed
443 2886 730 2961 quomodo
760 2885 810 2939 ei
840 2882 1077 2939 dimittat
1102 2879 1360 2936 dominus
1388 2877 1579 2932 decem
1609 2874 1732 2957 mil—

154 2984 217 3038 lia
233 2985 427 3039 talenta
454 2998 472 3049 ;
507 2991 568 3039 et
609 2980 704 3035 ille
734 2978 894 3034 nobis
920 2975 1203 3032 conservis
1230 2977 1348 3029 suis
1391 2979 1609 3027 centum
1635 2969 1732 3025 de-

156 3080 311 3133 narios
337 3096 445 3134 non
472 3074 772 3137 dimiserit.
805 3085 909 3128 nec
952 3067 1359 3127 Ecclesiasticre
1399 3066 1728 3135 interpreta-

157 3157 293 3224 tionis
321 3178 428 3238 est,
462 3183 569 3224 nec
600 3182 629 3222 a
659 3162 1025 3238 prudentibus
1052 3161 1187 3215 viris
1215 3157 1570 3229 recipiendae.

214 3262 383 3333 (Vers.
420 3262 543 3332 '55.)
572 3259 665 3316 Sic
690 3265 741 3312 et
769 3254 930 3311 Pater
948 3269 1095 3308 meus
1126 3251 1343 3308 catlestis
1376 3251 1533 3321 faciet
1561 3250 1726 3317 vobis,

158 3354 194 3408 si
211 3371 299 3410 non
326 3353 591 3411 remiserit
618 3349 968 3420 unusquisque
991 3346 1142 3416 fratri
1162 3360 1256 3399 suo
1279 3343 1343 3398 de
1362 3341 1602 3397 cordibus
1624 3357 1731 3395 ucs-

161 3450 257 3505 tris.
278 3449 663 3505 Formidolosa
698 3442 1004 3507 sententia,
1030 3441 1074 3497 si
1116 3440 1270 3510 juxta
1300 3446 1541 3493 nostram
1573 3449 1730 3489 men-

164 3543 554 3599 temsententia
581 3539 686 3596 Dei
714 3538 953 3594 ﬂectitur
983 3544 1147 3605 atque
1188 3539 1446 3587 mutatur.
1477 3531 1533 3586 Si
1563 3543 1731 3599 parva

164 3632 401 3692 uultibus
428 3651 541 3691 non
574 3632 910 3690 dimittimus
937 3674 951 3695 ,
986 3643 1179 3699 magna
1211 3626 1368 3682 nobis
1409 3641 1437 3679 a
1481 3625 1594 3679 Deo
1625 3638 1733 3678 non

163 3725 502 3785 dimittentnr.
530 3727 601 3782 Et
629 3724 757 3796 quia
790 3730 972 3794 potest
999 3718 1376 3790 unusquisque
1402 3717 1585 3774 dicere
1616 3734 1628 3769 :
1654 3716 1737 3770 ni-

167 3818 227 3875 hil
246 3820 411 3877 habeo
437 3832 634 3877 contra
666 3833 792 3875 eum
822 3859 836 3883 ,
870 3818 987 3887 ipse
1014 3816 1165 3870 novit
1197 3832 1210 3868 :
1243 3813 1406 3869 habet
1434 3811 1607 3868 Deum
1650 3811 1738 3880 ju-

167 3912 316 3971 dicem
340 3957 357 3983 ,
382 3932 488 3970 non
521 3912 657 3969 mihi
703 3925 850 3967 curae
893 3918 979 3966 est
1004 3951 1019 3977 ,
1048 3906 1176 3978 quid
1222 3906 1353 3961 velit
1404 3918 1566 3976 agere
1590 3945 1604 3970 ,
1632 3917 1737 3973 ego

168 4007 322 4076 ignovi
352 4009 403 4064 ei
443 4024 457 4073 ;
489 4009 782 4063 confirmat
814 4002 1141 4059 sententiam
1188 4014 1345 4055 suam
1373 4042 1388 4068 ,
1417 4007 1470 4053 et
1519 4011 1737 4052 omnem

169 4099 547 4156 simulationem
571 4100 717 4154 lictte
743 4096 898 4168 pacis
919 4093 1136 4164 evertit,
1171 4091 1360 4147 dicens
1395 4107 1411 4145 :
1436 4090 1495 4148 Si
1524 4105 1625 4144 non
1654 4104 1742 4143 re-

174 4193 391 4248 stiteritis
417 4191 766 4261 unusquisque
793 4187 944 4258 fratri
971 4202 1068 4241 suo
1095 4185 1160 4239 de
1180 4183 1421 4239 cordibus
1452 4182 1652 4237 vestris.

232 4284 377 4355 (Cap.
403 4281 548 4339 XIX.
577 4312 652 4324 --
677 4279 835 4334 Vers.
870 4278 895 4332 1
933 4291 1090 4348 seqq.
1117 4274 1137 4348 )
1170 4274 1237 4329 Et
1262 4276 1459 4347 factum
1507 4281 1579 4328 est
1623 4289 1742 4327 cum

173 4387 549 4434 consummasset
570 4375 726 4431 Iesus
749 4388 1006 4429 sermones
1021 4372 1168 4439 istos,
1191 4371 1431 4441 migravit
1447 4386 1477 4423 a
1498 4367 1744 4434 Galilwa;

175 4479 212 4522 et
231 4471 359 4524 venit
386 4472 438 4524 in
468 4471 603 4541 fines
626 4466 830 4521 ludens
850 4475 995 4519 trans
1020 4461 1305 4518 Iordanem
1331 4471 1611 4517 :etsecutaz
1624 4471 1742 4518 sunt

176 4578 280 4617 eam
302 4564 454 4618 turba
484 4562 663 4617 multm
690 4570 737 4615 et
763 4557 962 4614 curavit
987 4572 1071 4612 eos
1091 4556 1181 4611 ibi.
1215 4554 1283 4611 Et
1313 4564 1633 4630 accesserunt
1672 4555 1741 4609 ad

178 4669 281 4709 eum
306 4653 552 4711 Pharistei
582 4661 836 4708 tentantes
864 4666 980 4705 eum
999 4694 1013 4718 ,
1041 4656 1089 4702 et
1116 4646 1344 4703 dicentes
1372 4662 1391 4701 :
1419 4646 1486 4702 Si
1504 4647 1618 4703 licet
1644 4646 1741 4701 ho-

179 4749 289 4804 mini
319 4750 568 4805 dimittere
608 4762 824 4802 uxorem
864 4759 1015 4799 suam
1060 4756 1378 4813 quacumque
1434 4758 1496 4796 ex.
1542 4741 1747 4796 causa?

179 4840 246 4899 De
273 4842 476 4899 Galiltca
507 4849 735 4899 venerat
770 4837 837 4894 ad
876 4834 1119 4894 ludasam
1164 4850 1177 4887 :
1210 4833 1415 4890 idcirco
1441 4832 1747 4889 Pharisaeo-

180 4948 287 4989 rum
308 4934 727 5003 Scriharumque
758 4929 917 4985 factio
947 4928 1252 4996 interrogat
1277 4938 1400 4980 eum
1427 4940 1442 4980 :
1476 4936 1653 4981 utrum
1683 4924 1749 4980 li-

181 5036 289 5083 ceat
311 5027 510 5083 homini
538 5024 817 5082 dimittere
843 5034 1076 5078 uxorem
1111 5030 1265 5073 suam
1293 5017 1533 5089 qualibet
1560 5033 1744 5087 causa,

182 5125 234 5172 ut
259 5119 399 5189 quasi
424 5126 659 5174 cornuto
686 5121 905 5170 teneant
935 5125 1065 5168 eum
1086 5109 1410 5181 syllogismo
1446 5123 1459 5162 :
1491 5117 1550 5164 et
1574 5110 1749 5179 quod-

182 5224 391 5282 cunque
416 5207 795 5281 responderit,
825 5204 1063 5276 captioni
1093 5210 1299 5283 pateat.
1323 5202 1381 5256 Si
1407 5201 1637 5274 dixerit,
1670 5205 1753 5261 di-

244 5351 271 5382 ι
290 5346 428 5403 Haud
456 5352 610 5401 certe
640 5344 859 5413 longius
881 5339 1085 5396 ablusit
1110 5338 1517 5413 0rige_nes,gqui
1545 5340 1752 5401 debito-

185 5432 281 5474 rem
305 5418 488 5475 decem
516 5408 762 5471 millium
790 5412 1140 5470 talentorum,
1171 5410 1236 5476 si,
1273 5408 1467 5477 inquit,
1495 5411 1632 5465 inter
1658 5417 1753 5471 Im.

185 5490 325 5545 litim
368 5488 691 5559 quaesiveris,
723 5500 839 5539 eum
883 5482 1255 5559 esse_forsitan
1277 5480 1533 5559 reperies,
1564 5483 1751 5542 Homi-

185 5574 287 5618 seut
326 5550 557 5629 precati,
604 5557 778 5612 lilium
818 5550 1168 5629 perditionis,
1199 5551 1320 5629 qui.
1339 5550 1660 5609 adversatur
1701 5568 1756 5613 et

181 5621 434 5690 extollitur
469 5643 645 5698 supra
677 5621 1020 5698 omnequod
1055 5623 1259 5678 dicitur
1284 5621 1454 5698 Deus,
1485 5631 1578 5677 aut
1611 5629 1755 5696 quod

181 5704 382 5769 colitur,
427 5705 472 5757 si
517 5692 983 5769 cntra/taminiam
1025 5710 1185 5769 genus
1214 5737 1227 5761 ,
1257 5692 1482 5769 quisjlle
1509 5692 1760 5769 _est,'uisi

179 5760 418 5844 diabolus,
449 5772 537 5843 qui
571 5778 649 5825 tot
675 5766 911 5824 homines
943 5760 1195 5837 perdidit,
1216 5760 1471 5831 aquibus
1500 5763 1609 5835 ipse
1638 5784 1758 5837 pec-

1823 1854 2013 1919 minus,
2043 1852 2191 1922 quod
2231 1867 2301 1906 ex
2332 1854 2574 1919 priorum
2620 1851 2851 1920 repudio
2894 1851 3241 1920 quaerebatur
3274 1869 3287 1903 :
3320 1850 3416 1905 sed

1822 1946 2115 2001 masculum
2156 1954 2204 2001 et
2236 1945 2505 2017 feminam,
2529 1955 2588 2000 ut
2617 1943 2645 1982 δ
2674 1944 2839 1999 unius
2876 1945 3125 2015 conjugis
3146 1945 3421 2000 consortia

1825 2045 2204 2094 necterentur.

1895 2131 2081 2204 (Vers.
2113 2131 2169 2198 5,
2200 2130 2282 2203 6.)
2316 2129 2385 2185 Et
2421 2131 2551 2186 dixit
2591 2147 2611 2186 :
2654 2141 2867 2202 propter
2893 2130 2992 2184 hoc
3020 2129 3240 2185 dimittet
3267 2128 3422 2183 homo

1826 2232 2028 2294 patrem
2067 2230 2116 2276 et
2162 2230 2400 2289 matrem,
2429 2231 2475 2276 et
2507 2222 2787 2276 adluerebit
2820 2223 2972 2276 uxori
3008 2237 3153 2276 suae:
3193 2230 3240 2274 et
3272 2230 3423 2275 erunt

1824 2314 1929 2370 duo
1971 2315 2029 2370 in
2055 2330 2215 2369 carne
2241 2330 2368 2369 una.
2404 2312 2591 2385 Itaque
2608 2317 2729 2387 jam
2752 2330 2857 2368 non
2882 2323 3001 2367 sunt
3032 2312 3158 2378 duo,
3201 2312 3291 2367 sed
3317 2329 3426 2367 uua

1827 2425 1971 2463 caro.
2002 2409 2266 2465 Similiter
2289 2408 2387 2475 ait,
2418 2407 2723 2463 adhaerebit
2750 2407 2908 2462 uxori
2940 2422 3076 2473 sure,
3106 2423 3212 2464 non
3246 2410 3429 2462 uxori-

1830 2501 1949 2556 bus.
1977 2501 2046 2555 Et
2067 2511 2216 2556 erunt
2244 2502 2350 2556 duo
2378 2503 2431 2555 in
2453 2518 2610 2556 carne
2630 2501 3064 2555 una.Pt'acutium
3094 2502 3424 2571 nuptiarum,

1828 2596 2087 2652 eduabus
2108 2613 2272 2652 unam
2295 2612 2517 2653 carnem
2543 2599 2679 2653 fieri.
2706 2598 2946 2653 Castitas
2966 2598 3156 2668 juncta
3182 2598 3423 2668 spiritui,

1831 2704 1973 2745 unus
1997 2688 2233 2745 efficitur
2259 2691 2502 2760 spiritus.

1906 2782 2057 2849 Quod
2088 2800 2210 2854 ergo
2236 2782 2378 2838 Deus
2407 2785 2704 2855 conjunxit,
2737 2785 2889 2839 homo
2910 2799 3012 2839 non
3040 2795 3261 2856 separet.
3288 2785 3431 2840 Deus

1831 2875 2136 2943 conjunxit,
2172 2891 2335 2930 unam
2366 2875 2623 2931 faciendo
2665 2891 2888 2933 carnem
2929 2876 3032 2931 viri
3065 2885 3121 2931 ct
3162 2877 3378 2932 femina:
3414 2894 3426 2930 :

1835 2966 1977 3021 hanc
2006 2964 2171 3022 homo
2195 2980 2308 3021 non
2354 2975 2533 3036 potest
2573 2983 2855 3037 separare,
2890 2969 2994 3023 nisi
3025 2968 3252 3025 forsitan
3285 2970 3433 3024 solus

1839 3061 2000 3115 Deus.
2026 3060 2201 3115 Homo
2218 3068 2470 3130 separat,
2497 3060 2717 3130 quando
2738 3071 2963 3131 propter
2982 3061 3315 3118 desiderium
3340 3078 3428 3118 se-

1753 3131 1802 3197 c
1833 3153 2024 3208 cauda:
2050 3153 2259 3225 uxoris,
2287 3152 2521 3223 primam
2543 3152 2796 3207 dimittit.
2827 3154 2970 3209 Deus
2999 3164 3238 3225 separat,
3262 3156 3352 3227 qui
3380 3163 3437 3212 et

1832 3245 2217 3315 conjunxerat,
2246 3245 2465 3315 quando
2503 3260 2570 3300 ex
2598 3260 2870 3301 consensu
2922 3256 3146 3317 propter
3196 3249 3433 3304 servitu-

1832 3345 1941 3393 tem
1974 3337 2068 3391 Dei
2103 3338 2191 3407 (eo
2230 3335 2376 3407 quod
2409 3346 2623 3406 tempus
2665 3338 2722 3392 in
2750 3347 2901 3393 arcto
2927 3337 3019 3409 sit)
3050 3339 3130 3395 sic
3159 3338 3426 3397 habemus

1835 3443 2060 3497 uxores,
2089 3429 2249 3498 quasi
2280 3443 2392 3484 nou
2426 3429 2695 3484 habentes
2727 3429 2773 3499 (l
2802 3428 2924 3484 Cor.
2956 3431 3075 3501 vn).

1909 3540 2092 3613 (Vers.
2119 3539 2203 3610 7.)
2232 3538 2428 3595 Dicunt
2448 3541 2531 3595 illi
2556 3556 2576 3595 :
2608 3539 2749 3608 Quid
2775 3556 2896 3613 ergo
2924 3540 3133 3613 Moyses
3171 3541 3437 3597 mandavit

1838 3633 1954 3687 dari
1986 3631 2219 3687 libellum
2247 3633 2472 3703 repudii,
2517 3642 2564 3686 et
2604 3632 2901 3687 dimittere?
2930 3631 3198 3703 Aperiunt
3230 3634 3436 3690 calum-

1839 3724 1983 3778 niam
2010 3738 2170 3794 quam
2203 3733 2551 3794 paraverant.
2579 3723 2647 3778 Et
2675 3732 2825 3779 certe
2873 3724 3133 3781 Dominus
3173 3741 3277 3780 non
3309 3742 3435 3798 pro-

1841 3816 2016 3888 priam
2039 3815 2363 3878 sententiam
2395 3816 2717 3886 protulerat,
2762 3815 2859 3873 sed
2887 3818 3089 3875 veteris
3116 3818 3356 3876 historia!
3384 3830 3441 3877 et

1841 3907 2222 3965 mandatorum
2252 3909 2346 3964 Dei
2380 3907 2561 3965 fuerat
2588 3910 2931 3966 recordatus.

1910 4000 2094 4070 (Vers.
2124 4000 2206 4071 8.)
2233 4000 2323 4055 Ait
2345 4001 2453 4057 illis
2491 4016 2511 4056 :
2554 4003 2802 4073 quoniam
2836 4003 3041 4075 Moyses
3079 4005 3151 4059 ad
3190 4007 3438 4063 duritiam

1842 4093 2016 4148 cordis
2054 4094 2212 4149 vestri
2242 4095 2476 4164 permisit
2506 4094 2651 4148 vobis
2691 4094 2954 4150 dimittere
2982 4112 3169 4151 uxores
3198 4107 3390 4154 vestras
3418 4115 3439 4156 :

1843 4185 1909 4240 ab
1931 4186 2081 4240 initio
2099 4194 2273 4241 autem
2299 4202 2402 4239 non
2424 4186 2521 4258 fuit
2537 4188 2631 4240 sic.
2653 4186 2807 4254 Quod
2837 4187 2972 4242 dicit
2993 4189 3304 4244 istiusmodi
3322 4199 3403 4247 cst
3426 4210 3441 4249 :

1845 4280 2120 4351 Numquid
2150 4289 2329 4351 potest
2360 4280 2504 4336 Deus
2549 4280 2652 4335 sibi
2700 4294 2823 4336 esse
2850 4284 3180 4351 contrarius,
3207 4292 3265 4339 ut
3292 4283 3440 4340 aliud

1846 4381 1973 4430 ante
2013 4373 2262 4444 jusserit,
2294 4380 2349 4428 et
2375 4373 2704 4428 sententiam
2736 4387 2891 4430 suam
2927 4389 3068 4432 novo
3097 4375 3308 4447 frangat
3342 4375 3445 4433 Int-

1848 4467 2039 4539 perio?
2066 4466 2183 4522 Non
2215 4466 2290 4521 ita
2319 4466 2667 4522 sentiendum
2699 4477 2780 4523 est
2806 4486 2819 4523 :
2850 4469 2945 4524 sed
2974 4470 3191 4542 Moyses
3216 4486 3337 4527 cum
3364 4470 3447 4527 vi-

1849 4558 2026 4625 deret,
2071 4565 2295 4627 propter
2334 4556 2669 4614 desiderium
2717 4559 3081 4615 secundarum
3126 4563 3442 4635 coniugum,

1850 4665 1972 4725 quae
1996 4652 2082 4706 vel
2102 4649 2346 4714 ditiores,
2371 4651 2457 4706 vel
2475 4651 2745 4719 juniores,
2770 4653 2852 4707 vel
2876 4654 3213 4723 pulchriores
3236 4666 3444 4725 essent,

1851 4743 2055 4814 primas
2095 4755 2295 4797 uxores
2341 4742 2594 4807 interfici,
2626 4749 2721 4796 aut
2764 4744 2962 4798 malam
3011 4748 3176 4801 vitam
3224 4748 3445 4817 ducere,

1850 4836 2044 4891 maluit
2072 4834 2357 4904 indulgere
2383 4833 2734 4894 discordiam.
2757 4849 2918 4904 quam
2941 4837 3062 4891 odia
3082 4848 3133 4892 et
3156 4838 3447 4897 homicidia

1853 4945 2212 5003 perseverare
2241 4929 2422 5003 (Deut.
2454 4929 2628 5002 xxiv).
2657 4930 2937 5002 Simulque
2968 4932 3274 5003 considera,
3302 4936 3449 5007 quod

1856 5041 1965 5083 non
2018 5024 2154 5081 dixit
2191 5040 2205 5078 :
2256 5022 2484 5093 Propter
2526 5022 2774 5078 duritiam
2819 5025 2991 5079 cordis
3025 5026 3181 5081 uestri
3221 5030 3453 5097 permisit

1854 5114 2183 5188 vobisjﬂeus,
2206 5114 2298 5169 sed
2330 5111 2542 5186 Moyses
2569 5131 2582 5167 :
2614 5122 2673 5170 ut
2691 5116 2843 5185 juxta
2876 5119 3205 5187 Apostolum
3230 5121 3291 5191 (Ι
3320 5118 3443 5179 Cor.

1859 5206 1956 5279 vn)
1987 5207 2273 5262 consilium
2305 5207 2375 5263 sit
2399 5206 2663 5276 hominis,
2696 5223 2802 5263 non
2846 5203 3131 5280 imperium
3163 5211 3276 5267 Dei.

1859 5347 1965 5401 cati
1993 5353 2176 5400 auctor
2205 5357 2479 5416 susceptus
2518 5348 2631 5401 est?
2654 5348 2771 5403 Non
2801 5348 2883 5404 sic
2911 5361 3092 5406 autem
3117 5353 3308 5409 stricte
3339 5355 3459 5413 Oris

1859 5416 2254 5501 geniadhmret
2285 5417 2673 5501 Hieronymus,
2714 5428 2773 5473 ut
2821 5430 2873 5474 et
2913 5420 3129 5501 devium
3173 5424 3241 5477 ah
3271 5425 3458 5483 Eccle‘

1860 5492 2580 5614 sias;ica.interpretatioue
2621 5497 2914 5560 sequatur,
2958 5492 3085 5561 quin
3130 5494 3299 5553 immo
3350 5513 3455 5556 non

1860 5573 1969 5615 con
1995 5569 2085 5613 uie
2115 5596 2127 5611 .

1933 5630 1960 5671 δ
2002 5629 2097 5685 ΜΘ.
2127 5629 2339 5706 cod.__S.
2372 5629 2630 5700 Remigii,
2661 5638 2717 5686 ut
2745 5631 2901 5687 unius
2929 5636 3160 5706 (Olljtlgll
3201 5641 3458 5696 consortio

1866 5710 2211 5757 uerterentur.
2247 5702 2422 5758 Man.
