3962 6300
523 241 637 299 *156

1788 242 1847 298 S.
1890 239 2166 299 EUSEBII
2204 239 2586 299 lllERONYMl

3730 248 3850 304 156

605 377 786 447 (Vers.
821 377 901 449 9..)
933 375 1061 432 Dico
1085 385 1252 431 autem
1283 376 1444 442 vobis,
1477 377 1604 447 quia
1643 378 1956 446 quicumque
1977 379 2132 431 dimi-
2160 357 2208 416 Α
2239 365 2465 449 Prol)!"
2497 372 2728 449 τθΒηυηξ
2767 357 3069 424 calorum;
3117 367 3172 414 θί
3197 361 3290 430 qui
3314 373 3437 416 cum
3469 361 3682 430 Ροεείηῑ
3713 376 3850 416 esse

531 470 656 523 serit
685 487 897 524 uxorem
927 487 1095 533 suam,
1125 470 1225 523 nisi
1251 469 1313 522 ob
1339 468 1758 538 fornicationem,
1790 481 1836 523 et
1851 470 2009 523 aliam
2039 471 2136 523 du-

530 562 688 628 xerit,
720 561 1020 616 moechatur.
1055 559 1125 613 Et
1156 559 1248 630 qui
1278 559 1546 613 dimissam
1571 559 1804 624 duxerit,
1827 559 2128 637 moechatur.

535 652 664 708 Sola
721 651 1012 707 fornicatio
1068 661 1152 705 est
1204 666 1327 721 quae
1366 652 1553 705 uxoris
1607 652 1786 705 vincat
1831 651 2128 707 allectum:

535 743 704 798 immo
741 758 862 797 cum
898 743 985 796 illa
1031 758 1190 797 unam
1221 758 1446 798 carnem
1480 745 1532 796 in
1573 744 1732 798 aliam
1773 742 2044 806 diviserit.
2077 754 2132 800 et

531 850 592 891 se
615 835 980 891 fornicatione
1003 836 1344 906 separaverit
1369 834 1530 907 146
1553 851 1580 889 a
1599 836 1816 902 marito,
1840 851 1946 890 non
1969 836 2131 892 debet

532 929 704 984 teneri
740 943 754 981 :
785 943 852 984 ne
896 928 1074 982 virum
1123 943 1340 997 quoque
1377 929 1476 982 sub
1505 927 1795 982 maledicto
1837 927 2016 992 faciat,
2045 927 2120 981 di-

528 1029 689 1077 cente
717 1020 1000 1087 Scriptura
1031 1037 1042 1072 :
1081 1020 1184 1087 Qui
1215 1019 1508 1074 adulteram
1533 1029 1690 1089 tenet,
1719 1018 1912 1074 stultus
1947 1029 1996 1075 et
2033 1020 2131 1072 im-

531 1113 648 1182 pius
677 1121 775 1166 est.
803 1111 1148 1181 Ubicumque
1169 1121 1255 1167 est
1281 1111 1446 1182 igitur
1478 1109 1785 1176 forniCatio,
1813 1118 1868 1165 et
1898 1110 2130 1165 fornica-

533 1206 698 1260 tionis
744 1205 1006 1275 suspicio,
1036 1204 1208 1260 libere
1241 1220 1379 1260 uxor
1421 1203 1732 1258 dimittitur.
1769 1203 1836 1257 Et
1864 1205 1989 1272 quia
2030 1216 2126 1271 po-

533 1307 674 1352 terat
724 1296 995 1363 accidere,
1025 1305 1086 1351 ut
1123 1296 1320 1367 aliquis
1351 1296 1681 1351 calumniam
1729 1295 1930 1351 faceret
1973 1295 2130 1349 inno-

531 1392 702 1460 centi,
752 1403 802 1446 et
834 1391 905 1446 ob
945 1390 1239 1446 set-undam
1271 1390 1520 1460 c0pulam
1571 1389 1902 1457 nuptiarum,
1953 1388 2129 1444 veteri

531 1483 742 1538 crimen
792 1483 1138 1554 impingeret,
1189 1482 1268 1537 sie
1311 1483 1546 1550 priorem
1592 1481 1872 1537 dimittere
1907 1480 2129 1550 jubetur

530 1592 790 1643 uxorem,
821 1588 880 1632 ut
907 1576 1228 1643 secundam,
1272 1577 1442 1646 prima
1485 1575 1722 1640 vivente,
1761 1589 1870 1630 non
1903 1573 2122 1629 habeat.

528 1669 684 1736 Quod
713 1670 856 1725 enim
885 1668 1038 1736 dicit,
1073 1668 1180 1723 tale
1208 1677 1320 1723 est:
1349 1667 1408 1725 Si
1440 1681 1545 1722 non
1580 1675 1800 1737 propter
1820 1665 2121 1731 libidinem,

2240 447 2366 510 viri,
2424 457 2647 516 propter
2688 445 2966 504 Christum
2999 450 3238 505 eunuchi
3271 451 3428 506 fiunt.
3461 450 3584 507 lstis
3618 451 3848 520 promit-

2238 541 2370 594 titur
2392 540 2710 610 praemium:
2743 541 3115 612 superioribus
3137 551 3321 599 autem
3350 543 3546 614 quibus
3571 543 3844 598 castimo-

2238 629 2340 683 niae
2379 631 2704 697 necessitas,
2735 648 2841 685 non
2883 632 3136 688 voluntas
3167 643 3274 698 est,
3308 635 3445 689 nihil
3472 635 3696 690 omnino
3737 635 3843 692 de-

2237 721 2415 776 betur.
2449 722 2748 779 Possumus
2779 731 2836 779 et
2877 724 3036 780 aliter
3060 724 3268 782 dicere.
3309 726 3559 784 Eunuchi
3604 739 3736 786 sunt
3767 745 3843 784 ex

2236 814 2428 867 matris
2459 824 2639 881 utero,
2672 813 2698 852 ι)
2731 815 2824 885 qui
2857 815 3152 885 frigidioris
3177 828 3383 874 natura:
3415 830 3563 888 sunt,
3590 821 3845 876 neclibi-

2235 905 2416 961 dinem
2446 915 2790 976 appetentes.
2826 908 2894 962 Et
2924 909 3038 976 alii,
3063 910 3152 980 qui
3184 911 3252 964 ab
3299 911 3612 967 hominibus
3642 913 3785 968 ﬁunt
3825 930 3840 968 :

2234 1011 2372 1068 quos
2420 1006 2510 1053 aut
2546 997 2855 1069 philosophi
2887 1001 3112 1068 faciunt,
3165 1011 3259 1055 aut
3302 1016 3524 1073 pr0pter
3554 1005 3838 1060 idolorum

2233 1089 2437 1144 ciiltum
2466 1090 2827 1146 emolliuntur
2857 1091 2910 1146 in
2935 1091 3200 1148 feminas:
3234 1095 3316 1149 vel
3345 1098 3699 1163 persuasione
3722 1097 3843 1152 ha:-

2233 1181 2404 1235 retica
2446 1179 2705 1236 simulant
2733 1183 3067 1249 castitatem,
3097 1194 3155 1239 ut
3186 1185 3519 1243 mentiantur
3546 1189 3838 1260 religionis

2233 1273 2537 1328 veritatem.
2562 1271 2668 1330 Sed
2705 1275 2882 1330 nullus
2910 1291 3100 1332 eorum
3132 1280 3484 1350 consequitur
3517 1297 3683 1353 regna
3715 1298 3833 1341 cce.

2232 1365 2430 1431 lorum,
2481 1367 2583 1421 nisi
2631 1368 2724 1438 qui
2772 1384 2832 1424 se
2883 1371 3205 1426 castraverit
3249 1381 3476 1443 propter
3521 1374 3832 1430 Christum.

2231 1456 2387 1514 Unde
2434 1468 2489 1514 et
2529 1458 2736 1515 infert:
2780 1461 2882 1525 Qui
2917 1473 3084 1532 potest
3123 1479 3305 1535 capere
3331 1466 3539 1534 capiat;
3571 1475 3632 1521 ut
3663 1483 3838 1524 unus-

2230 1553 2461 1623 quisque
2489 1555 2806 1610 consideret
2855 1559 3004 1612 vires
3031 1572 3180 1623 suas,
3214 1568 3394 1614 utrum
3446 1561 3618 1629 possit
3669 1563 3837 1633 virgi-

2229 1647 2373 1702 nalia
2420 1654 2476 1701 et
2502 1647 2773 1716 pudicitiae
2825 1648 3053 1720 implere
3099 1660 3391 1722 praecepta.
3445 1653 3549 1709 Per
3577 1669 3637 1710 se
3682 1656 3832 1711 enim

531 1763 626 1820 sed
683 1773 908 1834 propter
937 1763 1196 1833 injuriam
1225 1762 1457 1817 dimittis
1497 1775 1723 1818 uxorem
1748 1777 1762 1813 :
1814 1775 1981 1830 quare
2030 1775 2123 1814 ex-
2152 1739 2201 1800 Β
2227 1739 2452 1834 castitas
2478 1739 2675 1834 blal'da
2702 1747 2808 1808 est,
2839 1749 2894 1834 ei
2914 1743 3216 1812 (ιυθιηιίιηι
3245 1744 3310 1798 3d
3341 1759 3401 1800 se
3423 1745 3694 1802 alliCiens.
3723 1748 3832 1804 Sed

531 1867 720 1925 pertus
774 1855 1028 1911 infelices
1073 1853 1285 1924 priores
1332 1853 1568 1922 nuptias,
1611 1867 1873 1908 novarum
1926 1863 1977 1907 te
2016 1852 2118 1905 im-

528 1949 701 2004 mittis
750 1948 1029 2019 periculo?
1076 1947 1296 2002 Necnon
1340 1948 1466 2016 quia
1515 1955 1728 2017 poterat
1777 1945 2020 2010 evenire,
2064 1952 2122 1999 ut

519 2039 679 2111 juxta
724 2040 975 2095 eamdem
1007 2039 1184 2110 legem
1215 2053 1352 2094 uxor
1379 2053 1598 2109 quoque
1629 2039 1825 2094 marito
1852 2038 2010 2093 daret
2036 2051 2121 2092 re-

519 2132 764 2204 pudium,
812 2132 1002 2188 eadem
1051 2131 1267 2187 cautela
1318 2131 1650 2203 prazcipitur,
1704 2147 1771 2186 ne
1820 2130 2118 2186 secundum

519 2226 754 2295 accipiat
802 2224 997 2279 virum.
1048 2222 1118 2278 Et
1169 2223 1295 2293 quia
1343 2223 1624 2292 meretrix,
1679 2232 1735 2277 et
1784 2236 1906 2292 qua:
1950 2220 2119 2276 semel

517 2316 698 2372 fuerat
739 2315 1007 2383 adultera,
1039 2315 1392 2386 opprobrium
1442 2331 1548 2370 non
1600 2315 1846 2383 timebat,
1878 2313 2120 2369 secundo

526 2418 550 2444 ι·
587 2408 899 2478 praecipitur
921 2407 1065 2474 viro,
1097 2407 1240 2478 quod
1274 2407 1321 2462 si
1347 2407 1509 2464 talem
1540 2406 1782 2474 duxerit,
1831 2407 1932 2463 sub
1967 2407 2121 2462 adul-

522 2502 646 2557 terii
677 2503 747 2556 sit
777 2501 1032 2558 crimine.

592 2595 776 2667 (Vers.
807 2592 922 2666 l0.)
949 2594 1140 2649 Dicunt
1170 2597 1216 2650 ei
1239 2594 1487 2664 discipuli
1514 2597 1661 2667 ejus:
1680 2595 1741 2652 Si
1767 2597 1838 2649 ita
1864 2604 1939 2650 est
1960 2611 2118 2649 causa

518 2685 720 2742 homini
745 2703 865 2742 cunt
883 2704 1069 2755 uxore,
1093 2703 1195 2742 non
1214 2687 1426 2757 expedit
1453 2687 1661 2743 nubere.
1701 2686 1882 2742 Grave
1909 2687 2118 2757 pondus

518 2798 750 2837 uxorum
781 2793 888 2850 est,
934 2783 979 2837 si
1010 2792 1240 2854 excepta
1285 2797 1448 2838 causa
1480 2781 1878 2846 fornicationis,
1912 2795 2010 2836 eas
2037 2780 2118 2835 di-

518 2877 740 2931 mittere
771 2891 881 2930 uon
910 2874 1060 2930 licet.
1089 2875 1231 2943 Quid
1261 2875 1407 2931 enim
1442 2876 1486 2930 si
1516 2875 1813 2930 temulenta
1846 2873 2032 2940 fuerit,
2073 2873 2119 2927 si

518 2969 807 3036 iracunda,
841 2968 888 3024 si
911 2970 1068 3024 malis
1097 2968 1365 3035 moribus,
1399 2967 1446 3023 si
1487 2968 1794 3031 luxuriosa,
1826 2967 1871 3022 si
1901 2968 2113 3037 gulosa,

514 3063 560 3118 si
596 3077 756 3133 vaga,
797 3062 842 3116 si
886 3061 1180 3132 jurgatrix,
1224 3063 1269 3115 si
1306 3061 1603 3128 maledica,
1641 3060 1870 3116 tenenda
1909 3060 2016 3114 erit
2041 3059 2108 3116 is-

2227 1830 2643 1886 considerandae
2672 1840 2796 1886 sunt
2826 1832 2997 1897 vires,
3043 1842 3103 1888 ut
3149 1835 3240 1905 qui
3272 1843 3449 1905 potest
3480 1851 3709 1906 capere,
3743 1854 3835 1894 ca-

2224 1923 2356 1992 piat.
2389 1923 2558 1990 Quasi
2585 1923 2855 1980 hortantis
2877 1940 2979 1979 vox
3006 1925 3218 1981 Domini
3249 1936 3328 1982 est
3347 1969 3362 1994 ,
3392 1939 3447 1983 et
3473 1930 3675 1986 milites
3701 1946 3833 1988 suos

2224 2015 2289 2068 ad
2317 2015 2592 2084 pudicitia:
2617 2017 3279 2087 praamium‘concitantis.
3308 2020 3411 2086 Qui
3435 2030 3598 2091 potest
3619 2039 3827 2093 capere,

2225 2109 2433 2177 capiat;
2480 2110 2572 2179 qui
2627 2117 2810 2180 potest
2865 2124 3146 2180 pugnare,
3201 2121 3439 2181 pugnet,
3488 2123 3716 2184 superet
3767 2131 3831 2171 ac

2224 2202 2540 2273 triumphet.
3466 2231 3468 2233 -

2295 2296 2474 2367 (Vers.
2510 2297 2598 2363 15,
2640 2296 2750 2367 14.)
2784 2296 2926 2351 Tunc
2955 2297 3112 2353 oblati
3141 2308 3261 2353 sunt
3288 2300 3337 2354 ei
3366 2298 3592 2370 parvuli,
3629 2311 3688 2355 ut
3717 2319 3827 2356 ma-

2224 2407 2321 2445 nus
2353 2392 2429 2444 eis
2471 2392 2754 2461 imponeret
2785 2401 2833 2444 et
2872 2402 3062 2447 oraret.
3098 2391 3356 2465 Discipuli
3383 2403 3556 2448 autem
3583 2395 3827 2465 increpa-

2222 2481 2347 2535 bant
2377 2498 2485 2538 eos.
2518 2482 2674 2539 Jesus
2703 2501 2820 2538 vero
2845 2486 2916 2538 ait
2943 2486 3034 2539 eis.
3069 2483 3187 2540 Non
3218 2500 3326 2556 quo
3357 2486 3563 2542 nollent
3589 2488 3672 2542 eis
3701 2488 3826 2543 Sal«

2221 2580 2426 2632 vatoris
2447 2587 2501 2633 et
2531 2593 2693 2632 manu
2739 2587 2794 2633 et
2830 2593 2968 2634 voce
2994 2579 3273 2645 benedici;
3321 2579 3417 2636 sed
3441 2597 3546 2650 quo
3585 2581 3821 2637 necdum

2223 2669 2492 2726 habentes
2521 2670 2894 2741 plenissimam
2925 2671 3110 2736 ﬁdem.
3141 2680 3397 2742 putarent
3422 2688 3545 2727 eum
3583 2673 3636 2728 in
3669 2674 3824 2728 simi-

2223 2760 2507 2817 litudinem
2553 2760 2835 2818 hominum
2879 2762 3226 2820 olferentium
3269 2765 3685 2836 importunitate
3713 2765 3823 2821 las-

2225 2869 2355 2908 sart.

2295 2945 2476 3015 (Vers.
2516 2945 2630 3018 15.)
2662 2946 2834 3002 Sinite
2863 2947 3130 3018 parvulos,
3160 2959 3207 3003 et
3238 2949 3394 3004 nolite
3438 2951 3716 3018 prohibere
3738 2971 3822 3009 eos

2221 3041 2291 3091 ad
2313 3055 2391 3093 me
2408 3041 2612 3095 venire:
2635 3041 2816 3094 talium
2834 3050 2908 3095 est
2928 3043 3065 3096 enim
3086 3058 3301 3114 regnum
3323 3044 3588 3098 ctelorum.
3616 3044 3665 3098 Ε
3671 3056 3687 3099 ι
3710 3063 3822 3100 cum

515 3125 815 3210 tinsm'odi?
848 3125 1111 3209 voluimus
1141 3125 1399 3208 uolumus
1431 3152 1541 3225 [ΑΙ.
1567 3125 1800 3208 nolimus
1832 3151 2110 3223 velimus],

2229 3131 2547 3198 imposuisset
2572 3133 2645 3186 eis
2673 3148 2883 3200 manus,
2923 3135 3051 3188 abiit
3075 3135 3212 3189 inde.
3249 3135 3630 3206 Signilicanter
3661 3138 3818 3203 dixit,

514 3247 841 3302 sustinenda
867 3254 972 3302 est.
999 3246 1138 3303 Cum
1161 3247 1309 3302 enim
1330 3261 1581 3302 essemus
1603 3245 1786 3312 liberi,
1811 3246 2118 3300 voluntarie

517 3354 617 3394 nos
669 3338 1004 3409 subjecimus
1056 3337 1330 3394 servituti.
1380 3337 1644 3392 Videntes
1701 3351 1832 3406 ergo
1884 3336 2116 3406 apostoli

511 3448 679 3502 grave
720 3447 954 3487 uxorum
981 3431 1196 3502 jugum,
1230 3430 1521 3501 proferunt
1555 3439 1764 3484 motum
1796 3428 1959 3482 animi
2005 3428 2113 3492 sui,

512 3532 568 3578 et
591 3524 812 3578 dicunt:
844 3525 889 3577 si
921 3525 995 3577 ita
1023 3533 1097 3578 est
1127 3539 1284 3576 causa
1318 3523 1516 3575 homini
1544 3539 1661 3575 cum
1690 3536 1852 3574 uxore
1878 3537 1982 3574 non
2024 3537 2116 3573 ex-

518 3615 658 3684 pedit
687 3615 896 3669 nubere.

583 3706 768 3777 (Vers.
802 3705 918 3774 11.)
963 3703 1069 3771 Qui
1110 3705 1243 3758 dixit
1293 3705 1400 3758 illis
1445 3721 1463 3758 :
1513 3704 1635 3759 Non
1686 3721 1861 3759 omnes
1907 3705 2117 3774 capiunt

512 3799 723 3854 verbum
750 3797 918 3863 istud,
957 3797 1048 3851 sed
1077 3796 1264 3867 quibus
1288 3797 1465 3850 datum
1501 3805 1594 3850 est.
1626 3795 1798 3851 Nemo
1839 3805 1990 3864 putet
2017 3795 2117 3850 sub

514 3891 618 3946 hoc
643 3890 837 3952 verbo,
869 3889 952 3944 vel
985 3888 1176 3960 latum,
1203 3889 1289 3944 vel
1323 3888 1596 3943 fortunam
1627 3888 1896 3945 introduci
1923 3907 1935 3942 :
1970 3889 2114 3959 quod

511 3987 566 4041 hi
617 3995 746 4040 sunt
776 3985 1042 4056 virgines,
1079 3984 1276 4053 quibus
1303 4000 1330 4036 a
1359 3984 1470 4039 Deo
1500 3984 1688 4038 datum
1735 3984 1824 4052 sit,
1857 3991 1949 4037 aut
1978 3997 2114 4053 quos

513 4078 736 4149 quidam
785 4077 852 4132 ad
906 4077 1010 4133 hoc
1040 4093 1202 4132 casus
1235 4077 1543 4143 adduxerit,
1577 4078 1671 4133 sed
1707 4078 1792 4131 his
1819 4076 2004 4131 datum
2033 4085 2115 4132 est

512 4175 604 4244 qui
641 4175 934 4244 petierunt,
978 4173 1068 4245 qui
1096 4174 1411 4240 voluerunt,
1444 4175 1534 4245 qui
1565 4184 1626 4229 ut
1667 4174 1994 4245 acciperent,
2031 4175 2112 4229 la.

514 4269 876 4323 boraverunt.
910 4266 1070 4323 Omni
1098 4268 1241 4322 enim
1275 4269 1483 4337 petenti
1511 4267 1751 4332 dabitur,
1785 4278 1840 4322 et
1866 4283 2112 4338 quaerens

514 4357 787 4428 inveniet,
844 4369 901 4414 et
946 4359 1186 4429 pulsanti
1239 4360 1520 4430 aperietur
1569 4359 1781 4432 (Matth.
1832 4375 1927 4425 vn,
1981 4361 2034 4424 8,
2065 4371 2112 4413 et

514 4449 647 4505 Luc.
686 4467 764 4516 χι,
794 4449 907 4520 10).

584 4542 766 4612 (Vers.
803 4541 920 4611 12.)
947 4542 1083 4597 Sunt
1112 4543 1248 4597 enim
1276 4544 1518 4614 eunuchi,
1549 4545 1637 4616 qui
1666 4545 1729 4598 de
1752 4545 1932 4599 matris
1961 4552 2106 4599 utero

509 4636 587 4688 sic
617 4635 726 4687 nati
750 4645 909 4688 sunt:
939 4643 988 4688 et
1011 4644 1134 4688 sunt
1165 4636 1408 4704 eunuchi,
1433 4637 1518 4706 qui
1540 4638 1664 4706 {acti
1707 4648 1824 4690 sunt
1847 4637 1907 4689 ab
1937 4637 2106 4690 homi-

511 4727 700 4782 nibus:
721 4737 768 4780 et
793 4738 912 4782 sunt
933 4729 1177 4796 eunuchi,
1206 4729 1294 4795 qui
1307 4729 1501 4800 seipsos
1531 4739 1882 4784 castraverunt
1902 4739 2110 4802 propter

511 4836 732 4893 regnum
771 4822 1042 4876 caelorum.
1074 4823 1175 4891 Qui
1223 4833 1386 4892 potest
1417 4839 1619 4896 capere,
1655 4825 1846 4895 capiat.
1889 4823 2108 4893 Triplex

509 4932 684 4988 genus
715 4925 802 4974 est
831 4918 1206 4974 cunuchorum
1234 4935 1248 4971 :
1280 4918 1511 4974 duorum
1541 4919 1869 4984 carnalium,
1892 4928 1945 4972 et
1967 4919 2110 4973 tertii

509 5011 830 5080 spiritualis.
865 5012 970 5067 Alii
995 5013 1241 5082 suntqui
1273 5012 1343 5068 de
1373 5012 1563 5068 matris
1584 5023 1741 5068 utero
1770 5012 1848 5065 sic
1880 5025 2111 5066 nascun-

513 5111 627 5157 tur.
669 5101 823 5174 147
854 5103 959 5158 Alii
983 5119 1123 5174 quos
1155 5104 1238 5160 vel
1281 5103 1570 5173 captivitas
1601 5103 1750 5168 facit,
1781 5101 1868 5157 vel
1899 5103 2108 5159 deliciae

509 5194 861 5249 matronales.
918 5193 1091 5250 Tertii
1151 5207 1279 5250 sunt
1322 5195 1414 5264 qui
1471 5194 1680 5263 seipsos
1732 5203 2109 5252 castraverunt

580 5343 605 5370 ⁸
647 5335 703 5388 In
738 5349 848 5389 uno
879 5334 1146 5400 Palatino,
1177 5333 1405 5388 secundo
1435 5349 1534 5387 non
1581 5333 1768 5386 nubere
1807 5334 2110 5404 prmcipitur

512 5406 643 5484 viro,
653 5416 960 5484 corrupte,
1387 5475 1399 5484 _
1430 5475 1442 5484 _
1590 5473 1628 5484 ,,
1779 5474 1790 5484 ,
1810 5475 1819 5484 ,
1978 5475 1988 5484 .

582 5475 608 5514 δ
648 5476 899 5546 Origenis
949 5479 1064 5531 haec
1107 5484 1191 5531 est
1215 5475 1482 5545 expositio
1519 5491 1531 5526 :
1581 5473 1821 5528 Eunuchi
1854 5475 2047 5543 tropice
2073 5476 2111 5527 ii

511 5545 613 5600 dici
634 5545 848 5617 queunt,
871 5549 960 5616 qui
983 5547 1160 5616 frigidi
1176 5557 1295 5600 sunt
1325 5548 1376 5617 iu
1399 5562 1627 5600 venerem
1655 5554 1698 5599 et
1722 5560 1924 5617 segnes,
1945 5554 1999 5617 et
2022 5545 2114 5617 qui

512 5633 564 5667 se.
593 5613 657 5668 iu'
691 5613 930 5671 venri-eas
961 5613 1201 5671 libidines
1233 5626 1281 5671 et
1327 5616 1692 5681 obscenitates,
1721 5616 1884 5682 iisque
1913 5613 2108 5667 similia

515 5702 615 5738 non
643 5687 936 5751 elfnndunt.
974 5690 1036 5742 Et
1065 5705 1188 5742 mox
1215 5705 1228 5740 :
1258 5688 1482 5752 Quidam
1510 5704 1626 5740 vero
1652 5683 2108 5738 adhortationibus

511 5755 583 5811 ad
607 5756 684 5823 id,
715 5759 1023 5830 monitisque
1056 5756 1294 5823 adducti,
1325 5757 1686 5812 abstinentiaut
1728 5773 1760 5809 a
1786 5755 2034 5823 venereis,
2064 5766 2110 5810 et

2136 4511 2188 4571 D

2224 3225 2438 3290 talium,
2491 3241 2601 3280 non
2655 3227 2869 3280 istorum
2902 3243 2920 3280 :
2970 3236 3030 3282 ut
3077 3228 3393 3284 ostenderet
3441 3245 3544 3284 non
3601 3241 3818 3286 aetatem

2222 3332 2452 3387 regnare
2481 3318 2578 3374 sed
2613 3326 2822 3383 mores”;
2853 3330 2909 3376 et
2941 3321 3025 3375 his
3055 3323 3142 3393 qui
3176 3323 3408 3377 similem
3437 3323 3711 3380 haberent
3741 3327 3819 3381 in-

2221 3411 2530 3465 nocentiam
2582 3421 2637 3467 et
2685 3413 3116 3482 simplicitatem,
3160 3415 3438 3484 praemium
3480 3419 3816 3485 repromitti.

2222 3502 2488 3572 Apostolo
2510 3518 2725 3574 quoque
2756 3505 2811 3559 in
2829 3505 3074 3562 eamdem
3091 3507 3420 3561 sententiam
3444 3520 3816 3577 congruente:

2220 3593 2438 3648 Fratres
2470 3596 2630 3650 nolite
2662 3597 2814 3666 pueri
2845 3597 2986 3668 effici
3011 3597 3275 3664 sensibus,
3316 3598 3407 3652 sed
3449 3599 3658 3654 malitia
3698 3619 3818 3669 par-

2227 3687 2332 3741 ruli
2385 3696 2596 3741 estote:
2647 3704 2800 3742 sensu
2828 3700 3003 3743 autem
3057 3699 3113 3743 ut
3170 3691 3386 3760 perfecti
3434 3692 3546 3747 sitis
3601 3693 3648 3763 (l
3696 3678 3816 3750 Cor.

2221 3792 2328 3846 xtv,
2360 3778 2478 3849 20).

2292 3871 2472 3942 (Vers.
2510 3872 2623 3942 16.)
2651 3871 2720 3926 Ει
2744 3890 2861 3929 ecce
2888 3891 3022 3930 unus
3042 3877 3290 3932 accedens
3316 3879 3389 3931 ait
3407 3876 3490 3932 illi
3515 3894 3534 3932 :
3565 3877 3820 3954 Magister

2219 3963 2369 4028 bone,
2416 3964 2542 4028 quid
2582 3963 2700 4018 boni
2734 3966 2948 4034 faciant,
2994 3978 3048 4020 ut
3079 3966 3297 4022 habeam
3339 3969 3495 4022 vitam
3532 3980 3781 4026 cateruam
3799 3976 3820 4026 ξ’

2223 4057 2324 4123 Qui
2354 4056 2479 4112 dicit
2499 4057 2568 4110 ei.
2592 4055 2702 4112 Iste
2721 4059 2810 4128 qui
2842 4057 2999 4132 148
3020 4059 3320 4128 interrogat
3343 4063 3620 4130 quomodo
3652 4065 3814 4118 vitam

2218 4159 2589 4220 consequatur
2633 4159 2918 4216 aeternam,
2952 4162 3008 4207 et
3053 4153 3398 4220 adolescens,
3431 4163 3487 4210 et
3532 4154 3690 4210 dives
3738 4167 3818 4211 est

2219 4241 2326 4314 [Αἰ.
2357 4241 2521 4315 erat],
2569 4251 2623 4297 et
2673 4243 2974 4312 superbus;
3022 4252 3076 4298 et
3123 4244 3273 4312 juxta
3303 4245 3463 4298 alium
3509 4247 3818 4318 evangelis-

2219 4345 2358 4398 tam,
2413 4350 2520 4389 non
2550 4342 2676 4390 voto
2725 4334 3022 4404 discentis,
3077 4336 3171 4390 sed
3230 4336 3488 4392 tentantis
3518 4337 3820 4407 interrogat

2216 4425 2410 4497 (Marc.
2438 4426 2517 4496 ι).

2289 4517 2473 4588 (Vers.
2509 4518 2621 4587 17.)
2657 4519 2796 4585 Quid
2839 4536 2914 4572 me
2962 4519 3255 4589 interrogas
3289 4520 3354 4575 de
3379 4521 3530 4574 bono.
3568 4520 3718 4577 Unus
3743 4532 3817 4576 est

2213 4611 2375 4665 bonus
2402 4610 2558 4666 Deus.
2589 4610 2723 4679 Quia
2751 4611 2860 4682 [Αι.
2894 4610 3020 4684 Qui]
3053 4613 3374 4683 magistrum
3404 4625 3698 4670 vocaverat
3726 4616 3820 4670 bo-

2215 4719 2368 4770 num,
2401 4711 2455 4758 et
2496 4719 2605 4758 non
2641 4703 2832 4769 Deum,
2862 4703 2948 4759 vel
2992 4703 3088 4758 Dei
3131 4703 3328 4760 Filium
3364 4706 3647 4762 confessus
3678 4716 3814 4770 erat,

2215 4793 2378 4850 discit
2405 4795 2650 4865 quamvis
2684 4803 2933 4850 sanctum
2963 4793 3240 4851 hominem
3271 4795 3681 4866 comparatione
3725 4796 3815 4851 Dei

2218 4911 2324 4948 non
2347 4909 2465 4948 esse
2487 4894 2708 4960 bonum,
2736 4893 2805 4950 de
2821 4909 2928 4964 quo
2947 4894 3147 4949 dicitur
3167 4911 3179 4948 :
3206 4894 3537 4964 Conﬁtemini
3562 4893 3813 4957 Domino,

2213 4995 2456 5064 quoniam
2485 4995 2645 5048 bonus
2671 4993 2789 5066 (Ps.
2823 5009 2985 5055 cxvn.
3015 4993 3089 5065 1).
3118 4993 3196 5050 Ne
3222 4995 3344 5064 quis
3371 5004 3551 5049 autem
3578 5002 3732 5064 putet
3763 4994 3812 5047 in

2216 5113 2281 5149 eo
2311 5094 2454 5165 quod
2486 5094 2660 5150 bonus
2701 5093 2843 5148 Deus
2871 5092 3089 5156 dicitur,
3123 5092 3338 5148 excludi
3370 5108 3400 5146 a
3448 5091 3698 5148 bonitate
3728 5091 3815 5146 Fi-

2217 5196 2344 5250 lium
2391 5193 2511 5261 Dei,
2553 5194 2788 5265 legimus
2815 5193 2868 5248 in
2900 5193 3007 5248 alio
3037 5192 3165 5248 loco
3202 5211 3214 5246 :
3254 5192 3444 5248 Pastor
3469 5195 3630 5249 bonus
3674 5195 3814 5265 ponit

2219 5331 2359 5385 oumi
2389 5331 2528 5383 circa
2549 5329 2821 5383 muliebria
2842 5331 2956 5384 loca
2983 5330 3198 5383 lascivia
3219 5340 3484 5384 exercent:
3515 5346 3620 5384 non
3644 5339 3810 5383 tamen

2217 5399 2475 5472 ejusmodi
2504 5401 2754 5471 propositi
2779 5409 2826 5454 et
2855 5401 3036 5465 studii,
3066 5408 3115 5452 et
3153 5400 3305 5472 laude
3324 5401 3499 5472 digni,
3534 5411 3589 5454 ut
3632 5402 3706 5472 ita
3733 5400 3811 5450 di-

2217 5469 2350 5542 cam,
2384 5469 2609 5536 affectus
2648 5472 2966 5542 suscipiendi
3003 5471 3278 5542 auctoruiis
3307 5469 3404 5541 [ιιἰί
3434 5469 3533 5524 Dei
3555 5541 3558 5542 ν
3579 5469 3807 5533 verbum,

2215 5543 2303 5596 sed
2332 5541 2624 5608 hominum,
2653 5538 2868 5613 sivequi
2895 5541 3034 5613 apud
3059 5538 3272 5613 gentiles
3295 5538 3644 5613 philosOphite
3665 5542 3810 5613 incu-

2217 5614 2454 5674 buerunt.
2481 5613 2586 5666 sive
2608 5609 3008 5682 prohibentium
3043 5612 3271 5677 nubere,
3290 5611 3565 5667 abstinere
3595 5627 3620 5662 a
3649 5609 3810 5674 cibis,

2215 5682 2570 5738 htereticorum
2602 5699 2880 5737 sermones.
