3962 6300
14 5092 22 5154 μ

8 5157 16 5256 ί

100 234 184 290 δῶΊ

582 236 1262 295 COMMENTARIOBUM
1302 238 1367 292 IN
1412 237 1646 294 EV‘ANG
1659 237 1714 292 ΕΙ

1827 237 1868 291 ll
1910 236 2246 292 ΜΑἸἹΊΙᾹΞΙ
2290 237 2412 292 LIB.
2461 239 2550 295 lll.
2592 241 2750 295 CAP.
2797 242 2938 298 ΧΙΧ.

3320 249 3421 302 158

116 353 303 406 animum
328 368 493 406 suam
541 372 652 425 pro
705 357 889 410 ovibus
933 357 1039 410 suis
1069 355 1246 431 (Joan.
1281 359 1356 424 ς).
1395 357 1458 410 Et
1501 357 1551 408 in
1588 356 1720 410 Pro—
1748 360 1801 418 Α
1828 355 2100 409 intrarunt
2124 356 2178 408 in
2209 371 2437 425 regnum
2470 357 2730 412 caelorum
2764 359 2975 425 (Cenes.
3013 377 3104 415 xui
3135 371 3187 415 et
3211 377 3420 430 um),

126 443 272 514 pheta,
323 443 613 512 Spiritum
660 447 870 502 bonum
926 456 1235 515 terramque
1287 448 1506 502 bonan.
1561 447 1722 518 Igitur

131 546 172 592 et
191 537 424 591 Salvator
466 553 585 593 noii
640 539 911 594 bonitatis
944 539 1314 594 testimonium
1360 538 1560 594 renuit.
1615 539 1720 594 Sed

136 631 336 700 magistri
369 631 596 702 absque
628 634 744 688 Deo
773 633 1017 689 exclusit
1047 650 1313 689 errorem.

186 723 344 795 (Vers.
384 726 479 790 18,
513 725 635 794 l9.)
663 725 728 781 Si
748 736 920 779 autem
952 727 1026 779 ris
1047 728 1114 780 ad
1145 727 1301 780 vitam
1325 727 1550 797 ingredi,
1576 743 1720 779 serra

135 817 367 868 mandata.
404 815 550 869 Dicit
583 816 713 872 illi:
749 817 882 883 ρυω
918 815 1120 872 ?Jesus
1163 830 1334 872 autem
1365 820 1502 872 dixit
1537 836 1554 872 :
1601 817 1723 872 Non

133 909 446 962 homicidium
484 911 671 978 (acies.
710 911 834 965 Non
857 912 1195 965 adulterabis.
1241 911 1363 966 Non
1407 913 1566 981 [acies
1608 917 1722 984 [ur-

135 1011 240 1052 ttmi.
289 997 412 1053 Non
441 999 637 1068 falsum
680 1002 1033 1055 testimonium
1061 1003 1219 1057 dices.
1257 1002 1476 1057 Honora
1521 1013 1720 1074 patrem

133 1104 255 1146 tum
289 1105 336 1146 et
375 1105 594 1148 matrem
625 1111 644 1148 :
677 1105 725 1149 et
757 1095 941 1165 diliges
973 1097 1266 1166 proximum
1304 1106 1448 1151 tuum
1479 1099 1610 1152 sicut
1645 1107 1722 1151 te-

135 1184 298 1253 ipsum.
323 1184 749 1241 Adolescentem
785 1187 945 1241 ismm
971 1195 1527 1252 tentatoremessc,et
1559 1205 1622 1243 ex
1654 1205 1721 1244 eo

133 1277 343 1347 probare
374 1293 688 1347 possumus,
715 1280 861 1346 quod
897 1280 1114 1336 dicente
1141 1282 1243 1335 sibi
1277 1282 1528 1350 Domino,
1565 1282 1623 1336 Si
1650 1284 1721 1335 ris

131 1371 187 1424 ad
205 1373 354 1423 citum
391 1373 615 1443 ingredi,
638 1389 784 1426 serva
804 1374 1072 1439 mandata,
1103 1390 1316 1428 rursum
1344 1374 1722 1430 fraudulenter

133 1465 408 1534 interrogat
438 1481 560 1534 qtne
582 1465 695 1520 sint
722 1465 813 1520 illa
849 1467 1134 1520 mandata:
1169 1469 1322 1536 quasi
1348 1480 1439 1523 aut
1471 1485 1578 1524 non
1605 1470 1721 1540 ipse

134 1557 338 1628 legerit,
374 1569 468 1613 aut
502 1559 761 1614 Dominus
785 1561 955 1630 possit
976 1562 1296 1630 Deojubere
1326 1564 1626 1617 contraria.

196 1651 370 1720 (Vers.
402 1652 530 1721 20.)
558 1651 692 1706 Dicit
722 1652 805 1706 illi
831 1654 1128 1708 adolescens
1147 1671 1165 1708 :
1200 1654 1388 1708 Omnia
1411 1655 1517 1710 hac
1543 1665 1717 1709 custo-

1828 456 1881 500 et
1915 446 1965 499 in
2001 447 2294 516 Evangelio
2320 447 2607 502 Mattliznus
2637 459 2690 503 et
2721 451 3007 515 Zacltaeus,
3033 455 3238 508 divitiis
3265 456 3425 510 derc-

1827 539 1990 604 lictis,
2039 539 2254 593 Dotnini
2295 540 2614 595 testimonio
2648 544 3056 612 prmdmanlur?
3105 546 3210 600 Sed
3243 549 3423 602 consi-

1827 633 2144 701 deraudum,
2182 634 2328 703 quod
2362 650 2428 688 eo
2453 645 2705 703 tempore
2734 654 2844 708 quo
2895 641 3257 705 intraverunt,
3289 643 3425 696 divi-

1828 736 1908 780 tes
1964 741 2083 780 esse
2111 727 2412 782 desierunt.
2471 728 2699 782 Tamdiu
2756 747 2886 800 ergo
2938 750 3044 786 non
3104 735 3420 802 itttrubttltl,

1825 818 2082 887 quamdiu
2114 819 2316 873 divites
2368 819 2586 873 fuerint.
2623 819 2690 874 Et
2723 832 2900 876 tamen
2957 825 3080 893 quia
3133 825 3429 881 difficulter

1824 909 2024 964 divitia:
2079 921 2529 978 contemnuntur,
2581 927 2689 966 non
2743 913 2882 967 dixit
2916 933 2924 963 :
2963 914 3306 984 lmpos.~ibile
3337 927 3425 972 est

1826 1004 2023 1058 divites
2082 1006 2288 1059 intrare
2347 1005 2402 1059 in
2457 1022 2682 1076 rrgnunt
2725 1008 3011 1068 caelorum,
3053 1012 3147 1064 sed
3180 1012 3422 1065 difficile.

1830 1096 1929 1150 Ubi
1961 1097 2181 1152 difficile
2216 1099 2454 1167 ponitur,
2509 1117 2620 1154 non
2675 1100 3094 1170 impossibilitus
3125 1107 3422 1172 praetendi-

1829 1198 1948 1252 tur;
1983 1189 2078 1244 sed
2112 1191 2306 1243 rutilas
2331 1191 2766 1246 demonstratur.

1901 1283 2080 1352 (νει-5.
2114 1283 2181 1336 24
2213 1285 2394 1353 seqq.)
2427 1283 2494 1336 Et
2550 1288 2733 1339 iterum
2790 1287 2907 1339 dico
2953 1287 3090 1341 rubis
3118 1304 3132 1338 :
3184 1287 3417 1344 Facilius

1826 1384 1900 1428 est
1936 1375 2188 1427 camelum
2241 1391 2331 1442 per
2354 1376 2584 1443 foramen
2613 1393 2738 1430 acus
2771 1379 3012 1440 transire,
3036 1395 3189 1448 quant
3215 1381 3426 1433 divitem

1826 1466 2024 1520 intrare
2050 1468 2102 1519 in
2137 1483 2349 1536 regnum
2385 1470 2651 1521 caelorum.
2688 1470 2896 1522 Auditis
2919 1481 3093 1523 autem
3117 1473 3230 1535 his,
3264 1473 3422 1526 disci-

1827 1559 1940 1627 puli
1972 1558 2294 1612 mirabantur
2349 1559 2518 1624 ralde,
2576 1562 2804 1613 dicentes
2836 1580 2855 1614 :
2907 1565 3036 1629 Quis
3067 1581 3189 1634 ergo
3240 1567 3429 1634 poterit

1827 1654 1997 1706 salvus
2028 1655 2176 1707 esse?
2204 1653 2472 1724 Aspiciens
2498 1667 2670 1708 autem
2699 1653 2877 1721 Iesus,
2907 1657 3040 1710 dixit
3089 1658 3195 1711 illis
3225 1675 3241 1710 :
3274 1659 3428 1725 Apud

132 1745 228 1797 dici
253 1755 274 1780 ιι
307 1763 339 1797 a
355 1748 635 1816 juventute
658 1764 793 1811 mea,
836 1749 961 1816 quid
988 1749 1156 1802 adhuc
1180 1750 1306 1802 mihi
1331 1752 1508 1804 deest?
1537 1752 1620 1803 Ait
1643 1749 1721 1803 illi
1754 1751 1800 1810 Β
1827 1743 2057 1798 homines
2088 1744 2186 1798 hoc
2227 1746 2544 1812 impossibile
2573 1756 2668 1808 est.
2696 1748 2837 1812 apud
2863 1747 3030 1801 Deum
3059 1761 3232 1803 autem
3267 1750 3425 1822 150

132 1835 291 1891 Iesus.
323 1837 590 1893 Mentitur
614 1840 956 1896 adolescens.
991 1841 1048 1897 Si
1089 1843 1232 1897 enim
1261 1841 1363 1897 hoc
1401 1843 1546 1913 quod
1579 1842 1723 1910 posi-

132 1939 231 1984 tum
271 1941 357 1985 est
406 1932 460 1985 in
493 1934 762 1987 mandatis
798 1951 810 1986 :
845 1933 1046 2005 Diliges
1079 1936 1375 2004 proximum
1403 1944 1550 1988 tuum
1591 1938 1722 1989 sicut

134 2024 365 2092 teipsunt,
397 2040 568 2094 opere
595 2027 946 2096 complesset,
972 2030 1245 2097 quomodo
1261 2039 1445 2097 postea
1464 2030 1718 2084 audiens:

143 2115 294 2182 Vade,
336 2128 385 2172 et
416 2122 578 2173 vende
621 2135 732 2184 qua
763 2120 938 2183 habes,
969 2131 1016 2175 et
1058 2123 1125 2174 da
1173 2123 1507 2194 pauperibus,
1556 2121 1724 2176 tri5tis

131 2211 367 2276 recessit,
392 2211 521 2282 quia
562 2211 797 2267 habebat
829 2213 1205 2282 possessiones
1238 2215 1472 2270 multas?

193 2301 373 2372 (νει-ε.
398 2303 516 2372 il.)
564 2304 624 2358 Si
649 2304 721 2357 vis
751 2306 1010 2375 perfectus
1047 2321 1181 2369 esse,
1213 2305 1362 2370 vade,
1391 2306 1553 2359 vende
1595 2323 1711 2374 qua:

133 2395 296 2462 habes,
330 2409 378 2449 et
406 2397 476 2450 da
498 2397 838 2469 pauperibus,
865 2409 913 2452 et
937 2398 1148 2454 habebis
1172 2398 1472 2454 thesaurum
1494 2401 1547 2455 in
1570 2400 1719 2469 caelo,

132 2499 172 2542 et
191 2492 327 2555 teni,
353 2507 680 2559 sequereme.
709 2491 764 2545 In
790 2501 1064 2562 potestate
1087 2504 1271 2549 nostra
1287 2505 1392 2556 est,
1423 2505 1599 2550 utrum
1629 2510 1723 2550 ve-

131 2580 276 2635 limus
299 2598 424 2639 esse
455 2584 703 2654 perfecti.
727 2585 936 2640 Tamen
959 2587 1287 2658 quicumque
1310 2588 1582 2658 perfectus
1601 2606 1723 2646 esse

132 2675 369 2737 voluerit,
393 2675 564 2729 debet
591 2676 827 2732 vendere
858 2693 978 2748 qua:
1009 2678 1168 2734 liabet
1202 2697 1216 2731 :
1249 2691 1303 2734 et
1336 2697 1442 2734 non
1473 2696 1538 2736 ex
1569 2691 1723 2751 parte

134 2768 383 2830 vendere.
415 2769 558 2822 sicut
587 2769 832 2824 Anauias
879 2770 1002 2824 fecit
1031 2781 1085 2825 et
1131 2771 1416 2842 Sappliyra
1461 2773 1599 2844 (Act.
1634 2773 1718 2842 v);

133 2858 220 2912 sed
255 2871 425 2913 totum
461 2861 702 2915 vendere
740 2878 753 2914 :
787 2870 839 2916 et
869 2877 989 2916 cum
1020 2863 1353 2930 vendiderit,
1401 2880 1564 2920 omne
1593 2865 1725 2921 dare

133 2950 473 3018 pauperibus,
501 2961 555 3006 et
580 2951 660 3006 sic
682 2951 786 3007 sibi
810 2969 1118 3024 pmparare
1141 2955 1455 3012 thesaurum
1482 2958 1534 3012 in
1557 2973 1722 3027 regno

135 3043 406 3098 caelorum.
444 3043 603 3116 149
631 3044 659 3082 δ
705 3045 768 3098 Et
794 3045 897 3101 hoc
927 3047 992 3102 ad
1019 3049 1408 3116 perfectionem
1441 3066 1546 3104 non
1571 3050 1723 3105 suffi-

1826 1838 2004 1890 omnia
2053 1838 2322 1909 possibilia
2382 1848 2521 1892 sunt.
2584 1838 2697 1892 Hoc
2747 1842 2893 1893 dicto
2951 1845 3263 1898 ostenditur
3318 1861 3427 1901 non

1831 1940 1850 1966 ο
1871 1929 2091 1984 difﬁcile
2109 1945 2254 1994 esse,
2287 1931 2759 2000 sedimpossibile.
2796 1933 2850 1988 Si
2867 1935 3009 1987 enim
3035 1939 3309 2005 quomodo
3340 1955 3430 1992 ca-

1826 2022 2000 2077 melus
2029 2038 2135 2077 non
2173 2034 2346 2092 potest
2381 2025 2587 2079 intrare
2619 2041 2715 2093 per
2748 2025 2993 2081 foramen
3035 2043 3185 2094 acus,
3220 2033 3299 2084 sic
3351 2033 3433 2085 di-

1824 2130 1918 2169 ves
1947 2117 2150 2170 intrare
2183 2131 2288 2170 non
2319 2125 2498 2186 potest
2529 2119 2580 2170 in
2614 2134 2780 2187 regna
2806 2121 3101 2187 caelorum,
3133 2123 3316 2177 nullus
3347 2125 3431 2179 di—

1824 2209 1995 2261 vitum
2027 2209 2220 2261 salvus
2247 2209 2370 2262 erit.
2405 2209 2516 2264 Sed
2542 2210 2586 2262 si
2621 2211 2862 2277 legamus
2895 2211 3114 2274 Isaiam,
3145 2216 3422 2280 quomodo

1825 2300 2018 2354 cameli
2070 2299 2284 2354 Madiun
2334 2309 2388 2354 et
2420 2300 2572 2371 Epha
2603 2303 2820 2357 veniant
2851 2303 3159 2360 Jerusalem
3187 2324 3306 2360 cum
3331 2309 3430 2362 do-

1826 2391 1913 2444 nis
1944 2401 2108 2460 atque
2142 2393 2462 2447 muneribus
2512 2393 2648 2461 (lsa.
2703 2395 2792 2466 ιι)
2828 2414 2839 2447 :
2873 2406 2927 2449 et
2971 2399 3062 2466 qui
3097 2401 3246 2467 prius
3274 2403 3430 2456 curvi

1825 2495 2009 2550 erant,
2058 2495 2114 2540 et
2149 2488 2410 2541 vitiorum
2459 2491 2725 2557 pravitite
2775 2491 3019 2555 distorti,
3057 2494 3434 2560 ingrediantur

1826 2589 2011 2649 portus
2036 2579 2365 2643 Jerusalem,
2395 2581 2700 2636 videbimus
2717 2584 2992 2651 quomodo
3023 2595 3078 2638 et
3101 2587 3184 2640 isti
3209 2589 3428 2655 cameli,

1824 2672 2021 2742 quibus
2053 2672 2254 2726 divites
2295 2685 2702 2742 comparantur,
2747 2693 2867 2728 cum
2919 2677 3272 2744 deposuerint
3303 2696 3428 2750 gra-

1826 2780 1943 2819 vem
1975 2766 2244 2820 sarcinam
2280 2780 2654 2835 peccatorum,
2687 2779 2741 2823 et
2776 2771 2938 2824 totius
2969 2775 3216 2840 corporis
3244 2779 3426 2843 pravi-

1827 2865 2017 2925 tatem,
2051 2857 2258 2912 iutrare
2302 2860 2512 2926 possint
2538 2876 2631 2928 per
2666 2872 2950 2930 angustam
2985 2875 3221 2930 portam,
3256 2877 3309 2920 et
3339 2885 3428 2923 ar-

1825 2960 1966 3003 ctam
2003 2949 2169 3014 viam,
2196 2966 2315 3019 quae
2337 2949 2485 3003 ducit
2515 2951 2584 3003 ad
2613 2953 2778 3005 vitam
2811 2953 3012 3024 (Supra
3045 2959 3161 3009 vni.
3197 2957 3222 2993 ά
3253 2959 3425 3015 Inter—

1825 3042 2146 3112 rogantibus
2168 3051 2348 3096 autem
2381 3043 2687 3112 discipulis,
2718 3054 2770 3096 et
2816 3047 3214 3102 admirantibus
3246 3063 3423 3108 au~te-

136 3135 219 3200 cit,
271 3136 372 3190 nisi
427 3147 551 3205 post
598 3145 940 3208 contemptus
983 3140 1200 3195 divitias
1243 3141 1586 3199 Salvatorem
1635 3158 1722 3198 se-
1751 3135 1798 3198 C
1828 3137 2042 3192 rilatem
2073 3138 2228 3201 dicti,
2254 3138 2382 3205 Quis
2403 3154 2522 3207 ergo
2551 3139 2726 3191 salvus
2749 3139 3184 3201 ﬁet?clomentia
3217 3161 3313 3198 διιει
3338 3162 3422 3202 se.

137 3236 348 3294 quatur,
393 3227 443 3281 id
483 3236 589 3292 est,
623 3229 838 3284 relictis
880 3231 1056 3299 malis,
1093 3233 1252 3288 faciat
1280 3234 1446 3290 booa.
1483 3235 1714 3290 Facilius

138 3322 268 3373 enim
317 3321 564 3376 sacculus
615 3322 1007 3387 contemnitur,
1041 3340 1203 3395 quam
1247 3328 1515 3397 voluptas.
1566 3327 1715 3382 Multi

138 3411 339 3467 divitias
381 3415 779 3486 relinquentes,
798 3415 1082 3471 Dominum
1114 3434 1219 3474 non
1252 3431 1573 3490 sequuntur.
1614 3423 1713 3476 Se-

138 3506 303 3572 quitur
346 3515 528 3562 autem
583 3507 898 3570 Dominum,
929 3510 1016 3577 qui
1066 3509 1310 3566 imitator
1364 3512 1482 3581 ejus
1529 3523 1629 3579 est,
1664 3522 1718 3567 et

140 3611 225 3663 per
275 3599 495 3668 vestigia
548 3599 695 3654 illius
745 3599 1012 3670 graditur.
1066 3603 1168 3669 Qui
1209 3604 1349 3656 euint
1396 3605 1523 3657 dicit
1571 3622 1624 3658 se
1664 3606 1716 3658 in

141 3685 326 3742 Christo
341 3691 567 3756 credere,
598 3689 744 3745 debet
773 3694 1028 3762 quomodo
1057 3692 1146 3748 ille
1189 3694 1491 3763 ambulavit,
1523 3707 1571 3750 et
1611 3697 1718 3766 ipse

143 3781 387 3836 mbulare
415 3781 633 3854 (lloan.
665 3799 725 3845 ιι,
754 3783 828 3854 6).

200 3873 370 3939 (Vers.
406 3874 526 3942 2‘2.)
554 3874 694 3929 Abiit
721 3877 906 3944 tristis,
952 3889 1064 3932 erat
1115 3880 1250 3932 enim
1299 3881 1491 3934 habens
1522 3883 1714 3940 multas

143 3969 482 4030 possessiones.
503 3966 632 4022 Haec
659 3978 743 4024 est
777 3969 1006 4024 tristitia
1045 3987 1166 4041 qua:
1193 3972 1342 4028 ducit
1364 3974 1430 4028 ad
1458 3985 1714 4032 mortem.

145 4053 404 4130 Causaque
437 4060 683 4116 tristitia:
730 4061 997 4127 redditur,
1030 4064 1178 4133 quod
1221 4067 1479 4120 habuerit
1517 4070 1717 4126 multas

148 4153 513 4220 possessiones,
542 4152 597 4207 id
627 4162 743 4217 est,
772 4154 960 4224 spinas
986 4165 1040 4211 et
1065 4155 1319 4224 tribulos,
1351 4174 1470 4228 quae
1500 4174 1718 4216 semen-

147 4247 238 4295 tem
265 4242 596 4300 Dominicam
629 4245 1039 4300 suffocavcrint.

205 4335 376 4402 (Vers.
394 4335 516 4408 25.)
543 4335 698 4392 Iesus
715 4347 891 4392 autem
912 4339 1048 4393 dixit
1069 4341 1345 4406 discipulis
1370 4344 1480 4397 suis
1506 4359 1523 4396 ,ο
1554 4345 1716 4398 Amen

145 4428 242 4478 dico
277 4429 433 4493 vobis,
479 4430 606 4500 quia
632 4429 776 4484 dives
802 4430 1020 4502 difﬁcile
1049 4433 1260 4487 intrabit
1285 4438 1336 4488 in
1377 4452 1534 4509 regno
1563 4438 1717 4492 caelo-

1825 3232 2107 3287 veritatem
2149 3231 2433 3285 sententim
2486 3230 2841 3294 teiiipi-ravit,
2867 3231 3056 3285 dicens
3083 3251 3093 3285 :
3130 3235 3258 3299 Qtla’
3283 3241 3426 3306 apud

1825 3323 2056 3377 homines
2083 3322 2448 3383 impossibilia,
2481 3322 2622 3392 apud
2652 3318 2817 3374 Deum
2846 3322 3116 3391 possibilia
3147 3336 3288 3379 sunt.

1894 3415 2076 3485 (Vers.
2105 3414 2226 3483 ‘27.)
2256 3411 2404 3467 Tunc
2431 3415 2753 3481 respondens
2775 3411 2981 3476 Petrus,
3010 3415 3141 3469 dixit
3175 3418 3220 3468 ei
3245 3433 3263 3470 :
3292 3418 3424 3472 Ecce

1823 3526 1914 3564 nos
1938 3509 2237 3575 reliquimus
2266 3509 2463 3571 omnia,
2509 3515 2555 3558 et
2578 3506 2741 3558 secuti
2772 3524 2948 3560 sumus
2989 3520 3037 3560 te
3060 3525 3077 3560 :
3126 3508 3266 3575 Quid
3301 3527 3423 3579 ergo

1823 3601 1918 3655 erit
1949 3600 2138 3654 nobis?
2164 3599 2402 3655 Grandis
2456 3598 2654 3652 fiducia
2692 3617 2703 3650 :
2749 3599 2945 3652 Petrus
2988 3601 3226 3668 piscator
3277 3616 3422 3669 erat,

1821 3694 1980 3749 dives
2013 3710 2118 3748 non
2143 3694 2341 3758 fuerat,
2375 3693 2527 3747 cibos
2563 3707 2722 3745 manu
2773 3702 2825 3745 et
2849 3703 2968 3745 arte
3009 3695 3288 3761 qumrcbat
3325 3715 3335 3748 :
3369 3711 3423 3752 et

1825 3799 2005 3843 tamen
2057 3787 2302 3856 loquitur
2353 3785 2715 3849 confidenter,
2766 3783 3090 3856 Reliquimus
3123 3789 3314 3841 omnia.
3352 3789 3420 3842 Et

1821 3882 1950 3952 quia
1995 3897 2103 3936 non
2162 3883 2361 3936 sufficit
2411 3890 2625 3934 tantum
2679 3879 3008 3948 relinquere,
3052 3880 3230 3952 jungit
3275 3886 3417 3954 quod

1822 3975 2119 4044 perfectum
2145 3983 2227 4029 est
2253 3992 2265 4028 :
2301 3983 2347 4028 et
2377 3974 2535 4028 secuti
2561 3989 2740 4027 sumus
2761 3985 2827 4026 te.
2856 3972 3108 4029 Fecimus
3133 3977 3276 4046 quod
3309 3980 3421 4044 jus-

1821 4067 1966 4128 sisti.
1995 4066 2126 4136 quid
2160 4067 2324 4134 igitur
2351 4065 2512 4119 nobis
2541 4065 2698 4118 dabis
2724 4064 2970 4132 pra'mii?

1902 4159 2080 4232 (Vers.
2112 4160 2228 4228 28.)
2259 4156 2411 4211 Iesus
2434 4167 2608 4210 autem
2631 4157 2762 4210 dixit
2794 4156 2899 4210 illis
2933 4172 2950 4210 :
2984 4158 3142 4211 Amen
3179 4161 3296 4213 dico
3327 4180 3414 4216 vo-

1821 4254 1919 4316 bis,
1951 4254 2088 4324 quod
2113 4269 2199 4306 vos
2220 4251 2309 4321 qui
2338 4251 2499 4304 secuti
2529 4250 2652 4303 estis
2680 4265 2759 4302 me
2788 4249 2838 4300 in
2867 4253 3271 4319 regeneratione,
3299 4273 3418 4310 cum.

1821 4343 2016 4398 sederit
2040 4341 2210 4396 Filius
2236 4341 2462 4394 hominis
2486 4342 2538 4393 in
2561 4340 2679 4393 sede
2702 4341 2988 4410 majestatis
3016 4358 3149 4406 sum,
3178 4345 3417 4400 sedebitis

1820 4447 1868 4491 et
1897 4453 1981 4491 vos
2009 4452 2166 4502 super
2187 4436 2332 4488 sedes
2355 4433 2664 4497 duodecim,
2685 4432 2982 4500 judicantes
3019 4435 3289 4489 duodecim
3323 4441 3415 4492 tri-

143 4532 255 4572 rum.
290 4519 352 4574 Et
377 4519 652 4591 quomodo
678 4519 957 4576 Abraham
978 4565 993 4588 ,
1022 4523 1198 4593 Isaac,
1227 4536 1283 4582 et
1310 4526 1482 4582 lacob
1513 4529 1714 4586 divites
1744 4521 1794 4581 D
1821 4529 1910 4583 bus
1941 4525 2131 4582 Israel.
2174 4525 2293 4580 Non
2342 4525 2518 4580 dixit:
2551 4522 2644 4592 qui
2696 4523 2994 4591 reliquistis
3051 4528 3251 4588 omnia,
3306 4527 3407 4584 hoc

204 4684 225 4710 ³
257 4674 423 4731 Verba
455 4694 488 4729 a
527 4680 805 4750 juventute
835 4693 968 4745 mea,
1017 4679 1069 4733 in
1104 4678 1335 4734 l’alalin.
1375 4681 1537 4736 codd.
1568 4683 1714 4738 desi-

144 4743 404 4800 derantur.

200 4815 224 4895 ξ
261 4817 373 4872 Duo
397 4819 628 4873 Palatini
659 4835 820 4884 mss.,
853 4818 965 4895 Nec
986 4821 1083 4874 hoc
1113 4820 1184 4873 ad
1207 4823 1573 4891 perfectionem
1604 4829 1713 4895 suf-

137 4884 521 4960 ﬁcii;_moxi|ue
552 4905 768 4958 omnes,
798 4891 1058 4958 voluntas,
1085 4907 1180 4960 pro
1204 4884 1466 4960 uoluptas.

204 4968 222 4993 ε
260 4957 453 5014 Parum
493 4960 666 5016 obfuit
690 5003 705 5025 ,
738 4957 870 5031 quin
895 4957 1143 5017 Codicum
1178 4957 1490 5019 nostrorum
1521 4966 1712 5022 lectio-

135 5041 266 5092 nem,
296 5047 455 5099 qmm
484 5043 539 5087 et
573 5032 803 5087 inferior
832 5041 1122 5088 contextus
1161 5049 1412 5091 asserere
1454 5035 1603 5091 visus
1631 5049 1713 5092 ut-

134 5111 348 5168 cuioque
370 5112 473 5175 est,
501 5104 913 5175 praaferremus.
942 5106 1234 5159 ostenditur
1263 5124 1364 5160 non
1391 5109 1710 5175 impossibile

132 5185 246 5234 esse,
271 5172 629 5246 seddifﬁcile.
666 5173 863 5229 Notum
909 5191 1044 5230 vero
1081 5176 1211 5231 illud
1237 5187 1352 5240 est,
1397 5172 1664 5234 Cninelum
1688 5223 1702 5246 ,

127 5255 278 5310 quem
321 5243 408 5299 hic
447 5243 840 5317 Hieronymus,
875 5248 1208 5301 vetustiores
1233 5265 1292 5302 se
1323 5249 1512 5304 Patres
1551 5243 1706 5305 seru-

133 5321 240 5386 lus,
269 5316 531 5384 pecudem
565 5316 821 5383 intelligit
847 5360 860 5378 ,
898 5317 1186 5386 plemsque
1208 5360 1223 5382 ,
1263 5319 1497 5375 maxime
1521 5335 1710 5376 recen-

133 5379 311 5459 tiores,
369 5387 548 5442 funem
619 5379 908 5441 nauticum
950 5379 1280 5457 grossiorem
1332 5391 1704 5459 interpretari.

132 5453 468 5529 Observatum
521 5460 573 5512 id
625 5453 1043 5529 Theopliyizicto
1089 5463 1139 5514 in
1187 5460 1328 5515 hunc
1359 5453 1592 5515 Matt—luci
1623 5467 1705 5516 lo-

133 5537 246 5578 cum
279 5545 293 5581 :
318 5528 539 5596 Quidam
570 5529 829 5583 cautelam
857 5528 960 5583 non
989 5531 1182 5584 animal
1210 5532 1412 5600 dicunt,
1446 5534 1536 5586 sed
1563 5549 1708 5588 cras-

133 5611 240 5675 sum
267 5601 462 5675 ferient,
496 5619 599 5671 quo
628 5611 868 5675 utuntur_
890 5611 1064 5675 nautae
1100 5605 1168 5655 ad
1213 5603 1568 5675 projiciendas
1594 5621 1675 5675 ⁹(ιιι
1695 5635 1707 5645 ο

135 5659 527 5744 ιὴοτιξεηᾼιιιιιέ
559 5687 754 5744 ιρειιη]
779 5673 1000 5738 quidem
1030 5659 1322 5744 Syriacum,
1366 5691 1566 5729 nomen
1594 5659 1710 5738 Βω

136 5749 236 5807 quo
259 5739 405 5798 facile
431 5739 560 5797 usus
581 5739 671 5797 est
695 5741 971 5820 Christus,
1007 5739 1295 5816 utrumque
1325 5745 1596 5818 significat
1622 5764 1712 5804 ca-

431 5836 714 5898 Ρηιιοι..
775 5835 1002 5899 XXVI.

1823 4681 2046 4745 melum,
2072 4687 2130 4733 et
2176 4677 2380 4747 grande
2403 4676 2685 4747 gibberum
2729 4675 2948 4739 animal,
2999 4688 3052 4732 et
3079 4683 3409 4740 crassiorem

1823 4694 2046 4745 metum,
2072 4694 2130 4733 et
2176 4694 2380 4747 grande
2443 4694 2685 4730 umerum
2729 4694 2948 4739 animat,
2999 4694 3052 4732 et
3079 4695 3406 4740 crasstorem

1820 4753 2000 4808 funem
2037 4773 2047 4805 :
2082 4750 2349 4814 docetque
2396 4694 2779 4812 grismplianis
2825 4747 3179 4814 sclioliastes,
3216 4753 3406 4813 Grazce

1817 4821 2078 4894 appellari
2114 4819 2323 4890 κὰμιλον
2352 4820 2412 4894 τί)
2439 4821 2593 4888 παχὺ
2640 4822 2907 4886 σχοινίον;
2947 4819 3182 4894 denique
3210 4840 3272 4877 ex
3308 4842 3402 4879 ea-

1819 4889 1966 4954 dein.
2000 4907 2057 4947 ιιι
2091 4889 2326 4947 Videtur.
2378 4889 2600 4959 Syriaca
2641 4903 2884 4959 orgine,
2937 4898 2991 4941 et
3040 4891 3224 4946 Italice
3272 4896 3406 4951 dici-

1819 4977 1906 5020 tur
1938 4963 2193 5020 Centena.
2224 4958 2478 5022 Accedit,
2513 4958 2655 5027 quod
2691 4961 2803 5026 ipSa
2839 4960 3086 5011 videatur
3121 4978 3404 5032 compara-

1820 5039 1894 5092 tio
1927 5036 2168 5089 instituta
2211 5047 2331 5086 cum
2378 5033 2463 5093 iis,
2511 5045 2631 5093 utne
2661 5044 2760 5084 acu
2807 5032 3114 5096 insunntur,
3161 5046 3286 5102 pltlu
3321 5040 3402 5092 fu-

1816 5110 2011 5163 niculis
2055 5104 2392 5159 tenuioribus
2437 5111 2490 5155 et
2530 5102 2654 5165 filis,
2707 5116 2812 5153 non
2854 5115 2977 5154 cum
3025 5102 3271 5159 abnormi
3306 5107 3398 5162 lie-

1812 5181 1938 5239 stia.
1967 5193 2088 5247 quae
2117 5177 2323 5247 nulloin
2355 5173 2523 5247 ferme
2553 5179 2620 5226 ad
2673 5183 3190 5247 acunrrespectum
3213 5176 3396 5236 liabet.

1884 5249 1910 5286 ά
1957 5242 2234 5302 venustior
2265 5245 2542 5299 Palatinus
2573 5259 2699 5304 ms.,
2736 5242 2942 5296 Audtis
2972 5259 3140 5298 autem
3171 5246 3281 5310 his,
3314 5251 3395 5303 di-

1811 5321 2000 5393 scipuli
2022 5317 2346 5393 mirabantur
2371 5316 2537 5393 valde,
2568 5315 2792 5393 dicentes
2835 5331 2852 5366 :
2887 5315 3017 5380 Quis
3051 5333 3170 5393 ergo
3201 5323 3392 5380 poteril

1810 5386 1986 5446 sul-vus
2009 5390 2160 5443 esse?
2186 5388 2470 5441 Clementia
2497 5386 2819 5459 severitatem
2845 5388 3112 5459 sententiis
3142 5403 3395 5459 tempera-

1813 5465 1902 5524 iit,
1935 5475 2040 5516 etc.
2070 5459 2189 5513 Duo
2229 5459 2321 5510 alii
2355 5469 2473 5527 post
2523 5456 2710 5518 verba,
2742 5457 2915 5508 salvus
2945 5456 3086 5524 ﬁet?
3119 5459 3190 5511 ita
3222 5456 3394 5514 couti—

1817 5545 1986 5588 nuant
2018 5550 2031 5584 :
2067 5531 2334 5602 Aspiciens
2381 5539 2552 5602 autem
2581 5527 3151 5602 _.Iesus__cogitationes_
3189 5546 3389 5602 eorum,

1819 5605 1949 5658 dixit
1978 5620 1993 5656 :
2018 5594 2170 5674 Apud
2195 5601 2422 5674 homines
2451 5599 2544 5650 hoc
2575 5594 2885 5674 ἱιιιροεδὲὺὶζε
2902 5613 2920 5660 ;
2943 5599 3082 5664 apud
3111 5596 3277 5674 Deum
3301 5594 3381 5656 aui

1819 5686 1919 5729 tem
1942 5669 2115 5728 omnia
2147 5670 2411 5743 possibilia
2438 5679 2577 5743 sunt.
2610 5669 2889 5743 Clementia
2937 5685 3032 5720 sua
3058 5672 3397 5743 severitatem,

1818 5755 1922 5802 etc.
1957 5739 2282 5816 Utrumque,
2317 5752 2375 5798 ut
2419 5740 2654 5808 videtur,
2699 5755 2768 5794 ex
2815 5739 3132 5809 glossatoris
3164 5739 3400 5814 ingenio.

2925 5851 2962 5888 ί)
