3962 6344
517 287 622 352 159

1765 287 1824 346 S.
1869 287 2138 347 EUSEBII
2178 277 2562 346 HIERONYMI

3717 287 3818 350 ibi)

517 414 666 471 enim
688 419 746 470 et
773 420 801 451 ιι
825 411 1012 469 Crates
1042 407 1174 466 fecit
1197 403 1579 478 philoscphu,
1609 413 1668 460 et
1718 404 1878 460 multi
1908 403 2002 459 alii
2031 405 2114 460 di-
2138 409 2196 472 Α
2217 403 2500 462 dimiserat
2532 419 2546 457 :
2579 401 2742 471 Quasi
2774 397 2909 456 nihil
2943 399 3190 456 habentes
3209 433 3227 470 ,
3268 407 3314 455 et
3340 397 3514 456 omnia
3541 401 3818 476 possiden-

517 506 682 561 vitias
704 507 1178 572 contempserunt;
1205 495 1303 554 sed
1331 496 1422 568 qui
1439 496 1611 552 secuti
1637 495 1770 551 estis
1797 509 1885 551 me
1910 511 1924 549 :
1953 496 2110 568 151

519 597 667 669 quod
715 595 936 666 proprie
961 591 1331 664 apostolorum
1358 597 1449 646 est
1479 595 1638 660 atque
1669 586 2027 644 credentium.
2051 587 2110 642 ln

520 691 959 764 regeneratione,
997 703 1120 745 cum
1173 684 1382 744 sederit
1419 683 1590 742 Filius
1624 682 1866 742 hominis
1891 685 1948 741 in
1981 683 2114 740 sede

516 780 819 854 majestatis
843 795 980 849 suae,
1011 777 1228 851 quando
1247 777 1277 817 ι’
1306 791 1374 834 ex
1407 777 1642 834 mortuis
1663 776 1731 834 de
1759 776 2114 848 corruptione

515 879 806 945 resurgant
835 871 1166 942 incorrupti,
1196 867 1466 927 sedebitis
1491 877 1548 926 et
1572 878 1672 925 vos
1700 865 1756 925 in
1782 867 1937 924 soliis
1962 865 2111 938 judi-

514 965 786 1034 cantium,
839 965 1272 1022 condemnautes
1326 962 1619 1021 duodecim
1669 962 1843 1020 tribus
1893 961 2108 1019 lsrael:

515 1060 643 1132 quia
669 1059 826 1115 vobis
851 1057 1225 1125 credentibus,
1254 1056 1332 1112 illi
1360 1055 1588 1113 credere
1613 1054 1932 1112 noluerunt.

591 1150 904 1223 (Vers._29,
933 1149 1050 1221 50.)
1080 1147 1150 1204 Et
1175 1149 1346 1205 omnis
1373 1150 1464 1221 qui
1493 1149 1758 1219 reliquerit
1777 1148 2008 1216 domum,
2034 1145 2114 1203 vel

517 1248 730 1318 fratres,
755 1255 846 1300 aut
867 1260 1091 1312 sorores,
1117 1251 1207 1298 aut
1233 1253 1453 1314 patrem,
1481 1251 1570 1298 aut
1597 1254 1834 1309 matrem,
1863 1251 1952 1298 aut
1984 1257 2112 1298 uxo-

510 1353 646 1404 rem,
685 1347 774 1392 aut
816 1336 976 1406 ﬁlios,
1005 1342 1096 1390 aut
1117 1349 1269 1407 agros
1297 1344 1509 1406 propter
1555 1347 1743 1390 nomen
1762 1349 1956 1400 meum,
1991 1348 2111 1389 cen-

509 1432 716 1500 tuplum
747 1429 992 1498 accipiet,
1038 1435 1084 1481 et
1128 1429 1286 1482 vitam
1331 1437 1577 1484 cateruam
1611 1427 1910 1501 possidebit.
1949 1427 2112 1484 Multi

514 1533 691 1580 autem
712 1533 866 1578 erunt
896 1521 1054 1592 primi
1074 1521 1360 1589 novissimi,
1387 1530 1431 1577 et
1453 1519 1720 1578 novissimi
1737 1521 1911 1594 primi.
1936 1520 2110 1578 Locus

513 1617 623 1677 iste
649 1633 774 1674 cum
803 1613 898 1673 illa
927 1615 1200 1674 sententia
1225 1617 1496 1687 congruit,
1527 1613 1584 1672 in
1613 1628 1720 1687 qua
1751 1616 1999 1673 Salvator
2028 1613 2112 1670 10-

516 1711 701 1784 quitur
733 1722 748 1766 :
781 1705 904 1765 Non
935 1709 1053 1764 veni
1081 1721 1261 1779 pacem
1285 1709 1485 1764 mittere
1505 1749 1519 1775 ,
1549 1707 1640 1763 sed
1677 1709 1932 1782 gladium.
1979 1705 2112 1764 Veni

2215 508 2290 556 tes
2322 494 2394 570 (ll
2417 497 2541 552 Cor.
2567 511 2643 562 vt,
2690 495 2803 566 10).

2285 587 2442 665 (Cap.
2473 588 2592 646 XX.
2625 615 2696 633 ο·-
2741 587 2900 646 Vera.
2937 589 2964 644 t
3019 587 3204 660 seqq.)
3246 587 3434 645 Simile
3473 597 3551 645 est
3591 602 3814 662 regnum

2213 689 2466 744 caelorum
2507 685 2707 740 homini
2752 683 3149 756 patrifamilias,
3179 684 3267 755 qui
3309 684 3435 738 exiit
3460 686 3628 757 primo
3661 699 3814 739 mane

2214 781 2498 839 conducere
2527 780 2794 854 operarios
2822 779 2878 834 in
2900 779 3104 835 vineam
3127 791 3299 834 suam.
3331 769 3694 834 Conventione
3719 793 3812 833 au-

2215 885 2320 932 tent
2348 877 2489 949 facta
2517 888 2634 931 cum
2675 873 2930 944 operariis
2959 887 3024 927 ea:
3045 871 3262 928 denario
3309 871 3522 940 diurno,
3554 870 3700 926 misit
3727 883 3811 926 eos

2212 969 2268 1024 in
2301 969 2502 1024 vineam
2527 979 2699 1024 suam.
2729 967 2799 1021 Et
2827 981 3065 1040 egressus
3087 967 3227 1020 circa
3257 964 3442 1020 horam
3469 963 3705 1033 tertiam,
3733 964 3812 1018 vi-

2215 1059 2292 1115 dit
2330 1059 2468 1116 alios
2509 1067 2705 1116 stantes
2731 1059 2786 1114 in
2807 1057 2925 1130 foro
2965 1059 3195 1127 otiosos,
3231 1065 3278 1112 et
3307 1057 3443 1112 dixit
3466 1055 3622 1112 illis:
3652 1053 3740 1110 Ite
3765 1063 3814 1110 et

2212 1169 2302 1210 vos
2327 1150 2383 1210 in
2415 1155 2619 1210 vineam
2667 1167 2857 1221 meam,
2903 1152 3116 1223 etquod
3143 1151 3349 1224 justum
3378 1150 3534 1222 fuerit
3565 1149 3702 1204 dabo
3728 1163 3816 1204 vo-

2214 1247 2310 1303 bis.
2334 1244 2427 1301 llli
2449 1253 2623 1301 autem
2643 1245 2904 1300 abierunt.
2933 1243 3092 1318 152
3112 1240 3313 1298 Iterum
3333 1250 3507 1296 autem
3526 1241 3654 1297 exiit
3677 1243 3815 1297 circa

2211 1347 2414 1395 sextam
2439 1345 2484 1392 et
2517 1351 2707 1392 nonam
2737 1335 2944 1404 horam,
2980 1344 3030 1391 et
3077 1335 3197 1406 fecit
3235 1333 3494 1390 similiter.
3523 1331 3680 1388 Circa
3711 1349 3814 1388 una

2213 1429 2475 1486 decimam
2494 1445 2611 1484 vero
2635 1431 2761 1485 exiit
2777 1471 2792 1496 ,
2811 1437 2858 1483 et
2883 1428 3074 1483 invenit
3102 1427 3241 1483 alios
3266 1437 3481 1493 stantes,
3505 1436 3555 1481 et
3585 1426 3717 1481 dicit
3747 1426 3816 1480 ii-

2213 1521 2278 1578 lis
2308 1538 2330 1579 :
2361 1522 2500 1590 Quid
2531 1521 2616 1575 hic
2656 1521 2804 1576 statis
2837 1529 2943 1575 tota
2989 1520 3074 1574 die
3115 1518 3310 1575 otiosi?
3338 1517 3532 1574 Dicunt
3558 1519 3607 1574 ei
3627 1531 3649 1575 τ
3675 1519 3816 1586 Quia

2212 1627 2363 1670 nemo
2391 1631 2485 1671 nos
2514 1613 2788 1670 conduxit.
2819 1613 2956 1667 Dicit
2997 1611 3107 1668 illis
3144 1623 3164 1669 ε
3194 1611 3279 1670 Ite
3305 1619 3354 1667 et
3401 1628 3490 1668 vos
3519 1612 3575 1666 in
3611 1612 3816 1666 vineam

2211 1719 2400 1764 meam.
2441 1707 2575 1764 Cum
2610 1719 2728 1761 sero
2774 1714 2946 1762 autem
2985 1709 3183 1776 factum
3210 1713 3383 1772 esset,
3414 1703 3543 1760 dicit
3565 1704 3814 1758 dominus

518 1806 656 1862 enim
679 1817 920 1877 separare
948 1804 1206 1859 hominem
1235 1817 1266 1857 a
1294 1812 1443 1876 patre
1458 1817 1573 1867 suo.
1597 1811 1644 1857 et
1664 1811 1883 1859 matrem
1911 1813 1944 1856 a
1971 1799 2104 1873 ﬁlia,
2137 1809 2186 1878 Β
2213 1802 2376 1856 vineae
2404 1800 2731 1872 procuratori
2763 1815 2858 1856 suo
2887 1809 2906 1854 :
2941 1798 3085 1854 Voca
3113 1799 3407 1870 operarios,
3437 1807 3484 1852 et
3511 1799 3674 1854 redde
3701 1798 3814 1854 illis

520 1912 572 1956 et
602 1915 797 1955 nurum
823 1915 856 1953 a
883 1913 1039 1954 socru
1072 1913 1090 1950 :
1139 1907 1186 1952 et
1215 1895 1411 1952 inimici
1437 1895 1661 1954 hominis
1702 1895 1970 1952 domestici
2000 1899 2112 1971 ejus

509 1991 714 2064 (Supra
742 2007 796 2060 κ,
829 1987 942 2062 δι).
972 1989 1074 2059 Qui
1105 2000 1239 2062 ergo
1283 1998 1513 2062 propter
1564 1991 1730 2047 ﬁdem
1775 1986 2005 2058 Clu-isti,
2055 1999 2111 2048 et

502 2085 951 2157 praedicationem
995 2081 1304 2154 Evangelii,
1357 2095 1552 2139 omnes
1588 2081 1816 2140 aii'ectus
1852 2091 2107 2139 contem-

503 2175 738 2246 pserint,
759 2183 924 2246 atque
949 2171 1170 2230 divitias
1197 2174 1454 2230 etsatculi
1483 2171 1828 2245 voluptates:
1863 2172 1954 2230 isti
1980 2189 2110 2231 cen-

507 2267 722 2338 tuplum
751 2267 1050 2336 recipient,
1095 2276 1152 2321 et
1201 2267 1370 2322 vitam
1419 2275 1683 2323 aeternam
1736 2265 2109 2338 possidebunt.

507 2357 592 2414 Ex
631 2359 921 2415 occasione
965 2357 1128 2428 hujus
1168 2358 1478 2428 sententia,
1511 2358 1729 2430 quidam
1761 2357 2114 2417 introducunt

512 2454 667 2510 mille
696 2469 872 2510 annos
902 2463 1023 2524 post
1051 2454 1536 2523 resurrectionem,
1572 2451 1820 2512 dicentes
1848 2461 1978 2512 tunc
2014 2471 2112 2513 no-

509 2545 597 2604 bis
625 2548 942 2618 centuplum
979 2548 1224 2603 omnium
1271 2561 1455 2604 rerutn
1502 2561 1636 2619 quas
1679 2547 2009 2617 dimisimus,
2057 2560 2110 2607 et

508 2641 682 2698 vitam
711 2651 969 2698 arternam
1007 2657 1135 2698 esse
1161 2639 1496 2698 reddendam
1538 2659 1552 2696 :
1599 2653 1706 2697 non
1737 2641 2110 2714 intelligentes

509 2736 655 2808 quod
685 2737 730 2791 si
762 2736 815 2790 in
847 2736 1064 2792 caeteris
1106 2735 1269 2806 digna
1314 2737 1385 2790 sit
1414 2733 1765 2806 repromissio
1792 2777 1807 2802 ,
1839 2735 1894 2792 in
1927 2735 2111 2792 usuri-

510 2831 614 2886 bus
642 2838 907 2903 appareat
927 2830 1236 2902 turpitudo;
1267 2841 1325 2886 ut
1351 2831 1443 2902 qui
1465 2845 1624 2886 unam
1655 2845 1754 2904 pro
1771 2831 2006 2890 Domino
2029 2829 2110 2889 di-

508 2925 746 2992 miserit,
777 2933 833 2981 et
871 2932 1087 2981 centum
1131 2923 1358 2995 recipiat
1405 2925 1458 2981 in
1485 2923 1689 2981 futuro.
1733 2925 1936 2983 Sensus
1977 2942 2108 2998 ergo

510 3017 616 3074 iste
646 3029 768 3074 est:
797 3017 903 3084 Qui
941 3017 1180 3074 carnalia
1212 3035 1312 3090 pro
1342 3019 1630 3076 Salvat0re
1671 3017 1964 3090 dimiserit,
1997 3023 2110 3093 spi-

503 3109 722 3166 ritualia
767 3108 1033 3180 recipiet:
1081 3125 1204 3178 quae
1250 3112 1660 3182 comparatione
1701 3117 1756 3168 et
1793 3113 1992 3169 merito
2021 3109 2108 3169 siti

2210 1893 2530 1960 mercedem;
2570 1891 2825 1963 incipiens
2865 1908 2898 1946 a
2935 1892 3228 1947 novissimis
3273 1904 3436 1963 usque
3482 1890 3552 1944 ad
3593 1896 3812 1960 primos.

2214 1985 2343 2042 Cum
2375 1987 2635 2042 venissent
2661 2000 2788 2059 ergo
2814 1985 2902 2058 qui
2930 1986 3073 2040 circa
3100 1984 3427 2041 undecimam
3451 1983 3640 2038 horam
3665 1999 3816 2039 rene-

2211 2091 2353 2150 rant,
2387 2091 2697 2152 acceperunt
2738 2081 2974 2152 singulos
3019 2080 3286 2135 denarios.
3325 2079 3604 2136 Venientes
3641 2086 3814 2136 autem

2211 2183 2260 2229 et
2280 2175 2456 2247 primi,
2481 2174 2721 2230 arbitrati
2742 2183 2862 2228 sunt
2893 2175 3034 2244 quod
3065 2175 3186 2244 plus
3207 2179 3373 2227 essent
3396 2173 3661 2244 accepturi
3688 2187 3816 2227 :ac-

2211 2276 2457 2340 ceperunt
2483 2278 2656 2324 autem
2693 2278 2744 2323 et
2771 2269 2875 2339 ipsi
2904 2268 3138 2340 singulos
3169 2267 3428 2324 denarios.
3453 2266 3522 2322 Et
3551 2268 3819 2339 accipietur

2213 2367 2309 2426 tes,
2337 2360 2732 2416 murmurabant
2760 2361 3009 2416 adversus
3041 2361 3496 2433 patremfamilias,
3529 2361 3762 2415 dicentes
3797 2377 3815 2415 :

2213 2447 2290 2504 Hi
2333 2452 2599 2506 novissimi
2629 2463 2736 2506 una
2773 2452 2904 2507 hora
2952 2453 3219 2524 fecerunt,
3260 2463 3310 2508 et
3336 2467 3488 2525 pares
3515 2453 3639 2508 illos
3666 2453 3816 2508 nobis

2213 2544 2399 2613 fecisti,
2419 2547 2510 2616 qui
2540 2547 2854 2617 portavimus
2873 2549 3076 2619 pondus
3095 2547 3200 2602 diei
3219 2557 3268 2602 et
3295 2549 3495 2603 wstus?
3527 2547 3594 2602 At
3617 2547 3712 2603 ille
3736 2563 3816 2602 re-

2213 2639 2477 2709 spondens
2501 2641 2594 2694 uni
2618 2655 2821 2708 eorum,
2845 2640 3000 2696 dixit.
3027 2641 3291 2698 Parabola
3323 2643 3447 2710 ista,
3483 2642 3571 2698 vel
3606 2641 3812 2698 similia

2211 2729 2342 2786 tudo
2370 2735 2518 2803 regni
2543 2733 2833 2802 calorum,
2864 2749 2931 2790 ex
2962 2734 3045 2790 bis
3069 2749 3191 2805 quae
3221 2737 3508 2807 praemissa
3541 2745 3706 2804 sunt,
3735 2740 3814 2790 iit-

2214 2825 2498 2897 telligitur.
2533 2827 2808 2900 Scriptum
2837 2839 2922 2886 est
2947 2829 3094 2886 enim
3123 2841 3251 2887 ante
3278 2845 3396 2888 eam
3429 2849 3442 2885 :
3475 2829 3636 2887 Multi
3661 2835 3814 2888 erunt

2214 2919 2370 2990 primi
2396 2921 2699 2990 novissimi,
2728 2933 2777 2978 et
2820 2923 3085 2978 novissimi
3129 2923 3305 2997 primi.
3358 2922 3475 2980 Non
3503 2921 3532 2962 ἀ
3573 2926 3814 2993 tempori

2213 3013 2492 3072 deferente
2522 3017 2772 3086 Domino,
2823 3015 2919 3074 sed
2963 3015 3112 3075 ildel.
3148 3015 3398 3090 Dicitque
3441 3017 3818 3090 patremfami—

2215 3110 2318 3168 lias
2346 3113 2530 3185 primo
2568 3127 2725 3169 mane
2750 3110 2964 3182 exisse,
2999 3125 3057 3169 ut
3082 3109 3418 3170 cunduceret
3447 3114 3736 3184 operarios
3761 3113 3812 3168 in

498 3203 574 3258 ita
605 3210 788 3270 erunt,
821 3203 978 3274 quasi
1013 3211 1036 3242 ε
1085 3201 1132 3258 si
1169 3214 1337 3272 parvo
1364 3219 1594 3260 numero
1623 3203 1972 3260 centenarias
2003 3221 2103 3261 nn-
2131 3209 2178 3276 α
2209 3203 2426 3262 vineam
2471 3219 2626 3263 suatn
2649 3251 2662 3273 ,
2694 3215 2750 3263 et
2777 3209 3016 3276 pretium
3047 3205 3230 3280 operis
3259 3207 3614 3264 constituisse
3641 3207 3814 3264 dena-

502 3309 689 3352 merus
705 3303 1074 3366 comparetur.
1095 3293 1252 3352 Unde
1268 3293 1400 3352 dicit
1421 3295 1810 3368 etApostolus,
1831 3293 2102 3370 quilunam

499 3396 709 3446 tantum
745 3386 1003 3456 domum,
1052 3396 1108 3444 et
1151 3390 1310 3444 unius
1359 3390 1658 3459 provinciae
1703 3402 1907 3462 parvos
1941 3399 2104 3462 agros

571 3607 596 3632 α
617 3595 876 3650 Erasmus
900 3593 1033 3663 legit
1067 3593 1341 3663 Socrates;
1364 3608 1462 3662 pro
1490 3592 1690 3663 Crates.
1718 3591 1978 3663 Eumdem
2011 3611 2098 3649 er—

505 3681 690 3722 rorem
717 3664 897 3734 reperi
926 3660 982 3718 in
1023 3661 1288 3736 omnibus
1309 3660 1444 3717 mss.
1490 3660 1781 3736 Codicibus
1801 3675 1938 3735 quos
1967 3661 2094 3736 legi,

511 3749 746 3792 numero
774 3732 1209 3804 quatuordecim.
1263 3734 1338 3788 De
1367 3747 1475 3804 quo
1511 3732 1860 3804 antiquorum
1890 3732 2092 3792 exscri-

503 3817 721 3876 piorum
751 3819 943 3876 errore
985 3804 1105 3876 hinc
1130 3805 1418 3876 _ltaben_tus
1446 3804 1736 3860 observata
1775 3821 1804 3860 a
1847 3807 2089 3862 Mariano

500 3873 747 3932 Victoria
780 3893 791 3928 :
841 3873 1270 3930 Emendavimus
1308 3873 1500 3930 Crates
1530 3891 1628 3944 pro
1659 3877 1932 3944 Socrates,
1971 3879 2087 3934 Bri-

500 3947 788 4003 xianorum
813 3945 1061 4000 codicum
1086 3945 1318 4000 monitu.
1343 3944 1390 4000 A
1419 3947 1583 4001 Crate
1609 3949 1754 4002 enim
1787 3963 1893 4004 non
1924 3963 1952 4003 a
1985 3947 2089 4006 So-

499 4029 673 4092 crate,
703 4017 794 4092 qui
837 4029 938 4072 nec
979 4017 1130 4072 dives
1178 4016 1344 4092 fuisse
1381 4017 1600 4092 legitur,
1640 4017 1706 4092 id
1735 4019 1932 4092 factum
1962 4033 2089 4092 pro-

502 4089 670 4145 ditur.
705 4087 871 4143 Error
901 4097 1079 4156 natus,
1130 4087 1274 4158 quod
1315 4087 1492 4143 notior
1537 4104 1602 4143 ac
1627 4091 1903 4146 celebrior
1941 4087 2086 4148 esset

500 4159 760 4217 Socrates
779 4173 941 4229 quam
979 4159 1490 4229 Crates,_etnomen
1527 4160 1598 4229 sit
1623 4159 1736 4216 fere
1767 4161 1932 4217 idem.
1966 4163 2092 4218 llie-

500 4247 764 4304 ronymus
789 4223 859 4304 de
890 4223 1053 4304 crate
1098 4223 1283 4304 multis
1333 4229 1384 4284 in
1439 4227 1576 4304 locis
1609 4231 1710 4304 hoc
1758 4235 1978 4304 asserit.
2011 4235 2094 4288 Ad

498 4299 787 4358 Paulinum
814 4300 881 4356 de
929 4299 1267 4356 institutione
1313 4300 1605 4356 monachi:
1635 4299 1816 4359 Crates
1839 4303 1933 4358 ille
1957 4303 2096 4360 The-

500 4373 690 4446 banus,
721 4372 884 4446 homo
927 4372 1192 4443 quondam
1235 4371 1548 4438 ditissimus,
1597 4387 1717 4428 cum
1751 4375 1819 4428 ad
1861 4375 2098 4446 philosog

498 4443 766 4514 phandum
797 4444 1022 4498 Athenas
1065 4454 1321 4516 pergeret,
1348 4459 1590 4514 magnum
1617 4447 1733 4516 auri
1765 4443 1967 4511 pondus
2009 4443 2102 4502 ab-

492 4512 620 4586 jecit
637 4533 678 4586 ;7
704 4530 796 4568 nec
826 4516 1020 4586 putavit
1057 4512 1297 4586 sesimul
1325 4512 1474 4586 posse
1498 4528 1545 4569 et
1579 4515 1787 4586 virtutes
1819 4526 1867 4572 et
1893 4518 2100 4574 divitias

504 4581 790 4656 possidere.
826 4581 969 4640 "item
1015 4581 1081 4639 ad
1115 4581 1520 4640 Pammachium
1571 4587 1639 4642 de
1665 4583 1826 4643 Obitn
1861 4587 2101 4646 Paulinae

2213 3299 2374 3356 rium.
2401 3295 2610 3357 Deinde
2637 3313 2914 3373 egressum
2936 3299 3083 3358 circa
3107 3299 3296 3358 horam
3327 3302 3569 3371 tertiam,
3599 3301 3812 3358 vidisse

2207 3387 2352 3448 alios
2380 3399 2590 3449 stantes
2622 3389 2675 3448 in
2709 3391 2888 3464 platea
2935 3396 3141 3454 otiosos
3174 3414 3185 3449 :
3219 3403 3276 3452 et
3311 3393 3421 3450 illis
3450 3407 3809 3468 nequaquam

2208 3596 2371 3665 epist.
2401 3597 2490 3661 58.
2521 3597 2588 3668 ad
2611 3598 2899 3655 Paulinum
2933 3619 2946 3656 :
2978 3599 3160 3655 Crates
3187 3601 3276 3655 ille
3321 3599 3620 3668 Thebanus,
3655 3603 3814 3659 homo

2205 3668 2471 3737 quondam
2501 3665 2811 3738 ditissimus,
2842 3685 2957 3726 cum
2983 3671 3054 3724 ad
3081 3669 3554 3742 philosbphandum
3578 3665 3816 3730 Athenas

2201 3749 2458 3816 pergeret,
2485 3754 2734 3816 magnum
2781 3745 2904 3816 auri
2933 3744 3139 3812 pondus
3193 3744 3400 3816 abjecit.
3426 3743 3560 3812 QunI
3605 3749 3816 3815 repetit

2199 3810 2362 3883 epist.
2388 3811 2476 3878 66,
2504 3810 3024 3883 ad'Pammacltium,
3050 3823 3106 3870 et
3138 3816 3229 3880 'ii,
3249 3810 3324 3870 'nd
3356 3810 3690 3871 Lttcinium;
3708 3818 3816 3875 De-

2198 3880 2364 3956 nique
2393 3893 2452 3938 et
2473 3883 2564 3956 lib.
2595 3896 2786 3939 contra
2814 3880 3092 3941 Jovinian.
3125 3902 3182 3941 ll.
3203 3885 3808 3956 CratesilleThebanus,

2198 3953 2442 4030 proiecto
2472 3953 2526 4008 in
2558 3971 2701 4030 mare
2745 3973 2846 4012 non
2892 3973 3053 4030 parvo
3080 3957 3197 4012 auri
3239 3958 3494 4028 pondere:
3525 3955 3706 4029 Abite,
3735 3953 3816 4016 irt-

2195 4023 2326 4107 quit,
2359 4039 2565 4096 pessum
2595 4027 2748 4107 malae
2787 4023 3142 4107 cupiditates;
3179 4023 3271 4100 ego
3293 4045 3388 4107 pos
3430 4041 3667 4107 mergam
3684 4023 3718 4107 ,_
3746 4045 3812 4107 ne

2197 4097 2312 4164 ipse
2332 4111 2540 4166 mergar
2565 4115 2600 4152 α
2623 4097 2789 4154 vobis.
2816 4099 3022 4155 Verum
3052 4099 3180 4155 huic
3205 4097 3558 4156 Stabiliendae
3583 4103 3816 4159 lectioni

2199 4177 2396 4242 contra
2426 4184 2558 4242 tnss.
2592 4169 2756 4225 ﬁdem
2789 4170 2928 4225 nihil
2951 4172 3136 4242 potius
3163 4171 3236 4226 sit
3257 4170 3513 4227 historica
3545 4175 3813 4240 veritate.

2203 4247 2257 4292 et
2275 4235 2552 4318 Origenis,
2576 4255 2646 4318 ex
2672 4256 2782 4312 quo
2803 4235 2969 4318 totam
2994 4241 3510 4318 interpretationem
3537 4235 3818 4318 [lict-any;

2205 4323 2330 4380 mus
2355 4311 2670 4380 descripsit,
2695 4311 3055 4368 'sententiam.
3088 4311 3159 4369 Et
3177 4327 3306 4368 vero
3330 4313 3397 4369 de
3425 4311 3671 4377 Cratete.
3706 4311 3814 4374 non

2207 4377 2455 4456 ﬁcorum,
2491 4377 2845 4456 nocti-udum
2872 4384 3236 4440 Philestratus
3261 4386 3354 4440 lib.
3386 4400 3426 4452 ι,
3458 4400 3580 4454 cap.
3622 4389 3716 4456 iii,
3744 4391 3816 4446 de

2211 4451 2344 4538 νίς),
2373 4451 2870 4538 hp‘nllqpiogenes
2899 4456 3082 4538 _Laert.
3107 4458 3304 4538 lib-vt,
3331 4451 3666 4538 Plutarchus
3690 4451 3818 4538 ἑτιρί

2210 4529 2305 4577 τοῦ
2335 4529 2406 4596 μή
2439 4523 2778 4598 destituent,
2813 4528 3100 4582 etdcmnm
3129 4527 3348 4592 Suidas,
3372 4530 3650 4598 quialiam
3679 4523 3814 4586 Coit-

2211 4595 2623 4666 teutnendnrum
2683 4611 2844 4666 opum
2894 4600 3160 4652 rationem
3229 4595 3476 4654 tenuisse
3521 4599 3810 4658 Cratetem

505 4655 731 4740 nitoris:
769 4655 834 4709 Et
867 4668 1037 4742 tamen
1077 4673 1180 4710 non
1218 4656 1354 4739 satis.
1403 4660 1624 4742 perferto
1670 4670 1716 4713 et
1747 4673 2099 4742 consummato
2128 4656 2180 4716 D
2208 4665 2369 4742 tradit
2398 4684 2414 4742 _:
2472 4666 2602 4720 Cum
2657 4655 2793 4724 enim
2824 4670 3140 4742 ipseagros
3186 4671 3408 4742 incultos
3454 4655 3811 4742 deseruisset,

502 4728 645 4803 viro,
670 4743 791 4803 opes
809 4735 1149 4794 contemnere,
1173 4727 1441 4803 pecuniam.
1469 4729 1747 4803 dissipare,
1779 4741 1825 4784 et
1841 4735 2106 4803 projicere

503 4750 636 4790 υιΐυ,
670 4750 791 4798 opus
809 4750 1149 4794 ramemnere,
1173 4750 1441 4798 pecumam
1469 4750 1747 4798 assstpare,
1779 4750 1825 4784 ει
1867 4750 2104 4803 πομσετε

503 4801 645 4870 quod
669 4802 1011 4870 in_momento
1037 4810 1086 4853 et
1119 4799 1264 4869 perdi
1285 4809 1331 4870 et
1360 4799 1576 4854 inueniri
1605 4810 1797 4869 potest.
1833 4750 1980 4856 l‘ecit
2005 4803 2104 4857 hoc

501 4868 678 4925 Crates
725 4868 1023 4934 Thebanus,
1043 4870 1174 4994 fecit
1206 4869 1568 4935 Antisthenes,
1603 4873 1831 4942 fecerunt
1862 4874 2096 4944 plurimi,

501 4957 629 4994 auos
651 4941 1011 4994 vitiosisstmos
1053 4942 1275 4994 .eaimus.
1312 4941 1443 4994 Item
1466 4943 1532 4994 ad
1562 4943 1822 4994 Lucinnm
1861 4961 1873 4994 :
1903 4946 2096 4994 Aurum

499 4957 629 5012 quos
651 4941 1011 4997 vitiosissima.»-
1043 4941 1275 5013 legimus.
1312 4941 1443 4997 Item
1466 4943 1532 4996 ad
1562 4941 1822 4999 Luciunm
1861 4941 1873 4998 Ξ
1903 4941 2097 5000 Aurum

502 5017 769 5085 deponere
789 5013 1139 5084 insipientium
1167 5021 1239 5085 est
1258 5057 1271 5080 ,
1302 5030 1402 5085 non
1429 5017 1792 5085 perfecturum.
1830 5015 1974 5070 Fecit
1996 5016 2097 5072 hoc

499 5085 676 5138 Crates
710 5083 1002 5149 Thebanus,
1035 5086 1150 5152 fecit
1168 5083 1672 5152 Antisthenes.'ltem
1695 5085 1835 5143 libro
1855 5089 2097 5144 secundo

503 5164 694 5231 contra
721 5151 1069 5209 .lovinianum
1107 5174 1118 5206 :
1153 5151 1219 5231 _Et
1245 5153 1423 5231 Crates
1451 5155 1547 5231 ille
1566 5155 1842 5231 Thebanus
1867 5161 2096 5231 projecto

497 5227 552 5280 in
573 5241 712 5302 mare
739 5241 1027 5302 non‘parro
1047 5225 1164 5302 auri
1191 5227 1452 5296 pondere:
1483 5225 1650 5290 Abite,
1675 5225 2094 5302 inquit,'pe3sum

502 5299 656 5372 multa
683 5291 1012 5372 cupiditates.
1035 5291 1158 5372 ligo
1190 5291 1278 5372 vos
1311 5311 1561 5370 mergmn,
1605 5313 1666 5352 ne
1692 5291 1804 5372 ipse
1831 5291 2034 5372 mergar
2061 5319 2093 5356 (ι

503 5369 657 5422 robis.
712 5367 890 5422 ΜΑιιτ.
918 5398 990 5408 -
1035 5367 1230 5422 Mirum
1264 5369 1364 5421 hoc
1395 5367 1552 5439 plane
1604 5367 1723 5438 est,
1777 5371 1830 5427 in
1889 5367 2092 5428 nostris

501 5439 752 5493 otnnlitus
785 5454 924 5512 mss._
950 5438 1180 5512 aliisque
1230 5438 1642 5512 quatuordecim
1673 5457 1841 5512 penes
1869 5443 2089 5498 Martia-

505 5525 704 5581 nmum,
739 5513 852 5581 par_i
895 5506 1300 5581 depravationis
1343 5506 1949 5580 censensu,'Sorrates
2003 5513 2088 5570 hic

499 5580 626 5650 legi,
669 5579 766 5654 pro
810 5579 1004 5654 Crates.
1060 5581 1125 5635 Et
1177 5579 1452 5654 Victorius
1506 5579 1724 5654 quidem
1779 5587 1850 5639 ita
1909 5597 1969 5640 se
2012 5587 2087 5639 ait

505 5647 823 5720 emendasse
852 5649 1232 5708 Brixianorum
1265 5647 1786 5720 codieunt'monitu,
1818 5656 1902 5710 cui
1931 5669 2083 5710 asse-

501 5719 682 5797 renda
711 5719 1029 5797 verissime
1042 5721 1262 5777 lectioni
1292 5723 1462 5797 multa
1485 5719 1804 5797 _li_ieronymi
1849 5725 1920 5783 de
1946 5725 2079 5797 Cru-

2209 4738 2346 4790 edito
2389 4737 2502 4792 loco
2528 4753 2824 4805 conscenso,
2847 4737 2986 4796 dixit
3007 4737 3309 4796 {Cratetem
3341 4739 3643 4796 Thebanum
3678 4737 3818 4800 Cra;

2206 4814 2282 4882 {es
2307 4809 2542 4863 libertate
2571 4813 2752 4865 donat.
2783 4814 3034 4881 Origenis
3066 4829 3218 4878 vero,
3270 4813 3380 4880 cui,
3434 4821 3490 4868 ut
3531 4812 3807 4882 diximus,

2206 4876 2572 4953 Hieronymus
2603 4883 2789 4953 stricte
2840 4876 3092 4938 adita-ret
3113 4928 3126 4953 ,
3159 4876 3423 4953 ejusmodi
3459 4885 3511 4939 in
3547 4887 3698 4941 hunc
3731 4876 3816 4943 lo;

2203 4962 2328 5004 cum
2353 4949 2630 5023 esLiluetii
2663 4949 3122 5023 interpretatione
3167 4949 3440 5011 sententia
3493 4965 3575 5009 est
3613 4973 3624 5010 :
3679 4956 3815 5013 Cra-

2201 5028 2354 5074 tetent
2403 5021 2708 5077 Thebanum
2745 5021 2942 5096 ferunt,
2972 5041 3091 5079 cum
3132 5023 3386 5080 libertatis
3423 5032 3810 5096 consequentia:

2206 5107 2363 5145 causa
2416 5103 2570 5170 parce
2609 5105 2654 5148 et
2684 5095 2965 5170 frugaliter
3000 5097 3200 5170 vivendi
3272 5102 3522 5170 rationem
3560 5095 3772 5170 iniisse!
3796 5146 3808 5170 ,

2205 5163 2423 5243 seseque
2436 5163 2646 5243 beatum
2671 5163 2864 5243 Grtécis
2899 5167 2978 5235 (ut
3003 5169 3439 5243 quidemLaninto
3464 5169 3722 5243 ﬁngebat)
3765 5163 3815 5226 et

2204 5233 2402 5290 nullius
2429 5235 2741 5310 indigentem
2772 5239 2848 5292 rel
2876 5233 3127 5310 praestare
3153 5237 3324 5310 vellet,
3369 5233 3650 5296 distractos
3695 5233 3815 5298 om-

2204 5319 2292 5358 nes
2310 5347 2324 5370 ,
2353 5323 2413 5360 ar
2439 5305 3020 5432 divenditasj'acultates
3040 5351 3054 5378 ,
3083 5309 3440 5365 Thebanorum
3467 5315 3668 5382 populo
3691 5330 3812 5368 ero.

2204 5389 2368 5432 nasse.
2397 5389 2513 5430 cum
2529 5376 2683 5431 simul
2711 5383 2727 5432 i
2795 5379 3131 5432 praedicasset
3157 5398 3176 5432 :
3205 5379 3462 5432 Cratetem
3485 5383 3644 5432 hodie
3671 5384 3812 5432 Cra-

2199 5389 2368 5452 gasse,
2397 5389 2513 5430 cum
2529 5376 2683 5452 simul
2711 5376 2767 5433 id
2795 5376 3131 5452 prtvdicasset
3157 5398 3176 5436 :
3205 5376 3644 5438 Cratetem'ho'die
3671 5384 3812 5440 Cra—

2202 5455 2276 5500 tes
2303 5447 2534 5502 libertate
2559 5446 2741 5506 donat.

2271 5516 2300 5555 δ
2339 5515 2632 5589 Victorius,

2275 5599 2298 5627 ι·
2339 5587 2396 5645 In
2425 5587 2642 5648 duobus

2192 5660 2335 5718 cuia.

2261 5729 2288 5810 δ
2331 5731 2626 5813 Victorius,
2684 5734 2808 5792 Non
2841 5747 3065 5810 tempore
3103 5735 3372 5808 diferentc
3407 5733 3665 5813 Domino,
3715 5743 3808 5801 sed

2697 5521 2872 5597 stando
2893 5534 2939 5580 et
2979 5525 3170 5580 mortui
3208 5523 3272 5580 de
3300 5525 3655 5597 corruptione,
3693 5537 3810 5584 etc.

2707 5593 2897 5651 alatin.
2927 5599 3076 5667 quasi
3108 5611 3290 5668 parvo,
3317 5593 3594 5668 expdncta
3631 5593 3679 5654 si
3713 5611 3811 5656 vo-

501 5795 612 5845 tets
661 5789 974 5847 testimonia
1013 5789 1119 5846 huc
1162 5793 1429 5863 congerit.
1480 5789 1760 5866 Ejusmodi
1812 5803 1897 5856 est
1940 5793 2072 5855 illud
2182 5802 2310 5877 ﬁde,
2341 5789 2450 5863 etc.
