3962 6302
286 276 382 344 tu

760 291 1450 360 ’COMMENTARIORUM
1486 294 1555 359 IN
1593 296 2054 361 EVANGELIUII
2092 300 2431 367 MATTHASI
2474 312 2605 372 LIB.
2645 313 2734 375 Ill.
2776 317 2931 378 CAP.
2974 319 3095 381 XX.

3484 336 3590 394 με

281 404 593 475 denarium,
647 409 748 466 sed
778 414 924 483 quod
964 415 1175 486 justum
1212 428 1300 475 est
1341 419 1507 478 fuisse
1549 422 1875 493 pollicitum.
1907 420 1955 481 Α
2064 425 2251 482 Nonne
2269 446 2335 485 ea:
2353 432 2573 489 denario
2602 440 2881 496 convenisti
2902 447 3144 503 mecum?
3164 446 3431 508 Denarius
3456 453 3588 525 ligu-

281 497 444 525 ρηη
476 516 698 525 ,ηωη
748 503 872 525 ιη,
917 518 957 525 __
1175 510 1200 525 .
1264 513 1275 525 .
1432 515 1443 525 .
1702 517 1749 525 ..
1809 516 1823 525 .
2252 523 2260 525 -

281 497 445 555 Sexta
473 516 702 574 quoque
748 503 881 563 hora
907 518 961 564 et
1000 524 1143 566 nona
1172 510 1374 569 fecisse
1397 514 1673 571 similiter.
1702 516 1885 574 Unde—

279 590 420 647 cima
472 602 660 652 autem
716 596 994 658 invenisse
1049 603 1187 659 alios
1234 615 1465 672 stantes,
1512 608 1604 679 qui
1655 619 1768 665 tota
1796 612 1885 667 die

280 682 445 740 otiosi
476 683 723 755 fuerant,
758 698 813 746 et
864 692 1082 751 misisse
1128 711 1226 752 eos
1277 699 1328 753 in
1361 699 1598 755 vineam.
1633 703 1767 758 Cum
1790 719 1887 759 au-

280 783 391 832 tem
418 792 548 834 sero
576 780 790 839 factum
819 795 987 856 esset,
1020 791 1351 859 percepisse
1376 796 1727 863 procuratori
1758 810 1882 862 suo,

279 877 343 925 ut
371 884 401 925 a
434 872 761 931 novissimis
790 876 1064 950 inciperet
1091 882 1350 952 reddere,
1378 884 1483 942 hoc
1513 898 1619 955 est,
1654 888 1724 944 ab
1751 903 1884 959 ope-

278 963 444 1019 rariis
496 964 650 1022 hora:
706 967 1013 1028 undecima:
1064 989 1239 1047 usque
1289 977 1357 1031 ad
1387 979 1672 1050 operarios
1730 981 1884 1038 horae

279 1057 473 1128 prima:
506 1075 523 1123 ;
554 1075 861 1133 omnesque
906 1065 1117 1135 pariter
1144 1077 1337 1125 contra
1382 1071 1712 1127 novissimos
1744 1074 1885 1128 inri-

280 1148 368 1207 dia
397 1154 731 1223 maritatas,
780 1157 1127 1231 iniquitatem
1177 1164 1422 1235 arguisse
1453 1166 1876 1237 patrisfamilias.

281 1244 400 1304 Non
414 1250 561 1321 quod
593 1251 778 1308 minus
800 1255 1118 1325 acceperint
1136 1273 1295 1329 quam
1311 1259 1881 1327 lueratconstitutmn,

283 1340 382 1398 sed
397 1342 545 1411 quod
572 1344 694 1414 plus
724 1347 979 1414 accipere
1004 1350 1280 1407 voluerint
1308 1349 1415 1420 bis,
1448 1353 1501 1406 in
1525 1368 1663 1423 ψιοε
1687 1369 1746 1410 se
1766 1355 1879 1410 rle-

281 1433 488 1490 memia
517 1436 878 1494 conductoris
908 1439 1198 1498 effuderat.
1232 1443 1363 1499 Mihi
1394 1443 1653 1501 videntur
1684 1449 1881 1519 primm

278 1523 432 1580 hora:
466 1542 592 1583 esse
621 1529 858 1596 operarii
898 1530 1145 1601 Samuel,
1170 1544 1224 1589 et
1250 1534 1617 1604 Jeremias,et
1642 1537 1879 1605 Baptista

282 1615 558 1686 Ioannes,
611 1621 703 1692 qui
751 1634 984 1693 possunt
1013 1641 1138 1681 cum
1173 1625 1467 1683 Psaimista
1518 1628 1703 1685 direre
1748 1651 1761 1686 :
1798 1630 1882 1687 Ea:

280 1720 425 1765 utero
478 1714 670 1768 matris
704 1730 833 1769 mea
864 1714 1006 1771 Deus
1041 1733 1181 1773 meus
1214 1735 1268 1773 es
1302 1728 1357 1773 tu
1389 1718 1521 1794 (Ps.
1564 1735 1658 1776 nt
1686 1764 1700 1789 ,
1754 1724 1811 1778 ii
1833 1722 1878 1794 ).

1987 533 2102 573 ram
2151 523 2295 594 regis
2344 525 2529 584 habet.
2584 530 2856 602 Recepisti
2905 552 3037 609 ergo
3086 543 3392 601 mercedem
3424 523 3582 618 quam

1989 611 2080 666 tibi
2112 617 2487 689 promiseram,
2510 622 2612 677 hoc
2631 634 2735 692 est,
2759 627 3053 699 imaginem
3084 641 3141 691 et
3167 611 3581 699 similitudinem

1993 703 2155 804 ιῖξᾷ
2177 722 2349 804 meam
2380 728 2393 764 :
2419 714 2549 783 quid
2578 719 2779 785 quaeris
2807 722 3071 791 amplius;
3099 733 3154 780 et
3183 743 3289 784 non
3321 739 3430 786 tam
3468 734 3584 804 ipse

1990 795 2109 865 plus
2139 801 2410 871 accipere,
2442 819 2604 876 quam
2634 807 2799 864 alium
2833 812 2967 869 nihil
2995 818 3250 889 accipere
3277 795 3582 887 desideras.

1986 890 2142 959 quasi
2173 894 2404 950 alterius
2427 901 2711 956 consortio
2738 903 3016 963 minuatur
3053 912 3264 980 praemii
3292 916 3587 974 meritum?

2062 984 2243 1055 (νει-ε.
2277 989 2366 1057 14,
2399 991 2518 1061 15.)
2539 991 2693 1048 Tolle
2714 997 2859 1067 quod
2879 1008 3025 1055 tuum
3059 1014 3153 1072 est,
3188 1016 3238 1061 et
3264 1008 3414 1064 vade.
3454 1010 3585 1067 Volo

1987 1084 2163 1131 autem
2185 1088 2233 1132 et
2262 1080 2384 1135 huic
2411 1084 2692 1141 novissimo
2716 1087 2846 1143 dare
2863 1092 2998 1146 sicut
3026 1103 3074 1147 et
3105 1096 3197 1151 tibi
3219 1113 3238 1150 :
3269 1099 3371 1153 Aut
3392 1116 3496 1156 non
3521 1105 3591 1158 li-

1987 1175 2064 1221 cet
2084 1168 2214 1223 mihi
2237 1172 2379 1241 quod
2402 1174 2539 1238 ιιοιο,
2573 1175 2747 1245 facere
2764 1179 2790 1233 Ρ
2816 1179 3038 1240 budaeus
3066 1184 3122 1240 in
3146 1186 3289 1259 Lege
3327 1205 3435 1247 non
3464 1208 3588 1262 gra-

1987 1259 2083 1327 tia,
2114 1262 2212 1318 sed
2242 1278 2411 1333 apere
2448 1268 2710 1327 salvator.
2736 1272 2839 1342 Qui
2868 1277 3015 1332 enim
3048 1278 3240 1337 iecerit
3262 1298 3405 1348 eam,
3438 1259 3589 1343 vivet

1986 1354 2041 1410 in
2065 1372 2148 1410 ca.
2173 1356 2331 1416 Unde
2352 1360 2553 1417 dicitur
2584 1365 2652 1419 ad
2682 1382 2808 1423 eum
2837 1386 2850 1422 :

2056 1448 2241 1519 (Vers.
2274 1450 2391 1525 iii.)
2439 1454 2519 1510 An
2550 1458 2731 1513 oculus
2777 1470 2899 1517 tuus
2937 1479 3158 1535 nequam
3186 1478 3296 1534 est,
3342 1471 3466 1540 quia
3494 1490 3588 1545 ego

1988 1538 2150 1593 bonus
2176 1544 2331 1597 sum?
2360 1543 2454 1600 Sic
2470 1558 2623 1601 erunt
2650 1550 2916 1606 novissimi
2934 1556 3114 1625 primi,
3149 1568 3197 1612 et
3224 1538 3383 1631 primi
3409 1538 3588 1619 novis-

1984 1633 2122 1687 simi.
2149 1633 2307 1689 Multi
2328 1638 2468 1691 enim
2487 1651 2609 1694 sunt
2630 1646 2816 1709 vocati,
2842 1649 2997 1717 pauci
3019 1665 3133 1704 vero
3155 1652 3322 1707 electi.
3348 1656 3583 1727 ldipsum

1987 1733 2146 1778 sonat
2188 1736 2242 1781 et
2282 1728 2373 1782 illa
2400 1729 2560 1787 Luem
2593 1734 2871 1802 parabole,
2903 1738 2995 1793 ubi
3023 1741 3199 1811 major
3219 1745 3362 1800 illius
3390 1750 3585 1807 minori

283 1801 491 1859 Tertiae
526 1820 662 1862 vero
712 1805 865 1863 hora:
910 1810 1146 1880 operarii
1187 1818 1339 1881 sunt,
1379 1812 1471 1883 qui
1522 1827 1550 1866 a
1594 1813 1885 1884 pubertate
1912 1797 1960 1859 Β
1991 1816 2219 1885 invidet,
2254 1829 2309 1875 et
2336 1835 2444 1876 non
2474 1797 2746 1880 vult-eum
2789 1797 2959 1899 recipi
2994 1797 3376 1903 poniitentcm,
3406 1849 3463 1893 et
3494 1858 3592 1910 pa-

272 1895 620 1954 servireDeo
650 1911 958 1970 coeperunt.
1001 1901 1157 1975 153
1200 1903 1380 1960 Sextae
1410 1904 1592 1971 horae,
1632 1908 1721 1967 nui
1769 1923 1882 1962 ma-

278 1998 405 2044 tura
447 1999 613 2047 mtate
657 2006 1023 2062 susceperunt
1058 1994 1249 2066 jugum
1276 1997 1502 2052 Christi.
1562 1998 1755 2065 Noote,
1789 2000 1882 2069 qni

267 2082 381 2151 jam
408 2082 736 2142 declinante
774 2084 898 2159 [AL
943 2087 1257 2165 declinant]
1305 2091 1371 2148 ad
1425 2093 1659 2149 senium.
1708 2095 1881 2151 Porro

281 2175 617 2245 undecimae,
663 2179 758 2250 qui
795 2180 984 2235 ultima
1015 2191 1303 2238 senectute
1332 2203 1347 2239 :
1382 2194 1439 2239 ct
1470 2194 1649 2241 tamen
1692 2203 1882 2242 omnes

269 2268 479 2338 pariter
502 2272 784 2342 accipiunt
813 2276 1123 2345 pravmium,
1148 2277 1278 2334 licet
1308 2277 1560 2335 diversus
1589 2281 1742 2337 labor
1784 2283 1877 2337 sit.

268 2359 412 2416 Sunt
460 2364 555 2434 qui
593 2365 739 2421 hanc
779 2368 1090 2436 parabolam
1142 2370 1303 2427 aliter
1334 2373 1660 2428 edisseram.
1698 2373 1878 2430 Prima

276 2448 410 2507 liora
449 2463 476 2491 ι
508 2456 702 2512 volunt
733 2460 958 2515 missum
988 2474 1109 2517 esse
1138 2462 1193 2517 in
1224 2464 1438 2521 vineam
1466 2464 1639 2520 Adam
1671 2477 1722 2521 et
1751 2468 1873 2522 reli‘

274 2560 416 2615 quos
428 2548 774 2617 patriarchas
788 2566 961 2623 usque
983 2554 1048 2606 ad
1070 2551 1217 2620 Noe;
1245 2558 1426 2623 tertia,
1452 2558 1631 2627 ipsum
1652 2557 1768 2614 Noe
1791 2575 1882 2614 us-

266 2653 375 2709 que
398 2638 467 2695 ad
492 2643 771 2699 Abraham
800 2655 854 2701 et
878 2647 1358 2706 circumcisinncm
1389 2652 1437 2705 ei
1473 2651 1688 2717 datam;
1723 2663 1879 2709 sexta

272 2732 345 2789 ab
366 2733 649 2792 Abraham
679 2753 858 2809 usque
905 2740 971 2795 ad
1030 2742 1277 2816 Moysen,
1335 2747 1556 2816 quando
1607 2746 1722 2803 Lex
1754 2748 1878 2803 data

264 2835 575 2899 cst;uona,
616 2831 795 2902 ipsum
822 2832 1047 2909 Moysen
1088 2848 1142 2892 et
1196 2840 1534 2910 prophetas;
1564 2841 1872 2907 undecima,

262 2923 550 2993 apostolos
589 2934 646 2983 et
668 2929 916 3010 gentium
964 2933 1248 3001 pupulum,
1282 2935 1486 3004 quibus
1513 2950 1710 2991 omnes
1737 2934 1875 2990 invi-

264 3013 417 3069 dent.
451 3014 611 3073 Unde
654 3018 761 3073 hoc
802 3019 978 3090 ipsum
1016 3021 1335 3095 intelligens
1378 3034 1501 3095 post
1540 3026 1736 3081 horam
1762 3026 1873 3097 jam

262 3104 639 3178 undecimam,
695 3126 817 3167 cum
860 3124 1006 3169 esset
1055 3130 1228 3187 prope
1258 3118 1390 3172 solis
1430 3133 1685 3173 occasum
1725 3127 1779 3174 et
1805 3118 1870 3174 ad

1991 1918 2125 1964 trem
2176 1922 2398 1967 accusat
2426 1914 2738 1985 lnjnstitim.
2778 1920 2848 1975 Et
2883 1930 2938 1975 ut
2983 1926 3225 1982 sciamus
3274 1930 3419 1987 hunc
3468 1950 3592 1990 esse

1987 2015 2211 2057 sensum
2239 2019 2401 2073 quem
2425 2005 2686 2076 diximus,
2718 2010 2913 2067 titulus
2944 2018 3214 2083 parabolae
3246 2022 3411 2091 hujus
3437 2026 3591 2083 ﬁnis-

1988 2107 2094 2162 que
2118 2097 2495 2152 consentiunt.
2532 2100 2623 2157 Sic
2660 2114 2833 2171 erum,
2866 2105 3067 2177 inquit,
3110 2114 3380 2169 clarissimi
3409 2122 3588 2187 primi,

1986 2194 2033 2239 et
2057 2187 2211 2254 primi
2240 2189 2525 2246 novissimi.
2561 2192 2718 2250 Multi
2755 2198 2894 2251 enim
2921 2209 3041 2254 sunt
3069 2206 3258 2271 vocati,
3286 2211 3442 2275 pauci
3471 2226 3591 2268 vero

1986 2278 2153 2335 electi.

2059 2371 2239 2441 (Ἶρι-ε.
2270 2375 2338 2429 17
2368 2376 2553 2449 seqq.)
2586 2377 2657 2433 Et
2692 2384 2979 2439 ascendens
3004 2384 3161 2443 locus
3181 2387 3587 2465 Jerosolginam,

1988 2467 2269 2536 assumpsit
2295 2467 2569 2523 duodecim
2614 2472 2899 2545 discipulos
2926 2494 3047 2533 suos
3094 2495 3312 2548 secreto,
3345 2494 3393 2539 et
3417 2488 3492 2541 ait
3522 2491 3589 2542 il-

1986 2554 2091 2610 lis:
2123 2556 2255 2611 Ecce
2284 2561 2611 2617 ascendimus
2636 2562 3037 2639 Jerosolgmam,
3079 2581 3125 2625 et
3160 2570 3334 2629 Filius
3365 2577 3589 2636 beluinis

1983 2651 2223 2705 tradetur
2266 2651 2598 2721 principibus
2626 2659 2949 2713 sacerdotum
2998 2674 3046 2715 et
3093 2663 3290 2721 Scribis
3322 2682 3342 2722 :
3378 2681 3429 2723 et
3469 2687 3591 2726 ron-

1983 2743 2302 2799 demnabnnt
2322 2762 2441 2801 eunt
2474 2757 2663 2815 morte,
2697 2759 2745 2804 et
2775 2753 2977 2806 tradent
3006 2770 3119 2809 eum
3147 2760 3384 2829 gentibus
3422 2763 3490 2817 ad
3519 2762 3586 2815 il.

1984 2836 2289 2902 ludendum,
2317 2848 2365 2892 et
2391 2841 2790 2910 ﬂagellandum.
2819 2854 2869 2898 et
2888 2847 3319 2919 cruciﬁgendnm,
3348 2861 3399 2906 et
3431 2856 3583 2909 tertia

1981 2928 2068 2983 die
2088 2940 2340 3004 resurget.
2366 2931 2578 2989 Crebro
2600 2935 2711 2991 hoc
2750 2938 2930 3007 ipsum
2978 2942 3266 3013 discipulis
3313 2947 3533 3005 dixerat
3567 2968 3579 3002 :

1978 3020 2074 3074 sed
2104 3022 2227 3091 quia
2258 3023 2450 3078 multis
2478 3024 2533 3079 in
2573 3027 2754 3081 medio
2782 3029 3096 3099 disputatis,
3133 3047 3346 3103 poterat
3378 3040 3481 3095 labi
3511 3041 3583 3096 de

1979 3113 2244 3169 memoria
2267 3114 2409 3183 quod
2430 3115 2742 3183 audierant,
2776 3120 2948 3175 itums
2970 3123 3395 3197 ierosolymam.
3419 3140 3473 3185 et
3495 3146 3582 3186 se.

258 3211 574 3270 vesperam,
601 3201 841 3259 Joannes
870 3185 1508 3278 Evangelislaloquitur:
1534 3205 1718 3263 Filioli
1747 3210 1866 3276 mei,
1895 3185 1946 3249 α
1975 3219 2099 3260 cum
2129 3204 2395 3261 ducturus
2425 3210 2729 3276 apostolos,
2760 3212 2830 3265 ad
2861 3216 3224 3272 tentationem
3250 3235 3351 3274 eos
3380 3233 3578 3290 parat:

258 3292 545 3349 novissima
581 3292 714 3351 hora
739 3307 812 3352 est
840 3297 862 3363 l
891 3298 909 3352 Ι
934 3298 1095 3353 Joan.
1131 3317 1191 3367 ιι,
1230 3300 1339 3373 15).
1379 3301 1448 3356 Et
1490 3302 1648 3357 simul
1681 3303 1865 3358 consi-

262 3384 419 3452 dera,
444 3386 590 3458 quod
619 3388 942 3458 iniustitiam
986 3394 1417 3463 patrisfamilias,
1458 3409 1619 3466 quam
1666 3394 1720 3449 in
1761 3411 1866 3449 un-

258 3476 492 3534 decima:
520 3479 670 3535 hora:
702 3483 970 3553 operariis
1003 3501 1196 3541 omnes
1229 3489 1436 3557 pariter
1463 3496 1756 3556 accusant,
1808 3488 1861 3543 in

251 3573 452 3644 seipsis
472 3590 578 3630 n0u
604 3575 940 3649 intelligunt.
985 3579 1044 3636 Si
1075 3581 1219 3634 enim
1252 3580 1470 3651 iniquus
1505 3592 1589 3637 est
1622 3582 1863 3653 paterfa-

253 3666 466 3737 milias,
494 3668 683 3724 nonin
713 3685 823 3726 uno
843 3671 1063 3742 iniquus
1084 3680 1189 3740 est,
1219 3672 1313 3728 sed
1339 3673 1393 3727 in
1418 3673 1670 3729 omnibus
1698 3692 1711 3731 :
1737 3676 1863 3745 quia

252 3772 367 3814 non
408 3759 490 3815 sic
522 3759 795 3817 laboravit
822 3763 1000 3818 tertiae
1029 3762 1181 3820 horae
1220 3766 1508 3836 operarius
1533 3808 1548 3835 ,
1588 3772 1862 3839 quomodo

210 3906 221 3917 ,
251 3852 351 3908 ille
380 3854 472 3923 qui
502 3868 532 3909 a
559 3855 739 3925 prima
770 3855 902 3911 hora
933 3865 1017 3913 est
1048 3857 1252 3915 missus
1291 3861 1344 3914 in
1372 3860 1616 3917 vineam.
1638 3862 1862 3918 Simili-

251 3951 341 3999 ter
367 3952 427 4000 et
448 3952 625 4001 sextae
663 3946 815 4002 horze
843 3950 1131 4019 Operarius
1157 3951 1340 4006 minus
1380 3952 1660 4008 laboravit
1684 3955 1861 4009 tertiae

245 4032 416 4090 hora:
449 4036 755 4107 operario;
802 4048 858 4095 et
888 4056 1078 4108 nonae,
1142 4055 1309 4100 sexta:
1367 4045 1519 4099 hora:
1575 4046 1855 4117 operario.

248 4125 447 4183 Omnis
487 4128 677 4200 itaque
716 4142 866 4188 retro
893 4133 1112 4190 vocatio
1143 4135 1402 4205 gentibus
1433 4138 1671 4205 invidet,
1706 4148 1761 4195 et
1802 4142 1857 4196 in

246 4217 543 4291 Evangelii
564 4229 867 4294 torquetur
908 4228 1106 4296 gratia.
1153 4227 1311 4285 Unde
1359 4238 1415 4284 et
1454 4229 1701 4286 Salvator
1728 4247 1861 4288 con-

257 4313 493 4370 ciudens
516 4317 836 4387 parabolam
868 4337 881 4375 :
928 4317 1122 4387 Erunt,
1156 4321 1331 4391 inquit
1370 4323 1528 4393 primi
1569 4325 1855 4394 novissimi,

252 4414 307 4461 et
336 4406 609 4463 novissimi
644 4409 823 4481 primi.
866 4411 1021 4479 Quod
1046 4411 1080 4450 δ
1110 4411 1283 4468 ιιιιάίεί
1313 4413 1381 4468 de
1425 4415 1605 4486 capite
1637 4424 1859 4472 vertan-

246 4506 352 4553 tur
378 4497 437 4554 in
460 4500 692 4555 caudam
716 4518 734 4555 τ
761 4511 815 4557 et
843 4519 942 4558 nos
971 4504 1039 4559 de
1061 4507 1238 4560 cauda
1271 4517 1547 4563 mutemur
1574 4509 1627 4564 in
1669 4521 1852 4581 caput.

1974 3310 2045 3350 ne
2072 3312 2195 3351 cum
2222 3299 2437 3354 venerit
2460 3303 2772 3369 persecutio
2786 3311 2845 3358 et
2860 3308 3041 3359 crucis
3068 3308 3389 3378 ignominia,
3419 3327 3575 3371 scan-

1972 3388 2302 3445 dalizentur.

2042 3481 2229 3555 (Vers.
2253 3482 2345 3551 20,
2378 3485 2443 3540 ει
2459 3485 2500 3557 .)
2522 3486 2671 3542 Tunc
2691 3492 2907 3545 accessit
2929 3492 2999 3546 ad
3020 3510 3134 3547 cum
3158 3506 3324 3548 mater
3342 3497 3575 3566 ﬁliorum

1970 3574 2207 3630 Zcbedwi
2234 3593 2348 3631 cum
2379 3578 2506 3646 ﬁliis
2553 3582 2687 3644 suis,
2730 3584 2956 3638 adorans
2988 3596 3034 3639 et
3062 3596 3241 3657 petens
3280 3590 3481 3657 aliquid
3507 3594 3571 3647 ab

1967 3686 2049 3726 eo.
2084 3670 2186 3736 Qui
2218 3671 2353 3725 dixit
2383 3673 2430 3726 ei
2465 3689 2480 3725 :
2516 3672 2656 3740 Quid
2687 3677 2763 3730 vis
2788 3679 2814 3730 ?
2844 3678 2927 3731 Ait
2952 3678 3035 3733 illi
3066 3695 3085 3734 :
3134 3680 3230 3734 Dic
3254 3692 3311 3735 ut
3357 3685 3571 3739 sedeant

1969 3762 2023 3816 bi
2054 3764 2157 3817 dno
2198 3763 2298 3833 ﬁlii
2326 3767 2446 3829 mei,
2484 3782 2616 3821 unus
2641 3770 2710 3821 ad
2748 3768 3013 3826 dexteram
3046 3782 3210 3839 tuam,
3242 3784 3288 3829 et
3315 3793 3456 3831 unus
3502 3780 3571 3834 ad

1966 3855 2235 3911 sinistram
2264 3859 2318 3912 in
2346 3874 2503 3928 regno
2534 3868 2641 3914 tuo.
2695 3859 2850 3917 Unde
2877 3864 3192 3934 opinionem
3220 3871 3376 3939 regni
3408 3871 3571 3927 habet

1961 3956 2141 4004 mater
2181 3949 2418 4006 filiorum
2449 3949 2727 4018 Zebedtei,
2750 3964 2812 4009 ut
2836 3970 2958 4011 cum
3011 3958 3270 4016 Dominus
3312 3962 3518 4018 dixerit
3552 3981 3565 4018 :

1964 4037 2137 4096 Filius
2163 4042 2387 4099 hominis
2415 4045 2645 4099 tradetur
2661 4046 2991 4121 principibus
3006 4053 3331 4107 sacerdotum
3352 4064 3401 4110 et
3420 4055 3566 4111 Scri-

1964 4133 2061 4202 bis,
2095 4145 2141 4190 et
2182 4137 2595 4192 condemnabam
2623 4156 2741 4193 eum
2764 4150 2948 4208 mor-te,
2980 4152 3030 4196 et
3072 4144 3284 4199 tradent
3324 4148 3563 4217 gentibus

1962 4229 2030 4282 ad
2060 4227 2413 4296 illudendunt,
2446 4242 2494 4284 et
2516 4231 2896 4302 ﬂagellandum
2915 4275 2928 4299 ,
2957 4244 3007 4289 et
3037 4237 3478 4308 cruciﬁgendum;
3507 4250 3564 4296 et

1960 4320 2319 4390 ignominiam
2380 4321 2536 4395 155
2591 4326 2862 4393 passionis
2912 4327 3232 4382 timentibus
3281 4329 3561 4400 discipulis

1952 4416 2330 4481 annuntiaret,
2358 4415 2451 4469 illa
2479 4414 2714 4484 postuiet
2738 4417 2968 4487 gloriam
2993 4419 3375 4491 triumphantis
3391 4421 3414 4476 ἲ
3432 4421 3557 4488 hac,

1960 4515 2180 4568 utreor.
2200 4521 2272 4561 ex
2297 4519 2480 4572 causa,
2510 4508 2636 4576 quia
2666 4518 2789 4578 post
2807 4512 2994 4565 onuiia
3013 4512 3230 4567 dixerat
3252 4515 3515 4569 Dominus
3538 4534 3552 4569 ς

316 4590 504 4663 (Vers.
548 4593 665 4664 15.)
694 4593 888 4659 Amice,
915 4613 1018 4650 non
1043 4597 1181 4667 facio
1209 4598 1302 4652 tibi
1336 4600 1607 4675 injuriam.
1638 4577 1766 4676 Legi
1797 4606 1849 4661 in
1883 4577 1936 4638 Ῑ)
1961 4609 2008 4655 et
2042 4601 2191 4653 tertia
2223 4600 2307 4654 die
2330 4613 2584 4673 resurget,
2613 4604 2823 4672 putavit
2844 4619 2968 4660 eum
2995 4606 3191 4661 mulier
3226 4617 3351 4677 post
3376 4624 3559 4664 resur-

244 4696 270 4727 ε
291 4685 579 4756 cujusdam
609 4688 774 4755 libro,
796 4691 1030 4747 amicam
1056 4691 1215 4748 istum
1248 4693 1339 4765 qui
1360 4696 1673 4766 increpatur
1698 4714 1730 4753 a
1753 4715 1855 4770 pa-

237 4780 594 4848 treiamilias,
640 4781 828 4853 prima
868 4784 1022 4840 hora:
1062 4786 1403 4856 operarium,
1452 4791 1849 4862 protoplastum

234 4871 505 4944 intelligi,
524 4882 579 4928 et
608 4887 705 4929 eos
727 4879 819 4945 qui
845 4875 939 4930 illo
973 4887 1219 4948 tempore
1239 4877 1609 4936 crediderunt.

312 5040 340 5070 ⁸
365 5031 639 5105 Imprimis
665 5041 848 5088 autem
872 5032 1160 5104 Origenes,
1190 5049 1256 5090 ex
1279 5051 1385 5105 quo
1411 5044 1469 5091 et
1487 5035 1729 5092 Hilarius
1750 5038 1845 5096 de-

235 5101 498 5173 sumpsit.
554 5101 709 5170 Vide,
758 5105 934 5175 inquit
962 5101 1073 5168 ille,
1111 5124 1179 5160 an
1222 5101 1449 5175 primum
1477 5125 1587 5162 esse
1612 5110 1844 5166 ordinem

234 5176 614 5249 dicereque“,
643 5176 734 5249 qui
760 5176 824 5230 ab
853 5177 1054 5249 Atlanta
1082 5179 1241 5231 simul
1266 5195 1384 5232 cum
1407 5178 1591 5232 mundi
1620 5180 1846 5249 [abiita—

237 5247 382 5324 tique
409 5246 610 5301 initium
640 5245 844 5324 (tabuit.
882 5245 1034 5324 Exiit
1056 5250 1189 5302 enim
1224 5251 1401 5324 primo
1428 5267 1581 5303 mane
1607 5245 1838 5324 paterfa-

234 5318 437 5387 milias,
460 5328 532 5381 et.
561 5326 616 5371 ut
638 5319 714 5371 ita
735 5318 929 5381 dicam,
953 5318 1276 5373 Adamumet
1294 5319 1465 5374 Erant
1487 5318 1764 5388 conduxit,
1788 5334 1844 5378 ut

232 5388 675 5464 pietatisjineam
703 5391 1017 5444 excellerent.
1056 5389 1357 5464 secundum
1384 5400 1555 5447 autem
1585 5394 1840 5464 ordinem,

234 5458 327 5530 aui
367 5476 402 5514 a
419 5458 562 5536 Noe,
589 5471 633 5515 et
661 5472 815 5532 pacto
839 5477 956 5536 cum
995 5478 1055 5515 eo
1078 5462 1271 5531 [rudere
1300 5474 1553 5518 censetur.
1587 5458 1840 5536 Tertium,

226 5531 329 5602 qui
359 5530 431 5584 ad
454 5530 739 5606 Abramunt
759 5533 1013 5606 pertinet,
1031 5530 1163 5606 cum
1194 5550 1294 5605 quo
1324 5538 1691 5606 comprehensa
1716 5530 1844 5606 quo;

228 5600 492 5679 esse,
516 5618 637 5672 qua:
659 5604 731 5656 ad
749 5600 937 5679 Patres
970 5604 1041 5679 ad
1066 5600 1448 5679 Mosént‘usgué
1473 5600 1738 5679 spectant;
1762 5608 1844 5662 iu-

222 5673 573 5747 ulligendgut
597 5683 699 5730 est.
736 5673 994 5741 Quartum
1013 5677 1136 5731 item
1158 5673 1480 5747 adiicient,
1500 5673 1562 5731 ἐι
1584 5693 1841 5742 quotcum-

231 5741 416 5820 que'iu
430 5741 679 5820 ,ὥσπερ
710 5755 1101 5820 pgractagunt,
1131 5755 1181 5800 et
1216 5746 1381 5820 Leges
1402 5741 1692 5803 indesch
1721 5766 1842 5803 con-

233 5762 337 5815 que
359 5762 509 5800 sum
626 5762 679 5798 ιο
710 5762 919 5814 peracta
957 5762 1101 5812 sunt,
1131 5762 1181 5800 et
1216 5762 1381 5820 Leges
1402 5765 1465 5801 ,ιη
1490 5762 1692 5803 deserto
1721 5766 1837 5803 con-

233 5815 377 5870 ditas
397 5762 885 5884 muginandum.
924 5814 1249 5871 Postremum
1278 5834 1392 5872 vero
1426 5820 1713 5873 undecima:
1737 5821 1837 5874 cir-

1957 4694 2253 4750 rectionem
2276 4693 2422 4747 illico
2446 4704 2817 4764 regnaturum;
2842 4708 2898 4754 et
2916 4697 3023 4754 hoc
3048 4701 3193 4771 quod
3216 4699 3279 4757 in
3307 4704 3552 4760 secundo

1952 4787 2191 4843 adventu
2218 4784 2579 4855 promittitur,
2606 4787 2657 4840 in
2685 4788 2868 4855 primo
2890 4803 3018 4849 esse
3061 4793 3467 4861 complendum,
3502 4810 3557 4851 et

1950 4881 2212 4940 aviditate
2238 4878 2473 4935 lemiuea
2494 4881 2786 4949 prmaentia
2813 4882 2985 4951 cupit,
3017 4884 3309 4938 immemor
3341 4886 3551 4944 futuro-

1953 5042 2080 5095 citer
2110 5041 2252 5093 hora:
2292 5036 2528 5090 ordinem
2556 5034 2748 5115 Citristi
2774 5035 2806 5091 ,Ι
2814 5054 2903 5092 esu
2931 5040 3209 5115 adventum
3233 5044 3513 5115 signiﬁcor.
3532 5088 3545 5100 .

1953 5112 2290 5179 Quamquam
2323 5123 2422 5186 nec
2448 5109 3007 5186 superioreiu,‘qnam
3034 5109 3396 5186 iiicrunyinu's
3422 5133 3541 5185 pro-

1955 5181 2065 5247 bat,
2111 5178 2174 5235 de
2220 5192 2325 5235 tota
2369 5178 2636 5256 hominum
2667 5183 2766 5234 rita
2811 5178 2871 5236 in
2894 5182 3142 5255 parabole
3166 5178 3433 5256 perdituri
3458 5205 3548 5244 ea:-

1952 5270 2150 5325 pressa,
2186 5251 2512 5330 sententiain
2544 5251 2904 5330 Adamantius
2939 5264 3078 5311 tacet
3110 5274 3123 5309 :
3158 5251 3317 5326 quam
3350 5267 3407 5312 ct
3434 5262 3546 5330 plc-

1955 5324 2108 5394 rique
2138 5326 2472 5379 recentiores
2498 5324 2785 5392 atuplesati
2818 5336 2962 5379 sunt.

2029 5395 2054 5433 ι)
2083 5395 2276 5469 Iisdem
2326 5406 2464 5460 pene
2495 5397 2675 5469 verbis
2708 5396 2981 5469 ‘Urigcues
3012 5413 3024 5449 :
3054 5394 3306 5469 Centies,
3344 5400 3538 5469 inquit,

1947 5476 2157 5537 promer
2199 5464 2358 5537 ﬁdem
2402 5474 2554 5537 caput
2593 5464 2900 5533 efﬁciuntur;
2942 5477 2995 5519 at
3033 5468 3328 5523 incredulus
3373 5464 3543 5528 Israel

1938 5534 2154 5606 propter
2183 5534 2593 5606 incredulitatem
2620 5537 2805 5606 cuttu'a.

2019 5604 2261 5680 cFacile
2294 5604 2545 5680 Qrigeuis
2574 5605 2736 5660 tacito
2771 5608 2989 5662 nuntiue
3021 5609 3218 5663 librum
3270 5623 3439 5680 notat,
3469 5617 3541 5669 si.

1944 5679 2162 5753 quidem
2208 5676 2410 5753 ita_il.le
2439 5675 2876 5753 interpretatus";
2924 5680 2990 5753 At
3032 5675 3536 5753 paterfamilias'uni

1940 5749 2171 5831 illorum,
2201 5748 2300 5831 ipsi
2342 5748 2556 5817 fortasse
2593 5748 2790 5804 Adamo
2822 5748 2951 5805 dixit
2984 5768 3002 5805 :
3032 5748 3221 5821 Amice,
3257 5771 3353 5810 non
3407 5760 3541 5826 facio

1944 5819 2036 5873 tibi
2056 5819 2328 5892 injuriam,
2354 5826 2462 5875 etc.
