3962 6348
433 311 543 370 145

1684 294 1742 356 ε.
1786 295 2059 356 EUSEBII
2096 294 2487 354 HIERONYMI

3632 292 3744 354 lu

437 441 588 482 rum.
625 424 781 495 Quod
828 430 1003 477 autem
1038 421 1333 484 interrogat
1361 411 1643 476 Dominus,
1686 419 1762 476 et,
1807 409 1897 465 illa
1930 425 2030 480 pe-
2057 410 2109 470 A
2136 407 2545 478 intelligendum
2577 413 2699 461 est:
2729 403 2978 475 Regnum
3004 402 3268 461 caelorum
3297 417 3405 460 non
3428 411 3511 459 est
3531 403 3739 469 dantis,

429 530 612 585 tente,
634 515 915 588 respondit
947 532 959 567 :
994 511 1133 580 Quid
1154 510 1265 565 vis?
1288 523 1393 563 non
1423 505 1572 561 venit
1595 504 1664 560 de
1689 503 1993 575 ignorantia
2019 519 2032 555 :

436 613 538 670 sed
571 627 637 666 ex
671 609 789 679 ejus
822 618 1052 677 persona
1078 602 1298 663 dicitur.
1326 598 1420 671 qui
1448 595 1802 669 ﬁagellandus
1830 603 1885 650 et
1911 609 2035 650 cru-

434 701 739 774 ciﬁgendus
762 705 882 752 erat
914 714 928 751 :
961 694 1239 764 quomodo
1269 701 1324 748 et
1350 690 1405 745 in
1436 687 1835 744 Hemorrliousa
1862 702 1877 739 :
1905 685 2036 753 Quis

430 818 513 856 me
556 798 716 866 tetigit
739 795 891 866 (Luc.
928 809 1040 859 vni,
1081 790 1213 861 i5)?
1241 791 1304 843 Et
1331 788 1400 844 de
1429 788 1634 842 Lazaro
1664 801 1676 837 :
1714 782 1813 839 Ubi
1859 782 2034 852 posui-

422 892 518 946 stis
542 905 658 944 eum
676 885 859 960 (Joan.
885 899 961 950 ιι,
982 882 1105 954 34)?
1126 883 1182 936 lu
1216 880 1385 935 veteri
1408 892 1625 949 quoque
1646 876 2030 931 Testamento:

429 983 621 1044 Adam,
652 979 737 1033 ubi
765 994 818 1032 es
847 976 1003 1046 (Gen.
1057 991 1138 1040 ιιι,
1168 971 1253 1045 9)?
1282 973 1346 1028 Et
1377 991 1391 1026 :
1420 969 1748 1027 Descendens
1778 965 1959 1022 videbo
1986 966 2037 1019 si

419 1077 577 1148 juxta
606 1072 905 1136 clamorem,
942 1078 968 1106 ⁸
992 1069 1081 1138 qui
1109 1068 1245 1122 venit
1272 1066 1341 1120 ad
1367 1081 1469 1131 me,
1500 1063 1769 1134 perﬁciant
1800 1060 1919 1115 :sin
1940 1075 2036 1113 au-

427 1174 529 1221 tent
556 1181 660 1218 non
686 1172 782 1227 est,
807 1169 864 1215 ut
894 1160 1057 1215 sciant
1080 1157 1236 1231 (Gen.
1258 1172 1410 1223 xvnt,
1431 1155 1548 1224 21).
1576 1154 1823 1209 Postulat
1848 1156 2031 1206 autem

424 1270 604 1316 matcr
636 1257 877 1312 ﬁliorum
929 1251 1178 1309 Zebedaei
1226 1264 1416 1305 errore
1446 1245 1696 1302 muliebri
1731 1255 1785 1299 et
1813 1242 2034 1315 pietatis

422 1349 647 1419 aﬁ‘ectu,
679 1348 937 1403 nesciens
961 1343 1089 1415 quid
1117 1351 1349 1413 peteret.
1382 1338 1493 1395 Nec
1521 1338 1723 1393 mirum
1750 1334 1801 1390 si
1822 1335 1928 1390 ista
1947 1349 2033 1388 ar-

425 1452 630 1517 guatur
660 1438 984 1512 imperitiae;
1039 1450 1161 1492 cum
1216 1434 1287 1490 de
1342 1433 1506 1490 Petro
1533 1431 1765 1494 dicatur,
1816 1425 2034 1499 quando

425 1538 536 1592 tria
570 1535 687 1591 vult
734 1533 920 1588 facere
973 1528 1346 1594 tabernacula,
1402 1525 1633 1581 nesciens
1683 1521 1807 1591 quid
1845 1521 2035 1574 diceret

429 1622 843 1791 ("figis-1.2.2.)
873 1713 1212 1783 Respondeas
1237 1721 1407 1766 autem
1432 1708 1610 1777 Iesus,
1642 1708 1775 1762 dixit
1803 1723 1822 1762 :
1851 1704 2035 1760 Nesci-

2136 499 2233 555 sed
2262 498 2594 569 accipientis.
2629 496 2749 552 Non
2787 506 2870 553 est
2896 498 3041 551 enim
3088 495 3331 566 acceptio
3379 510 3741 567 personarum

2136 597 2278 668 apud
2321 595 2488 649 Deum
2521 593 2663 666 (Act.
2695 608 2749 659 x,
2789 590 2880 663 34)
2927 609 2941 646 :
2990 591 3087 646 sed
3130 591 3455 663 quicumque
3483 591 3649 646 talem
3683 605 3745 647 se

2139 687 2431 760 praebuerit
2459 695 2518 740 ut
2542 700 2712 754 regno
2731 684 2993 739 cmlorum
3021 683 3214 754 dignus
3241 685 3351 748 ﬁat,
3378 684 3465 738 hic
3485 683 3743 753 accipiet,

2136 782 2279 856 quod
2309 796 2415 836 non
2450 794 2719 850 personte,
2769 779 2864 833 sed
2908 778 3033 833 vitae
3061 787 3312 848 paratum
3340 787 3444 833 est.
3473 776 3530 834 Si
3561 777 3749 847 itaque

2138 875 2276 930 tales
2303 873 2437 928 estis
2462 872 2554 943 qui
2581 871 2991 940 consequamini
3027 884 3253 941 regnum
3278 870 3566 937 caelorum,
3596 869 3748 941 quod

2134 966 2299 1022 Pater
2353 978 2509 1019 meus
2555 961 3022 1032 triumphantibus
3048 971 3104 1016 et
3130 962 3427 1016 victoribus
3468 978 3747 1031 praepara-

2134 1059 2247 1122 vit,
2303 1070 2404 1111 vos
2450 1069 2669 1126 quoque
2700 1053 2980 1121 accipietis
3011 1053 3163 1109 illud.
3194 1051 3301 1109 Alii
3332 1053 3401 1108 de
3445 1053 3636 1125 Moyse
3689 1063 3749 1109 et

2136 1147 2257 1204 Elia
2285 1147 2490 1203 dictum
2523 1147 2712 1200 volunt
2740 1163 2754 1199 :
2783 1160 2922 1217 quos
2948 1146 3112 1217 paulo
3137 1156 3263 1201 ante
3302 1145 3358 1201 in
3387 1156 3574 1202 monte
3616 1162 3748 1202 cum

2136 1256 2203 1297 eo
2232 1240 2489 1297 viderant
2508 1241 2832 1308 loquentes:
2860 1238 2955 1293 sed
2984 1237 3115 1292 mihi
3139 1252 3477 1308 nequaquam
3502 1236 3741 1294 videtur.

2136 1332 2266 1389 Ideo
2317 1333 2462 1389 enim
2513 1330 2816 1387 sedentium
2868 1331 2920 1385 in
2964 1345 3132 1402 regno
3163 1331 3427 1386 ctelorum
3474 1330 3746 1387 vocabula

2137 1443 2245 1482 non
2266 1426 2554 1491 dicuntur;
2586 1439 2654 1480 ne
2674 1423 2863 1495 paucis
2884 1425 3202 1492 nominatis,
3216 1424 3399 1481 caeteri
3422 1433 3748 1496 putarentur

2137 1518 2367 1575 exclusi.

2209 1609 2394 1683 (Vers.
2429 1609 2554 1681 24.)
2582 1609 2649 1664 Et
2678 1610 2946 1664 audientes
2972 1608 3168 1674 decem,
3220 1609 3478 1680 indignati
3524 1620 3648 1665 sunt
3677 1610 3747 1665 de

2138 1703 2338 1760 duobus
2388 1705 2658 1776 fratribus.
2704 1705 2905 1759 Decem
2949 1702 3185 1775 apostoli
3234 1718 3342 1757 non
3392 1702 3748 1772 indignantur

426 1815 496 1867 tis
521 1811 645 1882 quid
674 1809 878 1882 petatis.
917 1807 1090 1861 Mater
1120 1805 1383 1876 postulat,
1417 1814 1472 1858 et
1496 1801 1759 1856 Dominus
1791 1797 2032 1867 discipu-
2060 1791 2109 1852 B
2136 1798 2299 1854 matri
2318 1798 2549 1853 ﬁliorum
2583 1797 2856 1863 Zebedtei,
2886 1813 2985 1853 nec
3024 1796 3091 1851 ad
3124 1808 3147 1836 ο
3180 1796 3427 1853 mulieris
3454 1797 3743 1852 audaciam

425 1905 498 1960 lis
523 1903 785 1974 loquitur,
813 1898 1129 1969 intelligens
1160 1910 1351 1967 preces
1379 1894 1500 1965 ejus
1538 1909 1605 1950 ex
1635 1892 1868 1947 ﬁliormn
1901 1890 2029 1945 des-

428 1995 669 2051 cendere
689 1992 999 2047 voluntate.

504 2087 725 2143 Potestis
751 2085 922 2140 bibere
935 2083 1171 2149 calicem,
1200 2096 1352 2153 quem
1376 2095 1470 2152 ego
1495 2077 1748 2133 bibiturus
1770 2072 2033 2131 sum?Di—

425 2194 547 2240 cunt
575 2184 625 2238 ei
654 2199 674 2235 :
719 2180 1031 2236 Possumus.
1084 2174 1329 2230 Calicem
1378 2175 1431 2228 in
1478 2171 1779 2242 Scripturis
1829 2167 2032 2225 divinis

425 2276 738 2348 passionem
772 2269 1149 2340 intelligimus,
1180 2264 1208 2304 ι)
1231 2266 1382 2335 juxta
1413 2264 1543 2318 illud
1577 2281 1591 2317 :
1624 2262 1808 2327 Pater,
1835 2262 1880 2316 si
1909 2276 2030 2332 pos-

425 2369 577 2425 sibile
603 2375 700 2433 est,
724 2371 950 2417 transeat
981 2378 1014 2413 a
1044 2375 1125 2413 me
1149 2358 1288 2413 calix
1309 2360 1403 2412 iste
1425 2354 1608 2424 (Matt.
1646 2368 1799 2418 xxvi,
1821 2348 1935 2420 '59).
1969 2351 2033 2405 Et

427 2461 486 2517 in
508 2459 721 2532 psalmo
752 2474 765 2510 :
797 2453 940 2520 Quid
969 2450 1252 2507 retribuam
1286 2448 1510 2503 Domino
1535 2463 1628 2515 pro
1657 2445 1894 2500 omnibus
1920 2459 2035 2513 qua:

424 2550 667 2608 retribuit
695 2546 821 2602 mihi
839 2547 864 2599 ?
891 2543 1118 2600 Calicem
1148 2541 1400 2595 salutaris
1429 2539 1716 2611 accipiam,
1764 2545 1811 2592 et
1846 2550 2033 2589 nomen

423 2643 641 2702 Domini
671 2640 921 2696 invocabo
950 2635 1073 2711 (Ps.
1100 2650 1231 2702 cxv,
1260 2636 1295 2691 '5
1326 2642 1371 2689 et
1401 2633 1593 2703 seqq.);
1625 2631 1921 2701 statimque
1946 2629 2030 2683 in-

430 2740 537 2794 fert
557 2734 681 2808 quis
709 2734 812 2788 iste
843 2731 914 2787 sit
941 2728 1089 2784 calix
1120 2744 1133 2783 :
1165 2724 1410 2781 Pretiosa
1434 2726 1490 2780 in
1516 2733 1792 2794 conspectu
1823 2719 2035 2775 Damini

432 2843 574 2884 mors
602 2825 921 2881 Sanctorum
940 2821 1075 2893 ejus.

503 2918 687 2992 (Vers.
715 2912 835 2985 ‘25.)
855 2913 941 2967 Ait
962 2912 1068 2967 illis
1093 2928 1111 2965 :
1138 2910 1365 2966 Calicem
1383 2908 1593 2980 quidem
1619 2923 1789 2961 meum
1813 2905 1991 2961 bibetis
2017 2923 2037 2960 :

431 3013 610 3069 sedere
635 3019 807 3063 autem
848 3006 917 3059 ad
944 3005 1213 3060 dexteram
1238 3019 1404 3058 meam
1438 3010 1488 3055 et
1516 3000 1798 3064 sinistram,
1830 3013 1934 3052 non
1961 3007 2038 3053 est

432 3120 603 3159 meum
625 3101 751 3157 dare
770 3097 932 3163 vobis,
961 3096 1052 3152 sed
1078 3095 1260 3167 quibus
1287 3101 1529 3163 paratum
1547 3103 1621 3148 est
1649 3108 1683 3146 a
1712 3089 1873 3144 Patre
1896 3104 2031 3143 meo.

2131 1892 2381 1949 referunt
2408 1892 2777 1961 postulantis;
2807 1892 2902 1947 sed
2933 1890 3002 1947 ad
3030 1891 3194 1955 ﬁlios,
3238 1890 3384 1962 quod
3418 1892 3748 1962 ignorantes

2131 1999 2443 2040 mensuram
2494 1999 2673 2048 suam,
2713 1983 3003 2038 immodica
3054 1982 3354 2053 cupiditate
3395 1993 3742 2050 exarserent,

2131 2075 2331 2146 quibus
2380 2086 2435 2131 et
2488 2074 2757 2130 Dominus
2788 2075 3000 2131 dixerat
3044 2073 3320 2131 :Nescitis
3366 2076 3492 2146 quid
3528 2078 3741 2146 petatis.

2133 2168 2579 2240 Subintelligitur
2626 2178 2808 2224 autem
2856 2169 2939 2223 vel
2990 2183 3061 2224 ex
3110 2169 3467 2240 responsione
3498 2169 3740 2241 Domini,

2131 2262 2219 2317 vel
2241 2276 2311 2317 ex
2337 2260 2714 2332 indignatione
2762 2260 3156 2331 apostolorum,
3198 2260 3342 2332 quod
3374 2260 3472 2317 ﬁlii
3504 2273 3742 2319 matrem

2131 2352 2468 2408 immiserint
2499 2354 2564 2406 ad
2594 2350 2821 2423 grandia
2854 2350 3197 2419 postulanda.

2205 2443 2389 2517 (Vers.
2420 2445 2492 2498 25'
2518 2442 2702 2514 seqq.)
2742 2443 2898 2497 Jesus
2922 2453 3097 2498 autem
3133 2444 3333 2500 vocavit
3375 2459 3461 2498 eos
3487 2444 3557 2497 ad
3580 2460 3659 2515 se,
3690 2454 3742 2501 et

2134 2539 2207 2593 ait
2235 2538 2433 2594 :Scitis
2459 2539 2580 2609 quia
2601 2540 2862 2610 principes
2892 2539 3122 2610 gentium
3154 2538 3491 2595 dominantur
3517 2556 3701 2595 eorum
3715 2560 3739 2609 ;

2132 2639 2184 2689 et
2211 2632 2302 2700 qui
2328 2634 2556 2704 majores
2595 2640 2735 2699 sunt,
2768 2641 3071 2703 potestatem
3117 2643 3349 2688 exercent
3378 2633 3433 2687 in
3470 2648 3576 2687 eos.
3608 2631 3742 2689 Non

2133 2726 2207 2779 ita
2232 2726 2327 2779 erit
2357 2726 2489 2779 inter
2517 2742 2603 2779 vos
2627 2741 2647 2780 :
2672 2726 2764 2779 sed
2788 2727 3097 2795 quicumque
3122 2728 3340 2782 voluerit
3360 2728 3492 2782 inter
3512 2743 3601 2782 vos
3622 2744 3743 2783 ma-

2124 2817 2219 2887 jor
2246 2810 2385 2884 ﬁeri,
2413 2814 2483 2869 sit
2524 2825 2686 2870 vester
2714 2816 2965 2871 minister.
3008 2815 3079 2871 Et
3109 2818 3198 2887 qui
3243 2816 3460 2873 voluerit
3487 2818 3618 2873 inter
3646 2836 3741 2876 vos

2135 2906 2334 2976 primus
2364 2922 2495 2971 esse,
2524 2907 2621 2961 erit
2656 2917 2817 2961 vester
2863 2923 3060 2963 servus.
3093 2907 3325 2963 Humilis
3375 2909 3633 2981 magister
3679 2919 3744 2966 et

2138 3000 2313 3067 mitis,
2343 3012 2445 3054 nec
2469 2997 2786 3068 cupiditatis
2829 2998 3135 3057 immodica:
3165 2999 3304 3057 duos
3326 2998 3437 3074 [ΑΙ.
3464 3000 3617 3075 suos]
3641 3018 3738 3057 ar-

2136 3094 2252 3160 guit
2285 3090 2656 3160 postulantes;
2691 3106 2791 3146 nec
2836 3089 3028 3147 decem
3076 3091 3319 3163 reliquos
3347 3092 3743 3163 indignationis

431 3191 707 3262 Quaeritur
742 3187 1016 3261 quomodo
1060 3186 1288 3242 calicem
1319 3184 1570 3255 martyrii
1626 3182 1722 3237 lilii
1764 3181 2034 3246 Zebedasi,
2064 3169 2111 3233 C
2142 3180 2391 3252 increpat
2414 3190 2468 3237 et
2497 3182 2711 3250 livoris,
2738 3182 2836 3238 sed
2867 3183 2976 3238 tale
3017 3184 3165 3252 ponit
3201 3185 3357 3257 157
3399 3190 3741 3257 exemplum,

429 3284 667 3343 Jacobus
691 3280 951 3337 videlicet
978 3289 1033 3334 et
1061 3277 1300 3335 Joannes
1322 3275 1584 3341 biberint,
1606 3289 1732 3330 cum
1753 3273 2033 3343 Scriptura

429 3384 620 3433 narret
644 3374 907 3431 Jacobum
941 3379 1149 3427 tantum
1179 3368 1502 3439 Apostolnm
1531 3368 1597 3423 ab
1624 3366 1839 3423 Herode
1857 3364 2036 3437 capite

428 3478 741 3526 truncatum
773 3466 911 3537 (Act.
938 3464 1036 3531 xu)
1075 3481 1089 3518 :
1116 3463 1360 3519 Joannes
1387 3470 1569 3514 autem
1602 3461 1820 3528 propria
1861 3467 2037 3511 morte

430 3564 600 3617 vitam
642 3558 868 3615 ﬁnierit.
901 3555 1013 3610 Sed
1047 3554 1096 3608 si
1126 3555 1369 3623 legamus
1415 3548 1816 3606 ecclesiasticas
1864 3548 2039 3602 histo-

429 3657 567 3721 rias,
601 3655 653 3708 in
685 3651 886 3722 quibus
940 3646 1100 3720 156
1146 3632 1344 3709 fertur,
1375 3644 1517 3714 quod
1567 3652 1625 3698 et
1671 3644 1787 3713 ipse
1816 3652 2038 3712 propter

432 3744 760 3816 martyrium
814 3739 886 3794 sit
934 3741 1138 3793 missus
1182 3737 1234 3790 in
1285 3736 1549 3791 ferventis
1577 3736 1683 3791 olei
1713 3735 1941 3801 dolium,
1984 3744 2040 3790 et

436 3838 571 3895 inde
598 3836 666 3891 ad
696 3829 1102 3901 suscipiendam
1133 3843 1391 3883 coronam
1420 3826 1626 3882 Christi
1663 3825 1871 3882 athleta
1917 3841 2040 3896 pro-

433 3932 693 3993 cesserit,
740 3929 1040 3995 statimque
1086 3924 1360 3994 relegatus
1409 3922 1465 3977 in
1511 3921 1775 3976 Patbmos
1805 3921 2038 3976 insulam

437 4028 536 4093 sit,
569 4021 877 4078 videbimus
909 4020 1176 4091 martyrio
1197 4021 1435 4072 animum
1462 4032 1567 4070 non
1592 4015 1854 4085 defuisse,
1878 4024 1932 4072 et
1954 4015 2040 4070 bi-

440 4118 593 4175 bisse
617 4114 885 4171 Joannem
915 4110 1145 4167 calicem
1176 4108 1541 4167 conieSsionis
1576 4127 1587 4163 :
1621 4124 1782 4179 quem
1831 4121 1887 4165 et
1931 4118 2041 4164 tres

443 4210 599 4283 pueri
639 4208 693 4262 in
719 4205 936 4263 camino
969 4203 1110 4273 ignis
1139 4204 1394 4258 biberunt
1418 4200 1584 4273 (Dan.
1617 4206 1722 4271 ιιι),
1753 4202 1881 4258 licet
1919 4218 2042 4273 per-

445 4312 665 4359 secutor
696 4316 807 4355 non
861 4297 1062 4353 fuderit
1090 4298 1428 4369 sanguinem.
1456 4294 1610 4363 Quod
1658 4305 1838 4350 autem
1866 4294 1998 4351 dicit
2026 4314 2037 4349 :

441 4396 620 4451 sedere
648 4393 718 4448 ad
748 4393 987 4447 dextram
1018 4406 1183 4446 meam
1212 4399 1261 4444 et
1288 4390 1573 4457 sinistram,
1606 4406 1712 4445 non
1756 4400 1831 4445 est
1876 4406 2043 4446 meum

443 4486 572 4542 dare
601 4485 766 4553 vobis,
812 4484 901 4538 sed
947 4482 1131 4554 quibus
1159 4491 1401 4553 paratum
1430 4491 1506 4538 est
1535 4499 1569 4537 a
1597 4480 1758 4538 Patre
1784 4500 1917 4553 meo,
1963 4485 2044 4541 sic

2138 3288 2248 3345 quo
2277 3275 2473 3331 doceat
2502 3290 2626 3330 eum
2667 3277 2930 3344 majorem
2957 3291 3111 3343 esse,
3140 3279 3233 3348 qui
3266 3279 3445 3334 minor
3464 3278 3653 3347 fuerit,
3685 3291 3748 3338 et

2139 3365 2293 3422 illum
2310 3368 2592 3423 dominum
2614 3368 2756 3439 ﬁeri,
2782 3369 2875 3439 qui
2901 3370 3141 3424 omnium
3175 3384 3366 3427 servus
3391 3372 3481 3427 sit.
3507 3371 3744 3430 Frustra

2140 3460 2308 3532 igitur
2326 3472 2419 3517 aut
2447 3462 2522 3516 illi
2545 3462 2907 3519 immoderata
2930 3463 3249 3534 quaesierint
3275 3482 3288 3519 :
3316 3475 3412 3519 aut
3439 3467 3526 3521 isti
3548 3466 3749 3523 dolent

2138 3566 2305 3623 super
2328 3553 2595 3624 majorum
2628 3554 2903 3610 desiderio
2939 3572 2952 3609 :
2978 3570 3103 3610 cum
3134 3556 3201 3610 ad
3233 3555 3601 3614 summitatem
3627 3559 3751 3615 vir-

2140 3656 2317 3701 tutum
2352 3664 2461 3701 non
2494 3650 2762 3718 potentia,
2794 3649 2888 3704 sed
2920 3648 3229 3706 humilitate
3271 3653 3542 3708 veniatur.
3576 3652 3752 3710 Deni-

2140 3755 2249 3811 que
2275 3742 2357 3795 sui
2390 3746 2643 3812 proponit
2670 3742 3014 3815 exemplum,
3046 3752 3107 3799 ut
3135 3744 3182 3799 si
3205 3744 3349 3800 dicta
3378 3746 3751 3818 parvipende—

2141 3843 2286 3897 rent,
2315 3832 2712 3889 erubescerent
2740 3835 2805 3889 ad
2836 3850 3025 3904 opera,
3059 3847 3114 3891 et
3141 3836 3274 3892 dicit
3302 3856 3315 3892 :

2214 3926 2398 3995 (Vers.
2428 3928 2546 4000 28.)
2593 3929 2745 3984 Sicut
2785 3927 2959 3985 Filius
3000 3932 3222 3986 hominis
3268 3949 3371 3987 non
3400 3933 3542 3989 venit
3579 3934 3750 3990 mini-

2143 4022 2321 4088 strari,
2340 4021 2430 4075 sed
2442 4022 2753 4077 ministrare.
2772 4023 2932 4088 Nata,
2955 4024 3096 4095 quod
3121 4027 3313 4081 crebro
3333 4026 3593 4094 diximus,
3616 4043 3750 4085 eum

2144 4112 2234 4183 qui
2260 4112 2553 4176 ministrat,
2587 4113 2849 4184 appellari
2874 4114 3068 4171 Filium
3096 4115 3354 4173 hominis.

2216 4202 2286 4257 Et
2324 4202 2448 4259 dare
2491 4206 2718 4260 animam
2765 4224 2913 4262 suam
2958 4209 3358 4283 redemptionem
3398 4227 3492 4283 pro
3539 4214 3748 4269 multis.

2145 4297 2374 4364 Quando
2418 4297 2646 4353 formam
2686 4301 2836 4356 servi
2866 4304 3106 4371 accepit,
3154 4314 3213 4360 ut
3257 4320 3356 4376 pro
3386 4304 3590 4362 mundo
3616 4321 3756 4363 san-

2146 4392 2365 4463 guinem
2404 4389 2659 4447 funderet
2687 4390 2969 4466 (Philipp.
3008 4393 3104 4465 ιι).
3157 4395 3273 4451 Non
3319 4396 3458 4454 dixit
3502 4398 3753 4457 animam

2147 4499 2299 4549 suam
2345 4484 2777 4555 redemptionem
2826 4487 2960 4545 dare
2989 4504 3089 4561 pro
3114 4486 3141 4527 δ
3173 4492 3461 4560 omnibus,
3514 4492 3613 4550 sed
3645 4508 3755 4564 pro

519 4658 544 4685 α
578 4648 918 4723 Interserunt
949 4643 1125 4723 nostri
1156 4657 1475 4723 mss.suum
1500 4687 1515 4709 ,
1548 4653 1603 4699 et
1626 4644 1679 4699 in
1706 4643 1898 4702 Graeco
1927 4644 2045 4715 qui-
2072 4648 2128 4710 Β
2153 4659 2313 4716 posse
2342 4645 3152 4723 existimesPmdestinantinm
3180 4650 3374 4723 hteresi
3400 4692 3416 4717 ,
3459 4654 3551 4723 qui
3580 4650 3756 4709 Chri-

445 4720 570 4778 dem
601 4718 723 4787 ipso
750 4726 900 4772 textu
930 4715 1151 4787 additur
1179 4716 1366 4772 αὐτῶν.

520 4791 547 4830 δ
577 4785 831 4845 Totidem
878 4797 934 4843 et
961 4785 1261 4858 Scriptura:
1293 4788 1414 4858 loca
1444 4786 1497 4841 in
1540 4785 1682 4841 hanc
1711 4787 2041 4858 sententiam

444 4862 635 4921 laudat
663 4860 957 4930 Origenes,
980 4856 1249 4930 etiisdem
1287 4857 1401 4912 fere
1432 4858 1667 4927 loquitor
1694 4860 1878 4913 verbis
1902 4876 1916 4911 :
1951 4856 2041 4925 Ut,

442 4937 640 5002 inquit,
687 4928 997 5002 martyrium
1037 4928 1112 4984 bis
1142 4930 1427 5002 signiﬁcari
1458 4930 1718 5002 probetur,
1747 4946 1849 4983 non
1876 4945 1935 4983 eo
1960 4945 2047 4984 so-

447 5000 687 5059 lumloco
711 5000 878 5055 utetur
910 5002 1123 5068 aliquis,
1156 5000 1338 5061 Pater,
1370 5002 1416 5054 si
1446 5000 1707 5069 possibile
1735 5011 1842 5066 est,
1871 5012 2044 5055 trans-

444 5075 529 5130 fer
557 5089 587 5127 a
620 5090 705 5128 me
733 5073 957 5127 calicem
983 5074 1197 5126 hunc...
1222 5071 1412 5125 Verum
1436 5081 1485 5143 et
1515 5073 1608 5125 illo
1628 5073 1716 5143 qui
1764 5072 1819 5124 in
1844 5072 2044 5141 psalmo

448 5146 721 5201 centesima
769 5143 968 5197 decimo
1006 5144 1191 5209 quinto
1220 5152 1405 5196 exstat.
1449 5141 1585 5208 Quid
1621 5141 1914 5196 retribuam
1948 5146 2051 5195 Do-

447 5220 599 5273 mino
630 5231 731 5286 pro
772 5215 1043 5268 ninnibus.
1076 5228 1197 5283 quae
1229 5213 1484 5286 retribuit
1508 5212 1679 5286 mihi?
1701 5212 2048 5286 Calicemsa-

449 5283 646 5343 lunaris
692 5289 977 5356 accipiam,
1007 5293 1063 5356 et
1090 5299 1282 5337 nomen
1336 5283 1547 5356 Domini
1596 5284 1887 5356 invocabo.
1926 5285 2050 5339 Sta-

447 5361 640 5428 tintque
669 5374 687 5412 :
716 5354 964 5411 Pretiosa
992 5354 1076 5428 _in
1130 5362 1427 5428 conspectu
1459 5355 1697 5428 Domini.
1756 5365 1863 5410 etc.
1899 5356 2047 5428 llanc

452 5425 629 5498 ipsam
661 5426 1169 5498 interpretationem
1197 5426 1480 5495 arripuere
1509 5425 1566 5480 S.
1604 5425 1861 5493 Hilarius,
1894 5437 1950 5481 et
1978 5426 2049 5482 ab

455 5514 520 5553 ett
588 5504 680 5551 lteri
725 5516 753 5549 It
796 5538 811 5553 .

532 5513 720 5622 cpTroili
748 5514 970 5622 Isalatini
1022 5582 1177 5634 tuss.,
1234 5583 1325 5620 nec
1370 5567 1440 5620 ad
1472 5567 1739 5623 mulierem
1771 5566 2044 5621 audaciam

455 5642 680 5710 referunt
695 5639 966 5710 postuluti;
980 5641 1091 5710 sed,
1104 5650 1236 5710 etc.,
1251 5640 1483 5694 tortasse
1498 5642 1723 5695 rectius.
1739 5638 1859 5695 Uno
1877 5638 2045 5695 verbo

457 5706 839 5777 postulationis,
873 5708 1083 5763 Bltabb.
1116 5708 1344 5763 abludit.

523 5773 549 5812 τι
579 5773 723 5832 Cave
750 5794 818 5833 ex
845 5778 948 5833 hoc
988 5778 1301 5849 Hieronymi
1345 5780 1466 5836 loco
1503 5781 1805 5837 subsidium
1838 5780 2041 5838 arcessi

2151 4726 2418 4792 stutn‘pro
2464 4719 2739 4792 aliquibus
2783 4721 3067 4775 dumtaxat
3098 4722 3431 4787 hominibus,
3479 4719 3589 4776 non
3645 4739 3754 4792 pro

2151 4788 2405 4859 omnibus
2453 4789 2788 4859 singulisque
2839 4803 3068 4846 mortem
3110 4792 3310 4848 abiisse
3365 4788 3752 4859 pronuntiant.

2153 4858 2242 4914 Sic
2274 4870 2463 4932 autem
2506 4858 2793 4932 intelligito
2816 4860 3153 4918 Catholicam
3201 4864 3270 4917 ab
3317 4858 3383 4917 eo
3414 4864 3589 4920 teneri
3619 4872 3758 4923 sen-

2151 4930 2373 5005 tentiam
2400 4971 2416 4993 ,
2465 4930 2835 5005 nt‘tlhri'stum
2879 4934 3025 4987 dicat
3075 4948 3172 5002 pro
3217 4935 3472 4991 omnibus
3518 4935 3751 5005 quidem

2155 4999 2312 5076 plane
2346 4999 2656 5076 hominibus
2693 5005 2930 5057 animum
2978 4999 3131 5059 suam
3173 4999 3599 5076 redemptionem
3640 5007 3759 5064 de-

2153 5071 2335 5144 disse;
2361 5072 2454 5127 sed
2484 5087 2549 5126 eo
2574 5073 2833 5143 beneﬁcio
2856 5076 3133 5144 specmtim
3159 5071 3443 5131 credetiies
3468 5078 3759 5135 demereri

2154 5142 2430 5209 voluisse,
2481 5142 2711 5215 eatnqne
2757 5142 3019 5209 salutem,
3069 5162 3228 5213 quam
3272 5149 3496 5219 reliquis
3521 5150 3761 5218 quibus-

2154 5228 2384 5288 cumque
2413 5224 2588 5269 morte
2622 5231 2722 5270 sua
2748 5220 2983 5288 peperit,
3017 5219 3291 5288 praecipuo
3316 5220 3547 5288 quodam
3579 5222 3760 5277 modo

2153 5284 2402 5339 ﬁdelibus
2448 5296 2641 5358 amare
2664 5330 2679 5354 ,
2729 5284 2906 5358 deque
2935 5284 2997 5342 ea
3019 5284 3149 5342 'illis
3179 5284 3505 5345 conferenda
3535 5292 3760 5346 sollici-

2152 5363 2454 5429 ttirn‘esse.
2505 5354 2581 5429 Et
2623 5372 2693 5429 ne
2739 5354 2894 5428 putt-3
2944 5359 3170 5429 benigna
3201 5360 3646 5426 interpretatiOne
3686 5361 3756 5418 S.

2153 5424 2330 5500 Patris
2362 5426 2448 5480 liic
2476 5427 2635 5482 verba
2667 5424 2975 5499 in'lapsum
3014 5424 3181 5499 prima
3231 5424 3409 5498 excipi
3441 5477 3455 5500 ,
3498 5430 3639 5486 scias
3680 5433 3761 5489 de

2153 5495 2448 5571 Scriptura:
2474 5514 2596 5552 eum
2624 5495 3212 5569 Constat-tudineloqui,
3254 5495 3377 5571 quas
3417 5495 3608 5559 eodem
3647 5518 3762 5559 ex-

2156 5567 2419 5636 plicanda:
2448 5578 2577 5623 sunt
2605 5574 2787 5636 modo,
2824 5580 2883 5627 ut
2908 5583 2991 5626 est
3020 5567 3149 5625 illud
3189 5567 3346 5627 Joan.
3378 5588 3459 5628 ιιι.
3495 5575 3562 5629 16
3596 5592 3609 5628 :
3657 5574 3763 5632 Sic

2153 5636 2297 5715 Deus
2347 5639 2528 5694 diluxit
2559 5647 2838 5715 mundum,
2890 5653 2946 5696 ut
2990 5642 3186 5696 Filium
3227 5660 3379 5697 suum
3426 5645 3763 5715 unigenitum

2152 5711 2298 5787 daret
2328 5725 2347 5765 :
2376 5719 2429 5787 ut
2456 5712 2625 5766 omnis
2652 5716 2745 5783 qui
2778 5715 2954 5787 cre_dit_
2980 5715 3033 5768 in
3078 5729 3229 5787 eum,
3279 5732 3388 5787 non
3412 5711 3609 5787 pereat,
3658 5717 3766 5772 sed

2152 5779 2341 5836 habeat
2368 5783 2526 5835 vitam
2554 5779 2819 5839 cateruam.
2847 5785 2914 5840 Et
2942 5784 3060 5841 haec
3086 5784 3236 5839 Pauli
3268 5801 3313 5852 ι,
3347 5779 3489 5841 Tim.
3525 5779 3604 5851 tv,
3631 5787 3708 5844 10
3741 5806 3757 5842 :
