3962 6294
289 286 381 341 “5

768 282 1418 341 COMMENTARIORUM
1460 283 1526 339 1N
1568 282 2016 340 EVANGELIIJI
2055 282 2393 340 ΜΑΤῙἮᾹειΙ
2432 284 2564 340 LIB.
2605 284 2695 340 Ill.
2738 284 2894 341 CAP.
2934 284 3082 342 XXI.

3484 284 3591 342 Hii

281 402 461 457 multis
485 442 505 468 ,
560 402 617 458 id
670 410 790 469 est,
850 417 945 471 pro
1001 401 1087 455 his
1153 399 1246 472 qui
1309 399 1534 455 credere
1586 399 1882 453 voluerint.
1912 403 1964 462 Α
1994 398 2134 466 Quid
2158 398 2312 452 vultis
2341 408 2398 452 ut
2428 398 2619 469 faciam
2645 396 2784 453 vobis
2808 399 2833 452 ?
2856 396 3049 452 Dicunt
3075 398 3157 452 illi
3185 414 3206 454 :
3254 396 3500 465 Domine,
3534 408 3592 454 ut

348 491 531 557 (Vers.
562 494 633 549 19
665 492 850 565 seqq.)
888 491 957 546 Et
986 491 1364 563 egredientibus
1413 490 1519 545 illis
1546 491 1611 544 ab
1647 490 1882 559 Jericlto,

280 594 451 639 secuta
480 594 559 639 est
586 601 707 639 eum
737 585 888 638 turba
918 584 1103 638 multa.
1140 583 1208 636 Et
1234 600 1349 637 ecce
1376 583 1483 636 duo
1508 583 1631 637 eieci
1658 583 1886 637 sedentes

276 691 418 729 secus
439 676 601 743 niam,
633 675 916 730 audierunt
939 676 1062 747 quia
1080 674 1236 729 Iesus
1261 675 1542 740 transiret;
1563 684 1617 730 et
1632 673 1886 729 clamave-

277 777 422 835 runt,
454 769 685 823 dicentes
710 786 730 823 :
763 767 1003 833 Domine,
1046 769 1288 823 miserere
1329 770 1516 836 nostri,
1564 769 1645 838 ﬁli
1689 768 1879 823 David.

281 856 453 914 Turba
483 869 659 915 atem
687 861 988 929 increpabat
1016 877 1102 915 eos
1133 871 1187 915 ut
1218 871 1462 916 tacerent.
1508 865 1575 916 At
1602 861 1683 917 illi
1718 864 1884 935 magis

275 951 593 1018 clamabam,
621 953 850 1008 dicentes
877 970 897 1009 :
923 952 1164 1018 Domine,
1191 955 1428 1011 miserere
1453 956 1638 1023 nostri,
1668 955 1748 1025 ﬁli
1776 954 1886 1010 Da-

286 1049 391 1102 vid.
420 1046 575 1102 Multi
605 1048 852 1104 latrones
878 1056 1035 1104 erant
1065 1047 1121 1103 in
1151 1047 1391 1115 Jericho,
1420 1051 1511 1119 qui
1539 1048 1884 1120 egredientes

286 1148 340 1194 et
364 1137 766 1196 descendentes
792 1138 862 1195 de
891 1138 1193 1195 Jerusalem
1214 1184 1229 1207 ,
1266 1149 1290 1177 ε·
1324 1139 1632 1196 interficere
1669 1151 1724 1196 et
1764 1141 1883 1196 vul-

277 1246 472 1287 nerare
495 1241 907 1289 consueverant
932 1251 946 1288 :
980 1232 1186 1289 idcirco
1206 1232 1470 1289 Dominus
1493 1235 1639 1290 venit
1663 1234 1881 1293 Jericho

273 1339 401 1381 cum
424 1324 713 1397 discipulis
740 1326 880 1393 suis,
902 1338 962 1381 ut
990 1326 1185 1381 liberet
1212 1326 1552 1395 vulneratos,
1576 1337 1633 1383 et
1654 1330 1879 1386 multam

274 1416 494 1473 turbam
525 1432 715 1474 secum
749 1418 948 1473 trahat.
975 1417 1225 1490 Denique
1253 1429 1540 1490 postquam
1570 1420 1752 1491 egredi
1781 1437 1880 1477 vo-

268 1511 394 1567 lunt
440 1509 514 1565 ah
557 1509 803 1577 Jericbo,
843 1518 1031 1566 secuta
1077 1519 1164 1566 cst
1201 1526 1324 1565 eum
1377 1510 1532 1566 turba
1578 1512 1767 1567 multa.
1819 1512 1878 1570 Si

270 1604 568 1661 mansisset
596 1603 981 1677 Jerosolymis,
1006 1614 1065 1660 et
1092 1620 1386 1675 numquam
1430 1606 1497 1661 ad
1532 1606 1752 1663 humilia
1783 1608 1881 1665 de-

271 1698 602 1761 scendisset,
653 1698 809 1753 turba
837 1713 1011 1769 usque
1056 1698 1220 1754 hodie
1247 1699 1470 1755 sederet
1508 1700 1562 1755 in
1608 1701 1871 1767 tenebris,

1986 492 2291 563 aperiantur
2335 492 2474 545 oculi
2522 492 2705 546 nostri.
2756 490 2900 546 Cmci
2944 500 3121 558 erant,
3162 508 3269 563 quo
3300 500 3590 563 pergerent

1986 586 2310 656 ignorabant
2334 627 2351 653 ,
2379 597 2431 642 et
2459 587 2610 657 sequi
2637 601 2745 641 non
2774 596 3024 657 poterant
3050 586 3408 642 Salvatorem.
3448 584 3588 641 Mul—

1987 689 2056 735 tte
2099 679 2272 735 fovea:
2312 680 2366 734 in
2396 678 2637 747 Jericho,
2672 679 2858 734 multae
2904 693 3069 748 rupes
3115 688 3171 734 et
3218 686 3491 749 praerupta
3527 676 3583 732 in

1986 772 2314 843 profundum
2344 772 2618 841 vergentia
2653 790 2667 825 :
2723 770 2929 827 idcirco
2956 772 3216 827 Dominus
3242 778 3372 835 stat,
3403 779 3461 824 ut
3489 784 3585 825 ve-

1986 869 2105 921 nire
2134 867 2340 934 possint
2388 872 2446 921 et
2493 865 2676 920 vocari
2702 864 2880 934 jubet,
2913 880 2981 921 ne
3012 864 3182 919 turbae
3213 862 3536 933 prohibeant
3562 879 3579 917 :

1984 967 2042 1015 et
2089 960 2389 1029 interrogat
2410 960 2564 1025 quasi
2612 959 2869 1029 ignorans
2899 957 3027 1023 quid
3070 958 3262 1020 velint,
3312 965 3373 1011 ut
3396 972 3463 1011 ex
3493 972 3582 1012 re-

1983 1050 2278 1119 sponsione
2296 1064 2569 1106 caacorum
2594 1048 2881 1105 manifesta
2908 1048 3068 1121 159
3091 1048 3345 1104 debilitas
3374 1056 3576 1117 pateat,

1982 1155 2040 1201 et
2070 1143 2244 1198 virtus
2273 1158 2339 1199 ex
2372 1141 2615 1197 remedio
2641 1152 3023 1212 cognoscatur.

2058 1237 2234 1310 (Vers.
2256 1237 2374 1306 54.)
2394 1235 2639 1291 Misenus
2664 1248 2836 1290 autem
2859 1252 3038 1290 eorum
3063 1234 3236 1299 Iesus,
3270 1236 3436 1307 tetigit
3462 1251 3583 1290 ocuo

1983 1333 2061 1387 los
2097 1347 2275 1385 eorum
2311 1346 2331 1385 :
2361 1340 2410 1383 ct
2437 1330 2714 1400 confestim
2744 1329 3012 1394 viderunt,
3043 1335 3090 1382 et
3121 1328 3281 1381 secuti
3305 1337 3426 1382 sunt
3448 1343 3588 1381 eum.

1982 1426 2179 1497 Tangit
2220 1425 2426 1491 oculos,
2469 1432 2527 1480 et
2572 1431 2800 1494 praestat
2828 1421 3022 1478 artifex
3054 1420 3197 1492 quod
3248 1432 3438 1476 natura
3469 1434 3577 1474 non

1980 1518 2224 1575 dederat.
2256 1518 2358 1573 Aut
2385 1525 2534 1572 certe
2557 1515 2702 1586 quod
2723 1514 2982 1570 debilitas
3008 1512 3237 1577 tulerat,
3273 1510 3446 1567 donat
3471 1511 3577 1564 mi-

1982 1611 2299 1668 sericordia.
2331 1609 2634 1678 Statimque
2671 1606 2948 1670 viderunt,
2979 1612 3035 1659 et
3070 1603 3239 1658 secuti
3274 1610 3402 1657 Sunt
3429 1616 3576 1657 eum.

1981 1705 2081 1774 Qui
2132 1714 2258 1759 ante
2287 1703 2340 1758 in
2377 1700 2599 1757 Jericho
2624 1698 2891 1754 contracti
2921 1694 3209 1762 sedebant,
3259 1702 3315 1748 et
3342 1692 3579 1747 clamare

270 1800 330 1844 et
381 1790 435 1845 in
466 1789 661 1845 umbra
711 1791 921 1846 mortis.
984 1792 1145 1865 158
1184 1790 1291 1849 Sed
1320 1802 1378 1848 et
1403 1793 1513 1848 duo
1540 1795 1673 1850 caeci
1709 1802 1866 1851 erant
1894 1792 1944 1853 Β
1972 1808 2179 1855 tantum
2210 1804 2493 1861 noverant,
2534 1803 2722 1865 postea
2755 1799 3056 1863 sequuntur
3081 1789 3291 1857 Jesum,
3323 1803 3433 1844 non
3459 1797 3574 1843 tant

262 1880 419 1952 juxta
447 1881 614 1936 viam.
643 1881 832 1937 Ca:cos
854 1884 1093 1953 appellat
1120 1884 1216 1959 qui
1248 1883 1476 1939 necdum
1509 1886 1693 1940 dicere
1718 1897 1874 1956 pote-

265 1986 391 2029 rant
416 1993 431 2029 :
462 1974 529 2029 In
560 1975 758 2030 lumine
785 1985 874 2029 tuo
898 1975 1180 2031 ridebimus
1210 1975 1383 2032 lumen
1413 1975 1534 2049 (Ps.
1561 1994 1725 2043 xxxv,
1753 1979 1868 2049 10).

262 2065 439 2122 Sectis
468 2068 636 2135 viam,
685 2068 811 2139 quia
861 2068 1188 2124 videbantur
1210 2069 1428 2137 quidem
1461 2069 1621 2139 Legis
1669 2070 1873 2127 habere

268 2162 519 2217 notitiam
553 2180 567 2217 :
593 2162 692 2217 sed
716 2163 881 2230 viam,
913 2177 1034 2234 quae
1063 2163 1313 2219 Christus
1340 2172 1423 2219 est
1448 2204 1464 2230 ,
1497 2162 1821 2233 ignorabant
1854 2180 1869 2218 :

261 2268 409 2324 quos
435 2252 682 2324 plerique
723 2253 1032 2309 Pharisaaos
1078 2254 1387 2325 intelligunt
1433 2262 1492 2309 et
1513 2253 1869 2322 Sadducaeos,

265 2348 367 2403 alii
409 2362 541 2403 vero
567 2359 857 2419 utrumque
888 2349 1172 2420 populum,
1224 2359 1277 2405 et
1306 2350 1509 2405 veteris
1536 2349 1872 2405 Testamenti

267 2451 329 2495 et
359 2441 479 2494 novi
514 2457 527 2493 :
571 2440 715 2511 quod
744 2440 881 2495 alter
909 2442 1171 2512 scriptam
1206 2441 1400 2511 Legem
1424 2482 1438 2506 ,
1486 2441 1625 2496 alter
1652 2451 1872 2496 natura-

269 2534 380 2590 lem
407 2548 666 2605 sequens,
685 2532 804 2589 sine
825 2532 1045 2589 Christo
1065 2547 1242 2589 caecus
1266 2542 1405 2589 erat.
1441 2532 1507 2588 Hi
1537 2534 1660 2603 quia
1689 2550 1786 2604 per
1813 2550 1872 2590 se

268 2628 459 2684 videre
490 2642 602 2682 non
637 2636 910 2694 poterant,
933 2626 1226 2683 audierunt
1260 2627 1530 2697 praeconia
1550 2627 1870 2693 Salvatoris,

269 2729 330 2775 et
352 2719 589 2777 confessi
613 2730 741 2775 sunt
765 2721 937 2775 lilium
969 2720 1155 2776 David.
1187 2721 1284 2776 Sin
1306 2729 1488 2775 autem
1515 2731 1745 2790 uterque
1763 2734 1871 2774 ca:-

270 2828 370 2867 cus
397 2811 639 2868 refertur
666 2812 733 2866 ad
763 2812 1017 2883 populum
1047 2810 1359 2868 Iudaeorum
1377 2854 1392 2878 ,
1427 2814 1529 2866 hoc
1557 2810 1702 2882 quod
1729 2810 1756 2849 δ
1786 2826 1873 2867 se-

272 2906 480 2978 quitur,
499 2903 910 2978 Increpaltateos
933 2905 1103 2971 turba,
1131 2921 1294 2977 super
1314 2905 1550 2961 ethnicis
1570 2905 1875 2977 intelligen-

274 2998 406 3053 dum
438 3008 525 3055 est
558 3017 572 3053 :
601 3013 741 3070 quos
765 2999 1060 3069 Apostolus
1091 3007 1277 3054 monet
1316 3013 1386 3055 ne
1433 2997 1764 3069 glorientur,
1818 3006 1874 3052 et

270 3091 595 3160 superbiant
622 3101 816 3145 contra
843 3090 1082 3146 radicem
1104 3106 1256 3145 suam
1288 3090 1469 3163 (Rom.
1492 3093 1605 3160 x1);
1626 3089 1724 3145 sed
1748 3105 1868 3145 cum

1977 1890 2208 1961 pedibus
2227 1904 2389 1958 quam
2417 1887 2734 1943 virtutibus.

2048 1980 2215 2054 (Cap.
2249 1980 2395 2036 XXI.
2423 2009 2494 2020 —
2522 1979 2679 2035 Vers.
2714 1979 2741 2032 1
2770 1977 2961 2048 seqq.)
3019 1974 3090 2029 Et
3127 1990 3246 2030 cum
3291 1974 3581 2048 appropin-

1974 2081 2179 2142 quasset
2203 2072 2567 2143 Jerosolgmis.
2605 2079 2652 2126 et
2692 2072 2904 2124 venisset
2934 2066 3232 2137 Bethpltage
3260 2068 3330 2121 ad
3356 2076 3581 2120 montem

1979 2164 2170 2221 Oliveti
2191 2206 2208 2233 ,
2251 2176 2374 2219 tunc
2400 2162 2555 2220 Jesus
2582 2163 2722 2218 misit
2751 2162 2880 2216 duos
2913 2161 3223 2233 discipulos,
3252 2161 3428 2215 dicens
3464 2160 3536 2214 eis
3556 2175 3577 2213 :

1978 2255 2060 2311 Ite
2085 2260 2140 2311 in
2170 2257 2440 2312 castellum
2478 2256 2618 2328 quod
2644 2263 2824 2309 contra
2853 2270 2941 2308 vos
2985 2260 3059 2307 est
3094 2269 3114 2306 :
3144 2261 3193 2306 et
3233 2253 3411 2306 statim
3439 2252 3579 2306 inve-

1976 2353 2127 2408 nietis
2152 2342 2352 2407 asinam
2382 2352 2671 2422 alligatam,
2721 2356 2768 2402 et
2809 2346 3015 2419 pullum
3043 2362 3161 2399 cum
3182 2361 3244 2400 ea
3276 2360 3294 2397 :
3322 2342 3505 2398 solvite
3534 2351 3582 2397 et

1973 2444 2216 2500 adducite
2242 2445 2391 2498 mihi.
2422 2441 2490 2497 Et
2520 2442 2567 2496 si
2595 2442 2714 2513 quis
2744 2440 2883 2493 vobis
2907 2437 3107 2505 aliquid
3131 2436 3346 2504 dixerit,
3376 2437 3534 2491 dicite
3562 2454 3582 2492 :

1977 2537 2115 2605 Quia
2132 2536 2385 2592 Dominus
2404 2534 2483 2589 his
2496 2550 2627 2603 opus
2650 2531 2804 2587 habet
2822 2547 2842 2586 :
2868 2540 2916 2585 et
2937 2530 3209 2597 confestim
3224 2528 3445 2582 dimittet
3468 2543 3574 2581 ms.

1975 2628 2266 2700 Egreditur
2288 2627 2357 2683 de
2379 2626 2620 2692 Iericho,
2658 2623 2831 2679 turbis
2858 2621 3069 2678 eductis
3092 2621 3219 2677 inde
3240 2619 3580 2690 quampluri-

1976 2708 2102 2791 mis,
2125 2731 2180 2777 et
2206 2720 2369 2776 caecis
2402 2717 2613 2774 reddita
2644 2714 2902 2782 sanitate,
2933 2711 3332 2783 appropinquat
3359 2707 3585 2765 Jcroso-

1977 2813 2157 2886 lymis,
2192 2814 2400 2883 magnis
2420 2812 2620 2867 ditatus
2660 2808 2935 2865 mercibus
2970 2824 2985 2864 :
3017 2806 3196 2863 salute
3236 2803 3577 2861 credentium

1976 2906 2209 2970 reddita,
2243 2904 2452 2976 ingredi
2494 2903 2645 2974 cupit
2673 2904 2861 2960 urbem
2894 2901 3065 2970 pacis,
3113 2908 3169 2981 et
3199 2899 3377 2955 locum
3406 2897 3577 2952 visio-

1978 3000 2063 3055 nis
2087 3001 2202 3067 Dei,
2236 3005 2294 3055 et
2318 3012 2500 3053 arcem
2537 3007 2559 3035 ο
2588 2994 2959 3065 spcculatorii.
2992 2993 3235 3062 Cumque
3291 2990 3586 3061 appropin-

1976 3100 2169 3163 quaret
2186 3088 2565 3160 Jerosolymis,
2592 3096 2649 3142 et
2674 3088 2914 3142 venisset
2936 3082 3255 3154 Betbphage
3279 3082 3346 3137 ad
3365 3081 3582 3135 domum

272 3181 376 3252 ipsi
406 3198 596 3238 errore
638 3182 883 3253 priorum
926 3183 1116 3238 inserti
1175 3183 1375 3238 iuerint
1417 3198 1488 3239 ex
1528 3183 1768 3237 oleastro
1813 3182 1866 3237 in
1894 3183 1941 3247 C
1975 3184 2309 3241 maxillarum
2330 3181 2444 3253 (qui
2474 3180 2816 3236 sacerdotum
2850 3180 3065 3234 viculns
3091 3188 3244 3243 erat,
3274 3184 3330 3230 et
3359 3174 3578 3231 confes-

274 3275 471 3330 honam
503 3275 733 3343 olivam,
786 3290 1123 3346 nequaquam
1166 3274 1402 3330 debeant
1449 3274 1695 3330 invidere
1726 3274 1870 3345 prio-

272 3383 397 3425 rum
424 3368 608 3425 saluti.
653 3367 904 3424 Miserere
932 3371 1126 3435 nostri,
1167 3370 1245 3438 ﬁli
1272 3368 1465 3423 David.
1519 3371 1873 3440 lncrepantur

272 3479 308 3519 a
357 3463 550 3531 turbis,
581 3473 641 3520 et
683 3464 1029 3520 nihilominus
1067 3479 1174 3520 non
1217 3475 1441 3521 tacent:
1491 3464 1585 3521 sed
1628 3466 1873 3521 crebrius

275 3548 513 3633 idipsuot
545 3560 900 3632 ingeminant,
931 3569 989 3615 ut
1014 3558 1342 3616 desiderium
1371 3558 1589 3630 plenum
1620 3574 1764 3615 verte
1792 3559 1877 3614 lu~

274 3655 358 3709 cis
386 3653 699 3710 ostendant.

349 3747 530 3821 (Vers.
560 3748 654 3815 32,
684 3745 799 3817 55.)
828 3745 891 3802 Et
905 3747 1041 3803 stetit
1060 3747 1236 3814 Iesus,
1263 3759 1310 3802 et
1338 3745 1531 3801 uocauit
1553 3762 1662 3812 eos,
1685 3755 1734 3801 et
1755 3746 1829 3800 ait
1854 3763 1873 3799 :

276 3932 692 4006 Speravimttsia
708 3929 879 3986 Deum
907 3931 1097 3995 vivum,
1127 3930 1217 4006 qui
1243 3928 1598 4006 est_Salvator
1621 3928 1869 4006 omnium,

276 3998 500 4058 maxime
548 4000 831 4069 ﬁdelium:
871 4017 991 4071 quae
1039 4000 1437 4071 sapientis~ime
1484 4000 1635 4069 juxta
1674 3998 1876 4071 Catho-

279 4075 440 4129 licam
485 4076 645 4128 tidem
691 4070 899 4129 Auctor
923 4073 1045 4127 libri
1077 4071 1145 4126 de
1177 4071 1362 4125 Vocat.
1410 4070 1594 4134 Gent.,
1628 4085 1747 4137 cap.
1782 4070 1874 4133 51,

275 4146 477 4215 aliique
508 4143 708 4214 passim
732 4156 1033 4215 exponunt.
1083 4142 1334 4211 Alioquin
1363 4140 1740 4215 \'ideas_ltttuc_
1759 4138 1879 4215 Hie-

276 4211 702 4287 ronitui'locunt
739 4211 972 4287 ab’raliis
1014 4217 1261 4287 certatim
1297 4212 1501 4287 laudari
1535 4211 1879 4287 Ecclesiasti-

277 4304 356 4342 (ξω
386 4284 532 4340 ἰὶιιεί
564 4286 943 4355 scriptoribus,
974 4299 1206 4354 eumque
1250 4284 1715 4355 haereticis,quasi
1746 4297 1873 4355 pro-

276 4359 645 4428 pugnaculum
676 4353 857 4428 ubjict.
887 4353 1147 4411 Servatus
1178 4355 1362 4428 Lupus
1391 4356 1444 4406 in
1462 4354 1790 4428 Collectaneo
1812 4353 1876 4407 de

276 4426 442 4483 tribus
482 4427 886 4495 Qumstionibus,
918 4444 1041 4481 cum
1072 4428 1190 4493 ejus
1218 4427 1331 4495 huic
1360 4426 1523 4480 verba
1570 4426 1872 4495 recitasset,

277 4499 551 4554 Subinl'ert
592 4517 605 4552 :
664 4498 971 4554 Cautissime
1007 4496 1205 4551 Doctor
1235 4494 1591 4551 celeberrimus
1633 4494 1783 4554 vidit.
1813 4494 1877 4547 de

314 4571 736 4639 ualilmscumque
767 4569 1003 4633 ﬁdelibus
1044 4566 1436 4639 intelligendum
1461 4577 1681 4639 praplet:
1695 4563 1832 4639 illud
1856 4582 1874 4619 :

332 4642 483 4695 eribit
516 4643 569 4695 in
608 4635 695 4695 tua
712 4641 956 4720 “scientia
982 4642 1163 4720 frater,
1202 4635 1409 4720 propter
1427 4635 1618 4720 quem
1643 4635 1879 4720 Christus
1906 4637 1958 4696 D

279 4728 517 4766 mortuus
560 4722 658 4766 est.
706 4707 1079 4780 Observatque
1107 4707 1533 4780 Bedauiiisdem
1569 4708 1722 4780 hisce
1751 4708 1875 4760 Ilie—

280 4785 493 4855 ronymi
524 4783 705 4855 verbis
752 4797 909 4836 usum
954 4777 1010 4835 iti
1043 4779 1441 4855 Euplanatioue
1481 4778 1639 4855 ἔπειτελί
1670 4777 1877 4855 Ιίὺε-μζ,

280 4846 405 4924 οερῖ
440 4854 523 4908 10.
588 4853 889 4924 Ελεςαθηη
919 4866 1050 4905 vero
1090 4846 1143 4924 in
1175 4849 1347 4924 epist.
1376 4849 1443 4904 ad
1474 4848 1726 4904 Carolum
1757 4846 1882 4903 Cal-

280 4920 405 4978 vu'm
433 4940 642 4995 regem,
687 4920 775 4977 ubi
794 4923 987 4995 (doceri
1018 4922 1132 4995 vult
1164 4921 1261 4975 abs
1288 4920 1618 4995 Hieronymo
1648 4963 1663 4987 ,
1704 4936 1767 4995 ea
1798 4934 1879 4995 ea:-

281 4990 713 5070 position'ejusrta
727 4994 882 5061 [idem
894 4992 1201 5070 catholicam
1225 4992 1363 5045 solos
1390 4990 1569 5070 ﬁdeles
1594 5008 1701 5045 esse
1729 4990 1879 5070 intel-

283 5062 670 5139 ligendosfsire
696 5066 946 5190 ianratia
965 5079 1348 5134 permansuros,
1373 5066 1479 5117 sive
1514 5063 1578 5116 ab
1602 5079 1660 5115 ea
1684 5078 1778 5115 suo
1803 5062 1879 5115 vi-

283 5139 353 5190 tio
374 5155 684 5190 recessuros.
796 5136 961 5190 iuin‘te
1000 5151 1131 5190 vero
1174 5134 1246 5190 ita
1278 5134 1642 5190 Hieronvutus
1668 5135 1831 5187 sentit
1864 5150 1876 5186 :

283 5134 353 5191 tio
374 5155 684 5193 recessuros.
740 5134 961 5191 Minime
1000 5151 1131 5191 vero
1174 5134 1246 5190 ita
1278 5134 1642 5200 Hieronymus
1668 5135 1831 5187 sentit
1864 5150 1876 5186 :

284 5212 369 5278 qui
398 5212 681 5280 conceptis
722 5208 905 5262 verbis
951 5204 1694 5280 proﬁtetur,formam‘scrvi
1724 5202 1878 5280 Chri-

287 5272 424 5334 stum
458 5272 764 5348 accepistis,
799 5288 853 5349 ut
895 5272 993 5349 pro
1022 5278 1218 5331 mundo
1251 5272 1881 5349 (absolutelsanguinem

285 5353 512 5423 funderet
535 5371 556 5420 ;
577 5346 634 5406 et
664 5348 813 5418 quod
840 5346 915 5402 ait
945 5349 1310 5423 Evange‘lista,
1339 5346 1470 5423 dare
1487 5347 1713 5423 animam
1734 5361 1879 5423 suam

281 5416 696 5498 redemptionem
732 5436 829 5489 pro
861 5423 1052 5482 multis,
1100 5416 1168 5498 21d
1198 5417 1496 5498 specialem
1532 5416 1784 5498 transfert
1828 5416 1880 5469 in

280 5485 459 5552 ﬁdeles
504 5485 842 5551 bonitatem,
874 5507 994 5557 qua,
1027 5502 1077 5543 ut
1108 5485 1347 5553 Prosper
1372 5489 1481 5555 ait,
1514 5485 1735 5541 ostendit
1775 5501 1884 5539 esse

271 5578 465 5642 partem
497 5565 718 5642 generis
746 5563 984 5642 humani,
1014 5577 1129 5631 quin
1162 5564 1345 5614 merito
1375 5559 1498 5642 fidei
1527 5558 1773 5642 divinitus
1796 5557 1883 5642 in-

266 5625 478 5712 }piratm
494 5625 571 5694 ad
592 5650 857 5712 summam
883 5625 1037 5712 atque
1053 5625 1548 5712 wtemaanalutent
1576 5625 1885 5712 speciultbnf

266 5696 528 5785 beneﬁciis
558 5703 912 5785 provehatur.
949 5696 1249 5785 ingeniose
1282 5696 1709 5785 Tlteophila'ctus
1731 5696 1882 5785 'illud

260 5769 465 5853 multis,
497 5769 607 5855 pr'o
637 5775 887 5831 omnibus
907 5769 1160 5845 explicat.
1190 5773 1250 5828 οἱ
1289 5775 1414 5847 γὰρ,
1440 5769 1644 5843 inquit,
1676 5769 1884 5835 πάντες,

1977 3277 2150 3335 siouis
2176 3274 2423 3346 portabat
2453 3283 2635 3345 typum
2661 3288 2677 3338 ;
2704 3281 2757 3328 et
2784 3279 2907 3327 erat
2936 3271 3077 3325 situs
3104 3269 3157 3324 in
3188 3276 3374 3322 monte
3394 3266 3579 3321 0ιὶκέ-

1979 3372 2038 3436 ti,
2071 3370 2157 3424 ubi
2188 3368 2369 3423 lumen
2398 3365 2662 3433 scientiae,
2719 3362 2809 3418 ubi
2840 3363 3083 3418 laborum
3127 3368 3184 3416 et
3210 3358 3463 3414 dolorum
3492 3372 3582 3412 re.-

1977 3462 2181 3535 quies),
2214 3460 2363 3515 misit
2389 3458 2526 3515 duos
2552 3456 2851 3526 discipulos
2878 3469 3009 3509 suos
3034 3495 3050 3519 ,
3079 3449 3107 3489 ἀ
3136 3452 3436 3526 θεωρητικὸν
3482 3453 3570 3506 καὶ

1976 3556 2299 3632 ἐργαστικὸν,
2351 3553 2402 3608 id
2446 3563 2550 3618 est,
2596 3550 2865 3605 scientiam
2892 3560 2941 3603 et
2969 3562 3198 3621 Operam,
3232 3551 3292 3598 ut
3323 3540 3578 3612 ingrede—

1976 3658 2167 3707 rentur
2191 3648 2495 3706 castellum.
2531 3644 2780 3715 Dixitque
2803 3642 2882 3698 eis
2908 3660 2922 3696 :
2954 3640 3036 3695 Ite
3066 3641 3124 3694 in
3141 3637 3411 3693 castellum
3438 3633 3581 3705 quod

1978 3753 2163 3800 contra
2188 3759 2280 3799 oos
2304 3749 2403 3797 est.
2435 3742 2637 3796 Contra
2667 3736 2947 3809 apostolos
2970 3734 3117 3791 enim
3147 3741 3292 3795 erat,
3342 3742 3445 3786 nec
3488 3729 3579 3797 ju-

1978 3926 2172 3984 πολλοὶ.
2208 3923 2399 3978 Omnes
2425 3922 2584 3987 enim,
2614 3920 2920 3974 multisunt.
2954 3916 3022 3971 Et
3053 3914 3411 3987 Eltthymius:
3434 3911 3580 3987 Mul-

1978 3998 2044 4050 tis
2084 4006 2255 4051 autent
2300 3994 2425 4049 dicit
2463 3983 2600 4047 nunc
2638 4006 2733 4063 pro
2778 3989 3038 4063 omnibus.
3074 3983 3390 4063 requenter
3441 3985 3577 4063 enim

1983 4066 2258 4132 Scriptura
2284 4067 2407 4119 dicit
2432 4056 2749 4130 multos'pro
2777 4060 3031 4115 omnibus.
3066 4056 3378 4132 Itaquepro
3402 4057 3575 4109 omni—

1982 4139 2073 4193 bus
2100 4128 2261 4209 tradit
2297 4138 2522 4189 animant
2552 4128 2723 4209 suam,
2766 4146 3040 4209 omnesque
3083 4128 3297 4209 redemit
3332 4142 3354 4209 :_
3393 4141 3576 4194 quant-

1981 4226 2133 4280 quam
2156 4208 2303 4262 multi
2332 4224 2428 4262 sua
2467 4215 2648 4273 sponte
2673 4206 2724 4280 in
2754 4203 2998 4280 servitute
3015 4203 3378 4280 remanserint.

2054 4289 2080 4317 ι
2105 4280 2238 4333 Tres
2272 4279 2438 4332 Palat.
2476 4266 2634 4339 mss.,
2662 4274 3025 4329 descendentes
3050 4270 3113 4323 de
3150 4266 3492 4337 Jerosolymis
3519 4268 3576 4323 in

1981 4349 2191 4422 Iericho
2214 4350 2519 4422 interﬁcere.
2546 4358 2653 4422 QN)-
2798 4415 2831 4422 _
3011 4413 3023 4422 _
3143 4410 3176 4422 ,Α
3462 4408 3495 4422 ..

2052 4419 2080 4459 1³
2109 4420 2181 4475 Ita
2213 4408 2475 4489 Ovigenes
2502 4417 2710 4489 pridem
2740 4433 2755 4471 :
2790 4410 3205 4489 Duos,‘inqui_t,
3251 4423 3411 4463 ctecos
3439 4408 3579 4463 dice-

1981 4507 2098 4545 mus
2126 4484 2374 4545 Israele'm
2404 4500 2451 4543 et
2479 4484 2694 4543 Judazos
2722 4497 2843 4542 an'e
2869 4485 3061 4540 Christi
3091 4484 3368 4536 adventum
3406 4518 3420 4532 .
3457 4519 3471 4532 .
3498 4520 3512 4534 .
3562 4519 3578 4534 .

1982 4561 2213 4614 sedentes
2234 4577 2376 4615 secus
2396 4557 2718 4632 viam,iquod
2740 4561 2791 4611 in
2821 4556 2955 4632 [.ege
2981 4552 3325 4632 acpropltetis
3347 4566 3582 4632 commo-

1986 4642 2266 4695 rarentur;
2292 4646 2453 4685 cteros
2484 4624 2690 4699 quidem
2724 4628 2861 4698 quod
2891 4624 3009 4680 ante
3035 4624 3229 4699 Christi
3255 4624 3311 4675 in
3340 4624 3578 4699 ipsorum

1982 4704 2183 4756 animas
2209 4690 2485 4755 adventum
2497 4690 2648 4753 'veros
2674 4708 2723 4753 et
2737 4690 3008 4769 legitimos
3028 4696 3080 4750 in
3104 4693 3239 4767 Lege
3262 4708 3323 4745 ac
3350 4690 3579 4763 prophe-

1983 4775 2047 4828 tis
2070 4770 2462 4844 comprehensos
2489 4787 2670 4825 sensus
2694 4768 2903 4844 minime
2932 4768 3274 4844 intuerentur.

2059 4855 2079 4881 ε
2115 4831 2303 4898 Plures
2327 4855 2686 4911 mss.,arcem
2710 4838 3068 4911 speculatoris.
3105 4834 3275 4911 Burro
3306 4831 3576 4911 Betltpha-

1981 4931 2069 4985 ge,
2097 4916 2311 4967 domum
2341 4910 2696 4985 maxillarum,
2727 4902 2792 4964 ex
2833 4908 3067 4985 Origene
3109 4903 3170 4985 S_.
3204 4902 3366 4985 [inter
3409 4903 3578 4985 inter-

1982 4972 2224 5050 pretatur
2262 5001 2277 5038 :
2326 4985 2442 5053 ipse
2473 4983 2616 5038 enim
2650 4972 2752 5035 suo
2794 4972 2956 5053 sensti
2988 4975 3083 5030 lib.
3126 4972 3577 5053 de.Notn._Heltr.

1982 5044 2310 5125 Betltpltage,
2337 5044 2433 5116 ait,
2464 5056 2647 5125 donius
2674 5054 2778 5105 oris
2807 5049 3043 5125 vallium,
3067 5045 3146 5100 vel
3173 5044 3359 5097 domus
3382 5044 3577 5125 (inccta.

1985 5113 2178 5199 Syrum
2226 5113 2322 5192 Est,
2371 5113 2819 5199 non‘Ileltrteum.
2866 5119 3102 5199 Quidam
3149 5126 3334 5199 putant
3366 5113 3581 5199 domum

1975 5183 2319 5252 maxillarum.
2336 5196 2527 5251 vocari.
2558 5194 2689 5250 Vide
2717 5209 2837 5264 quae
2866 5183 2919 5245 in
2951 5206 3018 5246 eo
3046 5183 3193 5264 libro
3223 5186 3289 5239 ad
3322 5183 3461 5236 hanc
3484 5199 3580 5235 vo-

1982 5284 2100 5325 Cetu
2133 5270 2496 5324 observamus
2543 5285 2559 5321 :
2604 5256 2899 5332 Episiolam
2932 5274 3148 5326 qquue
3179 5256 3231 5311 in
3265 5264 3581 5332 nostranre-

1983 5323 2245 5394 censione
2274 5340 2399 5402 108,
2448 5338 2538 5392 ubi
2589 5323 2912 5406 Bethpltage,
2948 5323 3127 5406 uillam
3174 5323 3578 5381 sacerdotalium

1984 5409 2316 5465 maxillarum
2336 5401 2513 5464 vocat.
2543 5401 2754 5461 thabh.
2780 5401 3150 5475 speculatoris.
3250 5467 3275 5475 _
3463 5462 3498 5475 υ
3538 5463 3548 5474 _

2058 5462 2097 5517 δέ
2130 5462 2285 5547 Quas
2339 5462 2433 5533 abi
2460 5478 2690 5532 Erasmo
2743 5462 3104 5547 et'AVictoriog
3137 5467 3399 5547 confictas
3446 5462 3581 5547 dicit

1987 5540 2326 5606 Martianmus
2360 5550 2578 5621 Grmcas
2622 5560 2805 5607 voces,
2835 5545 3139 5621 θεωρητεκήν
3164 5541 3246 5594 καὶ
3272 5540 3575 5621 aspernetur»,

1984 5605 2169 5677 nostri
2187 5636 2402 5692 quoque
2432 5619 2726 5690 praeierunt
2755 5605 3015 5692 ὡς...ρῳ
3038 5605 3343 5692 θεωρητικὸέ
3364 5608 3467 5692 ηαξ
3495 5605 3577 5692 ip:

2057 5679 2252 5754 στικὸὶο.
2282 5679 2548 5762 (ιὶιειεῖιρη
2575 5688 2843 5762 improbo.
2892 5679 2968 5762 iis
3004 5684 3088 5762 bis
3121 5679 3259 5736 unus
3303 5679 3581 5734 Palatinus

2036 5767 2197 5822 atiuis
2226 5752 2442 5833 litteris,
2470 5752 2803 5817 Theoreticen'
2828 5767 2876 5812 et
2902 5752 3198 5835 Practicen.

2582 6276 3551 6294 JL—HJ-m
