3966 6342
387 355 409 411 i
426 354 488 408 Π

1670 341 1729 397 S.
1771 334 2043 397 EUSEBI!
2083 334 2459 393 lllEltONYMl

3583 322 3699 379 148

386 486 512 541 gum
534 470 902 525 doctrinarum
930 463 1144 521 volebat
1165 462 1434 530 accipere.
1462 455 1531 513 Et
1557 456 1751 519 statim,
1784 454 1979 523 inquit,
2007 455 2058 513 Α
2084 452 2285 522 quibus
2316 453 2419 507 nisi
2465 450 2644 505 anima
2679 450 2938 503 instructa
2969 444 3131 501 fuerit
3162 452 3216 502 et
3244 453 3457 511 ornata,
3499 452 3701 499 sesso-

385 564 654 619 invenietis
684 564 884 617 asinam
911 559 1202 628 alligatam,
1248 564 1297 608 et
1330 552 1533 625 pullum
1573 563 1692 603 cum
1733 564 1794 604 ea
1826 562 1843 601 :
1874 548 1980 602 sol-

382 660 490 713 uite
519 669 564 711 et
587 656 828 710 adducite
852 651 999 706 mihi.
1033 649 1266 717 Alligata
1310 653 1431 699 erat
1470 644 1621 698 asina
1655 642 1839 697 multis
1867 641 1984 695 vin-

389 751 531 805 culis
563 756 927 819 peccatorum.
958 741 1139 796 Pullus
1167 752 1384 809 quoque
1425 736 1683 801 lascivus,
1718 741 1773 786 et
1805 734 1986 787 freno-

393 856 511 897 rum
542 838 830 909 impatiens
865 832 1023 907 ιω
1051 846 1175 888 cum
1218 838 1413 892 matre,
1462 826 1760 884 secundum
1809 824 1987 878 Evan-

392 935 590 1006 geliqu
620 931 778 986 Luem
807 928 963 999 (Cap.
996 924 1134 996 xix),
1168 932 1194 960 ⁸
1225 922 1427 976 multos
1453 919 1685 975 habebat
1709 916 1986 978 dominos,

397 1042 503 1082 non
530 1026 619 1080 uni
647 1020 821 1080 errori
864 1031 918 1076 et
946 1018 1182 1090 dogmati
1214 1015 1464 1071 subditus
1489 1032 1502 1067 :
1539 1022 1595 1068 et
1623 1022 1801 1067 tamen
1836 1009 1987 1063 tnulti

402 1118 607 1174 domini
651 1114 741 1186 qtti
788 1110 892 1169 sibi
943 1118 1264 1183 potestatem
1309 1107 1554 1161 illicitum
1608 1102 1987 1165 vindicabant,

400 1211 646 1265 videntes
681 1220 867 1262 verum
907 1202 1194 1259 Dominum
1218 1239 1233 1262 ,
1282 1207 1339 1254 ct
1375 1208 1565 1253 servos
1593 1195 1710 1266 ejus
1752 1192 1987 1260 venisse,

395 1301 488 1373 qui
505 1301 569 1354 ad
587 1297 907 1354 solvendum
927 1294 1079 1349 missi
1098 1293 1331 1356 fuerant,
1356 1307 1465 1345 non
1483 1288 1691 1344 audent
1716 1287 1990 1341 resistere.

397 1396 530 1462 Quae
562 1394 631 1447 sit
659 1399 838 1446 autem
883 1389 1059 1453 asina,
1109 1396 1164 1442 et
1209 1386 1391 1455 pullus
1432 1384 1637 1449 asiam,
1670 1380 1911 1436 dicemus
1938 1379 1992 1433 iu

399 1487 653 1542 subditis.

467 1582 653 1655 (Vcrs.
681 1581 739 1646 4,
772 1578 855 1649 5.)
884 1576 1003 1648 Hoc
1025 1582 1197 1630 autem
1220 1574 1419 1644 factum
1435 1580 1531 1638 est,
1555 1580 1611 1625 ut
1628 1569 1996 1641 adimplet-etin

405 1676 545 1745 quod
570 1676 766 1728 dictum
791 1681 864 1727 est
891 1684 980 1741 per
998 1670 1322 1742 prophetam,
1351 1667 1602 1720 dicentem
1626 1680 1645 1718 :
1672 1663 1839 1717 Dicite
1864 1661 1989 1730 filia:

409 1766 561 1832 Sion,
590 1765 725 1819 Erce
748 1778 839 1817 res
860 1771 976 1816 tuus
998 1762 1132 1815 venit
1172 1759 1261 1813 tibi
1282 1766 1607 1823 mansuetus,
1632 1755 1816 1810 sedens
1845 1768 2001 1824 super

2086 558 2200 599 rem
2235 543 2435 599 habere
2463 541 2749 597 Dominum
2782 552 2891 595 non
2926 545 3187 593 meretur.

2159 636 2339 710 (Vers.
2372 638 2453 707 8.)
2486 635 2727 691 Plurima
2771 644 2943 689 autem
2980 632 3133 686 turba
3183 636 3475 683 straverunt
3518 627 3694 682 resti—

2088 743 2257 789 menta
2285 748 2379 787 sua
2402 733 2456 786 in
2482 733 2585 785 riu.
2621 728 2813 785 Videte
2837 725 3203 783 differentiam
3245 722 3697 792 uniuscujusque

2090 838 2360 896 personae.
2387 822 2634 893 Apostoli
2664 821 2985 875 vestimenta
3016 831 3113 872 sua
3144 827 3314 886 super
3342 815 3558 869 asinum
3593 828 3708 882 po-

2091 927 2247 979 nunt,
2275 918 2427 971 turba
2457 930 2576 986 qua:
2603 914 2761 969 vilior
2786 924 2894 976 est,
2918 909 3225 966 substernit
3252 906 3484 980 pedibus
3508 905 3648 961 asini
3682 923 3706 975 ;

2090 1008 2287 1067 necubi
2314 1009 2553 1066 offendat
2599 1008 2651 1062 in
2697 1006 2929 1077 lapidem
2956 1047 2972 1071 ,
3008 1018 3078 1059 ne
3104 1001 3280 1059 calcet
3317 1003 3531 1073 spinam
3559 1040 3575 1065 ,
3620 1010 3707 1056 ne

2095 1103 2316 1160 labatur
2350 1106 2403 1157 in
2438 1104 2669 1157 foveam.

2167 1198 2271 1252 Alii
2300 1205 2478 1251 autem
2508 1194 2771 1250 cadebant
2817 1207 2997 1247 ramos
3019 1189 3086 1246 de
3126 1189 3402 1245 arboribus
3423 1227 3439 1255 ,
3481 1197 3530 1242 et
3567 1196 3713 1243 ster-

2096 1289 2285 1344 nebant
2313 1290 2367 1343 in
2393 1289 2496 1342 uia.
2537 1288 2610 1343 be
2647 1285 2935 1342 arboribus
2967 1282 3245 1354 frugiferis
3268 1326 3281 1351 ,
3311 1280 3508 1351 quibus
3540 1294 3714 1335 mons

2096 1381 2293 1437 Oliveti
2321 1380 2567 1436 consitus
2593 1387 2700 1445 est,
2725 1377 3014 1434 caedebant
3036 1388 3242 1441 ramos,
3270 1374 3717 1443 sternebantque

2100 1475 2155 1529 in
2182 1475 2272 1530 via
2302 1492 2313 1529 :
2347 1483 2409 1529 ut
2451 1486 2618 1544 prava
2648 1478 2795 1528 recta
2821 1469 3066 1526 facerent
3092 1513 3106 1537 ,
3139 1474 3195 1523 et
3234 1474 3519 1538 aequarent
3564 1466 3718 1521 inre-

2099 1568 2282 1639 qualia
2312 1585 2326 1623 :
2351 1581 2460 1638 quo
2489 1567 2692 1622 rectius
2720 1574 2882 1632 atque
2914 1562 3165 1618 securius
3194 1561 3249 1616 in
3275 1559 3443 1616 corde
3470 1558 3717 1615 creden-

2103 1662 2261 1726 tium,
2291 1659 2567 1725 Christus,
2592 1658 2900 1713 daemonum
2924 1665 3088 1725 atque
3116 1653 3369 1709 vitiorum
3399 1651 3579 1707 victor
3607 1650 3707 1706 in-

2103 1756 2345 1812 cederet.

405 1857 605 1909 asinant
640 1853 927 1923 ett‘pullum
949 1851 1116 1920 ﬁliuni
1150 1847 1460 1922 subjugalis.
1506 1847 1620 1902 Hoc
1652 1847 1704 1900 in
1738 1844 2000 1915 propheta
2032 1838 2078 1898 Β
2177 1847 2359 1917 (Vers.
2398 1844 2480 1917 9.)
2509 1842 2695 1899 Turbte
2721 1853 2895 1898 autem
2922 1857 3038 1912 qua:
3068 1838 3424 1910 pra'cedebuut
3450 1883 3464 1907 ,
3504 1846 3553 1891 et
3589 1851 3721 1908 qua!

409 1946 671 2002 Zacltaria
702 1946 963 2014 scriptum
992 1952 1079 1998 est
1115 1942 1218 1997 :de
1242 1956 1350 2011 quo
1376 1939 1588 2010 plenius
1607 1981 1623 2005 ,
1656 1938 1702 1993 si
1729 1938 1854 1992 vitae
1882 1950 2004 2006 spa-

410 2042 542 2094 tium
574 2039 756 2103 fuerit,
788 2039 841 2091 in
873 2050 972 2091 suo
998 2035 1209 2090 dicetur
1233 2034 1373 2089 loco.
1424 2032 1581 2087 Nune
1627 2030 2003 2100 stringendum

406 2131 662 2197 breviter,
697 2130 841 2199 quod
891 2128 1193 2184 secundum
1223 2128 1460 2182 litteram
1502 2126 1555 2180 in
1586 2134 1763 2196 parvo
1796 2120 2005 2178 itineris

405 2223 583 2292 spatio
634 2235 799 2291 super
822 2233 1115 2289 utrumque
1140 2217 1345 2272 animal
1376 2216 1571 2273 sedere
1602 2231 1709 2270 non
1752 2214 2004 2285 quiverit.

412 2313 520 2367 Aut
547 2314 689 2368 enim
720 2312 859 2367 sedit
886 2312 1078 2373 asinae,
1111 2319 1167 2366 et
1193 2310 1371 2381 pullus
1397 2311 1603 2379 absque
1628 2318 1850 2364 sessore
1875 2306 2004 2362 fuit:

410 2416 506 2462 aut
532 2409 575 2462 si
607 2408 778 2478 pullo,
806 2405 953 2476 quod
992 2406 1164 2476 magis
1209 2404 1501 2474 competit,
1552 2417 1685 2457 usus
1713 2411 1797 2457 est
1818 2401 1884 2455 ad
1915 2416 2006 2457 se-

410 2500 672 2562 dendnm,
704 2498 853 2553 asina
883 2497 1044 2553 ducta
1075 2507 1158 2551 est
1184 2497 1376 2551 libera.
1430 2497 1571 2565 Ergo
1612 2510 1736 2549 cum
1778 2492 2010 2549 historia

415 2591 502 2646 vel
546 2588 1041 2661 impossibilitatem
1091 2588 1325 2651 habent,
1365 2587 1451 2643 vel
1490 2586 1899 2657 turpitudinem.
1942 2585 2011 2641 ad

416 2686 608 2741 altiora
635 2683 1051 2739 transmittimur
1080 2701 1094 2736 :
1127 2692 1187 2737 ut
1207 2682 1362 2737 asina
1389 2681 1418 2720 ι
1439 2681 1537 2737 ista
1571 2696 1691 2752 ηυδε
1717 2676 2013 2751 subjugalis

415 2780 538 2847 fuit,
588 2788 645 2835 et
671 2779 926 2844 edomita,
959 2785 1013 2833 et
1050 2777 1234 2848 iugum
1266 2776 1402 2847 legis
1432 2784 1704 2844 traxerat,
1730 2775 2012 2848 Synagoga

419 2871 783 2943 intelligatur;
819 2871 1002 2941 pullus
1039 2871 1228 2938 asinte,
1280 2869 1519 2924 lascivus
1566 2877 1620 2923 et
1664 2868 1819 2934 liber,
1872 2868 2016 2924 Gen-

420 2966 553 3020 tium
584 2966 836 3035 populus,
861 2964 1057 3033 quibus
1088 2962 1290 3018 sederit
1312 2961 1491 3025 Iesus,
1529 2971 1585 3016 et
1616 2961 1797 3016 missis
1825 2959 1889 3015 ad
1921 2974 2015 3017 eos

422 3069 444 3098 ε
475 3059 688 3114 duobus
713 3054 999 3127 discipulis
1023 3057 1155 3121 suis,
1188 3068 1296 3111 uno
1338 3056 1389 3109 in
1420 3053 1924 3120 Circumcisionem,
1959 3063 2016 3109 et

419 3155 595 3208 altero
623 3152 676 3206 itt
707 3151 930 3206 Gentes.

2105 1942 2470 2013 sequebantur,
2496 1939 2809 2004 clamabant,
2834 1937 3098 1991 dicentes:
3120 1935 3329 1989 Osanna
3353 1932 3464 2001 ﬁlio
3489 1929 3660 1984 Dat-id
3694 1947 3719 1987 :

2106 2034 2402 2088 benedictus
2432 2032 2519 2100 qui
2560 2032 2696 2085 venit
2740 2030 2796 2084 in
2844 2029 3057 2082 nomine
3103 2024 3362 2091 Domini;
3408 2038 3610 2077 osanna
3653 2022 3719 2076 in

2105 2124 2341 2179 excelsis.
2371 2122 2505 2191 Quia
2539 2122 2822 2176 manifesta
2854 2128 2936 2176 est
2966 2120 3222 2183 historia,
3250 2114 3592 2187 spiritualetn
3618 2128 3721 2170 se-

2104 2233 2336 2289 quamur
2376 2217 2623 2272 ordinem
2671 2213 3004 2271 disserendi.
3055 2212 3252 2267 Turbae
3297 2225 3418 2280 qua:
3468 2221 3721 2279 egre-ste

2110 2310 2327 2368 fuerant
2355 2309 2425 2366 de
2458 2309 2706 2375 Jerieho,
2749 2315 2807 2363 et
2840 2314 3041 2363 secutas
3090 2312 3219 2360 sunt
3265 2302 3604 2359 Salvatorem
3648 2315 3723 2358 ac

2110 2404 2414 2474 discipulos
2442 2402 2581 2472 eius,
2614 2409 2899 2473 postquam
2930 2400 3133 2470 pullum
3164 2398 3334 2452 asina:
3365 2397 3602 2451 solutum
3631 2396 3726 2449 vi-

2110 2502 2307 2555 derunt
2338 2496 2458 2571 (qui
2503 2507 2630 2553 ante
2662 2496 2859 2568 ligatus
2887 2491 3083 2565 fuerat)
3110 2502 3165 2548 et
3196 2490 3572 2562 apostolorum
3619 2503 3724 2544 ve-

2114 2593 2287 2647 stibus
2316 2599 2665 2655 exornatum,
2697 2597 2750 2643 et
2778 2587 3062 2642 sedentem
3081 2599 3252 2654 super
3273 2596 3395 2639 eum
3427 2580 3722 2637 Dominum

2113 2686 2317 2749 Jesum,
2347 2691 2749 2755 supposuerunt
2777 2683 3103 2737 vestimenta
3146 2692 3241 2732 sua
3270 2722 3284 2745 ,
3319 2687 3374 2733 et
3402 2681 3724 2732 straverunt

2113 2780 2257 2835 viam
2287 2778 2450 2834 ramis
2480 2777 2757 2832 arborum.
2807 2773 3055 2844 Cumque
3098 2786 3268 2841 opere
3312 2777 3511 2825 cuncta
3552 2768 3725 2826 fecis-

2116 2882 2258 2939 sent,
2288 2871 2437 2927 vocis
2464 2885 2682 2942 quoqne
2728 2869 2975 2924 tribuunt
3022 2865 3391 2922 testimonium
3423 2883 3437 2917 :
3472 2874 3525 2919 et
3571 2878 3721 2934 prm-

2117 2966 2373 3023 eedentes
2403 2974 2613 3035 °atqne
2639 2974 2934 3034 sequentes
2977 2976 3084 3017 non
3128 2961 3276 3016 brevi
3328 2967 3489 3031 atque
3533 2959 3722 3015 silenti

2119 3058 2459 3114 confessione
2495 3098 2510 3121 ,
2564 3055 2663 3111 sed
2723 3056 2964 3111 clamore
3022 3053 3341 3122 plenissimo
3398 3060 3655 3106 resonant
3703 3068 3718 3106 :

2123 3150 2335 3206 Osanna
2370 3147 2388 3188 ι
2422 3149 2532 3219 ﬁlio
2566 3148 2763 3215 David,
2792 3147 3086 3201 benedictus
3120 3146 3210 3217 qui
3257 3146 3392 3200 venit
3427 3145 3479 3199 in
3513 3146 3724 3199 nomine

490 3242 673 3317 (Vers.
704 3244 761 3307 6,
791 3241 873 3313 7.)
904 3242 1098 3295 Euntss
1122 3250 1297 3295 autem
1325 3239 1591 3312 discipuli,
1627 3244 1857 3311 fecerunt
1880 3242 2017 3296 sicut
2044 3215 2090 3279 C
2126 3244 2355 3300 Domini.
2383 3215 2540 3311 Quod
2578 3250 2755 3297 autem
2789 3241 2920 3297 dicit
2950 3257 2964 3295 :
2993 3215 3180 3294 Turba'
3207 3254 3323 3311 qua:
3361 3237 3725 3311 prweedebant

420 3339 664 3409 macepit
687 3335 795 3392 illis
815 3337 991 3391 Iesus.
1028 3334 1096 3390 Et
1114 3336 1442 3390 adduxerunt
1458 3336 1659 3388 asinam
1685 3345 1733 3389 et
1770 3330 1971 3403 pullum
1998 3350 2018 3390 :

419 3442 467 3485 et
489 3432 840 3501 imposuerunt
866 3442 1021 3502 super
1049 3442 1139 3483 eos
1170 3432 1466 3482 vestimenta
1482 3440 1601 3492 sna,
1632 3438 1680 3481 et
1713 3443 1831 3481 eum
1865 3429 2020 3482 desu-

421 3536 513 3595 per
535 3523 713 3577 sedere
736 3522 989 3593 fecerunt.
1016 3519 1336 3589 Pullttsgiste
1358 3527 1415 3575 et
1443 3519 1615 3583 asina,
1645 3519 1842 3589 quibus
1884 3534 2016 3589 apo-

424 3616 551 3671 stoli
582 3623 834 3670 sternunt
860 3614 1185 3667 vestimenta
1214 3626 1309 3666 sua
1331 3653 1346 3679 ,
1378 3620 1440 3665 ut
1474 3610 1635 3666 Jesus
1673 3612 1892 3666 mollius
1934 3626 2023 3669 se-

424 3710 572 3774 deat,
598 3718 723 3761 ante
740 3705 1032 3758 adventum
1057 3700 1354 3756 Salvatoris
1375 3702 1502 3755 nudi
1528 3712 1705 3768 erant,
1729 3703 2020 3773 multisque

422 3801 526 3856 sibi
554 3802 605 3852 in
637 3811 736 3853 eos
762 3796 1103 3850 dominatum
1132 3793 1561 3858 vindicantibus,
1592 3794 1801 3864 absque
1840 3795 2025 3864 Operi-

426 3899 610 3947 mento
636 3888 923 3958 frigebant.
977 3887 1265 3955 Postquam
1300 3901 1428 3941 vero
1460 3901 1753 3955 suscepere
1796 3899 2019 3958 aposto-

427 3986 564 4040 licas
603 3990 802 4048 vestes,
837 3980 1179 4052 pulchriores
1219 3976 1418 4046 effecti,
1452 3979 1737 4035 Dominum
1786 3981 2023 4039 habuere

425 4092 723 4134 sessorem.
755 4071 781 4111 ά
815 4072 990 4129 Vestis
1036 4080 1215 4128 autem
1253 4072 1552 4143 apostolica
1581 4114 1595 4140 ,
1631 4073 1786 4147 161
1815 4075 1901 4131 vel
1927 4075 2026 4131 do-

425 4170 599 4225 ctrina
628 4168 907 4234 virtutum,
939 4165 1023 4221 vel
1050 4162 1339 4221 edissertio
1370 4163 1769 4235 Scripturarum
1793 4167 2021 4239 intelligi

425 4271 627 4331 pOtest.
655 4261 772 4317 sive
801 4257 1307 4314 Eeeiesiastieorum
1339 4257 1652 4329 dogmatum
1686 4262 1975 4317 varietates
2006 4280 2019 4316 :

506 4488 535 4520 ⁸
562 4479 718 4538 Unus
735 4476 967 4542 Palatia,
995 4476 1180 4542 verba,
1208 4477 1296 4546 qui
1322 4474 1421 4531 sibi
1448 4484 1749 4545 potestatem
1789 4476 2026 4532 illicitum

431 4552 793 4617 vindicabant,
839 4550 948 4604 huc
972 4548 1249 4615 transfert,
1293 4560 1413 4616 qua:
1441 4547 1603 4603 tertio
1638 4548 1836 4603 abhinc
1861 4562 2023 4605 versu

429 4626 624 4682 habes.
673 4622 794 4678 Mox
838 4632 938 4689 pro
984 4618 1243 4683 subditus,
1294 4618 1571 4689 legebatur
1614 4618 1743 4674 olim
1774 4618 2020 4676 subditos.

428 4696 633 4754 Verum
656 4694 751 4758 ait,
778 4690 1007 4756 Victor.,
1027 4690 1207 4760 pullus
1230 4690 1418 4763 asina,
1451 4691 1826 4763 qnogentium
1856 4706 2024 4763 popu.

432 4768 520 4823 lus
550 4764 908 4832 significatur,
938 4772 1226 4831 propterea
1259 4762 1457 4815 multos
1489 4761 1746 4817 habuisse
1773 4761 2025 4819 dominos

429 4837 656 4902 dicitur,
688 4835 830 4905 quod
858 4833 976 4901 ipse
1023 4848 1130 4905 non
1173 4846 1283 4887 uno
1314 4841 1520 4905 tantum
1556 4846 1775 4901 errore,
1809 4848 2028 4904 unoque

428 4911 687 4979 dogmate
708 4904 991 4979 teneretur
1018 4904 1283 4979 obitoxins
1311 4918 1325 4967 ;
1362 4904 1457 4959 sed
1490 4906 1676 4979 multis
1720 4905 2022 4979 erroribus,

427 4974 886 5052 dogmatibustu
913 4974 1163 5031 subditus
1192 4983 1339 5030 esset
1364 4991 1376 5028 :
1405 4974 1603 5030 multos
1618 4976 1871 5032 dominos
1891 4977 2031 5031 tntil-

431 5060 518 5106 iOS
546 5063 745 5105 vocans
775 5056 1013 5104 errores.

506 5117 536 5159 δ
568 5119 793 5175 Erudite
816 5118 934 5172 haec
958 5115 1235 5172 transtulit
1261 5130 1326 5172 es
1355 5118 1701 5186 Adamantio,
1731 5118 1886 5187 cujus
1911 5118 2032 5175 haec

429 5193 599 5249 verba
625 5198 749 5246 sunt
776 5206 790 5243 :
833 5186 964 5243 Vide
982 5191 1123 5242 enim
1143 5202 1317 5240 annon
1348 5189 1457 5243 fttee
1481 5189 1779 5243 Servatoris
1800 5186 2033 5249 symbolo

431 5264 536 5317 sint
575 5277 665 5333 per
699 5257 986 5333 discipulos
1001 5262 1240 5333 jumeuta
1282 5274 1396 5333 sua,
1419 5261 1660 5333 surculis
1700 5257 2029 5330 exsolventis,

433 5348 522 5387 eos
548 5329 805 5404 uidelicet,
835 5331 925 5404 qui
943 5329 1071 5404 tunc
1101 5329 1166 5381 de
1186 5331 1379 5404 populo
1408 5330 1524 5404 hoc,
1564 5347 1771 5402 quoque
1799 5348 1830 5383 η
1867 5333 2034 5404 genu-

437 5404 531 5457 bus
556 5403 712 5471 ﬁdem
738 5400 955 5472 professi
977 5409 1097 5455 sunt
1123 5414 1141 5453 τ
1169 5400 1394 5472 peccatis
1414 5403 1549 5455 enim
1578 5400 1793 5456 astricta
1830 5400 1958 5466 cr'at,
1984 5411 2033 5457 et

437 5470 653 5544 alligata
690 5470 905 5543 antiqua
944 5486 1206 5544 synagoga
1239 5470 1526 5544 :_alligatus
1552 5488 1753 5542 quoque
1792 5483 1898 5525 erat
1927 5489 2032 5527 una

436 5540 552 5596 cuni
576 5560 635 5597 ea
668 5540 864 5611 pullus,
897 5540 1123 5612 populus
1146 5540 1397 5595 nimirum
1443 5558 1466 5596 ε
1496 5540 1730 5615 gentibus
1756 5545 2031 5599 novissime

432 5615 714 5684 conﬂatus,
748 5623 795 5668 et
822 5623 1097 5684 utramque
1120 5626 1225 5677 qua
1254 5619 1323 5666 ad
1348 5612 1622 5682 superbam
1646 5612 2029 5684 Jeresolgmam

435 5692 673 5738 ascensus
706 5693 847 5756 patet
884 5694 1003 5756 eum
1030 5686 1293 5756 accederet
1336 5684 1633 5756 Sospitator
1680 5698 1715 5739 ιι
1750 5684 2027 5756 discipulis

432 5760 690 5833 praecepta
716 5754 1381 5833 tradentibussolvilju‘ssit,
1396 5754 1519 5811 dato
1539 5757 1604 5810 iis
1630 5770 1721 5830 per
1739 5754 1850 5810 Itth
1864 5754 2025 5811 sem

436 5821 646 5892 Spiritu
675 5833 851 5882 sancto
878 5839 898 5883 :
926 5824 1159 5898 Accipite
1174 5821 1433 5895 Spiritum
1458 5821 1712 5896 sanctum,
1743 5835 1848 5894 etc.

2125 3346 2170 3391 et
2192 3352 2309 3408 qua
2334 3335 2696 3406 sequebantur,
2734 3344 3027 3404 utrumque
3068 3332 3311 3388 ostendit
3341 3331 3598 3401 populum
3618 3372 3632 3396 ,
3664 3339 3723 3387 et

2124 3429 2215 3499 qui
2247 3438 2373 3483 ante
2421 3425 2795 3497 livangelium,
2836 3435 2891 3481 et
2919 3426 3011 3494 qni
3057 3435 3179 3495 post
3208 3423 3560 3494 Evangelium
3606 3422 3723 3477 Do-

2126 3521 2274 3576 mino
2301 3521 2673 3584 crediderunt,
2703 3532 2946 3575 consona
2976 3519 3160 3575 Jesum
3191 3518 3559 3574 confessionis
3584 3533 3724 3577 voce

2128 3613 2350 3670 laudare
2380 3632 2394 3668 :
2426 3624 2484 3669 et
2511 3612 2813 3668 secundum
2861 3611 3166 3682 superioris
3213 3611 3483 3679 parabolze
3531 3625 3725 3667 esem~

2129 3707 2274 3778 plum
2319 3706 2654 3762 diversarum
2706 3705 2961 3761 iterarunt
3012 3706 3339 3775 operarios,
3390 3721 3554 3759 unum
3589 3705 3721 3763 fidei

2124 3799 2375 3869 accipere
2422 3800 2725 3866 prtemium.
2774 3795 2948 3851 Porro
2987 3794 3129 3865 quod
3177 3796 3468 3868 sequitur:
3501 3796 3721 3853 Usanna

2129 3892 2242 3959 ﬁlio
2269 3888 2459 3955 David,
2492 3888 2619 3959 quid
2643 3888 2939 3959 significet,
2979 3888 3133 3960 162
3163 3898 3217 3943 et
3245 3898 3370 3944 ante
3394 3904 3567 3943 annos
3600 3890 3721 3959 pitt-

2129 3982 2297 4036 rimos
2333 3980 2387 4034 in
2427 3980 2578 4036 brevi
2625 3978 2862 4049 epistola
2901 3987 2928 4026 ε
2959 3981 3025 4032 ad
3068 3978 3356 4033 Damasum
3390 4021 3403 4045 ,
3449 3988 3574 4034 tunc
3614 3977 3729 4034 Ro-

2133 4086 2307 4128 mana:
2353 4070 2500 4127 urbis
2530 4070 2885 4140 epiSCOpum,
2918 4069 3122 4125 dixisse
3169 4068 3429 4138 tuemini;
3474 4082 3530 4126 et
3576 4087 3723 4128 nunc

2133 4164 2495 4236 perstringam
2525 4164 2786 4219 breviter.
2820 4161 2881 4218 in
2909 4164 3214 4219 centesimo
3244 4164 3457 4221 decimo
3491 4165 3729 4235 septimo

2134 4262 2365 4332 psalmo,
2396 4261 2489 4331 qui
2520 4260 2809 4317 manifeste
2854 4259 2924 4316 de
2964 4260 3197 4316 adventu
3241 4260 3546 4318 Salvatoris
3588 4260 3729 4317 scri-

2167 4552 2177 4563 ,
2206 4489 2231 4519 ο
2258 4478 2617 4563 quoque
2647 4481 2822 4563 ipsum
2854 4481 3035 4563 hausit
3064 4498 3129 4537 ex
3158 4482 3547 4563 0rigcne,_qui
3571 4486 3724 4561 duos,

2130 4550 2537 4634 ait-xdlscipulos
2646 4550 2999 4624 interpreteris
3028 4550 3339 4634 anagogice,
3387 4550 3526 4610 dices
3568 4550 3729 4615 unum

2128 4622 2335 4695 quidem
2363 4636 2471 4677 esse
2499 4624 2729 4677 ordinem
2770 4622 2976 4690 eorum,
3019 4625 3108 4695 qui
3131 4622 3424 4681 ministrant
3451 4629 3728 4687 circumci-

2130 4696 2249 4766 sis_:
2272 4692 2500 4766 glterum
2525 4706 2719 4760 autent,
2759 4698 2850 4766 qui
2891 4692 3149 4766 gentibus.

2052 4797 2107 4858 Β
2202 4762 2228 4802 τι
2260 4763 2639 4849 (ξρηΐειδρηόμε
2684 4762 2782 4821 ιιίο’
2817 4762 3032 4822 rursum
3062 4767 3343 4838 Origenes,
3391 4768 3444 4824 in
3493 4787 3729 4844 euntque

2134 4836 2314 4890 liuettt
2338 4845 2636 4890 annotatto.

2185 4837 2314 4891 uetii
2338 4839 2636 4892 annotatio.

2198 4915 2234 4989 ,ο
2264 4906 2527 4989 Origines.
2546 4907 2777 4975 pridem,
2810 4907 2934 4989 Non
2953 4910 3091 4989 alia,
3124 4909 3321 4981 inquit,
3348 4914 3725 4989 pra'cedenles,

2136 4977 2243 5032 alia
2280 4993 2397 5031 vero
2445 4977 2804 5050 subsequentrs
2831 4979 3115 5048 dicebant;
3145 4977 3248 5037 uno
3275 4977 3411 5036 enim
3458 5001 3544 5039 ore
3583 4977 3729 5047 haud

2136 5065 2279 5103 secus
2305 5065 2365 5104 ac
2391 5064 2604 5103 σοηεονδ
2631 5058 2677 5105 et
2703 5066 2957 5105 consonus
2982 5057 3171 5107 chorus
3200 5053 3493 5108 clamabant
3528 5073 3704 5116 omnes

2137 5129 2188 5175 et
2231 5120 2520 5176 Serratoris
2565 5104 2945 5176 humanitatem
2990 5104 3091 5177 liis
3117 5104 3729 5189 uerbis"celebrabant";

2141 5190 2354 5245 Osanna
2386 5190 2496 5260 ﬁlio
2527 5190 2722 5259 David,
2755 5202 2864 5246 etc.

2215 5261 2234 5299 ῐ
2269 5260 2583 5336 Prontiseue
2614 5264 2664 5336 iu
2695 5278 2826 5317 mss.
2859 5263 3096 5319 Osiauna
3126 5264 3342 5336 legitur,
3377 5277 3431 5321 et
3460 5268 3669 5326 Osanna
3707 5291 3725 5329 :

2138 5340 2252 5411 tres
2279 5342 2455 5386 autem
2483 5333 2742 5399 Palatini,
2775 5349 2894 5411 pro,
2927 5336 3015 5406 qui
3042 5333 3208 5403 reuit',
3242 5337 3331 5392 hic
3358 5348 3521 5411 atque
3550 5342 3690 5400 inira

2140 5404 2228 5473 qui
2256 5411 2500 5484 cariturus
2531 5412 2626 5484 est,
2660 5388 2978 5473 praefertini.
3078 5388 3085 5389 ί
3119 5388 3127 5390 ⁷
3194 5388 3208 5403 ’
3246 5388 3328 5392 φ’
3360 5388 3519 5411 “““¹“’
3550 5388 3725 5414 ·····“ο

2211 5474 2522 5558 {Epistula
2568 5477 2620 5531 in
2668 5489 2851 5558 nostra
2894 5478 3217 5558 recensione
3256 5477 3330 5533 9.0
3373 5479 3474 5534 sub
3514 5480 3727 5544 initium

2135 5545 2391 5619 a_nni_585
2411 5545 2559 5612 data,
2583 5562 2744 5614 quam
2773 5548 2858 5603 hic
2888 5551 3134 5605 recolere
3161 5565 3342 5619 opera:
3374 5554 3605 5619 prctinm
3631 5559 3724 5617 sit.

2130 5616 2332 5691 Confer
2360 5632 2579 5691 quoque
2600 5621 2897 5691 _Urigenem
2926 5666 2941 5691 ,
2970 5634 3037 5674 ex
3066 5634 3175 5690 quo
3201 5616 3411 5691 bonam
3462 5624 3726 5686 subnexa:

2128 5687 2531 5829 ξξῖἒξῖἑθιίυηίε
2580 5689 2650 5746 de
2709 5687 2935 5747 Osanna
2978 5687 3190 5761 partem
3246 5690 3304 5747 S.
3365 5690 3570 5750 Doctor
3627 5715 3726 5757 ex-
