3966 6318
112 265 205 324 ιιθ

606 267 1278 328 COMMENTARIORUM
1324 270 1389 328 IN
1429 271 1890 333 EVANGELIUM
1933 273 2273 331 ΜᾹΤΤΗᾹΞΙ
2313 274 2442 331 LIB.
2488 274 2579 331 lli.
2622 276 2777 332 CAP.
2823 278 2966 333 XXI.

3344 279 3450 336 ιιςο

121 396 232 457 plus
255 393 367 451 est,
400 384 565 441 inter
587 397 806 443 caetera
835 385 938 445 hoc
965 401 1182 459 quoque
1211 385 1470 458 legimus:
1493 385 1745 459 Lapidem
1775 390 1822 455 Α
1852 386 2113 447 educatus
2143 388 2318 449 fuerat
2355 408 2368 446 :
2404 400 2426 425 ε
2463 400 2521 449 ιιι
2554 390 2655 448 llos
2680 395 2860 464 campi
2890 394 3195 453 nutriretur
3226 395 3283 452 in
3313 394 3448 455 llore

123 495 261 547 quem
286 477 728 548 reprobaverunt
766 478 1119 549 atdiﬁcantes,
1150 478 1234 531 hic
1262 479 1434 550 factus
1461 487 1537 533 est
1571 479 1623 535 in
1656 494 1744 532 ca-

128 581 215 641 put
242 570 457 643 anguli.
503 569 554 625 A
585 569 829 627 Domino
871 573 1066 641 [actum
1095 577 1167 623 est
1209 569 1350 625 istud
1386 567 1496 642 [AL
1522 567 1594 641 et]
1631 567 1730 624 hoc

126 676 195 722 est
220 664 473 720 mirabile
502 665 564 723 in
593 662 767 721 oculis
795 665 1011 720 nostris.
1043 662 1175 721 Htec
1202 671 1274 720 est
1299 663 1412 719 dies
1439 680 1596 734 quam
1624 663 1747 734 fecit

128 762 387 815 Dominus
416 799 435 825 ,
481 760 808 814 exsultemus
836 799 853 827 ,
883 767 929 813 et
955 759 1186 813 laetemur
1228 758 1284 811 in
1328 774 1408 812 ea.
1440 757 1748 830 Statimque

124 853 373 924 jungitur
408 869 423 905 :
464 850 513 906 ο
552 849 782 906 Domine
807 891 824 918 ,
874 849 1076 906 saluum
1119 866 1200 907 me
1248 851 1333 922 [ac
1367 865 1385 904 :
1419 847 1464 905 0
1501 850 1744 919 domine,

136 957 157 985 ³
188 948 313 1004 bene
339 961 685 1019 prosperare.
711 943 1026 1000 Benedictus
1045 946 1135 1016 qui
1162 944 1301 999 venit
1326 944 1381 999 in
1409 944 1614 998 nomine
1639 942 1748 999 Dot-

137 1042 263 1096 miai
292 1058 311 1096 :
344 1040 718 1096 benediximus
746 1038 890 1094 vobis
918 1039 982 1094 de
1012 1039 1168 1093 domo
1200 1037 1434 1105 Domini,
1466 1046 1522 1095 et
1550 1047 1747 1095 caetera

136 1132 315 1204 (Psal.
356 1148 508 1189 cxvn
528 1173 542 1197 ,
570 1131 642 1188 22
670 1130 865 1203 seqq.).
902 1131 1007 1187 Pro
1035 1144 1103 1187 eo
1131 1131 1274 1200 quod
1306 1130 1537 1187 habetur
1568 1131 1621 1187 in
1651 1131 1752 1188 Se-

138 1227 427 1297 ptuaginta
471 1225 905 1295 interpretibus;
931 1222 970 1279 ὧ
998 1228 1183 1301 Κύριε,
1212 1233 1381 1285 σῶσον
1422 1225 1514 1289 δὴ,
1548 1226 1601 1282 id
1638 1234 1745 1292 est,

139 1337 169 1374 ο
194 1320 469 1386 Domine,
512 1319 718 1375 saluum
755 1322 837 1388 {ac
859 1336 878 1385 ;
922 1319 975 1374 in
1020 1319 1251 1375 Hebraeo
1298 1319 1530 1391 legimus
1563 1337 1576 1372 :
1606 1335 1749 1377 sum

139 1427 338 1468 sonam
365 1426 594 1467 estsatis
626 1409 948 1483 (an.an
985 1420 1106 1473 mm
1133 1411 1300 1483 NJK),
1339 1411 1483 1482 quod
1522 1411 1750 1469 manife-

146 1506 291 1561 stius
314 1508 706 1574 interpretatus
733 1513 819 1559 est
842 1503 1200 1575 Symmachus
1229 1504 1416 1561 dicens
1449 1522 1462 1558 :
1498 1502 1744 1573 Obsecro,

144 1599 393 1665 Domine,
425 1597 645 1665 saluum,
681 1594 709 1635 ιι
738 1600 846 1668 fac,
878 1597 1106 1653 obsecro.
1138 1595 1309 1653 Nemo
1334 1611 1468 1666 ergo
1498 1605 1649 1668 putet
1677 1611 1747 1653 ex

142 1694 362 1751 duobus
398 1692 603 1761 verbis,
638 1690 831 1747 Graeco
858 1690 1142 1759 videlicet,
1169 1698 1225 1749 ct
1255 1690 1507 1759 Hebraeo,
1536 1706 1748 1749 sermo-

1849 481 2135 538 virtutum.

1921 573 2099 644 (Vers.
2130 574 2220 642 l2,
2256 573 2369 649 15.)
2400 575 2468 635 Ει
2495 578 2705 637 intrauit
2737 578 2895 635 Jesus
2928 581 2982 635 in
3013 579 3268 652 templum
3297 581 3400 641 Dei
3428 599 3448 641 :

1847 673 1897 723 et
1937 666 2173 738 ejiciebat
2216 684 2387 725 omnes
2422 670 2694 729 uendentes
2734 679 2784 728 et
2813 681 3037 729 ementes
3070 672 3124 729 in
3154 673 3371 743 templo,
3400 684 3451 735 et

1849 772 2051 813 mensas
2081 760 2576 827 nummulariorum,
2615 771 2661 819 et
2690 762 2969 821 cathedras
3004 763 3333 821 vendentium
3358 781 3449 827 co-

1850 849 2052 905 lumbas
2098 852 2297 907 evertit.
2352 851 2417 907 Et
2447 853 2583 909 dixit
2627 854 2698 911 eis
2730 870 2747 911 :
2777 853 3047 929 Scriptum
3074 864 3149 912 est
3190 873 3208 913 :
3250 853 3449 913 Domus

1850 958 1996 1009 mea,
2023 942 2206 999 domus
2249 946 2505 1003 orationis
2546 946 2811 1005 vocabitur
2850 964 2868 1004 :
2910 965 2997 1003 τοι
3038 959 3215 1007 autem
3255 950 3451 1021 fecistis

1849 1033 1998 1088 illam
2015 1035 2313 1107 speluncam
2328 1036 2616 1094 latronum.
2644 1038 2950 1097 Comitatus
2966 1042 3126 1098 Jesus
3147 1044 3304 1099 turba
3327 1058 3450 1100 cre-

1848 1127 2092 1184 dentium
2128 1131 2285 1203 (qnte
2309 1132 2638 1189 vestimenta
2672 1149 2769 1191 sua
2796 1145 2856 1189 ut
2897 1134 3070 1191 illaeso
3097 1137 3236 1209 pede
3266 1136 3448 1208 pullus

1851 1218 2156 1288 incederet,
2197 1221 2517 1293 straverat),
2551 1224 2857 1294 ingreditur
2886 1228 3172 1298 templum,
3203 1236 3255 1287 et
3286 1227 3439 1299 ejicit

1852 1326 2044 1368 omnes
2072 1314 2169 1385 qui
2206 1315 2519 1372 vendebant
2556 1326 2614 1373 et
2649 1319 2909 1376 emebant
2938 1320 2992 1377 in
3024 1321 3223 1392 templo
3254 1338 3266 1376 :
3297 1336 3451 1377 men-

1849 1421 2049 1479 easque
2076 1411 2566 1467 nummulariorum
2598 1412 2894 1480 subvertit,
2920 1422 2976 1470 et
2999 1413 3292 1472 cathedras
3316 1430 3450 1471 ven-

1849 1502 2096 1559 dentium
2134 1504 2417 1560 columbas
2452 1504 2764 1576 dissipavit,
2793 1506 3042 1578 dixitque
3070 1507 3174 1574 eis,
3202 1507 3271 1563 de
3299 1507 3447 1566 Scri-

1852 1596 2024 1666 pturis
2046 1599 2248 1653 sanctis
2261 1599 2637 1655 testimonium
2664 1599 3117 1672 prolerens(Isai.
3146 1601 3451 1672 LVI):quod

1849 1688 2042 1745 domus
2072 1689 2249 1745 Patris
2293 1691 2435 1761 ejus,
2466 1692 2732 1751 orationis
2774 1693 2971 1749 domus
3011 1708 3136 1750 esse
3174 1694 3446 1763 deberet,

144 1804 269 1844 nem
311 1801 439 1844 esse
468 1785 840 1856 compositum
866 1827 881 1851 ,
927 1786 1025 1842 sed
1073 1794 1246 1843 totum
1296 1785 1620 1845 Hebraicum
1651 1806 1662 1841 :
1690 1795 1747 1843 et
1775 1804 1820 1865 Β
1850 1796 1960 1839 non
2008 1783 2273 1854 spelunca
2324 1785 2598 1842 latronum
2627 1831 2642 1855 ,
2689 1787 2774 1841 vel
2818 1787 3018 1843 domus
3064 1789 3453 1859 negotiationis

140 1879 456 1951 signiﬁcare
498 1878 643 1949 quod
675 1877 946 1935 adventus
984 1876 1189 1935 Christi
1237 1878 1386 1936 salus
1426 1879 1615 1936 mundi
1648 1879 1740 1935 sit.

144 1970 300 2028 Unde
339 1980 397 2025 et
439 1967 687 2039 sequitur
727 1987 741 2022 :
787 1965 1101 2024 Benedictus
1138 1970 1226 2039 qui
1269 1970 1405 2024 venit
1442 1970 1497 2026 in
1540 1971 1746 2026 nomine

142 2063 383 2120 Domini.
440 2062 728 2119 Salvatorc
765 2078 981 2133 quoque
1028 2063 1080 2118 id
1125 2063 1300 2131 ipsum
1343 2064 1398 2120 in
1449 2065 1742 2135 Evangelia

140 2156 543 2227 comprobante
571 2174 583 2210 :
606 2154 725 2228 Ego
752 2156 866 2209 veni
895 2154 947 2209 in
977 2155 1183 2211 nomine
1206 2154 1386 2214 Patris
1409 2159 1531 2223 mei,
1559 2168 1609 2211 ot
1638 2175 1742 2213 non

138 2270 217 2307 me
242 2252 538 2322 recepistis.
570 2250 722 2305 Alius
752 2251 917 2306 veniet
947 2250 1003 2305 in
1027 2250 1233 2305 nomine
1259 2267 1377 2316 suo,
1406 2261 1451 2307 et
1482 2252 1745 2324 recipietis

138 2362 259 2401 eum
289 2343 485 2402 (Joan.
509 2358 564 2413 v,
598 2342 676 2411 4).
728 2341 949 2399 Necnon
991 2343 1136 2413 quod
1170 2344 1438 2414 jungitur,
1487 2345 1700 2401 Osanna
1722 2390 1737 2413 ,

140 2437 192 2491 id
218 2446 336 2500 est,
372 2437 519 2489 salus
550 2435 602 2489 in
632 2435 883 2500 excelsis,
915 2435 1199 2504 perspicue
1227 2436 1557 2501 ostenditur,
1593 2436 1739 2507 quod

138 2530 411 2586 adventus
439 2526 642 2584 Christi
695 2542 802 2583 non
851 2537 1060 2584 tantum
1102 2527 1381 2585 hominum
1427 2530 1610 2595 salus,
1643 2530 1740 2587 sed

144 2621 307 2676 totius
347 2618 538 2676 mundi
587 2618 700 2675 sit:
735 2628 952 2675 terrena
989 2619 1226 2691 jungens
1263 2622 1582 2679 cmlestibus
1613 2641 1623 2675 :
1672 2621 1743 2678 Ut

139 2729 288 2768 omne
309 2728 450 2784 genu
483 2712 529 2767 ei
554 2714 795 2782 ﬂectatur
843 2710 951 2784 [ΔΙ.
979 2713 1201 2785 ﬂectat],
1233 2713 1511 2770 caelestium
1537 2756 1551 2781 ,
1580 2726 1741 2771 terre-

142 2807 349 2875 strium,
381 2815 432 2861 et
464 2805 790 2877 infernarum
824 2804 1089 2878 (Philipp.
1122 2822 1185 2872 ll,
1224 2808 1331 2879 l0).

212 2897 399 2967 (Vere.
434 2897 555 2969 10.)
587 2896 802 2955 Etcum
851 2900 1088 2955 intrasset
1128 2899 1510 2971 Jerosolymam
1533 2942 1548 2966 ,
1597 2918 1739 2957 com-

145 3002 280 3049 mota
298 3001 377 3047 est
403 2992 642 3045 universa
665 2991 867 3057 civitas,
887 2992 1065 3047 dicens
1090 3007 1106 3045 :
1135 2992 1266 3059 Quis
1295 3001 1369 3048 est
1391 2994 1518 3048 hic?
1545 2992 1738 3066 Populi

144 3082 249 3155 [AL
301 3081 491 3153 Multi]
538 3092 707 3139 autem
753 3084 1012 3139 dicebant.
1076 3084 1403 3142 lntroeunte‘
1438 3088 1564 3143 Jesu
1611 3102 1737 3145 cum

1853 1874 2069 1945 (Jerem.
2103 1874 2200 1947 vn)
2233 1892 2249 1931 :
2279 1876 2425 1933 sicut
2454 1878 2506 1933 in
2537 1878 2646 1935 alio
2677 1878 3035 1949 Evangelista
3065 1882 3333 1951 scriptum
3362 1891 3449 1937 est

1848 1966 2030 2039 (Joan.
2064 1966 2145 2038 ιι).
2198 1968 2277 2027 Ex
2314 1970 2415 2025 hoc
2462 1969 2701 2038 primum
2742 1971 3024 2029 sciendum
3054 2014 3068 2037 ,
3099 1973 3246 2042 quod
3286 1973 3446 2044 iusta

1848 2059 2102 2117 mandata
2152 2060 2312 2131 Legis
2355 2063 2745 2131 augustissimo
2793 2064 2846 2118 in
2902 2072 3014 2118 toto
3056 2065 3189 2121 orbe
3235 2066 3440 2134 templo

1848 2152 2106 2219 Domini,
2137 2162 2193 2209 et
2218 2153 2285 2209 de
2328 2156 2542 2211 cunctis
2586 2170 2727 2225 pene
2767 2156 3089 2227 regionibus
3131 2156 3451 2214 Judmorum

1848 2239 1975 2297 illuc
2015 2241 2214 2311 populo
2259 2239 2601 2308 conﬂuente,
2636 2243 3062 2300 innumerabiles
3092 2244 3453 2303 immolaban-

1848 2341 1934 2388 tur
1958 2333 2152 2390 hostite
2175 2378 2189 2402 ,
2223 2336 2462 2394 maxime
2489 2336 2647 2395 festis
2671 2337 2869 2395 diebus
2888 2377 2905 2405 ,
2941 2347 3220 2401 taurorum
3242 2379 3259 2405 ,
3302 2340 3448 2396 arie-

1849 2436 1958 2482 tum
1988 2469 2002 2494 ,
2053 2429 2326 2485 hircorum
2362 2445 2374 2481 :
2410 2430 2746 2501 pauperibus
2798 2446 2870 2486 ne
2918 2430 3127 2498 absque
3175 2431 3451 2487 sacriﬁcio

1844 2530 2052 2585 essent,
2079 2521 2260 2586 pullos
2279 2520 2679 2589 columbarum,
2707 2533 2763 2579 et
2786 2529 3025 2579 turtures
3047 2521 3406 2583 ollerentibus
3431 2541 3444 2576 :

1843 2610 2125 2667 accidebat
2157 2611 2498 2684 plerumque,
2529 2622 2587 2669 ut
2611 2614 2699 2684 qui
2722 2612 2792 2673 de
2823 2613 2984 2685 longe
3012 2623 3298 2681 venerant,
3333 2629 3443 2669 non

1844 2700 2114 2760 haberent
2144 2703 2412 2762 vietimas.
2460 2706 2926 2777 Excogitaverunt
2974 2707 3140 2777 igitur
3189 2708 3451 2764 sacerdo-

1845 2802 1946 2859 tes,
1973 2793 2248 2864 quomodo
2280 2796 2518 2867 prtedarn
2551 2797 2621 2854 de
2653 2799 2853 2870 populo
2884 2797 3147 2868 facerent,
3179 2810 3236 2854 et
3260 2801 3443 2859 omnia

1844 2886 2100 2943 animalia
2127 2888 2328 2959 quibus
2352 2905 2490 2961 npus
2523 2902 2644 2951 erat
2669 2893 2737 2948 ad
2764 2894 3033 2951 sacriﬁcia
3054 2934 3070 2961 ,
3104 2894 3447 2962 vendebant,

1842 2988 1902 3035 ut
1928 2988 1984 3036 et
2011 2979 2322 3039 venderent
2352 2997 2460 3041 non
2489 2983 2840 3050 habentibus,
2873 2995 2929 3039 et
2957 2986 3059 3057 ipsi
3088 3000 3304 3045 rursum
3334 3001 3450 3043 em-

1843 3082 1932 3144 pta
1963 3074 2328 3145 susciperent.
2364 3074 2515 3135 llanc
2543 3077 2826 3147 stropham
2874 3092 3064 3135 eorum
3112 3077 3306 3137 crebra
3354 3094 3448 3136 ve-

145 3176 301 3235 turba
354 3185 470 3236 tota
492 3217 507 3240 .
555 3176 1029 3248 Jerosolymorum
1077 3179 1268 3235 civitas
1315 3188 1690 3237 commovetur
1715 3222 1731 3249 ,
1761 3189 1806 3250 ο
1840 3171 2103 3227 nientium
2137 3171 2318 3242 inepia
2349 3170 2692 3240 dissipabat,
2723 3173 2814 3241 qui
2865 3172 3185 3241 indigebant
3215 3174 3447 3243 sumpti-

146 3274 352 3327 mirans
373 3269 753 3342 frequentiam,
784 3273 1032 3329 nesciens
1060 3273 1344 3330 veritatem
1373 3314 1388 3340 ,
1431 3282 1487 3330 et
1505 3275 1731 3332 dicens:

148 3362 276 3429 Quis
304 3371 383 3418 est
406 3361 492 3415 hic
514 3362 541 3416 ?
568 3362 722 3431 Quod
748 3362 972 3433 quidem
1003 3363 1056 3420 in
1083 3364 1195 3419 alio
1226 3365 1344 3420 loco
1370 3364 1612 3421 dicentes
1642 3381 1740 3422 an-

146 3453 300 3522 gelos
321 3454 552 3524 legimus
578 3472 592 3508 :
620 3454 756 3522 Quis
779 3463 857 3511 est
877 3455 974 3511 iste
994 3472 1085 3511 rea;
1104 3458 1288 3529 gloriae
1311 3456 1433 3528 (Ps.
1457 3473 1615 3525 unt,
1635 3457 1693 3525 8)
1713 3460 1736 3519 i

151 3546 288 3602 Aliis
315 3556 503 3602 autem
532 3548 621 3603 vel
651 3547 1081 3618 ambigentibus,
1111 3548 1199 3607 vel
1228 3549 1696 3620 interrogantibus
1716 3593 1734 3620 ,

151 3637 274 3695 vilis
318 3638 601 3708 plebecula
649 3641 943 3699 conﬁtetur
973 3658 984 3694 :
1016 3656 1048 3699 a
1079 3642 1383 3701 minoribus
1427 3642 1694 3714 incipiens
1718 3685 1735 3712 ,

154 3738 211 3786 ut
236 3730 308 3787 ad
338 3731 542 3803 majora
573 3732 884 3803 perveniat,
912 3743 969 3793 et
997 3735 1129 3792 dicit
1162 3754 1174 3790 :

226 3823 382 3895 163
409 3822 513 3879 Hic
539 3833 612 3883 est
639 3822 796 3881 Jesus
836 3827 1087 3897 propheta
1114 3843 1149 3881 a
1179 3826 1449 3883 Nasaretlt
1478 3824 1734 3889 Galilaete.

156 3914 445 3988 Propheta,
476 3932 641 3989 quem
673 3928 732 3976 et
757 3920 974 3991 Moyses
1001 3921 1233 3979 similem
1263 3921 1344 3976 sui
1369 3920 1584 3979 dixerat
1615 3936 1739 3979 esse

154 4020 463 4078 venturum,
486 4019 542 4067 et
565 4012 659 4082 qui
683 4012 904 4083 proprie
928 4013 1069 4083 apud
1095 4014 1318 4075 Graecos
1344 4031 1467 4073 cum
1500 4026 1522 4055 ε
1549 4016 1739 4079 artbro

154 4101 429 4161 scribitur.
471 4099 498 4147 δ
539 4102 586 4161 Α
621 4102 894 4162 Nazareth
941 4115 1121 4163 autem
1169 4104 1451 4175 Gslilaaae,
1480 4109 1610 4179 quia
1658 4107 1735 4171 ibi

223 4292 477 4365 evocem
510 4293 658 4361 bene,
693 4292 916 4360 quidam
948 4307 1081 4349 mss.
1115 4295 1387 4365 ignorant.

224 4362 249 4400 δ
276 4364 500 4439 Aliquot
540 4377 674 4439 mss.
721 4366 1055 4421 interserunt
1085 4362 1209 4439 _nie._
1252 4365 1421 4439 Paulo
1465 4376 1589 4439 post
1640 4382 1738 4437 pro

162 4451 456 4508 sermonem,
488 4435 768 4508 legebatur
795 4451 1045 4490 sermone.
1083 4436 1244 4492 Levia
1292 4436 1343 4491 id
1384 4435 1560 4508 genus
1604 4435 1735 4493 sub-

166 4506 280 4560 inde
312 4506 461 4561 taciti
488 4506 838 4575 castigamus.

233 4586 255 4613 ε
284 4574 339 4631 Id
363 4586 466 4646 est,
490 4593 609 4631 eam
634 4574 877 4632 articulo.
904 4574 1014 4632 Alii
1038 4576 1283 4642 codices,
1305 4593 1427 4632 cum
1445 4580 1689 4634 asterisco
1720 4596 1736 4633 :

166 4647 269 4713 alii,
295 4665 414 4703 cum
435 4649 682 4717 martyrio
705 4691 720 4715 ,
745 4663 906 4717 quam
930 4649 1044 4704 fere
1072 4651 1245 4704 secuti
1270 4656 1397 4703 sunt
1438 4650 1732 4706 lectionem

1848 3266 1970 3332 bus,
2003 3278 2057 3321 et
2086 3280 2194 3321 non
2226 3266 2399 3321 solum
2438 3266 2597 3338 164
2627 3266 2837 3323 hostias
2868 3282 2976 3323 non
3010 3267 3313 3335 habebant,
3348 3267 3448 3324 sed

1844 3372 1914 3412 ne
1946 3356 2088 3413 unde
2118 3369 2366 3413 emerent
2391 3356 2613 3428 quidem
2659 3371 2790 3411 aves
2835 3367 2889 3413 et
2915 3356 3047 3412 vilia
3090 3359 3443 3415 munuscula.

1846 3449 2155 3507 Posuerunt
2184 3450 2366 3521 itaque
2391 3460 2448 3507 et
2478 3450 2877 3509 nummularius
2908 3451 2996 3519 qui
3045 3458 3290 3507 mutuam
3340 3451 3445 3507 sub

1846 3545 2100 3601 cautione
2129 3544 2325 3601 darent
2350 3546 2660 3614 pecuniam.
2691 3542 2798 3603 Sed
2831 3546 2953 3615 quia
2979 3555 3098 3600 erat
3128 3544 3272 3617 Lege
3301 3560 3446 3621 prte-

1842 3646 2059 3705 ceptum
2084 3635 2273 3709 (Leuit.
2301 3652 2427 3702 xxv,
2455 3646 2512 3693 et
2538 3636 2694 3693 Deut.
2731 3635 2916 3708 mn),
2952 3647 3008 3692 ut
3044 3651 3207 3695 nemo
3239 3652 3440 3697 usuras

1843 3730 2138 3800 acciperet,
2168 3741 2225 3787 et
2250 3730 2514 3800 prodesse
2541 3745 2649 3786 non
2678 3739 2892 3800 poterat
2916 3729 3147 3801 pecunia
3174 3728 3444 3794 lenerata,

1835 3844 1959 3900 quae
1983 3829 2253 3885 commodi
2299 3828 2432 3889 nihil
2478 3828 2743 3896 haberet,
2788 3836 2846 3883 ct
2893 3827 3171 3886 interdum
3222 3837 3432 3889 sortem

1842 3923 2114 3993 perderet,
2147 3923 2603 3992 excogitaverunt
2633 3931 2688 3978 et
2721 3920 2884 3979 aliam
2917 3921 3172 3978 technam
3199 3963 3214 3989 ,
3248 3929 3305 3979 ut
3338 3936 3437 3992 pro

1842 4015 2264 4080 nummulariis,
2308 4011 2330 4052 ί
2373 4012 2692 4085 Collybistas
2742 4014 3023 4082 facerent,
3075 4012 3233 4082 cujus
3282 4013 3439 4071 verbi

1841 4108 2232 4179 preprietatem
2262 4106 2456 4165 Latina
2502 4106 2688 4176 lingua
2740 4120 2848 4163 non
2895 4104 3182 4175 exprimit.
3229 4102 3451 4175 Collyba

1842 4299 2214 4355 nummulario
2260 4297 2422 4355 datur
2468 4311 2568 4366 pro
2599 4296 2986 4353 commutanda
3019 4295 3273 4365 pecunia.
3311 4293 3448 4351 Vide

1842 4369 2013 4426 lexica
2055 4370 2264 4427 Graeca.
2293 4367 2752 4427 Mum—Aliam
2785 4384 2811 4425 a
2844 4367 3007 4438 vulgo
3049 4375 3267 4435 recepta
3300 4366 3444 4438 apud

1842 4449 2056 4495 veteres
2102 4440 2412 4510 Scriptores
2454 4440 2778 4494 sententiam
2829 4438 3266 4510 hicpropugnat
3320 4438 3442 4510 Hief

1846 4526 2143 4582 ronymus,
2187 4508 2316 4582 dum
2362 4511 2691 4581 Collybistas
2732 4524 2825 4563 eos
2870 4508 3041 4563 fuisse
3088 4508 3283 4582 tradit,
3346 4509 3440 4577 qui

1846 4578 2132 4651 pecuniam
2181 4581 2356 4637 fenori
2390 4578 2581 4636 dantes
2613 4595 2714 4649 pro
2747 4595 2909 4634 usuro
2935 4622 2948 4643 ,
3005 4593 3142 4651 quae
3169 4578 3288 4648 lege
3319 4594 3445 4646 pro-

1847 4648 2155 4717 hibebatur,
2174 4653 2303 4707 villa
2329 4648 2646 4707 munuscula
2670 4651 2971 4721 exigerent.
2997 4652 3113 4721 Qua
3130 4648 3186 4721 in
3212 4663 3446 4721 refunus

168 4711 511 4799 Erasmus,et
537 4711 827 4799 Victorius
844 4720 1085 4799 legentes
1108 4735 1230 4799 cum
1260 4727 1352 4778 τοῦ
1382 4717 1577 4797 ἅρτρου
1606 4744 1741 4799 μαρ-
1766 4711 1820 4772 Β
1845 4724 1989 4799 (ιιιρά
2011 4711 2199 4799 Διιιιὶιιξιιι
2237 4725 2288 4779 ei
2326 4723 2473 4799 favet
2501 4711 2910 4799 llesychiuvsab
2940 4711 3140 4799 liuetio
3163 4719 3441 4799 laudatus,

162 4794 327 4865 topia,
358 4790 413 4845 id
440 4800 547 4857 est,
578 4806 699 4843 cum
724 4790 932 4844 articuli
958 4792 1268 4845 testimonio.
1419 4790 1430 4797 ’
1485 4790 1495 4796 ”
1606 4790 1615 4794 ⁷
1684 4790 1693 4799 “

224 4863 253 4899 ⁴
286 4862 447 4917 Plura
473 4877 581 4917 non
613 4863 859 4917 retinent
879 4876 1013 4918 mss.
1041 4863 1297 4926 codices;
1325 4862 1455 4917 editi
1484 4870 1611 4918 ante
1641 4878 1743 4919 nos

168 4930 285 4988 libri
314 4934 393 4988 sic
420 4935 634 5001 legunt,
668 4940 717 4986 et
747 4934 836 5000 qui
863 4935 1071 5001 promis
1094 4934 1237 4999 apud
1261 4933 1472 4989 Graecos
1497 4936 1740 4988 scribitur

165 5010 392 5083 cumaea
421 5003 613 5083 ἄρθρου
646 5005 1023 5083 μαρτγρίᾳ-ηια
1050 5017 1125 5059 est
1145 5022 1319 5083 ,_cnm
1352 5006 1566 5083 articuli
1596 5008 1740 5060 testi-

166 5076 364 5147 monia,
395 5074 528 5144 διὰ,
558 5074 683 5144 quas
712 5074 840 5147 mihi
873 5074 1124 5129 videntur
1156 5076 1486 5131 Erasmianm
1524 5091 1745 5147 compo-

166 5143 412 5214 sitionis,
472 5143 523 5202 et
578 5143 702 5216 non,
740 5145 1149 5216 llieronyiniani
1198 5156 1508 5202 contextus.
1564 5143 1741 5203 Mser.

232 5216 641 5290 tfllnncgomittit
668 5215 939 5290 Victorius
953 5215 1203 5290 versum,
1219 5227 1277 5272 ut
1296 5218 1393 5290 ﬂos
1413 5220 1606 5290 campi,
1631 5226 1738 5274 etc.

237 5286 255 5325 ί
290 5290 363 5345 De
392 5287 716 5361 Collybistis
743 5288 974 5361 diximus
1001 5287 1068 5343 ad
1084 5286 1306 5361 flexit-on
1336 5286 1653 5359 Origenian.
1688 5291 1744 5345 in

168 5361 299 5414 netis
314 5378 327 5412 :
344 5357 531 5429 neque
548 5361 636 5431 his
655 5357 960 5431 contrarius
976 5369 1063 5431 est
1081 5357 1458 5431 Hieronymus,
1482 5361 1608 5431 quia
1629 5361 1749 5431 ipse

165 5447 264 5510 non
286 5427 528 5510 loquitur
546 5430 616 5510 de
642 5427 875 5510 Collybo,
898 5427 991 5497 qni
1015 5442 1131 5485 erat
1148 5427 1354 5510 species
1382 5427 1749 5510 numistnaiis,

166 5501 298 5573 unde
314 5500 375 5557 et
401 5500 852 5573 Collybisttedicti
883 5510 1045 5565 sunt;
1074 5502 1167 5555 sed
1186 5500 1259 5556 de
1281 5504 1613 5573 ntunusrutis
1633 5516 1755 5571 quas

163 5571 838 5644 Collybist'egaccipiebant
864 5585 960 5644 pro
987 5572 1183 5638 usuris,
1204 5572 1420 5644 quando
1450 5573 1755 5640 pecuniam,

164 5645 211 5699 id
250 5639 357 5709 est,
388 5642 655 5714 Collybos,
689 5639 912 5714 fenerati
938 5656 1143 5714 (erant.
1198 5642 1412 5699 Nummi
1456 5639 1644 5713 itaque
1677 5639 1756 5698 le?

165 5716 327 5770 aerati
391 5709 717 5769 dicebantur
757 5709 979 5784 ‘Coltgbi
1034 5752 1050 5778 ,
1099 5724 1157 5769 et
1201 5730 1427 5770 munera
1482 5709 1605 5769 data
1658 5729 1758 5784 pro

166 5786 261 5842 illis
293 5784 718 5856 appellabantur
744 5780 979 5854 Collyba.
1028 5787 1186 5841 Certe
1214 5784 1448 5841 Collibus
1492 5795 1575 5841 est
1616 5780 1758 5856 quod

1852 4790 1939 4872 tibi
1966 4796 2212 4872 κόλλυϐα,
2235 4796 2522 4872 egomet:
2557 4790 3261 4872 collybo,_b.ellaria..friaium
3280 4792 3440 4872 cicer.

1849 4865 1986 4921 Nam
2022 4860 2428 4937 proprie'idém
2469 4867 2588 4932 ipse
2614 4860 2917 4937 Hesychius
2939 4903 2953 4927 ,
3002 4860 3242 4937 κόλλιέϐος
3279 4861 3449 4915 inter-

1852 4931 2281 5006 pretaturisldo;
2321 4931 2670 5009 νομίσματος,
2686 4931 2774 4988 uoti
2799 4932 2826 5009 ᾇ
2853 4935 2914 5009 ἐνΔ
2939 4940 3013 5006 τῷ
3048 4931 3236 5009 χαλκῷ
3272 4950 3446 5009 nexa.

1848 5002 2247 5084 ῥαγμένοςβοῦς
2271 5026 2282 5063 :
2311 5002 2503 5080 species
2529 5006 2874 5084 nuntijmatis,
2904 5002 3127 5084 infnjns
3149 5002 3449 5084 tereimago

1850 5071 1985 5133 boris
2014 5071 2427 5153 et°at_'inipressa,
2460 5079 2545 5153 cui
2578 5086 2635 5133 et
2658 5074 2845 5153 Pullus
2881 5081 2935 5153 et
2963 5071 3152 5136 Su’ida,
3178 5071 3444 5153 vetusut)-

1850 5165 2082 5219 rumque
2103 5145 2441 5219 Scriptorum
2472 5146 2887 5219 Glossatoresin
2916 5145 3019 5199 hoc
3045 5145 3284 5219 maxime
3312 5158 3448 5195 ron-

1850 5216 2113 5289 sentiunt,
2149 5233 2205 5275 ut
2229 5216 2511 5290 'collybum
2541 5233 2638 5290 pro
2669 5218 2793 5290 vilis
2824 5216 3087 5290 nuntmuli
3118 5226 3323 5290 genere
3353 5228 3447 5290 ac-

1852 5290 2072 5359 cipiam.
2100 5282 2671 5359 'Aristoplianes,'oodt
2698 5288 2979 5359 κολλύϐου,
3004 5300 3069 5359 ne
3096 5282 3298 5359 collybo
3327 5285 3450 5353 qui-

1859 5355 2009 5427 dem,
2049 5355 2338 5415 emendant
2392 5362 2580 5415 falcem
2624 5360 2787 5423 dixit;
2837 5368 2893 5411 et
2939 5355 3334 5421 Callimachus,
3394 5365 3454 5409 ut

1858 5447 2124 5486 summam
2143 5445 2375 5486 annonae
2392 5431 2533 5500 apud
2561 5429 2764 5484 inferos
2790 5428 3051 5483 vilitatem
3073 5437 3419 5500 exaggerauit
3434 5465 3450 5492 ,

1860 5505 1983 5580 βοῦν
2002 5545 2015 5571 ,
2039 5505 2114 5580 ait
2131 5542 2147 5580 _,
2179 5504 2405 5580 ηολλῤϐῳ
2428 5493 2792 5580 ἰ(τιτι-ιοήσκοιηιιπ
2810 5540 2825 5564 ,
2852 5500 3021 5580 bovem
3037 5493 3244 5575 collybo
3273 5496 3454 5580 diserto

1862 5568 2009 5630 'dtmt.
2047 5574 2252 5629 Exinde
2275 5568 2591 5636 Collybisize
2614 5612 2628 5635 ,
2659 5568 3006 5624 nummularil
3028 5608 3043 5632 ,
3076 5572 3165 5635 qui
3214 5568 3453 5636 pretiosa

1864 5648 2189 5703 nomismata
2220 5640 2502 5701 vilioribus
2533 5649 2924 5709 permutarent,
2947 5654 3108 5705 quam
3130 5648 3304 5693 artem
3338 5640 3456 5708 ipse

1865 5718 2059 5792 Pollux
2082 5718 2323 5792 ἀλλαγὴν,
2341 5730 2452 5792 nos
2482 5713 2676 5770 eodem
2701 5726 2863 5768 sensu
2895 5709 3165 5792 Comitium
3190 5709 3455 5792 dicimus.

1869 5788 1935 5843 Et
1962 5804 2092 5848 vero
2118 5783 2236 5861 ipso
2262 5788 2558 5861 Urigenes,
2603 5800 2633 5840 a
2678 5801 2790 5856 quo
2824 5784 3053 5842 multam
3096 5783 3459 5855 expositionis
