  <div class='ocr_page' id='page_1' title='image "/cluster/home/n/w/nwhite01/storage/ocr_20150623/26/uva.x000826568/083.png"; bbox 0 0 4044 6328; ppageno 0'>
   <div class='ocr_carea' id='block_1_1' title="bbox 537 345 636 399">
    <p class='ocr_par' dir='ltr' id='par_1_1' title="bbox 537 345 636 399">
     <span class='ocr_line' id='line_1_1' title="bbox 537 345 636 399; baseline 0.02 -2"><span class='ocrx_word' id='word_1_1' title='bbox 537 345 636 399; x_wconf 67' lang='lat' dir='ltr'><strong>ibi</strong></span> 
     </span>
    </p>
   </div>
   <div class='ocr_carea' id='block_1_2' title="bbox 1785 321 2586 396">
    <p class='ocr_par' dir='ltr' id='par_1_2' title="bbox 1785 321 2586 396">
     <span class='ocr_line' id='line_1_2' title="bbox 1785 321 2586 396; baseline -0.014 -7"><span class='ocrx_word' id='word_1_2' title='bbox 1785 335 1843 389; x_wconf 89' lang='lat' dir='ltr'><strong>s.</strong></span> <span class='ocrx_word' id='word_1_3' title='bbox 1891 323 2166 385; x_wconf 75' lang='lat' dir='ltr'><strong>EUSEBII</strong></span> <span class='ocrx_word' id='word_1_4' title='bbox 2204 321 2586 396; x_wconf 68' lang='lat' dir='ltr'><strong>Iltenonvm</strong></span> 
     </span>
    </p>
   </div>
   <div class='ocr_carea' id='block_1_3' title="bbox 3734 320 3853 375">
    <p class='ocr_par' dir='ltr' id='par_1_3' title="bbox 3734 320 3853 375">
     <span class='ocr_line' id='line_1_3' title="bbox 3734 320 3853 375; baseline -0.034 0"><span class='ocrx_word' id='word_1_5' title='bbox 3734 320 3853 375; x_wconf 65' lang='lat'><strong>{5&#39;2</strong></span> 
     </span>
    </p>
   </div>
   <div class='ocr_carea' id='block_1_4' title="bbox 533 438 3849 527">
    <p class='ocr_par' dir='ltr' id='par_1_4' title="bbox 533 438 3849 527">
     <span class='ocr_line' id='line_1_4' title="bbox 533 438 3849 527; baseline -0.007 -14"><span class='ocrx_word' id='word_1_6' title='bbox 533 459 793 516; x_wconf 90' lang='lat' dir='ltr'><strong>dicuntur</strong></span> <span class='ocrx_word' id='word_1_7' title='bbox 819 459 958 527; x_wconf 88' lang='lat' dir='ltr'><strong>apud</strong></span> <span class='ocrx_word' id='word_1_8' title='bbox 990 472 1087 511; x_wconf 87' lang='lat' dir='ltr'><strong>eos</strong></span> <span class='ocrx_word' id='word_1_9' title='bbox 1108 497 1123 520; x_wconf 96' lang='lat'><strong>,</strong></span> <span class='ocrx_word' id='word_1_10' title='bbox 1154 468 1273 523; x_wconf 78' lang='lat' dir='ltr'><strong>qum</strong></span> <span class='ocrx_word' id='word_1_11' title='bbox 1303 467 1402 506; x_wconf 91' lang='lat' dir='ltr'><strong>nos</strong></span> <span class='ocrx_word' id='word_1_12' title='bbox 1431 452 1770 521; x_wconf 89' lang='lat' dir='ltr'><strong>appellamus</strong></span> <span class='ocrx_word' id='word_1_13' title='bbox 1799 454 2088 517; x_wconf 86' lang='lat' dir='ltr'><strong>tragemata</strong></span> <span class='ocrx_word' id='word_1_14' title='bbox 2108 483 2124 508; x_wconf 96' lang='lat'><strong>,</strong></span> <span class='ocrx_word' id='word_1_15' title='bbox 2152 441 2204 500; x_wconf 78' lang='grc' dir='ltr'>Α</span> <span class='ocrx_word' id='word_1_16' title='bbox 2231 439 2309 493; x_wconf 90' lang='lat' dir='ltr'><strong>cia</strong></span> <span class='ocrx_word' id='word_1_17' title='bbox 2338 481 2352 503; x_wconf 94' lang='lat'><strong>,</strong></span> <span class='ocrx_word' id='word_1_18' title='bbox 2396 455 2500 494; x_wconf 90' lang='lat' dir='ltr'><strong>non</strong></span> <span class='ocrx_word' id='word_1_19' title='bbox 2531 439 2799 494; x_wconf 89' lang='lat' dir='ltr'><strong>donorum</strong></span> <span class='ocrx_word' id='word_1_20' title='bbox 2846 439 3116 508; x_wconf 77' lang='lat' dir='ltr'><strong>cupiditas</strong></span> <span class='ocrx_word' id='word_1_21' title='bbox 3141 480 3156 507; x_wconf 91' lang='lat'><strong>,</strong></span> <span class='ocrx_word' id='word_1_22' title='bbox 3189 454 3255 494; x_wconf 90' lang='lat' dir='ltr'><strong>ne</strong></span> <span class='ocrx_word' id='word_1_23' title='bbox 3303 438 3643 506; x_wconf 79' lang='lat' dir='ltr'><strong>ingrediatur</strong></span> <span class='ocrx_word' id='word_1_24' title='bbox 3673 439 3849 493; x_wconf 83' lang='lat' dir='ltr'><strong>Jesus</strong></span> 
     </span>
    </p>
   </div>
   <div class='ocr_carea' id='block_1_5' title="bbox 537 535 2126 613">
    <p class='ocr_par' dir='ltr' id='par_1_5' title="bbox 537 535 2126 613">
     <span class='ocr_line' id='line_1_5' title="bbox 537 535 2126 613; baseline -0.011 -8"><span class='ocrx_word' id='word_1_25' title='bbox 537 554 622 608; x_wconf 91' lang='lat' dir='ltr'><strong>vel</strong></span> <span class='ocrx_word' id='word_1_26' title='bbox 647 552 769 606; x_wconf 81' lang='lat' dir='ltr'><strong>vilia</strong></span> <span class='ocrx_word' id='word_1_27' title='bbox 814 547 1150 604; x_wconf 86' lang='lat' dir='ltr'><strong>munuscula.</strong></span> <span class='ocrx_word' id='word_1_28' title='bbox 1190 544 1350 599; x_wconf 86' lang='lat' dir='ltr'><strong>Verbi</strong></span> <span class='ocrx_word' id='word_1_29' title='bbox 1399 543 1608 613; x_wconf 88' lang='lat' dir='ltr'><strong>gratia,</strong></span> <span class='ocrx_word' id='word_1_30' title='bbox 1643 540 1766 595; x_wconf 81' lang='lat' dir='ltr'><strong>frixi</strong></span> <span class='ocrx_word' id='word_1_31' title='bbox 1815 539 1924 612; x_wconf 85' lang='grc' dir='ltr'><strong>[ΑΙ.</strong></span> <span class='ocrx_word' id='word_1_32' title='bbox 1959 535 2126 608; x_wconf 75' lang='lat' dir='ltr'><strong>fricti]</strong></span> 
     </span>
    </p>
   </div>
   <div class='ocr_carea' id='block_1_6' title="bbox 539 632 2126 709">
    <p class='ocr_par' dir='ltr' id='par_1_6' title="bbox 539 632 2126 709">
     <span class='ocr_line' id='line_1_6' title="bbox 539 632 2126 709; baseline -0.011 -8"><span class='ocrx_word' id='word_1_33' title='bbox 539 645 772 707; x_wconf 90' lang='lat' dir='ltr'><strong>ciceris,</strong></span> <span class='ocrx_word' id='word_1_34' title='bbox 807 655 1139 709; x_wconf 87' lang='lat' dir='ltr'><strong>uvarumque</strong></span> <span class='ocrx_word' id='word_1_35' title='bbox 1171 651 1453 707; x_wconf 89' lang='lat' dir='ltr'><strong>passarum</strong></span> <span class='ocrx_word' id='word_1_36' title='bbox 1484 677 1498 701; x_wconf 89' lang='lat'><strong>,</strong></span> <span class='ocrx_word' id='word_1_37' title='bbox 1528 644 1582 691; x_wconf 87' lang='lat' dir='ltr'><strong>et</strong></span> <span class='ocrx_word' id='word_1_38' title='bbox 1613 649 1774 704; x_wconf 87' lang='lat' dir='ltr'><strong>poma</strong></span> <span class='ocrx_word' id='word_1_39' title='bbox 1803 632 2006 688; x_wconf 76' lang='lat' dir='ltr'><strong>diversi</strong></span> <span class='ocrx_word' id='word_1_40' title='bbox 2036 645 2126 700; x_wconf 89' lang='lat' dir='ltr'><strong>ge-</strong></span> 
     </span>
    </p>
   </div>
   <div class='ocr_carea' id='block_1_7' title="bbox 536 721 2123 803">
    <p class='ocr_par' dir='ltr' id='par_1_7' title="bbox 536 721 2123 803">
     <span class='ocr_line' id='line_1_7' title="bbox 536 721 2123 803; baseline -0.012 -10"><span class='ocrx_word' id='word_1_41' title='bbox 536 736 702 792; x_wconf 86' lang='lat' dir='ltr'><strong>neris.</strong></span> <span class='ocrx_word' id='word_1_42' title='bbox 737 733 904 803; x_wconf 88' lang='lat' dir='ltr'><strong>lgitur</strong></span> <span class='ocrx_word' id='word_1_43' title='bbox 929 733 1054 800; x_wconf 82' lang='lat' dir='ltr'><strong>quia</strong></span> <span class='ocrx_word' id='word_1_44' title='bbox 1081 744 1277 783; x_wconf 89' lang='lat' dir='ltr'><strong>usuras</strong></span> <span class='ocrx_word' id='word_1_45' title='bbox 1300 727 1552 798; x_wconf 89' lang='lat' dir='ltr'><strong>accipere</strong></span> <span class='ocrx_word' id='word_1_46' title='bbox 1579 741 1685 780; x_wconf 92' lang='lat' dir='ltr'><strong>non</strong></span> <span class='ocrx_word' id='word_1_47' title='bbox 1722 731 1975 794; x_wconf 88' lang='lat' dir='ltr'><strong>poterant</strong></span> <span class='ocrx_word' id='word_1_48' title='bbox 2003 721 2123 775; x_wconf 88' lang='lat' dir='ltr'><strong>Col-</strong></span> 
     </span>
    </p>
   </div>
   <div class='ocr_carea' id='block_1_8' title="bbox 535 813 2129 900">
    <p class='ocr_par' dir='ltr' id='par_1_8' title="bbox 535 813 2129 900">
     <span class='ocr_line' id='line_1_8' title="bbox 535 813 2129 900; baseline -0.011 -17"><span class='ocrx_word' id='word_1_49' title='bbox 535 828 772 900; x_wconf 70' lang='lat' dir='ltr'><strong>lybistm,</strong></span> <span class='ocrx_word' id='word_1_50' title='bbox 801 825 891 894; x_wconf 91' lang='lat' dir='ltr'><strong>qui</strong></span> <span class='ocrx_word' id='word_1_51' title='bbox 947 823 1236 895; x_wconf 91' lang='lat' dir='ltr'><strong>pecuniam</strong></span> <span class='ocrx_word' id='word_1_52' title='bbox 1284 819 1513 875; x_wconf 77' lang='lat' dir='ltr'><strong>l‘enerati</strong></span> <span class='ocrx_word' id='word_1_53' title='bbox 1559 828 1752 884; x_wconf 88' lang='lat' dir='ltr'><strong>erant,</strong></span> <span class='ocrx_word' id='word_1_54' title='bbox 1801 830 1901 886; x_wconf 87' lang='lat' dir='ltr'><strong>pro</strong></span> <span class='ocrx_word' id='word_1_55' title='bbox 1951 813 2129 868; x_wconf 91' lang='lat' dir='ltr'><strong>usuris</strong></span> 
     </span>
    </p>
   </div>
   <div class='ocr_carea' id='block_1_9' title="bbox 537 911 2126 989">
    <p class='ocr_par' dir='ltr' id='par_1_9' title="bbox 537 911 2126 989">
     <span class='ocr_line' id='line_1_9' title="bbox 537 911 2126 989; baseline -0.009 -16"><span class='ocrx_word' id='word_1_56' title='bbox 537 919 874 989; x_wconf 86' lang='lat' dir='ltr'><strong>accipiebant</strong></span> <span class='ocrx_word' id='word_1_57' title='bbox 903 917 1084 970; x_wconf 86' lang='lat' dir='ltr'><strong>varias</strong></span> <span class='ocrx_word' id='word_1_58' title='bbox 1125 915 1370 984; x_wconf 84' lang='lat' dir='ltr'><strong>Species,</strong></span> <span class='ocrx_word' id='word_1_59' title='bbox 1406 925 1462 966; x_wconf 91' lang='lat' dir='ltr'><strong>ut</strong></span> <span class='ocrx_word' id='word_1_60' title='bbox 1494 911 1638 982; x_wconf 93' lang='lat' dir='ltr'><strong>quod</strong></span> <span class='ocrx_word' id='word_1_61' title='bbox 1683 911 1733 964; x_wconf 90' lang='lat' dir='ltr'><strong>in</strong></span> <span class='ocrx_word' id='word_1_62' title='bbox 1771 922 1992 962; x_wconf 91' lang='lat' dir='ltr'><strong>nummo</strong></span> <span class='ocrx_word' id='word_1_63' title='bbox 2021 920 2126 960; x_wconf 93' lang='lat' dir='ltr'><strong>non</strong></span> 
     </span>
    </p>
   </div>
   <div class='ocr_carea' id='block_1_10' title="bbox 534 999 2128 1076">
    <p class='ocr_par' dir='ltr' id='par_1_10' title="bbox 534 999 2128 1076">
     <span class='ocr_line' id='line_1_10' title="bbox 534 999 2128 1076; baseline -0.009 -10"><span class='ocrx_word' id='word_1_64' title='bbox 534 1011 775 1072; x_wconf 91' lang='lat' dir='ltr'><strong>licebat,</strong></span> <span class='ocrx_word' id='word_1_65' title='bbox 809 1009 862 1064; x_wconf 94' lang='lat' dir='ltr'><strong>in</strong></span> <span class='ocrx_word' id='word_1_66' title='bbox 913 1009 997 1062; x_wconf 91' lang='lat' dir='ltr'><strong>his</strong></span> <span class='ocrx_word' id='word_1_67' title='bbox 1047 1007 1208 1062; x_wconf 83' lang='lat' dir='ltr'><strong>rebus</strong></span> <span class='ocrx_word' id='word_1_68' title='bbox 1258 1007 1539 1076; x_wconf 80' lang='lat' dir='ltr'><strong>exigerent</strong></span> <span class='ocrx_word' id='word_1_69' title='bbox 1569 1019 1686 1073; x_wconf 68' lang='lat' dir='ltr'><strong>qua:</strong></span> <span class='ocrx_word' id='word_1_70' title='bbox 1737 999 1969 1056; x_wconf 88' lang='lat' dir='ltr'><strong>nummis</strong></span> <span class='ocrx_word' id='word_1_71' title='bbox 1999 1013 2128 1053; x_wconf 83' lang='lat' dir='ltr'><strong>coe-</strong></span> 
     </span>
    </p>
   </div>
   <div class='ocr_carea' id='block_1_11' title="bbox 537 1091 2129 1169">
    <p class='ocr_par' dir='ltr' id='par_1_11' title="bbox 537 1091 2129 1169">
     <span class='ocr_line' id='line_1_11' title="bbox 537 1091 2129 1169; baseline -0.011 -12"><span class='ocrx_word' id='word_1_72' title='bbox 537 1113 779 1162; x_wconf 86' lang='lat' dir='ltr'><strong>muntnr,</strong></span> <span class='ocrx_word' id='word_1_73' title='bbox 814 1101 968 1169; x_wconf 90' lang='lat' dir='ltr'><strong>quasi</strong></span> <span class='ocrx_word' id='word_1_74' title='bbox 1015 1115 1120 1152; x_wconf 88' lang='lat' dir='ltr'><strong>non</strong></span> <span class='ocrx_word' id='word_1_75' title='bbox 1168 1097 1274 1151; x_wconf 92' lang='lat' dir='ltr'><strong>hoc</strong></span> <span class='ocrx_word' id='word_1_76' title='bbox 1325 1097 1500 1163; x_wconf 88' lang='lat' dir='ltr'><strong>ipsum</strong></span> <span class='ocrx_word' id='word_1_77' title='bbox 1535 1094 1786 1149; x_wconf 82' lang='lat' dir='ltr'><strong>Ezechiel</strong></span> <span class='ocrx_word' id='word_1_78' title='bbox 1817 1103 1841 1128; x_wconf 73' lang='grc'><strong>³</strong></span> <span class='ocrx_word' id='word_1_79' title='bbox 1871 1091 2129 1161; x_wconf 64' lang='lat' dir='ltr'><strong>praedica-</strong></span> 
     </span>
    </p>
   </div>
   <div class='ocr_carea' id='block_1_12' title="bbox 535 1186 2132 1258">
    <p class='ocr_par' dir='ltr' id='par_1_12' title="bbox 535 1186 2132 1258">
     <span class='ocr_line' id='line_1_12' title="bbox 535 1186 2132 1258; baseline -0.008 -10"><span class='ocrx_word' id='word_1_80' title='bbox 535 1197 696 1258; x_wconf 90' lang='lat' dir='ltr'><strong>verit,</strong></span> <span class='ocrx_word' id='word_1_81' title='bbox 727 1195 918 1247; x_wconf 67' lang='lat' dir='ltr'><strong>dicens</strong></span> <span class='ocrx_word' id='word_1_82' title='bbox 945 1210 957 1245; x_wconf 87' lang='lat'>:</span> <span class='ocrx_word' id='word_1_83' title='bbox 989 1191 1215 1245; x_wconf 87' lang='lat' dir='ltr'><strong>Usuram</strong></span> <span class='ocrx_word' id='word_1_84' title='bbox 1246 1199 1290 1243; x_wconf 89' lang='lat' dir='ltr'><strong>et</strong></span> <span class='ocrx_word' id='word_1_85' title='bbox 1327 1186 1861 1256; x_wconf 87' lang='lat' dir='ltr'><strong>superabundantiam</strong></span> <span class='ocrx_word' id='word_1_86' title='bbox 1903 1199 2005 1236; x_wconf 88' lang='lat' dir='ltr'><strong>non</strong></span> <span class='ocrx_word' id='word_1_87' title='bbox 2047 1198 2132 1235; x_wconf 87' lang='lat' dir='ltr'><strong>ac—</strong></span> 
     </span>
    </p>
   </div>
   <div class='ocr_carea' id='block_1_13' title="bbox 533 1276 2128 1357">
    <p class='ocr_par' dir='ltr' id='par_1_13' title="bbox 533 1276 2128 1357">
     <span class='ocr_line' id='line_1_13' title="bbox 533 1276 2128 1357; baseline -0.01 -15"><span class='ocrx_word' id='word_1_88' title='bbox 533 1288 736 1356; x_wconf 88' lang='lat' dir='ltr'><strong>cipietis</strong></span> <span class='ocrx_word' id='word_1_89' title='bbox 770 1284 986 1357; x_wconf 74' lang='lat' dir='ltr'><strong>(Ezech.</strong></span> <span class='ocrx_word' id='word_1_90' title='bbox 1025 1298 1138 1337; x_wconf 62' lang='grc' dir='ltr'>χιιι</span> <span class='ocrx_word' id='word_1_91' title='bbox 1170 1324 1183 1346; x_wconf 91' lang='grc'>,</span> <span class='ocrx_word' id='word_1_92' title='bbox 1216 1278 1326 1350; x_wconf 58' lang='grc' dir='ltr'><strong>ιθ).</strong></span> <span class='ocrx_word' id='word_1_93' title='bbox 1367 1278 1676 1333; x_wconf 72' lang='lat' dir='ltr'><strong>Istiusmodi</strong></span> <span class='ocrx_word' id='word_1_94' title='bbox 1712 1276 1968 1330; x_wconf 84' lang='lat' dir='ltr'><strong>Dominus</strong></span> <span class='ocrx_word' id='word_1_95' title='bbox 2007 1288 2128 1327; x_wconf 82' lang='lat' dir='ltr'><strong>cer-</strong></span> 
     </span>
    </p>
   </div>
   <div class='ocr_carea' id='block_1_14' title="bbox 537 1367 2128 1440">
    <p class='ocr_par' dir='ltr' id='par_1_14' title="bbox 537 1367 2128 1440">
     <span class='ocr_line' id='line_1_14' title="bbox 537 1367 2128 1440; baseline -0.009 -9"><span class='ocrx_word' id='word_1_96' title='bbox 537 1393 676 1432; x_wconf 91' lang='lat' dir='ltr'><strong>nens</strong></span> <span class='ocrx_word' id='word_1_97' title='bbox 703 1376 756 1430; x_wconf 91' lang='lat' dir='ltr'><strong>in</strong></span> <span class='ocrx_word' id='word_1_98' title='bbox 790 1378 956 1428; x_wconf 86' lang='lat' dir='ltr'><strong>domo</strong></span> <span class='ocrx_word' id='word_1_99' title='bbox 981 1375 1156 1429; x_wconf 87' lang='lat' dir='ltr'><strong>Patris</strong></span> <span class='ocrx_word' id='word_1_100' title='bbox 1181 1373 1605 1440; x_wconf 86' lang='lat' dir='ltr'><strong>negotiationem</strong></span> <span class='ocrx_word' id='word_1_101' title='bbox 1636 1384 1731 1423; x_wconf 89' lang='lat' dir='ltr'><strong>seu</strong></span> <span class='ocrx_word' id='word_1_102' title='bbox 1763 1367 2128 1429; x_wconf 76' lang='lat' dir='ltr'><strong>latrocinium,</strong></span> 
     </span>
    </p>
   </div>
   <div class='ocr_carea' id='block_1_15' title="bbox 535 1461 2132 1539">
    <p class='ocr_par' dir='ltr' id='par_1_15' title="bbox 535 1461 2132 1539">
     <span class='ocr_line' id='line_1_15' title="bbox 535 1461 2132 1539; baseline -0.01 -12"><span class='ocrx_word' id='word_1_103' title='bbox 535 1472 738 1527; x_wconf 87' lang='lat' dir='ltr'><strong>ardore</strong></span> <span class='ocrx_word' id='word_1_104' title='bbox 769 1469 1002 1539; x_wconf 86' lang='lat' dir='ltr'><strong>spiritus</strong></span> <span class='ocrx_word' id='word_1_105' title='bbox 1032 1467 1338 1521; x_wconf 83' lang='lat' dir='ltr'><strong>concitatus</strong></span> <span class='ocrx_word' id='word_1_106' title='bbox 1371 1465 1544 1535; x_wconf 83' lang='lat' dir='ltr'><strong>(juxta</strong></span> <span class='ocrx_word' id='word_1_107' title='bbox 1579 1461 1720 1532; x_wconf 89' lang='lat' dir='ltr'><strong>quod</strong></span> <span class='ocrx_word' id='word_1_108' title='bbox 1753 1462 2016 1530; x_wconf 89' lang='lat' dir='ltr'><strong>scriptum</strong></span> <span class='ocrx_word' id='word_1_109' title='bbox 2048 1470 2132 1511; x_wconf 87' lang='lat' dir='ltr'><strong>est</strong></span> 
     </span>
    </p>
   </div>
   <div class='ocr_carea' id='block_1_16' title="bbox 537 1551 2133 1631">
    <p class='ocr_par' dir='ltr' id='par_1_16' title="bbox 537 1551 2133 1631">
     <span class='ocr_line' id='line_1_16' title="bbox 537 1551 2133 1631; baseline -0.01 -12"><span class='ocrx_word' id='word_1_110' title='bbox 537 1565 591 1619; x_wconf 92' lang='lat' dir='ltr'><strong>in</strong></span> <span class='ocrx_word' id='word_1_111' title='bbox 622 1561 967 1631; x_wconf 84' lang='lat' dir='ltr'><strong>sexagesimo</strong></span> <span class='ocrx_word' id='word_1_112' title='bbox 998 1569 1192 1614; x_wconf 90' lang='lat' dir='ltr'><strong>octavo</strong></span> <span class='ocrx_word' id='word_1_113' title='bbox 1221 1559 1430 1628; x_wconf 87' lang='lat' dir='ltr'><strong>psalmo</strong></span> <span class='ocrx_word' id='word_1_114' title='bbox 1462 1555 1642 1626; x_wconf 84' lang='lat' dir='ltr'><strong>(Vers.</strong></span> <span class='ocrx_word' id='word_1_115' title='bbox 1679 1553 1766 1622; x_wconf 86' lang='lat' dir='ltr'><strong>lO)</strong></span> <span class='ocrx_word' id='word_1_116' title='bbox 1801 1572 1812 1606; x_wconf 94' lang='lat'>:</span> <span class='ocrx_word' id='word_1_117' title='bbox 1849 1551 2007 1606; x_wconf 84' lang='lat' dir='ltr'><strong>Zelus</strong></span> <span class='ocrx_word' id='word_1_118' title='bbox 2039 1552 2133 1604; x_wconf 84' lang='lat' dir='ltr'><strong>do-</strong></span> 
     </span>
    </p>
   </div>
   <div class='ocr_carea' id='block_1_17' title="bbox 537 1644 2132 1724">
    <p class='ocr_par' dir='ltr' id='par_1_17' title="bbox 537 1644 2132 1724">
     <span class='ocr_line' id='line_1_17' title="bbox 537 1644 2132 1724; baseline -0.008 -14"><span class='ocrx_word' id='word_1_119' title='bbox 537 1674 653 1710; x_wconf 88' lang='lat' dir='ltr'><strong>mus</strong></span> <span class='ocrx_word' id='word_1_120' title='bbox 676 1666 778 1709; x_wconf 73' lang='lat' dir='ltr'><strong>tute</strong></span> <span class='ocrx_word' id='word_1_121' title='bbox 797 1655 1017 1708; x_wconf 78' lang='lat' dir='ltr'><strong>comedit</strong></span> <span class='ocrx_word' id='word_1_122' title='bbox 1045 1653 1306 1724; x_wconf 81' lang='lat' dir='ltr'><strong>me).fecit</strong></span> <span class='ocrx_word' id='word_1_123' title='bbox 1329 1649 1432 1704; x_wconf 85' lang='lat' dir='ltr'><strong>sibi</strong></span> <span class='ocrx_word' id='word_1_124' title='bbox 1457 1648 1731 1717; x_wconf 82' lang='lat' dir='ltr'><strong>ﬂagellum</strong></span> <span class='ocrx_word' id='word_1_125' title='bbox 1761 1647 1828 1700; x_wconf 90' lang='lat' dir='ltr'><strong>de</strong></span> <span class='ocrx_word' id='word_1_126' title='bbox 1855 1644 2132 1709; x_wconf 81' lang='lat' dir='ltr'><strong>funiculis,</strong></span> 
     </span>
    </p>
   </div>
   <div class='ocr_carea' id='block_1_18' title="bbox 542 1736 2130 1807">
    <p class='ocr_par' dir='ltr' id='par_1_18' title="bbox 542 1736 2130 1807">
     <span class='ocr_line' id='line_1_18' title="bbox 542 1736 2130 1807; baseline -0.009 -4"><span class='ocrx_word' id='word_1_127' title='bbox 542 1757 599 1803; x_wconf 87' lang='lat' dir='ltr'><strong>et</strong></span> <span class='ocrx_word' id='word_1_128' title='bbox 633 1756 838 1800; x_wconf 88' lang='lat' dir='ltr'><strong>tantam</strong></span> <span class='ocrx_word' id='word_1_129' title='bbox 872 1744 1152 1798; x_wconf 84' lang='lat' dir='ltr'><strong>hominum</strong></span> <span class='ocrx_word' id='word_1_130' title='bbox 1180 1740 1586 1796; x_wconf 89' lang='lat' dir='ltr'><strong>multitudinem</strong></span> <span class='ocrx_word' id='word_1_131' title='bbox 1616 1739 1778 1807; x_wconf 83' lang='lat' dir='ltr'><strong>ejecit</strong></span> <span class='ocrx_word' id='word_1_132' title='bbox 1809 1737 1876 1791; x_wconf 91' lang='lat' dir='ltr'><strong>de</strong></span> <span class='ocrx_word' id='word_1_133' title='bbox 1908 1736 2130 1800; x_wconf 86' lang='lat' dir='ltr'><strong>templo,</strong></span> 
     </span>
    </p>
   </div>
   <div class='ocr_carea' id='block_1_19' title="bbox 2238 531 3834 604">
    <p class='ocr_par' dir='ltr' id='par_1_19' title="bbox 2238 531 3834 604">
     <span class='ocr_line' id='line_1_19' title="bbox 2238 531 3834 604; baseline -0.003 -17"><span class='ocrx_word' id='word_1_134' title='bbox 2238 535 2412 589; x_wconf 83' lang='lat' dir='ltr'><strong>iratus</strong></span> <span class='ocrx_word' id='word_1_135' title='bbox 2441 545 2495 589; x_wconf 89' lang='lat' dir='ltr'><strong>et</strong></span> <span class='ocrx_word' id='word_1_136' title='bbox 2533 534 2741 604; x_wconf 81' lang='lat' dir='ltr'><strong>rigidus</strong></span> <span class='ocrx_word' id='word_1_137' title='bbox 2769 574 2784 599; x_wconf 93' lang='lat'><strong>,</strong></span> <span class='ocrx_word' id='word_1_138' title='bbox 2829 544 2883 588; x_wconf 92' lang='lat' dir='ltr'><strong>et</strong></span> <span class='ocrx_word' id='word_1_139' title='bbox 2923 551 3028 587; x_wconf 82' lang='lat' dir='ltr'><strong>nun</strong></span> <span class='ocrx_word' id='word_1_140' title='bbox 3070 534 3231 586; x_wconf 83' lang='lat' dir='ltr'><strong>aliter</strong></span> <span class='ocrx_word' id='word_1_141' title='bbox 3279 531 3505 588; x_wconf 91' lang='lat' dir='ltr'><strong>mundet</strong></span> <span class='ocrx_word' id='word_1_142' title='bbox 3555 531 3834 600; x_wconf 82' lang='lat' dir='ltr'><strong>templum</strong></span> 
     </span>
    </p>
   </div>
   <div class='ocr_carea' id='block_1_20' title="bbox 2236 623 3850 695">
    <p class='ocr_par' dir='ltr' id='par_1_20' title="bbox 2236 623 3850 695">
     <span class='ocr_line' id='line_1_20' title="bbox 2236 623 3850 695; baseline -0.002 -16"><span class='ocrx_word' id='word_1_143' title='bbox 2236 641 2390 680; x_wconf 90' lang='lat' dir='ltr'><strong>suum</strong></span> <span class='ocrx_word' id='word_1_144' title='bbox 2417 669 2432 694; x_wconf 94' lang='lat'><strong>,</strong></span> <span class='ocrx_word' id='word_1_145' title='bbox 2469 627 2571 680; x_wconf 83' lang='lat' dir='ltr'><strong>nisi</strong></span> <span class='ocrx_word' id='word_1_146' title='bbox 2602 625 2824 695; x_wconf 79' lang='lat' dir='ltr'><strong>ﬂagello</strong></span> <span class='ocrx_word' id='word_1_147' title='bbox 2869 625 3120 679; x_wconf 85' lang='lat' dir='ltr'><strong>adhibito</strong></span> <span class='ocrx_word' id='word_1_148' title='bbox 3147 667 3161 690; x_wconf 94' lang='lat'><strong>,</strong></span> <span class='ocrx_word' id='word_1_149' title='bbox 3191 633 3251 678; x_wconf 93' lang='lat' dir='ltr'><strong>ut</strong></span> <span class='ocrx_word' id='word_1_150' title='bbox 3280 623 3349 680; x_wconf 91' lang='lat' dir='ltr'><strong>de</strong></span> <span class='ocrx_word' id='word_1_151' title='bbox 3379 623 3637 693; x_wconf 85' lang='lat' dir='ltr'><strong>spelunca</strong></span> <span class='ocrx_word' id='word_1_152' title='bbox 3671 623 3850 676; x_wconf 89' lang='lat' dir='ltr'><strong>latro-</strong></span> 
     </span>
    </p>
   </div>
   <div class='ocr_carea' id='block_1_21' title="bbox 2237 714 3846 788">
    <p class='ocr_par' dir='ltr' id='par_1_21' title="bbox 2237 714 3846 788">
     <span class='ocr_line' id='line_1_21' title="bbox 2237 714 3846 788; baseline -0.002 -17"><span class='ocrx_word' id='word_1_153' title='bbox 2237 733 2363 771; x_wconf 89' lang='lat' dir='ltr'><strong>num</strong></span> <span class='ocrx_word' id='word_1_154' title='bbox 2396 758 2410 781; x_wconf 95' lang='lat'><strong>,</strong></span> <span class='ocrx_word' id='word_1_155' title='bbox 2440 728 2494 772; x_wconf 91' lang='lat' dir='ltr'><strong>et</strong></span> <span class='ocrx_word' id='word_1_156' title='bbox 2517 718 2585 772; x_wconf 90' lang='lat' dir='ltr'><strong>de</strong></span> <span class='ocrx_word' id='word_1_157' title='bbox 2616 717 2778 771; x_wconf 87' lang='lat' dir='ltr'><strong>domo</strong></span> <span class='ocrx_word' id='word_1_158' title='bbox 2807 716 3193 788; x_wconf 73' lang='lat' dir='ltr'><strong>negotiationis</strong></span> <span class='ocrx_word' id='word_1_159' title='bbox 3221 761 3235 782; x_wconf 92' lang='lat'><strong>,</strong></span> <span class='ocrx_word' id='word_1_160' title='bbox 3265 715 3486 770; x_wconf 90' lang='lat' dir='ltr'><strong>domum</strong></span> <span class='ocrx_word' id='word_1_161' title='bbox 3515 714 3678 770; x_wconf 80' lang='lat' dir='ltr'><strong>iaciat</strong></span> <span class='ocrx_word' id='word_1_162' title='bbox 3707 728 3846 768; x_wconf 85' lang='lat' dir='ltr'><strong>ora-</strong></span> 
     </span>
    </p>
   </div>
   <div class='ocr_carea' id='block_1_22' title="bbox 2239 808 2428 864">
    <p class='ocr_par' dir='ltr' id='par_1_22' title="bbox 2239 808 2428 864">
     <span class='ocr_line' id='line_1_22' title="bbox 2239 808 2428 864; baseline 0 -2"><span class='ocrx_word' id='word_1_163' title='bbox 2239 808 2428 864; x_wconf 89' lang='lat' dir='ltr'><strong>tionis.</strong></span> 
     </span>
    </p>
   </div>
   <div class='ocr_carea' id='block_1_23' title="bbox 2306 896 3839 969">
    <p class='ocr_par' dir='ltr' id='par_1_23' title="bbox 2306 896 3839 969">
     <span class='ocr_line' id='line_1_23' title="bbox 2306 896 3839 969; baseline -0.003 -14"><span class='ocrx_word' id='word_1_164' title='bbox 2306 899 2488 969; x_wconf 82' lang='lat' dir='ltr'><strong>(Vers.</strong></span> <span class='ocrx_word' id='word_1_165' title='bbox 2525 899 2638 969; x_wconf 73' lang='grc'><strong>14.)</strong></span> <span class='ocrx_word' id='word_1_166' title='bbox 2671 898 2736 953; x_wconf 83' lang='lat' dir='ltr'><strong>Et</strong></span> <span class='ocrx_word' id='word_1_167' title='bbox 2767 909 3093 954; x_wconf 87' lang='lat' dir='ltr'><strong>accesserunt</strong></span> <span class='ocrx_word' id='word_1_168' title='bbox 3133 900 3202 952; x_wconf 87' lang='lat' dir='ltr'><strong>ad</strong></span> <span class='ocrx_word' id='word_1_169' title='bbox 3236 914 3350 951; x_wconf 88' lang='lat' dir='ltr'><strong>eum</strong></span> <span class='ocrx_word' id='word_1_170' title='bbox 3394 900 3516 951; x_wconf 76' lang='lat' dir='ltr'><strong>cmci</strong></span> <span class='ocrx_word' id='word_1_171' title='bbox 3551 908 3597 950; x_wconf 88' lang='lat' dir='ltr'><strong>et</strong></span> <span class='ocrx_word' id='word_1_172' title='bbox 3647 896 3839 951; x_wconf 78' lang='lat' dir='ltr'><strong>claudi</strong></span> 
     </span>
    </p>
   </div>
   <div class='ocr_carea' id='block_1_24' title="bbox 2233 991 3847 1065">
    <p class='ocr_par' dir='ltr' id='par_1_24' title="bbox 2233 991 3847 1065">
     <span class='ocr_line' id='line_1_24' title="bbox 2233 991 3847 1065; baseline -0.001 -19"><span class='ocrx_word' id='word_1_173' title='bbox 2233 995 2286 1047; x_wconf 91' lang='lat' dir='ltr'><strong>in</strong></span> <span class='ocrx_word' id='word_1_174' title='bbox 2316 996 2526 1065; x_wconf 88' lang='lat' dir='ltr'><strong>templo,</strong></span> <span class='ocrx_word' id='word_1_175' title='bbox 2556 1004 2603 1048; x_wconf 87' lang='lat' dir='ltr'><strong>et</strong></span> <span class='ocrx_word' id='word_1_176' title='bbox 2627 994 2827 1046; x_wconf 85' lang='lat' dir='ltr'><strong>sanarit</strong></span> <span class='ocrx_word' id='word_1_177' title='bbox 2864 1009 2970 1047; x_wconf 86' lang='lat' dir='ltr'><strong>eos.</strong></span> <span class='ocrx_word' id='word_1_178' title='bbox 3003 992 3113 1046; x_wconf 83' lang='lat' dir='ltr'><strong>Nisi</strong></span> <span class='ocrx_word' id='word_1_179' title='bbox 3160 1007 3382 1046; x_wconf 83' lang='lat' dir='ltr'><strong>mensas</strong></span> <span class='ocrx_word' id='word_1_180' title='bbox 3424 991 3847 1046; x_wconf 85' lang='lat' dir='ltr'><strong>nummulario-</strong></span> 
     </span>
    </p>
   </div>
   <div class='ocr_carea' id='block_1_25' title="bbox 2235 1084 3846 1157">
    <p class='ocr_par' dir='ltr' id='par_1_25' title="bbox 2235 1084 3846 1157">
     <span class='ocr_line' id='line_1_25' title="bbox 2235 1084 3846 1157; baseline -0.003 -14"><span class='ocrx_word' id='word_1_181' title='bbox 2235 1105 2354 1144; x_wconf 87' lang='lat' dir='ltr'><strong>rum</strong></span> <span class='ocrx_word' id='word_1_182' title='bbox 2378 1088 2684 1152; x_wconf 86' lang='lat' dir='ltr'><strong>evertisset,</strong></span> <span class='ocrx_word' id='word_1_183' title='bbox 2707 1087 3112 1157; x_wconf 86' lang='lat' dir='ltr'><strong>catbedrasque</strong></span> <span class='ocrx_word' id='word_1_184' title='bbox 3140 1086 3425 1141; x_wconf 86' lang='lat' dir='ltr'><strong>columbas</strong></span> <span class='ocrx_word' id='word_1_185' title='bbox 3453 1084 3846 1151; x_wconf 83' lang='lat' dir='ltr'><strong>vendentium,</strong></span> 
     </span>
    </p>
   </div>
   <div class='ocr_carea' id='block_1_26' title="bbox 2236 1178 3844 1252">
    <p class='ocr_par' dir='ltr' id='par_1_26' title="bbox 2236 1178 3844 1252">
     <span class='ocr_line' id='line_1_26' title="bbox 2236 1178 3844 1252; baseline -0.004 -14"><span class='ocrx_word' id='word_1_186' title='bbox 2236 1184 2365 1238; x_wconf 75' lang='lat' dir='ltr'><strong>caeci</strong></span> <span class='ocrx_word' id='word_1_187' title='bbox 2390 1194 2445 1238; x_wconf 90' lang='lat' dir='ltr'><strong>et</strong></span> <span class='ocrx_word' id='word_1_188' title='bbox 2473 1182 2651 1237; x_wconf 89' lang='lat' dir='ltr'><strong>claudi</strong></span> <span class='ocrx_word' id='word_1_189' title='bbox 2679 1183 2854 1237; x_wconf 86' lang='lat' dir='ltr'><strong>lucem</strong></span> <span class='ocrx_word' id='word_1_190' title='bbox 2882 1181 3197 1252; x_wconf 88' lang='lat' dir='ltr'><strong>pristinam,</strong></span> <span class='ocrx_word' id='word_1_191' title='bbox 3223 1191 3278 1236; x_wconf 90' lang='lat' dir='ltr'><strong>et</strong></span> <span class='ocrx_word' id='word_1_192' title='bbox 3299 1181 3572 1236; x_wconf 89' lang='lat' dir='ltr'><strong>concitum</strong></span> <span class='ocrx_word' id='word_1_193' title='bbox 3603 1178 3844 1249; x_wconf 87' lang='lat' dir='ltr'><strong>gradmn</strong></span> 
     </span>
    </p>
   </div>
   <div class='ocr_carea' id='block_1_27' title="bbox 2238 1276 3010 1345">
    <p class='ocr_par' dir='ltr' id='par_1_27' title="bbox 2238 1276 3010 1345">
     <span class='ocr_line' id='line_1_27' title="bbox 2238 1276 3010 1345; baseline -0.008 -12"><span class='ocrx_word' id='word_1_194' title='bbox 2238 1294 2347 1333; x_wconf 90' lang='lat' dir='ltr'><strong>non</strong></span> <span class='ocrx_word' id='word_1_195' title='bbox 2378 1278 2712 1332; x_wconf 88' lang='lat' dir='ltr'><strong>meruissent</strong></span> <span class='ocrx_word' id='word_1_196' title='bbox 2737 1276 3010 1345; x_wconf 89' lang='lat' dir='ltr'><strong>recipere.</strong></span> 
     </span>
    </p>
   </div>
   <div class='ocr_carea' id='block_1_28' title="bbox 2309 1368 3844 1439">
    <p class='ocr_par' dir='ltr' id='par_1_28' title="bbox 2309 1368 3844 1439">
     <span class='ocr_line' id='line_1_28' title="bbox 2309 1368 3844 1439; baseline -0.006 -14"><span class='ocrx_word' id='word_1_197' title='bbox 2309 1370 2494 1439; x_wconf 86' lang='lat' dir='ltr'><strong>(Vers.</strong></span> <span class='ocrx_word' id='word_1_198' title='bbox 2527 1370 2642 1439; x_wconf 64' lang='lat' dir='ltr'><strong>lii.)</strong></span> <span class='ocrx_word' id='word_1_199' title='bbox 2681 1369 2929 1423; x_wconf 86' lang='lat' dir='ltr'><strong>Videntes</strong></span> <span class='ocrx_word' id='word_1_200' title='bbox 2951 1378 3118 1421; x_wconf 87' lang='lat' dir='ltr'><strong>autem</strong></span> <span class='ocrx_word' id='word_1_201' title='bbox 3143 1368 3402 1439; x_wconf 81' lang='lat' dir='ltr'><strong>principes</strong></span> <span class='ocrx_word' id='word_1_202' title='bbox 3425 1368 3757 1420; x_wconf 79' lang='lat' dir='ltr'><strong>sacerdotum</strong></span> <span class='ocrx_word' id='word_1_203' title='bbox 3790 1374 3844 1419; x_wconf 89' lang='lat' dir='ltr'><strong>et</strong></span> 
     </span>
    </p>
   </div>
   <div class='ocr_carea' id='block_1_29' title="bbox 2239 1457 3845 1530">
    <p class='ocr_par' dir='ltr' id='par_1_29' title="bbox 2239 1457 3845 1530">
     <span class='ocr_line' id='line_1_29' title="bbox 2239 1457 3845 1530; baseline -0.005 -15"><span class='ocrx_word' id='word_1_204' title='bbox 2239 1462 2439 1517; x_wconf 76' lang='lat' dir='ltr'><strong>Scriba:</strong></span> <span class='ocrx_word' id='word_1_205' title='bbox 2482 1460 2738 1514; x_wconf 78' lang='lat' dir='ltr'><strong>mirabilia</strong></span> <span class='ocrx_word' id='word_1_206' title='bbox 2785 1474 2902 1530; x_wconf 79' lang='lat' dir='ltr'><strong>qua:</strong></span> <span class='ocrx_word' id='word_1_207' title='bbox 2941 1459 3081 1526; x_wconf 88' lang='lat' dir='ltr'><strong>fecit,</strong></span> <span class='ocrx_word' id='word_1_208' title='bbox 3133 1469 3179 1512; x_wconf 89' lang='lat' dir='ltr'><strong>et</strong></span> <span class='ocrx_word' id='word_1_209' title='bbox 3215 1474 3400 1530; x_wconf 89' lang='lat' dir='ltr'><strong>pueros</strong></span> <span class='ocrx_word' id='word_1_210' title='bbox 3445 1457 3731 1510; x_wconf 77' lang='lat' dir='ltr'><strong>clamantes</strong></span> <span class='ocrx_word' id='word_1_211' title='bbox 3783 1457 3845 1508; x_wconf 84' lang='lat' dir='ltr'><strong>in</strong></span> 
     </span>
    </p>
   </div>
   <div class='ocr_carea' id='block_1_30' title="bbox 2239 1549 3847 1625">
    <p class='ocr_par' dir='ltr' id='par_1_30' title="bbox 2239 1549 3847 1625">
     <span class='ocr_line' id='line_1_30' title="bbox 2239 1549 3847 1625; baseline -0.002 -19"><span class='ocrx_word' id='word_1_212' title='bbox 2239 1554 2451 1625; x_wconf 88' lang='lat' dir='ltr'><strong>templo,</strong></span> <span class='ocrx_word' id='word_1_213' title='bbox 2499 1562 2547 1607; x_wconf 88' lang='lat' dir='ltr'><strong>et</strong></span> <span class='ocrx_word' id='word_1_214' title='bbox 2580 1554 2805 1606; x_wconf 78' lang='lat' dir='ltr'><strong>dicentes</strong></span> <span class='ocrx_word' id='word_1_215' title='bbox 2838 1569 2856 1606; x_wconf 92' lang='lat'><strong><em>:</em></strong></span> <span class='ocrx_word' id='word_1_216' title='bbox 2911 1551 3128 1606; x_wconf 82' lang='lat' dir='ltr'><strong>Osanna</strong></span> <span class='ocrx_word' id='word_1_217' title='bbox 3168 1552 3282 1621; x_wconf 80' lang='lat' dir='ltr'><strong>ﬁlio</strong></span> <span class='ocrx_word' id='word_1_218' title='bbox 3336 1549 3528 1614; x_wconf 80' lang='lat' dir='ltr'><strong>Dauid,</strong></span> <span class='ocrx_word' id='word_1_219' title='bbox 3572 1551 3847 1619; x_wconf 83' lang='lat' dir='ltr'><strong>indignati</strong></span> 
     </span>
    </p>
   </div>
   <div class='ocr_carea' id='block_1_31' title="bbox 2240 1641 3845 1714">
    <p class='ocr_par' dir='ltr' id='par_1_31' title="bbox 2240 1641 3845 1714">
     <span class='ocr_line' id='line_1_31' title="bbox 2240 1641 3845 1714; baseline -0.002 -15"><span class='ocrx_word' id='word_1_220' title='bbox 2240 1655 2379 1708; x_wconf 85' lang='lat' dir='ltr'><strong>sunt,</strong></span> <span class='ocrx_word' id='word_1_221' title='bbox 2407 1654 2455 1698; x_wconf 84' lang='lat' dir='ltr'><strong>et</strong></span> <span class='ocrx_word' id='word_1_222' title='bbox 2484 1645 2729 1699; x_wconf 69' lang='lat' dir='ltr'><strong>dixerunt</strong></span> <span class='ocrx_word' id='word_1_223' title='bbox 2752 1646 2799 1696; x_wconf 88' lang='lat' dir='ltr'><strong>ei</strong></span> <span class='ocrx_word' id='word_1_224' title='bbox 2823 1660 2839 1697; x_wconf 90' lang='lat'><strong><em>:</em></strong></span> <span class='ocrx_word' id='word_1_225' title='bbox 2871 1643 3037 1697; x_wconf 80' lang='lat' dir='ltr'><strong>Audis</strong></span> <span class='ocrx_word' id='word_1_226' title='bbox 3065 1644 3188 1714; x_wconf 88' lang='lat' dir='ltr'><strong>quid</strong></span> <span class='ocrx_word' id='word_1_227' title='bbox 3217 1644 3302 1696; x_wconf 83' lang='lat' dir='ltr'><strong>isti</strong></span> <span class='ocrx_word' id='word_1_228' title='bbox 3323 1643 3546 1696; x_wconf 86' lang='lat' dir='ltr'><strong>dicunt?</strong></span> <span class='ocrx_word' id='word_1_229' title='bbox 3579 1641 3845 1710; x_wconf 86' lang='lat' dir='ltr'><strong>Plerique</strong></span> 
     </span>
    </p>
   </div>
   <div class='ocr_carea' id='block_1_32' title="bbox 2241 1734 3844 1807">
    <p class='ocr_par' dir='ltr' id='par_1_32' title="bbox 2241 1734 3844 1807">
     <span class='ocr_line' id='line_1_32' title="bbox 2241 1734 3844 1807; baseline -0.002 -14"><span class='ocrx_word' id='word_1_230' title='bbox 2241 1739 2573 1794; x_wconf 88' lang='lat' dir='ltr'><strong>arbitrantur</strong></span> <span class='ocrx_word' id='word_1_231' title='bbox 2607 1737 2904 1792; x_wconf 77' lang='lat' dir='ltr'><strong>maximum</strong></span> <span class='ocrx_word' id='word_1_232' title='bbox 2932 1752 3057 1793; x_wconf 86' lang='lat' dir='ltr'><strong>esse</strong></span> <span class='ocrx_word' id='word_1_233' title='bbox 3079 1737 3380 1807; x_wconf 85' lang='lat' dir='ltr'><strong>signorum,</strong></span> <span class='ocrx_word' id='word_1_234' title='bbox 3415 1735 3561 1806; x_wconf 91' lang='lat' dir='ltr'><strong>quod</strong></span> <span class='ocrx_word' id='word_1_235' title='bbox 3592 1734 3844 1790; x_wconf 85' lang='lat' dir='ltr'><strong>Lazarus</strong></span> 
     </span>
    </p>
   </div>
   <div class='ocr_carea' id='block_1_33' title="bbox 542 1829 3847 1907">
    <p class='ocr_par' dir='ltr' id='par_1_33' title="bbox 542 1829 3847 1907">
     <span class='ocr_line' id='line_1_33' title="bbox 542 1829 3847 1907; baseline -0.003 -15"><span class='ocrx_word' id='word_1_236' title='bbox 542 1837 731 1892; x_wconf 84' lang='lat' dir='ltr'><strong>dieens</strong></span> <span class='ocrx_word' id='word_1_237' title='bbox 760 1855 773 1890; x_wconf 88' lang='lat'>:</span> <span class='ocrx_word' id='word_1_238' title='bbox 810 1836 1075 1907; x_wconf 82' lang='lat' dir='ltr'><strong>Scriptum</strong></span> <span class='ocrx_word' id='word_1_239' title='bbox 1106 1844 1182 1887; x_wconf 86' lang='lat' dir='ltr'><strong>est</strong></span> <span class='ocrx_word' id='word_1_240' title='bbox 1217 1850 1233 1886; x_wconf 94' lang='grc'><strong>.·</strong></span> <span class='ocrx_word' id='word_1_241' title='bbox 1267 1832 1465 1886; x_wconf 89' lang='lat' dir='ltr'><strong>Domus</strong></span> <span class='ocrx_word' id='word_1_242' title='bbox 1496 1847 1630 1893; x_wconf 84' lang='lat' dir='ltr'><strong>mea,</strong></span> <span class='ocrx_word' id='word_1_243' title='bbox 1663 1830 1848 1883; x_wconf 87' lang='lat' dir='ltr'><strong>domus</strong></span> <span class='ocrx_word' id='word_1_244' title='bbox 1889 1829 2138 1881; x_wconf 86' lang='lat' dir='ltr'><strong>orationis</strong></span> <span class='ocrx_word' id='word_1_245' title='bbox 2174 1829 2215 1889; x_wconf 72' lang='grc' dir='ltr'><strong>Β</strong></span> <span class='ocrx_word' id='word_1_246' title='bbox 2246 1832 2536 1887; x_wconf 81' lang='lat' dir='ltr'><strong>suscitatus</strong></span> <span class='ocrx_word' id='word_1_247' title='bbox 2605 1839 2688 1886; x_wconf 90' lang='lat' dir='ltr'><strong>est</strong></span> <span class='ocrx_word' id='word_1_248' title='bbox 2737 1830 2919 1901; x_wconf 83' lang='lat' dir='ltr'><strong>(Joan.</strong></span> <span class='ocrx_word' id='word_1_249' title='bbox 2946 1831 3021 1901; x_wconf 69' lang='grc' dir='ltr'>ιι)</span> <span class='ocrx_word' id='word_1_250' title='bbox 3045 1873 3060 1897; x_wconf 92' lang='lat'><strong>,</strong></span> <span class='ocrx_word' id='word_1_251' title='bbox 3118 1831 3264 1900; x_wconf 86' lang='lat' dir='ltr'><strong>quod</strong></span> <span class='ocrx_word' id='word_1_252' title='bbox 3312 1845 3490 1887; x_wconf 68' lang='lat' dir='ltr'><strong>camus</strong></span> <span class='ocrx_word' id='word_1_253' title='bbox 3544 1846 3610 1886; x_wconf 88' lang='lat' dir='ltr'><strong>ex</strong></span> <span class='ocrx_word' id='word_1_254' title='bbox 3683 1839 3847 1885; x_wconf 87' lang='lat' dir='ltr'><strong>utero</strong></span> 
     </span>
    </p>
   </div>
   <div class='ocr_carea' id='block_1_34' title="bbox 534 1921 2133 1998">
    <p class='ocr_par' dir='ltr' id='par_1_34' title="bbox 534 1921 2133 1998">
     <span class='ocr_line' id='line_1_34' title="bbox 534 1921 2133 1998; baseline -0.004 -14"><span class='ocrx_word' id='word_1_255' title='bbox 534 1931 802 1984; x_wconf 86' lang='lat' dir='ltr'><strong>rocabitur</strong></span> <span class='ocrx_word' id='word_1_256' title='bbox 825 1946 842 1983; x_wconf 92' lang='lat'><em>:</em></span> <span class='ocrx_word' id='word_1_257' title='bbox 870 1947 954 1982; x_wconf 83' lang='lat' dir='ltr'><strong>ros</strong></span> <span class='ocrx_word' id='word_1_258' title='bbox 982 1938 1152 1982; x_wconf 85' lang='lat' dir='ltr'><strong>autem</strong></span> <span class='ocrx_word' id='word_1_259' title='bbox 1171 1927 1364 1998; x_wconf 79' lang='lat' dir='ltr'><strong>fecistis</strong></span> <span class='ocrx_word' id='word_1_260' title='bbox 1389 1942 1500 1978; x_wconf 87' lang='lat' dir='ltr'><strong>eam</strong></span> <span class='ocrx_word' id='word_1_261' title='bbox 1523 1925 1825 1992; x_wconf 84' lang='lat' dir='ltr'><strong>speluncam</strong></span> <span class='ocrx_word' id='word_1_262' title='bbox 1848 1921 2133 1977; x_wconf 84' lang='lat' dir='ltr'><strong>latronum.</strong></span> 
     </span>
    </p>
   </div>
   <div class='ocr_carea' id='block_1_35' title="bbox 544 2018 2138 2088">
    <p class='ocr_par' dir='ltr' id='par_1_35' title="bbox 544 2018 2138 2088">
     <span class='ocr_line' id='line_1_35' title="bbox 544 2018 2138 2088; baseline -0.005 -10"><span class='ocrx_word' id='word_1_263' title='bbox 544 2022 713 2078; x_wconf 87' lang='lat' dir='ltr'><strong>Latro</strong></span> <span class='ocrx_word' id='word_1_264' title='bbox 741 2022 884 2075; x_wconf 90' lang='lat' dir='ltr'><strong>enim</strong></span> <span class='ocrx_word' id='word_1_265' title='bbox 917 2028 1038 2087; x_wconf 85' lang='lat' dir='ltr'><strong>est,</strong></span> <span class='ocrx_word' id='word_1_266' title='bbox 1070 2030 1123 2075; x_wconf 90' lang='lat' dir='ltr'><strong>et</strong></span> <span class='ocrx_word' id='word_1_267' title='bbox 1154 2019 1414 2088; x_wconf 87' lang='lat' dir='ltr'><strong>templum</strong></span> <span class='ocrx_word' id='word_1_268' title='bbox 1461 2018 1557 2073; x_wconf 87' lang='lat' dir='ltr'><strong>Dei</strong></span> <span class='ocrx_word' id='word_1_269' title='bbox 1598 2018 1650 2072; x_wconf 93' lang='lat' dir='ltr'><strong>in</strong></span> <span class='ocrx_word' id='word_1_270' title='bbox 1695 2018 1962 2072; x_wconf 86' lang='lat' dir='ltr'><strong>latronqu</strong></span> <span class='ocrx_word' id='word_1_271' title='bbox 2006 2031 2138 2072; x_wconf 87' lang='lat' dir='ltr'><strong>con-</strong></span> 
     </span>
    </p>
   </div>
   <div class='ocr_carea' id='block_1_36' title="bbox 543 2110 2138 2182">
    <p class='ocr_par' dir='ltr' id='par_1_36' title="bbox 543 2110 2138 2182">
     <span class='ocr_line' id='line_1_36' title="bbox 543 2110 2138 2182; baseline -0.003 -14"><span class='ocrx_word' id='word_1_272' title='bbox 543 2116 710 2170; x_wconf 87' lang='lat' dir='ltr'><strong>vertit</strong></span> <span class='ocrx_word' id='word_1_273' title='bbox 740 2129 963 2182; x_wconf 81' lang='lat' dir='ltr'><strong>Specum</strong></span> <span class='ocrx_word' id='word_1_274' title='bbox 983 2155 995 2177; x_wconf 94' lang='lat'><strong>,</strong></span> <span class='ocrx_word' id='word_1_275' title='bbox 1029 2113 1119 2181; x_wconf 91' lang='lat' dir='ltr'><strong>qni</strong></span> <span class='ocrx_word' id='word_1_276' title='bbox 1152 2113 1300 2166; x_wconf 89' lang='lat' dir='ltr'><strong>lucra</strong></span> <span class='ocrx_word' id='word_1_277' title='bbox 1335 2112 1404 2166; x_wconf 90' lang='lat' dir='ltr'><strong>de</strong></span> <span class='ocrx_word' id='word_1_278' title='bbox 1435 2111 1701 2182; x_wconf 76' lang='lat' dir='ltr'><strong>religione</strong></span> <span class='ocrx_word' id='word_1_279' title='bbox 1731 2121 1996 2176; x_wconf 89' lang='lat' dir='ltr'><strong>sectatur,</strong></span> <span class='ocrx_word' id='word_1_280' title='bbox 2025 2110 2138 2164; x_wconf 90' lang='lat' dir='ltr'><strong>cul-</strong></span> 
     </span>
    </p>
   </div>
   <div class='ocr_carea' id='block_1_37' title="bbox 543 2203 2137 2274">
    <p class='ocr_par' dir='ltr' id='par_1_37' title="bbox 543 2203 2137 2274">
     <span class='ocr_line' id='line_1_37' title="bbox 543 2203 2137 2274; baseline -0.003 -13"><span class='ocrx_word' id='word_1_281' title='bbox 543 2217 739 2274; x_wconf 88' lang='lat' dir='ltr'><strong>tusque</strong></span> <span class='ocrx_word' id='word_1_282' title='bbox 767 2206 885 2274; x_wconf 86' lang='lat' dir='ltr'><strong>ejus</strong></span> <span class='ocrx_word' id='word_1_283' title='bbox 919 2219 1023 2257; x_wconf 87' lang='lat' dir='ltr'><strong>non</strong></span> <span class='ocrx_word' id='word_1_284' title='bbox 1055 2213 1164 2258; x_wconf 89' lang='lat' dir='ltr'><strong>tam</strong></span> <span class='ocrx_word' id='word_1_285' title='bbox 1191 2205 1374 2258; x_wconf 90' lang='lat' dir='ltr'><strong>cultus</strong></span> <span class='ocrx_word' id='word_1_286' title='bbox 1415 2203 1511 2257; x_wconf 77' lang='lat' dir='ltr'><strong>Dei</strong></span> <span class='ocrx_word' id='word_1_287' title='bbox 1559 2218 1719 2273; x_wconf 90' lang='lat' dir='ltr'><strong>quam</strong></span> <span class='ocrx_word' id='word_1_288' title='bbox 1754 2203 2137 2273; x_wconf 81' lang='lat' dir='ltr'><strong>negotiationis</strong></span> 
     </span>
    </p>
   </div>
   <div class='ocr_carea' id='block_1_38' title="bbox 535 2296 2139 2366">
    <p class='ocr_par' dir='ltr' id='par_1_38' title="bbox 535 2296 2139 2366">
     <span class='ocr_line' id='line_1_38' title="bbox 535 2296 2139 2366; baseline -0.004 -12"><span class='ocrx_word' id='word_1_289' title='bbox 535 2299 758 2354; x_wconf 87' lang='lat' dir='ltr'><strong>occasio</strong></span> <span class='ocrx_word' id='word_1_290' title='bbox 796 2307 900 2353; x_wconf 84' lang='lat' dir='ltr'><strong>est.</strong></span> <span class='ocrx_word' id='word_1_291' title='bbox 952 2296 1065 2350; x_wconf 89' lang='lat' dir='ltr'><strong>Hoc</strong></span> <span class='ocrx_word' id='word_1_292' title='bbox 1101 2298 1255 2366; x_wconf 84' lang='lat' dir='ltr'><strong>juxta</strong></span> <span class='ocrx_word' id='word_1_293' title='bbox 1289 2297 1572 2350; x_wconf 87' lang='lat' dir='ltr'><strong>historiam</strong></span> <span class='ocrx_word' id='word_1_294' title='bbox 1605 2313 1618 2349; x_wconf 88' lang='lat'><strong>:</strong></span> <span class='ocrx_word' id='word_1_295' title='bbox 1649 2305 1908 2350; x_wconf 85' lang='lat' dir='ltr'><strong>caeterum</strong></span> <span class='ocrx_word' id='word_1_296' title='bbox 1943 2310 2139 2350; x_wconf 86' lang='lat' dir='ltr'><strong>secun-</strong></span> 
     </span>
    </p>
   </div>
   <div class='ocr_carea' id='block_1_39' title="bbox 543 2387 2138 2462">
    <p class='ocr_par' dir='ltr' id='par_1_39' title="bbox 543 2387 2138 2462">
     <span class='ocr_line' id='line_1_39' title="bbox 543 2387 2138 2462; baseline -0.004 -15"><span class='ocrx_word' id='word_1_297' title='bbox 543 2391 672 2446; x_wconf 91' lang='lat' dir='ltr'><strong>dum</strong></span> <span class='ocrx_word' id='word_1_298' title='bbox 706 2391 963 2462; x_wconf 87' lang='lat' dir='ltr'><strong>mysticos</strong></span> <span class='ocrx_word' id='word_1_299' title='bbox 993 2389 1302 2443; x_wconf 88' lang='lat' dir='ltr'><strong>intellectus</strong></span> <span class='ocrx_word' id='word_1_300' title='bbox 1329 2430 1344 2455; x_wconf 95' lang='lat'><strong>,</strong></span> <span class='ocrx_word' id='word_1_301' title='bbox 1374 2387 1618 2458; x_wconf 88' lang='lat' dir='ltr'><strong>quotidie</strong></span> <span class='ocrx_word' id='word_1_302' title='bbox 1645 2388 1806 2443; x_wconf 88' lang='lat' dir='ltr'><strong>Jesus</strong></span> <span class='ocrx_word' id='word_1_303' title='bbox 1836 2387 2138 2458; x_wconf 83' lang='lat' dir='ltr'><strong>ingreditur</strong></span> 
     </span>
    </p>
   </div>
   <div class='ocr_carea' id='block_1_40' title="bbox 544 2476 2138 2548">
    <p class='ocr_par' dir='ltr' id='par_1_40' title="bbox 544 2476 2138 2548">
     <span class='ocr_line' id='line_1_40' title="bbox 544 2476 2138 2548; baseline -0.002 -12"><span class='ocrx_word' id='word_1_304' title='bbox 544 2480 808 2548; x_wconf 88' lang='lat' dir='ltr'><strong>templum</strong></span> <span class='ocrx_word' id='word_1_305' title='bbox 839 2479 1046 2544; x_wconf 85' lang='lat' dir='ltr'><strong>Patris,</strong></span> <span class='ocrx_word' id='word_1_306' title='bbox 1075 2490 1130 2533; x_wconf 92' lang='lat' dir='ltr'><strong>et</strong></span> <span class='ocrx_word' id='word_1_307' title='bbox 1159 2479 1308 2545; x_wconf 88' lang='lat' dir='ltr'><strong>ejicit</strong></span> <span class='ocrx_word' id='word_1_308' title='bbox 1335 2493 1528 2532; x_wconf 90' lang='lat' dir='ltr'><strong>omnes</strong></span> <span class='ocrx_word' id='word_1_309' title='bbox 1561 2476 1587 2516; x_wconf 70' lang='grc' dir='ltr'>δ</span> <span class='ocrx_word' id='word_1_310' title='bbox 1622 2485 1728 2531; x_wconf 90' lang='lat' dir='ltr'><strong>tam</strong></span> <span class='ocrx_word' id='word_1_311' title='bbox 1763 2478 2052 2547; x_wconf 87' lang='lat' dir='ltr'><strong>episcopos</strong></span> <span class='ocrx_word' id='word_1_312' title='bbox 2083 2487 2138 2533; x_wconf 91' lang='lat' dir='ltr'><strong>et</strong></span> 
     </span>
    </p>
   </div>
   <div class='ocr_carea' id='block_1_41' title="bbox 547 2571 2134 2644">
    <p class='ocr_par' dir='ltr' id='par_1_41' title="bbox 547 2571 2134 2644">
     <span class='ocr_line' id='line_1_41' title="bbox 547 2571 2134 2644; baseline 0.003 -22"><span class='ocrx_word' id='word_1_313' title='bbox 547 2574 906 2644; x_wconf 84' lang='lat' dir='ltr'><strong>presbyteros</strong></span> <span class='ocrx_word' id='word_1_314' title='bbox 937 2581 992 2626; x_wconf 87' lang='lat' dir='ltr'><strong>et</strong></span> <span class='ocrx_word' id='word_1_315' title='bbox 1017 2571 1296 2637; x_wconf 86' lang='lat' dir='ltr'><strong>diaconos,</strong></span> <span class='ocrx_word' id='word_1_316' title='bbox 1329 2586 1487 2641; x_wconf 92' lang='lat' dir='ltr'><strong>quam</strong></span> <span class='ocrx_word' id='word_1_317' title='bbox 1520 2572 1708 2635; x_wconf 90' lang='lat' dir='ltr'><strong>laicos,</strong></span> <span class='ocrx_word' id='word_1_318' title='bbox 1740 2581 1794 2625; x_wconf 90' lang='lat' dir='ltr'><strong>et</strong></span> <span class='ocrx_word' id='word_1_319' title='bbox 1826 2573 2134 2626; x_wconf 86' lang='lat' dir='ltr'><strong>universam</strong></span> 
     </span>
    </p>
   </div>
   <div class='ocr_carea' id='block_1_42' title="bbox 544 2665 2136 2731">
    <p class='ocr_par' dir='ltr' id='par_1_42' title="bbox 544 2665 2136 2731">
     <span class='ocr_line' id='line_1_42' title="bbox 544 2665 2136 2731; baseline -0.002 -10"><span class='ocrx_word' id='word_1_320' title='bbox 544 2668 757 2721; x_wconf 88' lang='lat' dir='ltr'><strong>turbam</strong></span> <span class='ocrx_word' id='word_1_321' title='bbox 801 2667 868 2720; x_wconf 87' lang='lat' dir='ltr'><strong>de</strong></span> <span class='ocrx_word' id='word_1_322' title='bbox 909 2665 1150 2720; x_wconf 88' lang='lat' dir='ltr'><strong>Ecclesia</strong></span> <span class='ocrx_word' id='word_1_323' title='bbox 1187 2679 1283 2718; x_wconf 88' lang='lat' dir='ltr'><strong>sua</strong></span> <span class='ocrx_word' id='word_1_324' title='bbox 1312 2708 1327 2731; x_wconf 92' lang='lat'><strong>,</strong></span> <span class='ocrx_word' id='word_1_325' title='bbox 1375 2675 1432 2720; x_wconf 88' lang='lat' dir='ltr'><strong>et</strong></span> <span class='ocrx_word' id='word_1_326' title='bbox 1477 2665 1635 2719; x_wconf 88' lang='lat' dir='ltr'><strong>unius</strong></span> <span class='ocrx_word' id='word_1_327' title='bbox 1681 2665 1929 2720; x_wconf 89' lang='lat' dir='ltr'><strong>criminis</strong></span> <span class='ocrx_word' id='word_1_328' title='bbox 1976 2665 2136 2719; x_wconf 89' lang='lat' dir='ltr'><strong>habet</strong></span> 
     </span>
    </p>
   </div>
   <div class='ocr_carea' id='block_1_43' title="bbox 541 2757 2130 2829">
    <p class='ocr_par' dir='ltr' id='par_1_43' title="bbox 541 2757 2130 2829">
     <span class='ocr_line' id='line_1_43' title="bbox 541 2757 2130 2829; baseline -0.002 -16"><span class='ocrx_word' id='word_1_329' title='bbox 541 2759 844 2814; x_wconf 86' lang='lat' dir='ltr'><strong>vendentes</strong></span> <span class='ocrx_word' id='word_1_330' title='bbox 891 2759 1097 2829; x_wconf 90' lang='lat' dir='ltr'><strong>pariter</strong></span> <span class='ocrx_word' id='word_1_331' title='bbox 1122 2768 1176 2814; x_wconf 91' lang='lat' dir='ltr'><strong>et</strong></span> <span class='ocrx_word' id='word_1_332' title='bbox 1207 2766 1474 2812; x_wconf 85' lang='lat' dir='ltr'><strong>ementes.</strong></span> <span class='ocrx_word' id='word_1_333' title='bbox 1524 2757 1798 2826; x_wconf 89' lang='lat' dir='ltr'><strong>Scriptum</strong></span> <span class='ocrx_word' id='word_1_334' title='bbox 1832 2767 1918 2810; x_wconf 89' lang='lat' dir='ltr'><strong>est</strong></span> <span class='ocrx_word' id='word_1_335' title='bbox 1941 2758 2084 2816; x_wconf 89' lang='lat' dir='ltr'><strong>enim</strong></span> <span class='ocrx_word' id='word_1_336' title='bbox 2121 2801 2130 2810; x_wconf 94' lang='lat'><strong>.</strong></span> 
     </span>
    </p>
   </div>
   <div class='ocr_carea' id='block_1_44' title="bbox 544 2850 2136 2924">
    <p class='ocr_par' dir='ltr' id='par_1_44' title="bbox 544 2850 2136 2924">
     <span class='ocr_line' id='line_1_44' title="bbox 544 2850 2136 2924; baseline 0 -17"><span class='ocrx_word' id='word_1_337' title='bbox 544 2853 722 2908; x_wconf 84' lang='lat' dir='ltr'><strong>Gratis</strong></span> <span class='ocrx_word' id='word_1_338' title='bbox 763 2854 1030 2924; x_wconf 82' lang='lat' dir='ltr'><strong>accepistis</strong></span> <span class='ocrx_word' id='word_1_339' title='bbox 1059 2895 1074 2918; x_wconf 93' lang='lat'><strong>,</strong></span> <span class='ocrx_word' id='word_1_340' title='bbox 1117 2854 1276 2923; x_wconf 82' lang='lat' dir='ltr'><strong>gratis</strong></span> <span class='ocrx_word' id='word_1_341' title='bbox 1308 2852 1449 2905; x_wconf 87' lang='lat' dir='ltr'><strong>date.</strong></span> <span class='ocrx_word' id='word_1_342' title='bbox 1489 2850 1645 2923; x_wconf 75' lang='lat'><strong>165</strong></span> <span class='ocrx_word' id='word_1_343' title='bbox 1676 2851 1891 2906; x_wconf 85' lang='lat' dir='ltr'><strong>Mensas</strong></span> <span class='ocrx_word' id='word_1_344' title='bbox 1919 2866 2136 2922; x_wconf 90' lang='lat' dir='ltr'><strong>quoque</strong></span> 
     </span>
    </p>
   </div>
   <div class='ocr_carea' id='block_1_45' title="bbox 543 2944 2132 3013">
    <p class='ocr_par' dir='ltr' id='par_1_45' title="bbox 543 2944 2132 3013">
     <span class='ocr_line' id='line_1_45' title="bbox 543 2944 2132 3013; baseline -0.002 -11"><span class='ocrx_word' id='word_1_345' title='bbox 543 2945 1342 3003; x_wconf 88' lang='lat' dir='ltr'><strong>nummulariorumsubvertit.</strong></span> <span class='ocrx_word' id='word_1_346' title='bbox 1391 2944 1662 3008; x_wconf 84' lang='lat' dir='ltr'><strong>Observa,</strong></span> <span class='ocrx_word' id='word_1_347' title='bbox 1712 2953 1931 3013; x_wconf 85' lang='lat' dir='ltr'><strong>pr0pter</strong></span> <span class='ocrx_word' id='word_1_348' title='bbox 1957 2945 2132 2998; x_wconf 85' lang='lat' dir='ltr'><strong>avari-</strong></span> 
     </span>
    </p>
   </div>
   <div class='ocr_carea' id='block_1_46' title="bbox 542 3037 2130 3104">
    <p class='ocr_par' dir='ltr' id='par_1_46' title="bbox 542 3037 2130 3104">
     <span class='ocr_line' id='line_1_46' title="bbox 542 3037 2130 3104; baseline -0.004 -9"><span class='ocrx_word' id='word_1_349' title='bbox 542 3042 674 3095; x_wconf 85' lang='lat' dir='ltr'><strong>tiam</strong></span> <span class='ocrx_word' id='word_1_350' title='bbox 704 3039 1072 3104; x_wconf 89' lang='lat' dir='ltr'><strong>sacerdotum,</strong></span> <span class='ocrx_word' id='word_1_351' title='bbox 1101 3039 1296 3093; x_wconf 87' lang='lat' dir='ltr'><strong>altaria</strong></span> <span class='ocrx_word' id='word_1_352' title='bbox 1325 3037 1421 3092; x_wconf 91' lang='lat' dir='ltr'><strong>Dei</strong></span> <span class='ocrx_word' id='word_1_353' title='bbox 1454 3037 1948 3092; x_wconf 83' lang='lat' dir='ltr'><strong>nummulariorum</strong></span> <span class='ocrx_word' id='word_1_354' title='bbox 1978 3053 2130 3090; x_wconf 83' lang='lat' dir='ltr'><strong>men-</strong></span> 
     </span>
    </p>
   </div>
   <div class='ocr_carea' id='block_1_47' title="bbox 541 3131 2134 3206">
    <p class='ocr_par' dir='ltr' id='par_1_47' title="bbox 541 3131 2134 3206">
     <span class='ocr_line' id='line_1_47' title="bbox 541 3131 2134 3206; baseline -0.001 -17"><span class='ocrx_word' id='word_1_355' title='bbox 541 3149 633 3190; x_wconf 88' lang='lat' dir='ltr'><strong>sas</strong></span> <span class='ocrx_word' id='word_1_356' title='bbox 676 3134 961 3206; x_wconf 83' lang='lat' dir='ltr'><strong>appellari.</strong></span> <span class='ocrx_word' id='word_1_357' title='bbox 1013 3133 1422 3200; x_wconf 81' lang='lat' dir='ltr'><strong>Catbedrasmie</strong></span> <span class='ocrx_word' id='word_1_358' title='bbox 1459 3131 1807 3186; x_wconf 89' lang='lat' dir='ltr'><strong>vendentium</strong></span> <span class='ocrx_word' id='word_1_359' title='bbox 1849 3133 2134 3188; x_wconf 88' lang='lat' dir='ltr'><strong>columbas</strong></span> 
     </span>
    </p>
   </div>
   <div class='ocr_carea' id='block_1_48' title="bbox 2245 1921 3843 1994">
    <p class='ocr_par' dir='ltr' id='par_1_48' title="bbox 2245 1921 3843 1994">
     <span class='ocr_line' id='line_1_48' title="bbox 2245 1921 3843 1994; baseline -0.001 -16"><span class='ocrx_word' id='word_1_360' title='bbox 2245 1924 2426 1978; x_wconf 90' lang='lat' dir='ltr'><strong>lumen</strong></span> <span class='ocrx_word' id='word_1_361' title='bbox 2459 1922 2736 1993; x_wconf 83' lang='lat' dir='ltr'><strong>acceperit</strong></span> <span class='ocrx_word' id='word_1_362' title='bbox 2761 1921 2947 1992; x_wconf 84' lang='lat' dir='ltr'><strong>(Joan.</strong></span> <span class='ocrx_word' id='word_1_363' title='bbox 2987 1923 3089 1992; x_wconf 81' lang='lat' dir='ltr'><strong>ix),</strong></span> <span class='ocrx_word' id='word_1_364' title='bbox 3119 1922 3264 1994; x_wconf 90' lang='lat' dir='ltr'><strong>quod</strong></span> <span class='ocrx_word' id='word_1_365' title='bbox 3296 1923 3361 1978; x_wconf 90' lang='lat' dir='ltr'><strong>ad</strong></span> <span class='ocrx_word' id='word_1_366' title='bbox 3400 1923 3697 1978; x_wconf 80' lang='lat' dir='ltr'><strong>Jordanem</strong></span> <span class='ocrx_word' id='word_1_367' title='bbox 3731 1937 3843 1977; x_wconf 84' lang='lat' dir='ltr'><strong>vox</strong></span> 
     </span>
    </p>
   </div>
   <div class='ocr_carea' id='block_1_49' title="bbox 2240 2016 3838 2088">
    <p class='ocr_par' dir='ltr' id='par_1_49' title="bbox 2240 2016 3838 2088">
     <span class='ocr_line' id='line_1_49' title="bbox 2240 2016 3838 2088; baseline 0 -16"><span class='ocrx_word' id='word_1_368' title='bbox 2240 2018 2423 2072; x_wconf 91' lang='lat' dir='ltr'><strong>audita</strong></span> <span class='ocrx_word' id='word_1_369' title='bbox 2463 2018 2532 2072; x_wconf 87' lang='lat' dir='ltr'><strong>sit</strong></span> <span class='ocrx_word' id='word_1_370' title='bbox 2581 2016 2759 2072; x_wconf 88' lang='lat' dir='ltr'><strong>Patris</strong></span> <span class='ocrx_word' id='word_1_371' title='bbox 2791 2016 2975 2087; x_wconf 83' lang='lat' dir='ltr'><strong>(Joan.</strong></span> <span class='ocrx_word' id='word_1_372' title='bbox 3007 2021 3112 2088; x_wconf 87' lang='grc' dir='ltr'>ιιι),</span> <span class='ocrx_word' id='word_1_373' title='bbox 3147 2018 3289 2088; x_wconf 90' lang='lat' dir='ltr'><strong>quod</strong></span> <span class='ocrx_word' id='word_1_374' title='bbox 3322 2017 3750 2088; x_wconf 78' lang='lat' dir='ltr'><strong>transfiguratus</strong></span> <span class='ocrx_word' id='word_1_375' title='bbox 3781 2018 3838 2072; x_wconf 91' lang='lat' dir='ltr'><strong>in</strong></span> 
     </span>
    </p>
   </div>
   <div class='ocr_carea' id='block_1_50' title="bbox 2243 2110 3840 2182">
    <p class='ocr_par' dir='ltr' id='par_1_50' title="bbox 2243 2110 3840 2182">
     <span class='ocr_line' id='line_1_50' title="bbox 2243 2110 3840 2182; baseline -0.003 -14"><span class='ocrx_word' id='word_1_376' title='bbox 2243 2123 2426 2168; x_wconf 89' lang='lat' dir='ltr'><strong>monte</strong></span> <span class='ocrx_word' id='word_1_377' title='bbox 2445 2113 2674 2182; x_wconf 84' lang='lat' dir='ltr'><strong>gloriam</strong></span> <span class='ocrx_word' id='word_1_378' title='bbox 2696 2112 3001 2168; x_wconf 89' lang='lat' dir='ltr'><strong>ostenderit</strong></span> <span class='ocrx_word' id='word_1_379' title='bbox 3021 2111 3408 2182; x_wconf 89' lang='lat' dir='ltr'><strong>triumphantis</strong></span> <span class='ocrx_word' id='word_1_380' title='bbox 3425 2110 3643 2180; x_wconf 79' lang='lat' dir='ltr'><strong>(Matth.</strong></span> <span class='ocrx_word' id='word_1_381' title='bbox 3671 2110 3840 2179; x_wconf 85' lang='lat' dir='ltr'><strong>xvn).</strong></span> 
     </span>
    </p>
   </div>
   <div class='ocr_carea' id='block_1_51' title="bbox 2242 2202 3844 2274">
    <p class='ocr_par' dir='ltr' id='par_1_51' title="bbox 2242 2202 3844 2274">
     <span class='ocr_line' id='line_1_51' title="bbox 2242 2202 3844 2274; baseline -0.002 -14"><span class='ocrx_word' id='word_1_382' title='bbox 2242 2205 2369 2260; x_wconf 81' lang='lat' dir='ltr'><strong>Mihi</strong></span> <span class='ocrx_word' id='word_1_383' title='bbox 2408 2206 2550 2259; x_wconf 87' lang='lat' dir='ltr'><strong>inter</strong></span> <span class='ocrx_word' id='word_1_384' title='bbox 2591 2204 2770 2259; x_wconf 87' lang='lat' dir='ltr'><strong>omnia</strong></span> <span class='ocrx_word' id='word_1_385' title='bbox 2805 2206 2956 2274; x_wconf 88' lang='lat' dir='ltr'><strong>signa</strong></span> <span class='ocrx_word' id='word_1_386' title='bbox 2981 2219 3106 2274; x_wconf 65' lang='lat' dir='ltr'><strong>qua:</strong></span> <span class='ocrx_word' id='word_1_387' title='bbox 3133 2202 3258 2259; x_wconf 85' lang='lat' dir='ltr'><strong>fecit</strong></span> <span class='ocrx_word' id='word_1_388' title='bbox 3298 2204 3401 2258; x_wconf 93' lang='lat' dir='ltr'><strong>hoc</strong></span> <span class='ocrx_word' id='word_1_389' title='bbox 3432 2202 3650 2258; x_wconf 89' lang='lat' dir='ltr'><strong>videtur</strong></span> <span class='ocrx_word' id='word_1_390' title='bbox 3680 2214 3702 2241; x_wconf 78' lang='grc' dir='ltr'><strong>ο</strong></span> <span class='ocrx_word' id='word_1_391' title='bbox 3738 2204 3844 2256; x_wconf 58' lang='lat' dir='ltr'><strong>mi-</strong></span> 
     </span>
    </p>
   </div>
   <div class='ocr_carea' id='block_1_52' title="bbox 2241 2295 3842 2368">
    <p class='ocr_par' dir='ltr' id='par_1_52' title="bbox 2241 2295 3842 2368">
     <span class='ocr_line' id='line_1_52' title="bbox 2241 2295 3842 2368; baseline -0.001 -16"><span class='ocrx_word' id='word_1_392' title='bbox 2241 2297 2467 2352; x_wconf 87' lang='lat' dir='ltr'><strong>rabilius</strong></span> <span class='ocrx_word' id='word_1_393' title='bbox 2503 2311 2661 2362; x_wconf 89' lang='lat' dir='ltr'><strong>esse,</strong></span> <span class='ocrx_word' id='word_1_394' title='bbox 2719 2296 2866 2368; x_wconf 92' lang='lat' dir='ltr'><strong>quod</strong></span> <span class='ocrx_word' id='word_1_395' title='bbox 2920 2312 3063 2350; x_wconf 88' lang='lat' dir='ltr'><strong>unus</strong></span> <span class='ocrx_word' id='word_1_396' title='bbox 3105 2295 3293 2362; x_wconf 88' lang='lat' dir='ltr'><strong>homo,</strong></span> <span class='ocrx_word' id='word_1_397' title='bbox 3345 2303 3402 2349; x_wconf 89' lang='lat' dir='ltr'><strong>et</strong></span> <span class='ocrx_word' id='word_1_398' title='bbox 3445 2295 3540 2350; x_wconf 90' lang='lat' dir='ltr'><strong>illo</strong></span> <span class='ocrx_word' id='word_1_399' title='bbox 3585 2303 3842 2361; x_wconf 88' lang='lat' dir='ltr'><strong>tempore</strong></span> 
     </span>
    </p>
   </div>
   <div class='ocr_carea' id='block_1_53' title="bbox 2240 2387 3840 2460">
    <p class='ocr_par' dir='ltr' id='par_1_53' title="bbox 2240 2387 3840 2460">
     <span class='ocr_line' id='line_1_53' title="bbox 2240 2387 3840 2460; baseline -0.002 -16"><span class='ocrx_word' id='word_1_400' title='bbox 2240 2389 2708 2457; x_wconf 85' lang='lat' dir='ltr'><strong>contemptibilis,</strong></span> <span class='ocrx_word' id='word_1_401' title='bbox 2751 2397 2810 2444; x_wconf 83' lang='lat' dir='ltr'><strong>et</strong></span> <span class='ocrx_word' id='word_1_402' title='bbox 2841 2389 3111 2443; x_wconf 89' lang='lat' dir='ltr'><strong>intantum</strong></span> <span class='ocrx_word' id='word_1_403' title='bbox 3163 2387 3290 2444; x_wconf 89' lang='lat' dir='ltr'><strong>vilis</strong></span> <span class='ocrx_word' id='word_1_404' title='bbox 3336 2387 3495 2460; x_wconf 77' lang='lat'><strong>166</strong></span> <span class='ocrx_word' id='word_1_405' title='bbox 3538 2397 3598 2441; x_wconf 91' lang='lat' dir='ltr'><strong>ut</strong></span> <span class='ocrx_word' id='word_1_406' title='bbox 3648 2399 3840 2458; x_wconf 84' lang='lat' dir='ltr'><strong>postea</strong></span> 
     </span>
    </p>
   </div>
   <div class='ocr_carea' id='block_1_54' title="bbox 2238 2480 3840 2552">
    <p class='ocr_par' dir='ltr' id='par_1_54' title="bbox 2238 2480 3840 2552">
     <span class='ocr_line' id='line_1_54' title="bbox 2238 2480 3840 2552; baseline -0.001 -16"><span class='ocrx_word' id='word_1_407' title='bbox 2238 2480 2677 2552; x_wconf 81' lang='lat' dir='ltr'><strong>cruciﬁgeretur,</strong></span> <span class='ocrx_word' id='word_1_408' title='bbox 2703 2481 2907 2537; x_wconf 89' lang='lat' dir='ltr'><strong>Scribis</strong></span> <span class='ocrx_word' id='word_1_409' title='bbox 2925 2491 2982 2537; x_wconf 90' lang='lat' dir='ltr'><strong>et</strong></span> <span class='ocrx_word' id='word_1_410' title='bbox 3004 2480 3294 2536; x_wconf 77' lang='lat' dir='ltr'><strong>Phariszeis</strong></span> <span class='ocrx_word' id='word_1_411' title='bbox 3313 2493 3505 2535; x_wconf 89' lang='lat' dir='ltr'><strong>contra</strong></span> <span class='ocrx_word' id='word_1_412' title='bbox 3525 2495 3585 2534; x_wconf 89' lang='lat' dir='ltr'><strong>se</strong></span> <span class='ocrx_word' id='word_1_413' title='bbox 3606 2482 3840 2535; x_wconf 54' lang='lat' dir='ltr'><strong>saw-ien-</strong></span> 
     </span>
    </p>
   </div>
   <div class='ocr_carea' id='block_1_55' title="bbox 2243 2571 3836 2641">
    <p class='ocr_par' dir='ltr' id='par_1_55' title="bbox 2243 2571 3836 2641">
     <span class='ocr_line' id='line_1_55' title="bbox 2243 2571 3836 2641; baseline 0.001 -13"><span class='ocrx_word' id='word_1_414' title='bbox 2243 2573 2410 2639; x_wconf 88' lang='lat' dir='ltr'><strong>tibus,</strong></span> <span class='ocrx_word' id='word_1_415' title='bbox 2443 2584 2496 2628; x_wconf 92' lang='lat' dir='ltr'><strong>et</strong></span> <span class='ocrx_word' id='word_1_416' title='bbox 2527 2573 2837 2627; x_wconf 86' lang='lat' dir='ltr'><strong>videntibus</strong></span> <span class='ocrx_word' id='word_1_417' title='bbox 2871 2574 3018 2627; x_wconf 89' lang='lat' dir='ltr'><strong>lucra</strong></span> <span class='ocrx_word' id='word_1_418' title='bbox 3045 2571 3072 2609; x_wconf 72' lang='grc' dir='ltr'><em>ά</em></span> <span class='ocrx_word' id='word_1_419' title='bbox 3107 2588 3205 2628; x_wconf 86' lang='lat' dir='ltr'><strong>sua</strong></span> <span class='ocrx_word' id='word_1_420' title='bbox 3237 2572 3468 2637; x_wconf 90' lang='lat' dir='ltr'><strong>destrui,</strong></span> <span class='ocrx_word' id='word_1_421' title='bbox 3509 2575 3748 2641; x_wconf 78' lang='lat' dir='ltr'><strong>potuerit</strong></span> <span class='ocrx_word' id='word_1_422' title='bbox 3769 2575 3836 2629; x_wconf 86' lang='lat' dir='ltr'><strong>ad</strong></span> 
     </span>
    </p>
   </div>
   <div class='ocr_carea' id='block_1_56' title="bbox 2243 2665 3831 2736">
    <p class='ocr_par' dir='ltr' id='par_1_56' title="bbox 2243 2665 3831 2736">
     <span class='ocr_line' id='line_1_56' title="bbox 2243 2665 3831 2736; baseline 0.001 -15"><span class='ocrx_word' id='word_1_423' title='bbox 2243 2666 2402 2721; x_wconf 89' lang='lat' dir='ltr'><strong>unius</strong></span> <span class='ocrx_word' id='word_1_424' title='bbox 2434 2665 2631 2736; x_wconf 88' lang='lat' dir='ltr'><strong>ﬂagelli</strong></span> <span class='ocrx_word' id='word_1_425' title='bbox 2663 2667 2884 2722; x_wconf 84' lang='lat' dir='ltr'><strong>verbera</strong></span> <span class='ocrx_word' id='word_1_426' title='bbox 2924 2675 3125 2720; x_wconf 88' lang='lat' dir='ltr'><strong>tantam</strong></span> <span class='ocrx_word' id='word_1_427' title='bbox 3168 2667 3369 2734; x_wconf 86' lang='lat' dir='ltr'><strong>ejicere</strong></span> <span class='ocrx_word' id='word_1_428' title='bbox 3401 2666 3831 2735; x_wconf 87' lang='lat' dir='ltr'><strong>multitudinem,</strong></span> 
     </span>
    </p>
   </div>
   <div class='ocr_carea' id='block_1_57' title="bbox 2240 2760 3840 2831">
    <p class='ocr_par' dir='ltr' id='par_1_57' title="bbox 2240 2760 3840 2831">
     <span class='ocr_line' id='line_1_57' title="bbox 2240 2760 3840 2831; baseline 0.001 -14"><span class='ocrx_word' id='word_1_429' title='bbox 2240 2776 2572 2831; x_wconf 89' lang='lat' dir='ltr'><strong>mensasque</strong></span> <span class='ocrx_word' id='word_1_430' title='bbox 2599 2761 2952 2826; x_wconf 86' lang='lat' dir='ltr'><strong>subvertere,</strong></span> <span class='ocrx_word' id='word_1_431' title='bbox 2980 2770 3035 2816; x_wconf 88' lang='lat' dir='ltr'><strong>et</strong></span> <span class='ocrx_word' id='word_1_432' title='bbox 3060 2760 3352 2816; x_wconf 89' lang='lat' dir='ltr'><strong>cathedras</strong></span> <span class='ocrx_word' id='word_1_433' title='bbox 3379 2761 3753 2831; x_wconf 87' lang='lat' dir='ltr'><strong>conlringere.</strong></span> <span class='ocrx_word' id='word_1_434' title='bbox 3782 2771 3840 2818; x_wconf 86' lang='lat' dir='ltr'><strong>cl.</strong></span> 
     </span>
    </p>
   </div>
   <div class='ocr_carea' id='block_1_58' title="bbox 2243 2851 3830 2922">
    <p class='ocr_par' dir='ltr' id='par_1_58' title="bbox 2243 2851 3830 2922">
     <span class='ocr_line' id='line_1_58' title="bbox 2243 2851 3830 2922; baseline 0.002 -16"><span class='ocrx_word' id='word_1_435' title='bbox 2243 2853 2347 2906; x_wconf 89' lang='lat' dir='ltr'><strong>alia</strong></span> <span class='ocrx_word' id='word_1_436' title='bbox 2399 2851 2600 2918; x_wconf 81' lang='lat' dir='ltr'><strong>facere,</strong></span> <span class='ocrx_word' id='word_1_437' title='bbox 2651 2867 2772 2922; x_wconf 66' lang='lat' dir='ltr'><strong>qua:</strong></span> <span class='ocrx_word' id='word_1_438' title='bbox 2820 2852 3064 2907; x_wconf 81' lang='lat' dir='ltr'><strong>inﬁnitus</strong></span> <span class='ocrx_word' id='word_1_439' title='bbox 3112 2868 3218 2908; x_wconf 92' lang='lat' dir='ltr'><strong>non</strong></span> <span class='ocrx_word' id='word_1_440' title='bbox 3262 2852 3485 2908; x_wconf 78' lang='lat' dir='ltr'><strong>fecisset</strong></span> <span class='ocrx_word' id='word_1_441' title='bbox 3528 2855 3830 2909; x_wconf 78' lang='lat' dir='ltr'><strong>exercitus.</strong></span> 
     </span>
    </p>
   </div>
   <div class='ocr_carea' id='block_1_59' title="bbox 2238 2945 3832 3017">
    <p class='ocr_par' dir='ltr' id='par_1_59' title="bbox 2238 2945 3832 3017">
     <span class='ocr_line' id='line_1_59' title="bbox 2238 2945 3832 3017; baseline 0.003 -17"><span class='ocrx_word' id='word_1_442' title='bbox 2238 2945 2462 3017; x_wconf 88' lang='lat' dir='ltr'><strong>lgneum</strong></span> <span class='ocrx_word' id='word_1_443' title='bbox 2488 2947 2631 3001; x_wconf 92' lang='lat' dir='ltr'><strong>enim</strong></span> <span class='ocrx_word' id='word_1_444' title='bbox 2655 2945 2909 3016; x_wconf 84' lang='lat' dir='ltr'><strong>quiddam</strong></span> <span class='ocrx_word' id='word_1_445' title='bbox 2936 2957 2958 2983; x_wconf 79' lang='grc' dir='ltr'><strong>ο</strong></span> <span class='ocrx_word' id='word_1_446' title='bbox 2989 2957 3152 3016; x_wconf 90' lang='lat' dir='ltr'><strong>atque</strong></span> <span class='ocrx_word' id='word_1_447' title='bbox 3176 2947 3454 3002; x_wconf 89' lang='lat' dir='ltr'><strong>sidereum</strong></span> <span class='ocrx_word' id='word_1_448' title='bbox 3487 2947 3738 3002; x_wconf 88' lang='lat' dir='ltr'><strong>radiabat</strong></span> <span class='ocrx_word' id='word_1_449' title='bbox 3765 2963 3832 3004; x_wconf 78' lang='lat' dir='ltr'><strong>ex</strong></span> 
     </span>
    </p>
   </div>
   <div class='ocr_carea' id='block_1_60' title="bbox 2239 3037 3831 3108">
    <p class='ocr_par' dir='ltr' id='par_1_60' title="bbox 2239 3037 3831 3108">
     <span class='ocr_line' id='line_1_60' title="bbox 2239 3037 3831 3108; baseline 0 -14"><span class='ocrx_word' id='word_1_450' title='bbox 2239 3039 2411 3095; x_wconf 91' lang='lat' dir='ltr'><strong>oculis</strong></span> <span class='ocrx_word' id='word_1_451' title='bbox 2438 3039 2556 3108; x_wconf 89' lang='lat' dir='ltr'><strong>ejus</strong></span> <span class='ocrx_word' id='word_1_452' title='bbox 2577 3082 2591 3104; x_wconf 94' lang='lat'><strong>,</strong></span> <span class='ocrx_word' id='word_1_453' title='bbox 2625 3047 2680 3094; x_wconf 92' lang='lat' dir='ltr'><strong>et</strong></span> <span class='ocrx_word' id='word_1_454' title='bbox 2709 3038 3010 3094; x_wconf 81' lang='lat' dir='ltr'><strong>divinitatis</strong></span> <span class='ocrx_word' id='word_1_455' title='bbox 3038 3039 3300 3108; x_wconf 87' lang='lat' dir='ltr'><strong>majestas</strong></span> <span class='ocrx_word' id='word_1_456' title='bbox 3334 3038 3550 3093; x_wconf 91' lang='lat' dir='ltr'><strong>lucebat</strong></span> <span class='ocrx_word' id='word_1_457' title='bbox 3582 3038 3635 3093; x_wconf 93' lang='lat' dir='ltr'><strong>in</strong></span> <span class='ocrx_word' id='word_1_458' title='bbox 3667 3037 3831 3094; x_wconf 80' lang='lat' dir='ltr'><strong>faeie.</strong></span> 
     </span>
    </p>
   </div>
   <div class='ocr_carea' id='block_1_61' title="bbox 2236 3129 3830 3201">
    <p class='ocr_par' dir='ltr' id='par_1_61' title="bbox 2236 3129 3830 3201">
     <span class='ocr_line' id='line_1_61' title="bbox 2236 3129 3830 3201; baseline -0.001 -16"><span class='ocrx_word' id='word_1_459' title='bbox 2236 3131 2480 3201; x_wconf 89' lang='lat' dir='ltr'><strong>Cumque</strong></span> <span class='ocrx_word' id='word_1_460' title='bbox 2517 3145 2732 3185; x_wconf 88' lang='lat' dir='ltr'><strong>manum</strong></span> <span class='ocrx_word' id='word_1_461' title='bbox 2776 3145 2882 3184; x_wconf 93' lang='lat' dir='ltr'><strong>non</strong></span> <span class='ocrx_word' id='word_1_462' title='bbox 2929 3129 3171 3185; x_wconf 90' lang='lat' dir='ltr'><strong>audeant</strong></span> <span class='ocrx_word' id='word_1_463' title='bbox 3221 3129 3447 3200; x_wconf 81' lang='lat' dir='ltr'><strong>injicere</strong></span> <span class='ocrx_word' id='word_1_464' title='bbox 3489 3129 3830 3194; x_wconf 80' lang='lat' dir='ltr'><strong>sacerdotes,</strong></span> 
     </span>
    </p>
   </div>
   <div class='ocr_carea' id='block_1_62' title="bbox 542 3205 3828 3296">
    <p class='ocr_par' dir='ltr' id='par_1_62' title="bbox 542 3205 3828 3296">
     <span class='ocr_line' id='line_1_62' title="bbox 542 3205 3828 3296; baseline -0.002 -14"><span class='ocrx_word' id='word_1_465' title='bbox 542 3205 765 3292; x_wconf 84' lang='lat' dir='ltr'><strong>evertit,</strong></span> <span class='ocrx_word' id='word_1_466' title='bbox 800 3227 887 3296; x_wconf 88' lang='lat' dir='ltr'><strong>qui</strong></span> <span class='ocrx_word' id='word_1_467' title='bbox 923 3225 1158 3280; x_wconf 89' lang='lat' dir='ltr'><strong>vendunt</strong></span> <span class='ocrx_word' id='word_1_468' title='bbox 1183 3225 1411 3294; x_wconf 85' lang='lat' dir='ltr'><strong>gratiam</strong></span> <span class='ocrx_word' id='word_1_469' title='bbox 1443 3224 1681 3293; x_wconf 88' lang='lat' dir='ltr'><strong>Spiritus</strong></span> <span class='ocrx_word' id='word_1_470' title='bbox 1709 3225 1903 3291; x_wconf 88' lang='lat' dir='ltr'><strong>sancti,</strong></span> <span class='ocrx_word' id='word_1_471' title='bbox 1931 3235 1988 3280; x_wconf 88' lang='lat' dir='ltr'><strong>et</strong></span> <span class='ocrx_word' id='word_1_472' title='bbox 2013 3239 2133 3278; x_wconf 88' lang='lat' dir='ltr'><strong>om-</strong></span> <span class='ocrx_word' id='word_1_473' title='bbox 2160 3205 2206 3269; x_wconf 70' lang='grc' dir='ltr'>Ο</span> <span class='ocrx_word' id='word_1_474' title='bbox 2239 3235 2419 3281; x_wconf 81' lang='lat' dir='ltr'><strong>tamen</strong></span> <span class='ocrx_word' id='word_1_475' title='bbox 2462 3238 2626 3292; x_wconf 85' lang='lat' dir='ltr'><strong>opera</strong></span> <span class='ocrx_word' id='word_1_476' title='bbox 2674 3223 3100 3288; x_wconf 86' lang='lat' dir='ltr'><strong>calumniantur,</strong></span> <span class='ocrx_word' id='word_1_477' title='bbox 3133 3232 3187 3277; x_wconf 90' lang='lat' dir='ltr'><strong>et</strong></span> <span class='ocrx_word' id='word_1_478' title='bbox 3234 3221 3608 3276; x_wconf 91' lang='lat' dir='ltr'><strong>testimonium</strong></span> <span class='ocrx_word' id='word_1_479' title='bbox 3645 3222 3828 3290; x_wconf 80' lang='lat' dir='ltr'><strong>populi</strong></span> 
     </span>
    </p>
   </div>
   <div class='ocr_carea' id='block_1_63' title="bbox 541 3315 2133 3389">
    <p class='ocr_par' dir='ltr' id='par_1_63' title="bbox 541 3315 2133 3389">
     <span class='ocr_line' id='line_1_63' title="bbox 541 3315 2133 3389; baseline -0.001 -17"><span class='ocrx_word' id='word_1_480' title='bbox 541 3317 631 3372; x_wconf 91' lang='lat' dir='ltr'><strong>nia</strong></span> <span class='ocrx_word' id='word_1_481' title='bbox 664 3317 901 3383; x_wconf 80' lang='lat' dir='ltr'><strong>faciunt,</strong></span> <span class='ocrx_word' id='word_1_482' title='bbox 929 3326 989 3371; x_wconf 89' lang='lat' dir='ltr'><strong>ut</strong></span> <span class='ocrx_word' id='word_1_483' title='bbox 1018 3317 1296 3386; x_wconf 83' lang='lat' dir='ltr'><strong>subjectos</strong></span> <span class='ocrx_word' id='word_1_484' title='bbox 1328 3316 1558 3387; x_wconf 86' lang='lat' dir='ltr'><strong>populos</strong></span> <span class='ocrx_word' id='word_1_485' title='bbox 1588 3315 1886 3382; x_wconf 86' lang='lat' dir='ltr'><strong>devorent,</strong></span> <span class='ocrx_word' id='word_1_486' title='bbox 1915 3316 1984 3371; x_wconf 89' lang='lat' dir='ltr'><strong>de</strong></span> <span class='ocrx_word' id='word_1_487' title='bbox 2012 3319 2133 3389; x_wconf 86' lang='lat' dir='ltr'><strong>qui-</strong></span> 
     </span>
    </p>
   </div>
   <div class='ocr_carea' id='block_1_64' title="bbox 542 3412 2131 3487">
    <p class='ocr_par' dir='ltr' id='par_1_64' title="bbox 542 3412 2131 3487">
     <span class='ocr_line' id='line_1_64' title="bbox 542 3412 2131 3487; baseline -0.004 -17"><span class='ocrx_word' id='word_1_488' title='bbox 542 3417 642 3470; x_wconf 88' lang='lat' dir='ltr'><strong>bus</strong></span> <span class='ocrx_word' id='word_1_489' title='bbox 669 3415 799 3469; x_wconf 91' lang='lat' dir='ltr'><strong>dicit</strong></span> <span class='ocrx_word' id='word_1_490' title='bbox 831 3413 939 3487; x_wconf 83' lang='grc' dir='ltr'><strong>[Αι.</strong></span> <span class='ocrx_word' id='word_1_491' title='bbox 968 3413 1190 3484; x_wconf 75' lang='lat' dir='ltr'><strong>dicitur]</strong></span> <span class='ocrx_word' id='word_1_492' title='bbox 1226 3432 1237 3465; x_wconf 90' lang='lat'><strong>:</strong></span> <span class='ocrx_word' id='word_1_493' title='bbox 1272 3412 1374 3477; x_wconf 83' lang='lat' dir='ltr'><strong>Qui</strong></span> <span class='ocrx_word' id='word_1_494' title='bbox 1403 3414 1650 3466; x_wconf 85' lang='lat' dir='ltr'><strong>devorant</strong></span> <span class='ocrx_word' id='word_1_495' title='bbox 1677 3413 1931 3484; x_wconf 85' lang='lat' dir='ltr'><strong>populum</strong></span> <span class='ocrx_word' id='word_1_496' title='bbox 1962 3429 2131 3467; x_wconf 83' lang='lat' dir='ltr'><strong>meum</strong></span> 
     </span>
    </p>
   </div>
   <div class='ocr_carea' id='block_1_65' title="bbox 540 3503 2133 3578">
    <p class='ocr_par' dir='ltr' id='par_1_65' title="bbox 540 3503 2133 3578">
     <span class='ocr_line' id='line_1_65' title="bbox 540 3503 2133 3578; baseline -0.003 -16"><span class='ocrx_word' id='word_1_497' title='bbox 540 3510 669 3562; x_wconf 87' lang='lat' dir='ltr'><strong>sicut</strong></span> <span class='ocrx_word' id='word_1_498' title='bbox 691 3524 862 3562; x_wconf 80' lang='lat' dir='ltr'><strong>escam</strong></span> <span class='ocrx_word' id='word_1_499' title='bbox 891 3508 1040 3578; x_wconf 87' lang='lat' dir='ltr'><strong>panis</strong></span> <span class='ocrx_word' id='word_1_500' title='bbox 1067 3505 1190 3574; x_wconf 87' lang='lat' dir='ltr'><strong>(Ps.</strong></span> <span class='ocrx_word' id='word_1_501' title='bbox 1224 3521 1352 3572; x_wconf 83' lang='lat' dir='ltr'><strong>xm,</strong></span> <span class='ocrx_word' id='word_1_502' title='bbox 1383 3503 1463 3571; x_wconf 73' lang='grc'><strong>4).</strong></span> <span class='ocrx_word' id='word_1_503' title='bbox 1503 3505 1665 3559; x_wconf 86' lang='lat' dir='ltr'><strong>Juxta</strong></span> <span class='ocrx_word' id='word_1_504' title='bbox 1697 3505 2004 3571; x_wconf 85' lang='lat' dir='ltr'><strong>simplicem</strong></span> <span class='ocrx_word' id='word_1_505' title='bbox 2051 3507 2133 3559; x_wconf 91' lang='lat' dir='ltr'><strong>in-</strong></span> 
     </span>
    </p>
   </div>
   <div class='ocr_carea' id='block_1_66' title="bbox 539 3594 2129 3669">
    <p class='ocr_par' dir='ltr' id='par_1_66' title="bbox 539 3594 2129 3669">
     <span class='ocr_line' id='line_1_66' title="bbox 539 3594 2129 3669; baseline -0.002 -15"><span class='ocrx_word' id='word_1_506' title='bbox 539 3599 895 3669; x_wconf 77' lang='lat' dir='ltr'><strong>telligentiam</strong></span> <span class='ocrx_word' id='word_1_507' title='bbox 921 3638 938 3662; x_wconf 93' lang='lat'><strong>,</strong></span> <span class='ocrx_word' id='word_1_508' title='bbox 979 3597 1249 3651; x_wconf 68' lang='lat' dir='ltr'><strong>columba:</strong></span> <span class='ocrx_word' id='word_1_509' title='bbox 1279 3610 1385 3648; x_wconf 93' lang='lat' dir='ltr'><strong>non</strong></span> <span class='ocrx_word' id='word_1_510' title='bbox 1414 3604 1574 3648; x_wconf 92' lang='lat' dir='ltr'><strong>erant</strong></span> <span class='ocrx_word' id='word_1_511' title='bbox 1603 3594 1656 3647; x_wconf 88' lang='lat' dir='ltr'><strong>in</strong></span> <span class='ocrx_word' id='word_1_512' title='bbox 1683 3594 1960 3649; x_wconf 88' lang='lat' dir='ltr'><strong>cathedris</strong></span> <span class='ocrx_word' id='word_1_513' title='bbox 1987 3637 2001 3660; x_wconf 92' lang='lat'><strong>,</strong></span> <span class='ocrx_word' id='word_1_514' title='bbox 2033 3596 2129 3651; x_wconf 91' lang='lat' dir='ltr'><strong>sed</strong></span> 
     </span>
    </p>
   </div>
   <div class='ocr_carea' id='block_1_67' title="bbox 539 3687 2132 3757">
    <p class='ocr_par' dir='ltr' id='par_1_67' title="bbox 539 3687 2132 3757">
     <span class='ocr_line' id='line_1_67' title="bbox 539 3687 2132 3757; baseline -0.002 -10"><span class='ocrx_word' id='word_1_515' title='bbox 539 3694 595 3747; x_wconf 88' lang='lat' dir='ltr'><strong>in</strong></span> <span class='ocrx_word' id='word_1_516' title='bbox 625 3692 806 3746; x_wconf 85' lang='lat' dir='ltr'><strong>caveis</strong></span> <span class='ocrx_word' id='word_1_517' title='bbox 833 3732 848 3757; x_wconf 96' lang='lat'><strong>,</strong></span> <span class='ocrx_word' id='word_1_518' title='bbox 893 3691 995 3743; x_wconf 91' lang='lat' dir='ltr'><strong>nisi</strong></span> <span class='ocrx_word' id='word_1_519' title='bbox 1038 3689 1176 3744; x_wconf 76' lang='lat' dir='ltr'><strong>forte</strong></span> <span class='ocrx_word' id='word_1_520' title='bbox 1215 3687 1587 3742; x_wconf 87' lang='lat' dir='ltr'><strong>columbarum</strong></span> <span class='ocrx_word' id='word_1_521' title='bbox 1640 3687 1925 3743; x_wconf 87' lang='lat' dir='ltr'><strong>institores</strong></span> <span class='ocrx_word' id='word_1_522' title='bbox 1971 3689 2132 3744; x_wconf 89' lang='lat' dir='ltr'><strong>sede-</strong></span> 
     </span>
    </p>
   </div>
   <div class='ocr_carea' id='block_1_68' title="bbox 543 3777 2136 3849">
    <p class='ocr_par' dir='ltr' id='par_1_68' title="bbox 543 3777 2136 3849">
     <span class='ocr_line' id='line_1_68' title="bbox 543 3777 2136 3849; baseline -0.001 -13"><span class='ocrx_word' id='word_1_523' title='bbox 543 3783 674 3836; x_wconf 88' lang='lat' dir='ltr'><strong>bant</strong></span> <span class='ocrx_word' id='word_1_524' title='bbox 700 3783 754 3836; x_wconf 92' lang='lat' dir='ltr'><strong>in</strong></span> <span class='ocrx_word' id='word_1_525' title='bbox 787 3779 1085 3834; x_wconf 87' lang='lat' dir='ltr'><strong>cathedris.</strong></span> <span class='ocrx_word' id='word_1_526' title='bbox 1117 3777 1272 3846; x_wconf 86' lang='lat' dir='ltr'><strong>Quod</strong></span> <span class='ocrx_word' id='word_1_527' title='bbox 1301 3777 1518 3848; x_wconf 89' lang='lat' dir='ltr'><strong>penitus</strong></span> <span class='ocrx_word' id='word_1_528' title='bbox 1543 3778 1843 3832; x_wconf 88' lang='lat' dir='ltr'><strong>absurdum</strong></span> <span class='ocrx_word' id='word_1_529' title='bbox 1875 3788 1979 3842; x_wconf 89' lang='lat' dir='ltr'><strong>est,</strong></span> <span class='ocrx_word' id='word_1_530' title='bbox 2013 3780 2136 3849; x_wconf 89' lang='lat' dir='ltr'><strong>quia</strong></span> 
     </span>
    </p>
   </div>
   <div class='ocr_carea' id='block_1_69' title="bbox 540 3871 2133 3942">
    <p class='ocr_par' dir='ltr' id='par_1_69' title="bbox 540 3871 2133 3942">
     <span class='ocr_line' id='line_1_69' title="bbox 540 3871 2133 3942; baseline -0.001 -13"><span class='ocrx_word' id='word_1_531' title='bbox 540 3877 596 3930; x_wconf 93' lang='lat' dir='ltr'><strong>in</strong></span> <span class='ocrx_word' id='word_1_532' title='bbox 629 3873 928 3937; x_wconf 89' lang='lat' dir='ltr'><strong>cathedris,</strong></span> <span class='ocrx_word' id='word_1_533' title='bbox 965 3873 1348 3937; x_wconf 79' lang='lat' dir='ltr'><strong>magistrorum</strong></span> <span class='ocrx_word' id='word_1_534' title='bbox 1381 3872 1552 3941; x_wconf 87' lang='lat' dir='ltr'><strong>magis</strong></span> <span class='ocrx_word' id='word_1_535' title='bbox 1578 3871 1815 3942; x_wconf 76' lang='lat' dir='ltr'><strong>dignitas</strong></span> <span class='ocrx_word' id='word_1_536' title='bbox 1843 3873 2133 3941; x_wconf 90' lang='lat' dir='ltr'><strong>indicatur,</strong></span> 
     </span>
    </p>
   </div>
   <div class='ocr_carea' id='block_1_70' title="bbox 541 3965 2130 4039">
    <p class='ocr_par' dir='ltr' id='par_1_70' title="bbox 541 3965 2130 4039">
     <span class='ocr_line' id='line_1_70' title="bbox 541 3965 2130 4039; baseline -0.001 -16"><span class='ocrx_word' id='word_1_537' title='bbox 541 3982 664 4039; x_wconf 75' lang='lat' dir='ltr'><strong>qua:</strong></span> <span class='ocrx_word' id='word_1_538' title='bbox 694 3967 761 4021; x_wconf 88' lang='lat' dir='ltr'><strong>ad</strong></span> <span class='ocrx_word' id='word_1_539' title='bbox 811 3966 1034 4020; x_wconf 88' lang='lat' dir='ltr'><strong>nihilum</strong></span> <span class='ocrx_word' id='word_1_540' title='bbox 1065 3965 1349 4035; x_wconf 84' lang='lat' dir='ltr'><strong>redigitur,</strong></span> <span class='ocrx_word' id='word_1_541' title='bbox 1380 3980 1502 4020; x_wconf 91' lang='lat' dir='ltr'><strong>cum</strong></span> <span class='ocrx_word' id='word_1_542' title='bbox 1534 3965 1698 4019; x_wconf 82' lang='lat' dir='ltr'><strong>mixta</strong></span> <span class='ocrx_word' id='word_1_543' title='bbox 1731 3965 1898 4020; x_wconf 85' lang='lat' dir='ltr'><strong>fuerit</strong></span> <span class='ocrx_word' id='word_1_544' title='bbox 1946 3969 2130 4022; x_wconf 91' lang='lat' dir='ltr'><strong>lucris.</strong></span> 
     </span>
    </p>
   </div>
   <div class='ocr_carea' id='block_1_71' title="bbox 539 4058 2135 4128">
    <p class='ocr_par' dir='ltr' id='par_1_71' title="bbox 539 4058 2135 4128">
     <span class='ocr_line' id='line_1_71' title="bbox 539 4058 2135 4128; baseline 0.002 -16"><span class='ocrx_word' id='word_1_545' title='bbox 539 4060 696 4128; x_wconf 83' lang='lat' dir='ltr'><strong>Quod</strong></span> <span class='ocrx_word' id='word_1_546' title='bbox 723 4061 793 4116; x_wconf 92' lang='lat' dir='ltr'><strong>de</strong></span> <span class='ocrx_word' id='word_1_547' title='bbox 824 4060 1083 4114; x_wconf 76' lang='lat' dir='ltr'><strong>Ecclesiis</strong></span> <span class='ocrx_word' id='word_1_548' title='bbox 1119 4059 1356 4113; x_wconf 85' lang='lat' dir='ltr'><strong>diximus</strong></span> <span class='ocrx_word' id='word_1_549' title='bbox 1377 4103 1390 4125; x_wconf 94' lang='lat'><strong>,</strong></span> <span class='ocrx_word' id='word_1_550' title='bbox 1441 4063 1819 4128; x_wconf 85' lang='lat' dir='ltr'><strong>unusquisque</strong></span> <span class='ocrx_word' id='word_1_551' title='bbox 1848 4058 1917 4114; x_wconf 92' lang='lat' dir='ltr'><strong>de</strong></span> <span class='ocrx_word' id='word_1_552' title='bbox 1962 4075 2025 4115; x_wconf 89' lang='lat' dir='ltr'><strong>se</strong></span> <span class='ocrx_word' id='word_1_553' title='bbox 2057 4062 2135 4115; x_wconf 87' lang='lat' dir='ltr'><strong>in-</strong></span> 
     </span>
    </p>
   </div>
   <div class='ocr_carea' id='block_1_72' title="bbox 543 4146 2132 4220">
    <p class='ocr_par' dir='ltr' id='par_1_72' title="bbox 543 4146 2132 4220">
     <span class='ocr_line' id='line_1_72' title="bbox 543 4146 2132 4220; baseline -0.001 -14"><span class='ocrx_word' id='word_1_554' title='bbox 543 4151 768 4220; x_wconf 89' lang='lat' dir='ltr'><strong>telligat.</strong></span> <span class='ocrx_word' id='word_1_555' title='bbox 822 4149 964 4204; x_wconf 88' lang='lat' dir='ltr'><strong>Dicit</strong></span> <span class='ocrx_word' id='word_1_556' title='bbox 1009 4151 1153 4204; x_wconf 89' lang='lat' dir='ltr'><strong>enim</strong></span> <span class='ocrx_word' id='word_1_557' title='bbox 1189 4148 1480 4218; x_wconf 84' lang='lat' dir='ltr'><strong>Apostolus</strong></span> <span class='ocrx_word' id='word_1_558' title='bbox 1516 4165 1530 4203; x_wconf 91' lang='lat'><strong>:</strong></span> <span class='ocrx_word' id='word_1_559' title='bbox 1569 4146 1674 4202; x_wconf 86' lang='lat' dir='ltr'><strong>Vos</strong></span> <span class='ocrx_word' id='word_1_560' title='bbox 1719 4151 1839 4202; x_wconf 82' lang='lat' dir='ltr'><strong>estis</strong></span> <span class='ocrx_word' id='word_1_561' title='bbox 1885 4152 2132 4218; x_wconf 86' lang='lat' dir='ltr'><strong>templum</strong></span> 
     </span>
    </p>
   </div>
   <div class='ocr_carea' id='block_1_73' title="bbox 539 4237 2128 4313">
    <p class='ocr_par' dir='ltr' id='par_1_73' title="bbox 539 4237 2128 4313">
     <span class='ocr_line' id='line_1_73' title="bbox 539 4237 2128 4313; baseline -0.001 -17"><span class='ocrx_word' id='word_1_562' title='bbox 539 4241 675 4306; x_wconf 88' lang='lat' dir='ltr'><strong>Dei,</strong></span> <span class='ocrx_word' id='word_1_563' title='bbox 698 4252 744 4295; x_wconf 82' lang='lat' dir='ltr'><strong>et</strong></span> <span class='ocrx_word' id='word_1_564' title='bbox 768 4241 999 4313; x_wconf 87' lang='lat' dir='ltr'><strong>Spiritus</strong></span> <span class='ocrx_word' id='word_1_565' title='bbox 1023 4249 1234 4294; x_wconf 82' lang='lat' dir='ltr'><strong>sanctus</strong></span> <span class='ocrx_word' id='word_1_566' title='bbox 1254 4239 1450 4292; x_wconf 85' lang='lat' dir='ltr'><strong>habitat</strong></span> <span class='ocrx_word' id='word_1_567' title='bbox 1474 4240 1525 4292; x_wconf 90' lang='lat' dir='ltr'><strong>in</strong></span> <span class='ocrx_word' id='word_1_568' title='bbox 1551 4239 1691 4293; x_wconf 72' lang='lat' dir='ltr'><strong>vobis</strong></span> <span class='ocrx_word' id='word_1_569' title='bbox 1712 4241 1764 4310; x_wconf 91' lang='grc'><strong>(1</strong></span> <span class='ocrx_word' id='word_1_570' title='bbox 1788 4237 1908 4292; x_wconf 85' lang='lat' dir='ltr'><strong>Cor.</strong></span> <span class='ocrx_word' id='word_1_571' title='bbox 1937 4256 2009 4306; x_wconf 85' lang='lat' dir='ltr'><strong>vt,</strong></span> <span class='ocrx_word' id='word_1_572' title='bbox 2043 4242 2128 4303; x_wconf 84' lang='lat' dir='ltr'><strong>l5.</strong></span> 
     </span>
    </p>
   </div>
   <div class='ocr_carea' id='block_1_74' title="bbox 539 4332 2130 4406">
    <p class='ocr_par' dir='ltr' id='par_1_74' title="bbox 539 4332 2130 4406">
     <span class='ocr_line' id='line_1_74' title="bbox 539 4332 2130 4406; baseline 0 -16"><span class='ocrx_word' id='word_1_573' title='bbox 539 4349 589 4390; x_wconf 87' lang='lat' dir='ltr'><strong>et</strong></span> <span class='ocrx_word' id='word_1_574' title='bbox 620 4335 660 4392; x_wconf 86' lang='lat' dir='ltr'><strong>ll</strong></span> <span class='ocrx_word' id='word_1_575' title='bbox 688 4334 808 4390; x_wconf 88' lang='lat' dir='ltr'><strong>Cor.</strong></span> <span class='ocrx_word' id='word_1_576' title='bbox 840 4351 928 4400; x_wconf 88' lang='grc' dir='ltr'>ιιι,</span> <span class='ocrx_word' id='word_1_577' title='bbox 963 4333 1076 4406; x_wconf 78' lang='grc'><strong>16).</strong></span> <span class='ocrx_word' id='word_1_578' title='bbox 1118 4333 1234 4388; x_wconf 82' lang='lat' dir='ltr'><strong>Non</strong></span> <span class='ocrx_word' id='word_1_579' title='bbox 1282 4332 1352 4388; x_wconf 90' lang='lat' dir='ltr'><strong>sit</strong></span> <span class='ocrx_word' id='word_1_580' title='bbox 1383 4334 1435 4387; x_wconf 94' lang='lat' dir='ltr'><strong>in</strong></span> <span class='ocrx_word' id='word_1_581' title='bbox 1472 4334 1639 4388; x_wconf 89' lang='lat' dir='ltr'><strong>domo</strong></span> <span class='ocrx_word' id='word_1_582' title='bbox 1679 4335 1915 4403; x_wconf 84' lang='lat' dir='ltr'><strong>pectoris</strong></span> <span class='ocrx_word' id='word_1_583' title='bbox 1960 4336 2130 4390; x_wconf 85' lang='lat' dir='ltr'><strong>nostri</strong></span> 
     </span>
    </p>
   </div>
   <div class='ocr_carea' id='block_1_75' title="bbox 537 4425 2133 4496">
    <p class='ocr_par' dir='ltr' id='par_1_75' title="bbox 537 4425 2133 4496">
     <span class='ocr_line' id='line_1_75' title="bbox 537 4425 2133 4496; baseline 0.002 -14"><span class='ocrx_word' id='word_1_584' title='bbox 537 4428 859 4496; x_wconf 82' lang='lat' dir='ltr'><strong>negotiatio,</strong></span> <span class='ocrx_word' id='word_1_585' title='bbox 897 4442 1004 4480; x_wconf 93' lang='lat' dir='ltr'><strong>non</strong></span> <span class='ocrx_word' id='word_1_586' title='bbox 1037 4426 1331 4480; x_wconf 79' lang='lat' dir='ltr'><strong>ementium</strong></span> <span class='ocrx_word' id='word_1_587' title='bbox 1365 4425 1830 4496; x_wconf 89' lang='lat' dir='ltr'><strong>vendentiumque</strong></span> <span class='ocrx_word' id='word_1_588' title='bbox 1856 4441 2133 4485; x_wconf 90' lang='lat' dir='ltr'><strong>commer-</strong></span> 
     </span>
    </p>
   </div>
   <div class='ocr_carea' id='block_1_76' title="bbox 533 4605 2210 4682">
    <p class='ocr_par' dir='ltr' id='par_1_76' title="bbox 533 4605 2210 4682">
     <span class='ocr_line' id='line_1_76' title="bbox 533 4605 2210 4682; baseline -0.003 -14"><span class='ocrx_word' id='word_1_589' title='bbox 533 4627 648 4668; x_wconf 76' lang='lat' dir='ltr'><strong>suze</strong></span> <span class='ocrx_word' id='word_1_590' title='bbox 674 4621 884 4682; x_wconf 90' lang='lat' dir='ltr'><strong>partem</strong></span> <span class='ocrx_word' id='word_1_591' title='bbox 911 4617 1188 4682; x_wconf 88' lang='lat' dir='ltr'><strong>mutuatus</strong></span> <span class='ocrx_word' id='word_1_592' title='bbox 1209 4615 1293 4662; x_wconf 85' lang='lat' dir='ltr'><strong>est</strong></span> <span class='ocrx_word' id='word_1_593' title='bbox 1315 4607 1378 4682; x_wconf 17' lang='lat' dir='ltr'><strong>AS.</strong></span> <span class='ocrx_word' id='word_1_594' title='bbox 1407 4605 1587 4682; x_wconf 80' lang='lat' dir='ltr'><strong>Pater,</strong></span> <span class='ocrx_word' id='word_1_595' title='bbox 1615 4621 1711 4660; x_wconf 90' lang='lat' dir='ltr'><strong>eos</strong></span> <span class='ocrx_word' id='word_1_596' title='bbox 1739 4608 1978 4682; x_wconf 86' lang='lat' dir='ltr'><strong>appellat</strong></span> <span class='ocrx_word' id='word_1_597' title='bbox 2005 4609 2126 4664; x_wconf 87' lang='lat' dir='ltr'><strong>Cal—</strong></span> <span class='ocrx_word' id='word_1_598' title='bbox 2155 4621 2210 4680; x_wconf 80' lang='grc' dir='ltr'>ι)</span> 
     </span>
    </p>
   </div>
   <div class='ocr_carea' id='block_1_77' title="bbox 530 4678 2121 4756">
    <p class='ocr_par' dir='ltr' id='par_1_77' title="bbox 530 4678 2121 4756">
     <span class='ocr_line' id='line_1_77' title="bbox 530 4678 2121 4756; baseline -0.002 -18"><span class='ocrx_word' id='word_1_599' title='bbox 530 4678 768 4756; x_wconf 73' lang='lat' dir='ltr'><strong>lybisias,</strong></span> <span class='ocrx_word' id='word_1_600' title='bbox 788 4683 877 4754; x_wconf 89' lang='lat' dir='ltr'><strong>qui</strong></span> <span class='ocrx_word' id='word_1_601' title='bbox 905 4681 1117 4741; x_wconf 81' lang='lat' dir='ltr'><strong>probam</strong></span> <span class='ocrx_word' id='word_1_602' title='bbox 1140 4679 1413 4750; x_wconf 88' lang='lat' dir='ltr'><strong>pecuniam</strong></span> <span class='ocrx_word' id='word_1_603' title='bbox 1428 4678 1636 4742; x_wconf 81' lang='lat' dir='ltr'><strong>vilibus,</strong></span> <span class='ocrx_word' id='word_1_604' title='bbox 1667 4695 1727 4731; x_wconf 93' lang='lat' dir='ltr'><strong>ac</strong></span> <span class='ocrx_word' id='word_1_605' title='bbox 1748 4680 1943 4734; x_wconf 85' lang='lat' dir='ltr'><strong>nullius</strong></span> <span class='ocrx_word' id='word_1_606' title='bbox 1971 4683 2121 4750; x_wconf 73' lang='lat' dir='ltr'><strong>pretii</strong></span> 
     </span>
    </p>
   </div>
   <div class='ocr_carea' id='block_1_78' title="bbox 533 4754 2121 4819">
    <p class='ocr_par' dir='ltr' id='par_1_78' title="bbox 533 4754 2121 4819">
     <span class='ocr_line' id='line_1_78' title="bbox 533 4754 2121 4819; baseline -0.003 -10"><span class='ocrx_word' id='word_1_607' title='bbox 533 4754 816 4809; x_wconf 79' lang='lat' dir='ltr'><strong>nummulis</strong></span> <span class='ocrx_word' id='word_1_608' title='bbox 849 4759 1197 4811; x_wconf 84' lang='lat' dir='ltr'><strong>commutant,</strong></span> <span class='ocrx_word' id='word_1_609' title='bbox 1232 4758 1285 4804; x_wconf 87' lang='lat' dir='ltr'><strong>ut</strong></span> <span class='ocrx_word' id='word_1_610' title='bbox 1331 4765 1452 4814; x_wconf 84' lang='lat' dir='ltr'><strong>eos,</strong></span> <span class='ocrx_word' id='word_1_611' title='bbox 1485 4766 1700 4819; x_wconf 85' lang='lat' dir='ltr'><strong>quorum</strong></span> <span class='ocrx_word' id='word_1_612' title='bbox 1729 4766 1962 4804; x_wconf 87' lang='lat' dir='ltr'><strong>nummos</strong></span> <span class='ocrx_word' id='word_1_613' title='bbox 2007 4769 2121 4818; x_wconf 84' lang='lat' dir='ltr'><strong>per-</strong></span> 
     </span>
    </p>
   </div>
   <div class='ocr_carea' id='block_1_79' title="bbox 530 4819 2119 4894">
    <p class='ocr_par' dir='ltr' id='par_1_79' title="bbox 530 4819 2119 4894">
     <span class='ocr_line' id='line_1_79' title="bbox 530 4819 2119 4894; baseline -0.002 -15"><span class='ocrx_word' id='word_1_614' title='bbox 530 4836 752 4888; x_wconf 85' lang='lat' dir='ltr'><strong>mutant,</strong></span> <span class='ocrx_word' id='word_1_615' title='bbox 780 4825 1016 4894; x_wconf 82' lang='lat' dir='ltr'><strong>afﬁciant</strong></span> <span class='ocrx_word' id='word_1_616' title='bbox 1039 4822 1250 4876; x_wconf 89' lang='lat' dir='ltr'><strong>damno.</strong></span> <span class='ocrx_word' id='word_1_617' title='bbox 1274 4819 1450 4894; x_wconf 82' lang='lat' dir='ltr'><strong>Credo</strong></span> <span class='ocrx_word' id='word_1_618' title='bbox 1472 4820 1743 4890; x_wconf 85' lang='lat' dir='ltr'><strong>equidem,</strong></span> <span class='ocrx_word' id='word_1_619' title='bbox 1773 4835 1878 4894; x_wconf 85' lang='lat' dir='ltr'><strong>non</strong></span> <span class='ocrx_word' id='word_1_620' title='bbox 1911 4831 2119 4876; x_wconf 81' lang='lat' dir='ltr'><strong>tantum</strong></span> 
     </span>
    </p>
   </div>
   <div class='ocr_carea' id='block_1_80' title="bbox 531 4892 2120 4964">
    <p class='ocr_par' dir='ltr' id='par_1_80' title="bbox 531 4892 2120 4964">
     <span class='ocr_line' id='line_1_80' title="bbox 531 4892 2120 4964; baseline -0.003 -12"><span class='ocrx_word' id='word_1_621' title='bbox 531 4912 596 4952; x_wconf 80' lang='lat' dir='ltr'><strong>ex</strong></span> <span class='ocrx_word' id='word_1_622' title='bbox 632 4892 846 4950; x_wconf 75' lang='lat' dir='ltr'><strong>vilioris</strong></span> <span class='ocrx_word' id='word_1_623' title='bbox 873 4897 998 4949; x_wconf 48' lang='lat' dir='ltr'><strong>airis</strong></span> <span class='ocrx_word' id='word_1_624' title='bbox 1039 4893 1469 4964; x_wconf 84' lang='lat' dir='ltr'><strong>permutatione,</strong></span> <span class='ocrx_word' id='word_1_625' title='bbox 1519 4907 1678 4959; x_wconf 90' lang='lat' dir='ltr'><strong>quam</strong></span> <span class='ocrx_word' id='word_1_626' title='bbox 1727 4892 1882 4964; x_wconf 80' lang='lat' dir='ltr'><strong>quod</strong></span> <span class='ocrx_word' id='word_1_627' title='bbox 1914 4904 2120 4947; x_wconf 89' lang='lat' dir='ltr'><strong>certam</strong></span> 
     </span>
    </p>
   </div>
   <div class='ocr_carea' id='block_1_81' title="bbox 530 4963 2122 5036">
    <p class='ocr_par' dir='ltr' id='par_1_81' title="bbox 530 4963 2122 5036">
     <span class='ocr_line' id='line_1_81' title="bbox 530 4963 2122 5036; baseline -0.001 -16"><span class='ocrx_word' id='word_1_628' title='bbox 530 4978 788 5036; x_wconf 68' lang='lat' dir='ltr'><strong>prmterea</strong></span> <span class='ocrx_word' id='word_1_629' title='bbox 818 4963 1122 5020; x_wconf 80' lang='lat' dir='ltr'><strong>mercedem</strong></span> <span class='ocrx_word' id='word_1_630' title='bbox 1149 4967 1202 5018; x_wconf 91' lang='lat' dir='ltr'><strong>in</strong></span> <span class='ocrx_word' id='word_1_631' title='bbox 1226 4979 1381 5017; x_wconf 88' lang='lat' dir='ltr'><strong>suum</strong></span> <span class='ocrx_word' id='word_1_632' title='bbox 1406 4965 1831 5017; x_wconf 89' lang='lat' dir='ltr'><strong>emolumentum</strong></span> <span class='ocrx_word' id='word_1_633' title='bbox 1856 4963 1924 5019; x_wconf 91' lang='lat' dir='ltr'><strong>de</strong></span> <span class='ocrx_word' id='word_1_634' title='bbox 1945 4965 2122 5034; x_wconf 90' lang='lat' dir='ltr'><strong>capite</strong></span> 
     </span>
    </p>
   </div>
   <div class='ocr_carea' id='block_1_82' title="bbox 530 5037 1514 5106">
    <p class='ocr_par' dir='ltr' id='par_1_82' title="bbox 530 5037 1514 5106">
     <span class='ocr_line' id='line_1_82' title="bbox 530 5037 1514 5106; baseline -0.006 -14"><span class='ocrx_word' id='word_1_635' title='bbox 530 5039 882 5099; x_wconf 80' lang='lat' dir='ltr'><strong>deducerent,</strong></span> <span class='ocrx_word' id='word_1_636' title='bbox 917 5038 1058 5106; x_wconf 85' lang='lat' dir='ltr'><strong>quod</strong></span> <span class='ocrx_word' id='word_1_637' title='bbox 1093 5037 1312 5088; x_wconf 86' lang='lat' dir='ltr'><strong>Ilieron.</strong></span> <span class='ocrx_word' id='word_1_638' title='bbox 1344 5045 1514 5087; x_wconf 90' lang='lat' dir='ltr'><strong>notat.</strong></span> 
     </span>
    </p>
   </div>
   <div class='ocr_carea' id='block_1_83' title="bbox 604 5106 1688 5175">
    <p class='ocr_par' dir='ltr' id='par_1_83' title="bbox 604 5106 1688 5175">
     <span class='ocr_line' id='line_1_83' title="bbox 604 5106 1688 5175; baseline -0.006 -12"><span class='ocrx_word' id='word_1_639' title='bbox 604 5120 630 5146; x_wconf 74' lang='grc' dir='ltr'><strong>ιι</strong></span> <span class='ocrx_word' id='word_1_640' title='bbox 674 5110 836 5175; x_wconf 65' lang='lat' dir='ltr'><strong>Lege,</strong></span> <span class='ocrx_word' id='word_1_641' title='bbox 867 5123 988 5162; x_wconf 92' lang='lat' dir='ltr'><strong>cum</strong></span> <span class='ocrx_word' id='word_1_642' title='bbox 1019 5106 1340 5167; x_wconf 83' lang='lat' dir='ltr'><strong>Rhabbano,</strong></span> <span class='ocrx_word' id='word_1_643' title='bbox 1372 5106 1688 5173; x_wconf 71' lang='lat' dir='ltr'><strong>praecavet-it.</strong></span> 
     </span>
    </p>
   </div>
   <div class='ocr_carea' id='block_1_84' title="bbox 599 5177 2118 5246">
    <p class='ocr_par' dir='ltr' id='par_1_84' title="bbox 599 5177 2118 5246">
     <span class='ocr_line' id='line_1_84' title="bbox 599 5177 2118 5246; baseline -0.001 -14"><span class='ocrx_word' id='word_1_644' title='bbox 599 5178 626 5218; x_wconf 77' lang='grc' dir='ltr'>ι)</span> <span class='ocrx_word' id='word_1_645' title='bbox 670 5179 992 5246; x_wconf 74' lang='lat' dir='ltr'><strong>Plerumque</strong></span> <span class='ocrx_word' id='word_1_646' title='bbox 1018 5181 1275 5230; x_wconf 74' lang='lat' dir='ltr'><strong>subnexte</strong></span> <span class='ocrx_word' id='word_1_647' title='bbox 1308 5177 1770 5246; x_wconf 72' lang='lat' dir='ltr'><strong>interpretationis</strong></span> <span class='ocrx_word' id='word_1_648' title='bbox 1813 5186 2023 5244; x_wconf 84' lang='lat' dir='ltr'><strong>partem</strong></span> <span class='ocrx_word' id='word_1_649' title='bbox 2055 5194 2118 5232; x_wconf 86' lang='lat' dir='ltr'><strong>ex</strong></span> 
     </span>
    </p>
   </div>
   <div class='ocr_carea' id='block_1_85' title="bbox 526 5245 1726 5321">
    <p class='ocr_par' dir='ltr' id='par_1_85' title="bbox 526 5245 1726 5321">
     <span class='ocr_line' id='line_1_85' title="bbox 526 5245 1726 5321; baseline -0.005 -17"><span class='ocrx_word' id='word_1_650' title='bbox 526 5250 764 5321; x_wconf 80' lang='lat' dir='ltr'><strong>Origene</strong></span> <span class='ocrx_word' id='word_1_651' title='bbox 786 5251 854 5303; x_wconf 85' lang='lat' dir='ltr'><strong>de</strong></span> <span class='ocrx_word' id='word_1_652' title='bbox 883 5245 1032 5321; x_wconf 69' lang='lat' dir='ltr'><strong>more</strong></span> <span class='ocrx_word' id='word_1_653' title='bbox 1057 5248 1416 5321; x_wconf 73' lang='lat' dir='ltr'><strong>Hieronymus</strong></span> <span class='ocrx_word' id='word_1_654' title='bbox 1446 5245 1726 5321; x_wconf 85' lang='lat' dir='ltr'><strong>deliba_vi_t.</strong></span> 
     </span>
    </p>
   </div>
   <div class='ocr_carea' id='block_1_86' title="bbox 603 5318 2116 5389">
    <p class='ocr_par' dir='ltr' id='par_1_86' title="bbox 603 5318 2116 5389">
     <span class='ocr_line' id='line_1_86' title="bbox 603 5318 2116 5389; baseline -0.004 -13"><span class='ocrx_word' id='word_1_655' title='bbox 603 5318 806 5376; x_wconf 47' lang='lat' dir='ltr'><strong>c&#39;ldem</strong></span> <span class='ocrx_word' id='word_1_656' title='bbox 849 5328 905 5374; x_wconf 89' lang='lat' dir='ltr'><strong>et</strong></span> <span class='ocrx_word' id='word_1_657' title='bbox 931 5319 1153 5389; x_wconf 84' lang='lat' dir='ltr'><strong>Origeni</strong></span> <span class='ocrx_word' id='word_1_658' title='bbox 1195 5321 1369 5389; x_wconf 80' lang='lat' dir='ltr'><strong>visum</strong></span> <span class='ocrx_word' id='word_1_659' title='bbox 1393 5327 1515 5389; x_wconf 2' lang='lat' dir='ltr'><strong>(est,</strong></span> <span class='ocrx_word' id='word_1_660' title='bbox 1549 5319 1637 5384; x_wconf 87' lang='lat' dir='ltr'><strong>qui</strong></span> <span class='ocrx_word' id='word_1_661' title='bbox 1659 5318 1802 5389; x_wconf 2' lang='lat' dir='ltr'><strong>(hanc</strong></span> <span class='ocrx_word' id='word_1_662' title='bbox 1829 5335 1931 5372; x_wconf 90' lang='lat' dir='ltr'><strong>non</strong></span> <span class='ocrx_word' id='word_1_663' title='bbox 1961 5320 2116 5371; x_wconf 91' lang='lat' dir='ltr'><strong>mini-</strong></span> 
     </span>
    </p>
   </div>
   <div class='ocr_carea' id='block_1_87' title="bbox 528 5388 2118 5462">
    <p class='ocr_par' dir='ltr' id='par_1_87' title="bbox 528 5388 2118 5462">
     <span class='ocr_line' id='line_1_87' title="bbox 528 5388 2118 5462; baseline -0.001 -18"><span class='ocrx_word' id='word_1_664' title='bbox 528 5408 661 5444; x_wconf 88' lang='lat' dir='ltr'><strong>mam</strong></span> <span class='ocrx_word' id='word_1_665' title='bbox 690 5395 824 5446; x_wconf 85' lang='lat' dir='ltr'><strong>inter</strong></span> <span class='ocrx_word' id='word_1_666' title='bbox 853 5388 1175 5462; x_wconf 84' lang='lat' dir='ltr'><strong>portentosas</strong></span> <span class='ocrx_word' id='word_1_667' title='bbox 1198 5388 1326 5462; x_wconf 74' lang='lat' dir='ltr'><strong>.lesu</strong></span> <span class='ocrx_word' id='word_1_668' title='bbox 1346 5388 1563 5462; x_wconf 78' lang='lat' dir='ltr'><strong>_rt&#39;rtutes</strong></span> <span class='ocrx_word' id='word_1_669' title='bbox 1591 5388 1771 5455; x_wconf 85' lang='lat' dir='ltr'><strong>fuisse,</strong></span> <span class='ocrx_word' id='word_1_670' title='bbox 1803 5391 2118 5462; x_wconf 77' lang='lat' dir='ltr'><strong>argumentis</strong></span> 
     </span>
    </p>
   </div>
   <div class='ocr_carea' id='block_1_88' title="bbox 524 5459 2115 5531">
    <p class='ocr_par' dir='ltr' id='par_1_88' title="bbox 524 5459 2115 5531">
     <span class='ocr_line' id='line_1_88' title="bbox 524 5459 2115 5531; baseline -0.003 -15"><span class='ocrx_word' id='word_1_671' title='bbox 524 5464 776 5531; x_wconf 82' lang='lat' dir='ltr'><strong>probasse</strong></span> <span class='ocrx_word' id='word_1_672' title='bbox 804 5459 885 5525; x_wconf 67' lang='lat' dir='ltr'><strong>se,</strong></span> <span class='ocrx_word' id='word_1_673' title='bbox 919 5471 1152 5515; x_wconf 86' lang='lat' dir='ltr'><strong>testatur</strong></span> <span class='ocrx_word' id='word_1_674' title='bbox 1185 5459 1313 5512; x_wconf 89' lang='lat' dir='ltr'><strong>alibi</strong></span> <span class='ocrx_word' id='word_1_675' title='bbox 1345 5459 1806 5531; x_wconf 14' lang='lat' dir='ltr'><strong>iii‘tlommentar.</strong></span> <span class='ocrx_word' id='word_1_676' title='bbox 1856 5463 1906 5512; x_wconf 93' lang='lat' dir='ltr'><strong>in</strong></span> <span class='ocrx_word' id='word_1_677' title='bbox 1949 5461 2115 5515; x_wconf 85' lang='lat' dir='ltr'><strong>Joan-</strong></span> 
     </span>
    </p>
   </div>
   <div class='ocr_carea' id='block_1_89' title="bbox 523 5527 2114 5602">
    <p class='ocr_par' dir='ltr' id='par_1_89' title="bbox 523 5527 2114 5602">
     <span class='ocr_line' id='line_1_89' title="bbox 523 5527 2114 5602; baseline -0.001 -16"><span class='ocrx_word' id='word_1_678' title='bbox 523 5527 647 5588; x_wconf 81' lang='lat' dir='ltr'><strong>nem</strong></span> <span class='ocrx_word' id='word_1_679' title='bbox 678 5552 690 5586; x_wconf 90' lang='lat'>:</span> <span class='ocrx_word' id='word_1_680' title='bbox 745 5533 882 5600; x_wconf 82' lang='lat' dir='ltr'><strong>Quia</strong></span> <span class='ocrx_word' id='word_1_681' title='bbox 911 5549 1027 5586; x_wconf 89' lang='lat' dir='ltr'><strong>cum</strong></span> <span class='ocrx_word' id='word_1_682' title='bbox 1058 5549 1152 5602; x_wconf 88' lang='lat' dir='ltr'><strong>pro</strong></span> <span class='ocrx_word' id='word_1_683' title='bbox 1189 5531 1326 5601; x_wconf 87' lang='lat' dir='ltr'><strong>fabri</strong></span> <span class='ocrx_word' id='word_1_684' title='bbox 1360 5528 1472 5602; x_wconf 81' lang='lat' dir='ltr'><strong>ﬁlio</strong></span> <span class='ocrx_word' id='word_1_685' title='bbox 1515 5527 1814 5602; x_wconf 76' lang='lat' dir='ltr'><strong>haberetur,</strong></span> <span class='ocrx_word' id='word_1_686' title='bbox 1848 5547 1909 5583; x_wconf 91' lang='lat' dir='ltr'><strong>ea</strong></span> <span class='ocrx_word' id='word_1_687' title='bbox 1945 5541 2114 5584; x_wconf 79' lang='lat' dir='ltr'><strong>tanien</strong></span> 
     </span>
    </p>
   </div>
   <div class='ocr_carea' id='block_1_90' title="bbox 522 5601 2117 5673">
    <p class='ocr_par' dir='ltr' id='par_1_90' title="bbox 522 5601 2117 5673">
     <span class='ocr_line' id='line_1_90' title="bbox 522 5601 2117 5673; baseline -0.001 -17"><span class='ocrx_word' id='word_1_688' title='bbox 522 5619 648 5657; x_wconf 83' lang='lat' dir='ltr'><strong>usus</strong></span> <span class='ocrx_word' id='word_1_689' title='bbox 690 5615 763 5657; x_wconf 88' lang='lat' dir='ltr'><strong>est</strong></span> <span class='ocrx_word' id='word_1_690' title='bbox 807 5603 1118 5673; x_wconf 82' lang='lat' dir='ltr'><strong>conﬁdentia</strong></span> <span class='ocrx_word' id='word_1_691' title='bbox 1142 5613 1190 5654; x_wconf 89' lang='lat' dir='ltr'><strong>et</strong></span> <span class='ocrx_word' id='word_1_692' title='bbox 1217 5601 1525 5673; x_wconf 82' lang='lat' dir='ltr'><strong>auctoritate</strong></span> <span class='ocrx_word' id='word_1_693' title='bbox 1545 5645 1569 5673; x_wconf 14' lang='grc' dir='ltr'><strong>,γ</strong></span> <span class='ocrx_word' id='word_1_694' title='bbox 1590 5601 1643 5652; x_wconf 91' lang='lat' dir='ltr'><strong>in</strong></span> <span class='ocrx_word' id='word_1_695' title='bbox 1690 5601 1900 5673; x_wconf 81' lang='lat' dir='ltr'><strong>publica</strong></span> <span class='ocrx_word' id='word_1_696' title='bbox 1920 5610 2048 5653; x_wconf 66' lang='lat' dir='ltr'><strong>metu</strong></span> <span class='ocrx_word' id='word_1_697' title='bbox 2089 5616 2117 5654; x_wconf 86' lang='lat' dir='ltr'><strong>e</strong></span> 
     </span>
    </p>
   </div>
   <div class='ocr_carea' id='block_1_91' title="bbox 521 5671 2114 5743">
    <p class='ocr_par' dir='ltr' id='par_1_91' title="bbox 521 5671 2114 5743">
     <span class='ocr_line' id='line_1_91' title="bbox 521 5671 2114 5743; baseline -0.001 -19"><span class='ocrx_word' id='word_1_698' title='bbox 521 5673 710 5740; x_wconf 83' lang='lat' dir='ltr'><strong>templo</strong></span> <span class='ocrx_word' id='word_1_699' title='bbox 733 5689 818 5726; x_wconf 84' lang='lat' dir='ltr'><strong>eos</strong></span> <span class='ocrx_word' id='word_1_700' title='bbox 839 5671 1120 5728; x_wconf 45' lang='lat' dir='ltr'><strong>disturbans</strong></span> <span class='ocrx_word' id='word_1_701' title='bbox 1137 5713 1150 5730; x_wconf 87' lang='lat'><strong>.</strong></span> <span class='ocrx_word' id='word_1_702' title='bbox 1180 5673 1242 5724; x_wconf 84' lang='lat' dir='ltr'><strong>de</strong></span> <span class='ocrx_word' id='word_1_703' title='bbox 1262 5671 1445 5743; x_wconf 82' lang='lat' dir='ltr'><strong>quibus</strong></span> <span class='ocrx_word' id='word_1_704' title='bbox 1468 5672 1719 5743; x_wconf 87' lang='lat' dir='ltr'><strong>scriptum</strong></span> <span class='ocrx_word' id='word_1_705' title='bbox 1751 5683 1843 5725; x_wconf 88' lang='lat' dir='ltr'><strong>est.</strong></span> <span class='ocrx_word' id='word_1_706' title='bbox 1877 5671 1993 5743; x_wconf 82' lang='lat' dir='ltr'><strong>Qua</strong></span> <span class='ocrx_word' id='word_1_707' title='bbox 2019 5688 2114 5742; x_wconf 89' lang='lat' dir='ltr'><strong>po-</strong></span> 
     </span>
    </p>
   </div>
   <div class='ocr_carea' id='block_1_92' title="bbox 517 5739 2113 5812">
    <p class='ocr_par' dir='ltr' id='par_1_92' title="bbox 517 5739 2113 5812">
     <span class='ocr_line' id='line_1_92' title="bbox 517 5739 2113 5812; baseline -0.002 -17"><span class='ocrx_word' id='word_1_708' title='bbox 517 5739 699 5796; x_wconf 84' lang='lat' dir='ltr'><strong>testate</strong></span> <span class='ocrx_word' id='word_1_709' title='bbox 720 5755 888 5806; x_wconf 80' lang='lat' dir='ltr'><strong>utens.</strong></span> <span class='ocrx_word' id='word_1_710' title='bbox 920 5746 1031 5811; x_wconf 85' lang='lat' dir='ltr'><strong>ipse</strong></span> <span class='ocrx_word' id='word_1_711' title='bbox 1056 5745 1278 5796; x_wconf 88' lang='lat' dir='ltr'><strong>nationis</strong></span> <span class='ocrx_word' id='word_1_712' title='bbox 1308 5739 1650 5811; x_wconf 54' lang='lat' dir='ltr'><strong>princeps,&#39;id</strong></span> <span class='ocrx_word' id='word_1_713' title='bbox 1680 5759 1783 5798; x_wconf 88' lang='lat' dir='ltr'><strong>non</strong></span> <span class='ocrx_word' id='word_1_714' title='bbox 1814 5739 1970 5812; x_wconf 83' lang='lat' dir='ltr'><strong>facile</strong></span> <span class='ocrx_word' id='word_1_715' title='bbox 1994 5739 2113 5810; x_wconf 76' lang='lat' dir='ltr'><strong>per-</strong></span> 
     </span>
    </p>
   </div>
   <div class='ocr_carea' id='block_1_93' title="bbox 517 5812 1442 5880">
    <p class='ocr_par' dir='ltr' id='par_1_93' title="bbox 517 5812 1442 5880">
     <span class='ocr_line' id='line_1_93' title="bbox 517 5812 1442 5880; baseline -0.002 -14"><span class='ocrx_word' id='word_1_716' title='bbox 517 5813 739 5880; x_wconf 82' lang='lat' dir='ltr'><strong>fecisset.</strong></span> <span class='ocrx_word' id='word_1_717' title='bbox 773 5816 908 5876; x_wconf 84' lang='lat' dir='ltr'><strong>quod</strong></span> <span class='ocrx_word' id='word_1_718' title='bbox 939 5830 971 5866; x_wconf 89' lang='lat' dir='ltr'><strong>a</strong></span> <span class='ocrx_word' id='word_1_719' title='bbox 994 5812 1124 5867; x_wconf 79' lang='lat' dir='ltr'><strong>Jesu</strong></span> <span class='ocrx_word' id='word_1_720' title='bbox 1145 5824 1316 5866; x_wconf 87' lang='lat' dir='ltr'><strong>actum</strong></span> <span class='ocrx_word' id='word_1_721' title='bbox 1347 5820 1442 5866; x_wconf 87' lang='lat' dir='ltr'><strong>est.</strong></span> 
     </span>
    </p>
   </div>
   <div class='ocr_carea' id='block_1_94' title="bbox 2237 3309 3826 3386">
    <p class='ocr_par' dir='ltr' id='par_1_94' title="bbox 2237 3309 3826 3386">
     <span class='ocr_line' id='line_1_94' title="bbox 2237 3309 3826 3386; baseline -0.005 -14"><span class='ocrx_word' id='word_1_722' title='bbox 2237 3325 2400 3386; x_wconf 83' lang='lat' dir='ltr'><strong>atque</strong></span> <span class='ocrx_word' id='word_1_723' title='bbox 2437 3329 2727 3386; x_wconf 83' lang='lat' dir='ltr'><strong>puerorum</strong></span> <span class='ocrx_word' id='word_1_724' title='bbox 2753 3314 2845 3383; x_wconf 92' lang='lat' dir='ltr'><strong>qui</strong></span> <span class='ocrx_word' id='word_1_725' title='bbox 2877 3313 3208 3381; x_wconf 82' lang='lat' dir='ltr'><strong>clamabant,</strong></span> <span class='ocrx_word' id='word_1_726' title='bbox 3246 3312 3457 3365; x_wconf 82' lang='lat' dir='ltr'><strong>Osanna</strong></span> <span class='ocrx_word' id='word_1_727' title='bbox 3480 3309 3592 3381; x_wconf 83' lang='lat' dir='ltr'><strong>ﬁlio</strong></span> <span class='ocrx_word' id='word_1_728' title='bbox 3640 3309 3826 3374; x_wconf 80' lang='lat' dir='ltr'><strong>David,</strong></span> 
     </span>
    </p>
   </div>
   <div class='ocr_carea' id='block_1_95' title="bbox 2239 3405 3830 3477">
    <p class='ocr_par' dir='ltr' id='par_1_95' title="bbox 2239 3405 3830 3477">
     <span class='ocr_line' id='line_1_95' title="bbox 2239 3405 3830 3477; baseline -0.006 -12"><span class='ocrx_word' id='word_1_729' title='bbox 2239 3417 2461 3465; x_wconf 88' lang='lat' dir='ltr'><strong>vertunt</strong></span> <span class='ocrx_word' id='word_1_730' title='bbox 2491 3409 2541 3462; x_wconf 93' lang='lat' dir='ltr'><strong>in</strong></span> <span class='ocrx_word' id='word_1_731' title='bbox 2564 3408 2894 3462; x_wconf 87' lang='lat' dir='ltr'><strong>calumniam</strong></span> <span class='ocrx_word' id='word_1_732' title='bbox 2925 3423 2940 3459; x_wconf 91' lang='lat'>:</span> <span class='ocrx_word' id='word_1_733' title='bbox 2968 3405 3112 3477; x_wconf 89' lang='lat' dir='ltr'><strong>quod</strong></span> <span class='ocrx_word' id='word_1_734' title='bbox 3139 3405 3396 3461; x_wconf 87' lang='lat' dir='ltr'><strong>videlicet</strong></span> <span class='ocrx_word' id='word_1_735' title='bbox 3422 3407 3521 3459; x_wconf 94' lang='lat' dir='ltr'><strong>hoc</strong></span> <span class='ocrx_word' id='word_1_736' title='bbox 3546 3419 3655 3459; x_wconf 91' lang='lat' dir='ltr'><strong>non</strong></span> <span class='ocrx_word' id='word_1_737' title='bbox 3683 3405 3830 3458; x_wconf 84' lang='lat' dir='ltr'><strong>dica-</strong></span> 
     </span>
    </p>
   </div>
   <div class='ocr_carea' id='block_1_96' title="bbox 2239 3499 3832 3569">
    <p class='ocr_par' dir='ltr' id='par_1_96' title="bbox 2239 3499 3832 3569">
     <span class='ocr_line' id='line_1_96' title="bbox 2239 3499 3832 3569; baseline -0.004 -11"><span class='ocrx_word' id='word_1_738' title='bbox 2239 3511 2326 3558; x_wconf 90' lang='lat' dir='ltr'><strong>tur</strong></span> <span class='ocrx_word' id='word_1_739' title='bbox 2375 3503 2477 3556; x_wconf 88' lang='lat' dir='ltr'><strong>nisi</strong></span> <span class='ocrx_word' id='word_1_740' title='bbox 2515 3501 2614 3556; x_wconf 92' lang='lat' dir='ltr'><strong>soli</strong></span> <span class='ocrx_word' id='word_1_741' title='bbox 2641 3500 2782 3556; x_wconf 81' lang='lat' dir='ltr'><strong>Filio</strong></span> <span class='ocrx_word' id='word_1_742' title='bbox 2835 3500 2956 3556; x_wconf 92' lang='lat' dir='ltr'><strong>Dei.</strong></span> <span class='ocrx_word' id='word_1_743' title='bbox 3015 3499 3248 3555; x_wconf 79' lang='lat' dir='ltr'><strong>Videant</strong></span> <span class='ocrx_word' id='word_1_744' title='bbox 3283 3513 3414 3569; x_wconf 88' lang='lat' dir='ltr'><strong>ergo</strong></span> <span class='ocrx_word' id='word_1_745' title='bbox 3457 3499 3729 3568; x_wconf 88' lang='lat' dir='ltr'><strong>episc0pi,</strong></span> <span class='ocrx_word' id='word_1_746' title='bbox 3776 3508 3832 3552; x_wconf 89' lang='lat' dir='ltr'><strong>et</strong></span> 
     </span>
    </p>
   </div>
   <div class='ocr_carea' id='block_1_97' title="bbox 2238 3591 3831 3666">
    <p class='ocr_par' dir='ltr' id='par_1_97' title="bbox 2238 3591 3831 3666">
     <span class='ocr_line' id='line_1_97' title="bbox 2238 3591 3831 3666; baseline -0.005 -16"><span class='ocrx_word' id='word_1_747' title='bbox 2238 3594 2640 3666; x_wconf 89' lang='lat' dir='ltr'><strong>quantumlibet</strong></span> <span class='ocrx_word' id='word_1_748' title='bbox 2671 3592 2846 3647; x_wconf 88' lang='lat' dir='ltr'><strong>sancti</strong></span> <span class='ocrx_word' id='word_1_749' title='bbox 2881 3592 3162 3658; x_wconf 91' lang='lat' dir='ltr'><strong>homines,</strong></span> <span class='ocrx_word' id='word_1_750' title='bbox 3194 3607 3316 3645; x_wconf 88' lang='lat' dir='ltr'><strong>cum</strong></span> <span class='ocrx_word' id='word_1_751' title='bbox 3347 3600 3550 3660; x_wconf 87' lang='lat' dir='ltr'><strong>quanto</strong></span> <span class='ocrx_word' id='word_1_752' title='bbox 3583 3591 3831 3660; x_wconf 89' lang='lat' dir='ltr'><strong>periculo</strong></span> 
     </span>
    </p>
   </div>
   <div class='ocr_carea' id='block_1_98' title="bbox 2241 3683 3830 3758">
    <p class='ocr_par' dir='ltr' id='par_1_98' title="bbox 2241 3683 3830 3758">
     <span class='ocr_line' id='line_1_98' title="bbox 2241 3683 3830 3758; baseline -0.004 -15"><span class='ocrx_word' id='word_1_753' title='bbox 2241 3687 2262 3726; x_wconf 70' lang='grc' dir='ltr'>ί</span> <span class='ocrx_word' id='word_1_754' title='bbox 2305 3689 2408 3743; x_wconf 91' lang='lat' dir='ltr'><strong>dici</strong></span> <span class='ocrx_word' id='word_1_755' title='bbox 2448 3689 2548 3741; x_wconf 88' lang='lat' dir='ltr'><strong>ista</strong></span> <span class='ocrx_word' id='word_1_756' title='bbox 2575 3687 2679 3742; x_wconf 89' lang='lat' dir='ltr'><strong>sibi</strong></span> <span class='ocrx_word' id='word_1_757' title='bbox 2725 3687 3001 3756; x_wconf 84' lang='lat' dir='ltr'><strong>patiantur</strong></span> <span class='ocrx_word' id='word_1_758' title='bbox 3031 3684 3139 3758; x_wconf 83' lang='grc' dir='ltr'><strong>[ΑΙ.</strong></span> <span class='ocrx_word' id='word_1_759' title='bbox 3167 3683 3486 3755; x_wconf 87' lang='lat' dir='ltr'><strong>patiuntur],</strong></span> <span class='ocrx_word' id='word_1_760' title='bbox 3522 3685 3566 3738; x_wconf 89' lang='lat' dir='ltr'><strong>si</strong></span> <span class='ocrx_word' id='word_1_761' title='bbox 3600 3683 3830 3738; x_wconf 79' lang='lat' dir='ltr'><strong>Domino</strong></span> 
     </span>
    </p>
   </div>
   <div class='ocr_carea' id='block_1_99' title="bbox 2240 3775 3827 3847">
    <p class='ocr_par' dir='ltr' id='par_1_99' title="bbox 2240 3775 3827 3847">
     <span class='ocr_line' id='line_1_99' title="bbox 2240 3775 3827 3847; baseline -0.005 -9"><span class='ocrx_word' id='word_1_762' title='bbox 2240 3784 2324 3838; x_wconf 91' lang='lat' dir='ltr'><strong>cui</strong></span> <span class='ocrx_word' id='word_1_763' title='bbox 2372 3796 2501 3836; x_wconf 86' lang='lat' dir='ltr'><strong>vere</strong></span> <span class='ocrx_word' id='word_1_764' title='bbox 2541 3780 2644 3835; x_wconf 87' lang='lat' dir='ltr'><strong>hoc</strong></span> <span class='ocrx_word' id='word_1_765' title='bbox 2681 3779 2987 3842; x_wconf 86' lang='lat' dir='ltr'><strong>dicebatur,</strong></span> <span class='ocrx_word' id='word_1_766' title='bbox 3036 3779 3161 3847; x_wconf 89' lang='lat' dir='ltr'><strong>quia</strong></span> <span class='ocrx_word' id='word_1_767' title='bbox 3210 3780 3442 3832; x_wconf 91' lang='lat' dir='ltr'><strong>necdum</strong></span> <span class='ocrx_word' id='word_1_768' title='bbox 3491 3787 3610 3832; x_wconf 89' lang='lat' dir='ltr'><strong>erat</strong></span> <span class='ocrx_word' id='word_1_769' title='bbox 3653 3775 3827 3830; x_wconf 88' lang='lat' dir='ltr'><strong>solida</strong></span> 
     </span>
    </p>
   </div>
   <div class='ocr_carea' id='block_1_100' title="bbox 2239 3869 3522 3943">
    <p class='ocr_par' dir='ltr' id='par_1_100' title="bbox 2239 3869 3522 3943">
     <span class='ocr_line' id='line_1_100' title="bbox 2239 3869 3522 3943; baseline -0.008 -11"><span class='ocrx_word' id='word_1_770' title='bbox 2239 3875 2578 3932; x_wconf 88' lang='lat' dir='ltr'><strong>credentium</strong></span> <span class='ocrx_word' id='word_1_771' title='bbox 2609 3872 2768 3939; x_wconf 79' lang='lat' dir='ltr'><strong>fides,</strong></span> <span class='ocrx_word' id='word_1_772' title='bbox 2802 3888 2899 3943; x_wconf 90' lang='lat' dir='ltr'><strong>pro</strong></span> <span class='ocrx_word' id='word_1_773' title='bbox 2927 3869 3522 3941; x_wconf 88' lang='lat' dir='ltr'><strong>crimiueimpingitur.</strong></span> 
     </span>
    </p>
   </div>
   <div class='ocr_carea' id='block_1_101' title="bbox 2311 3960 3832 4038">
    <p class='ocr_par' dir='ltr' id='par_1_101' title="bbox 2311 3960 3832 4038">
     <span class='ocr_line' id='line_1_101' title="bbox 2311 3960 3832 4038; baseline -0.005 -18"><span class='ocrx_word' id='word_1_774' title='bbox 2311 3970 2328 4038; x_wconf 94' lang='lat'><strong>(</strong></span> <span class='ocrx_word' id='word_1_775' title='bbox 2360 3967 2514 4022; x_wconf 83' lang='lat' dir='ltr'><strong>Vers.</strong></span> <span class='ocrx_word' id='word_1_776' title='bbox 2547 3967 2633 4021; x_wconf 74' lang='lat'><strong>16.</strong></span> <span class='ocrx_word' id='word_1_777' title='bbox 2666 3965 2684 4035; x_wconf 95' lang='lat'>)</span> <span class='ocrx_word' id='word_1_778' title='bbox 2711 3963 2865 4019; x_wconf 73' lang='lat' dir='ltr'><strong>Iesus</strong></span> <span class='ocrx_word' id='word_1_779' title='bbox 2902 3972 3072 4017; x_wconf 89' lang='lat' dir='ltr'><strong>autem</strong></span> <span class='ocrx_word' id='word_1_780' title='bbox 3113 3963 3238 4016; x_wconf 87' lang='lat' dir='ltr'><strong>dicit</strong></span> <span class='ocrx_word' id='word_1_781' title='bbox 3276 3963 3346 4015; x_wconf 88' lang='lat' dir='ltr'><strong>eis</strong></span> <span class='ocrx_word' id='word_1_782' title='bbox 3378 3977 3398 4015; x_wconf 86' lang='lat'><strong><em>:</em></strong></span> <span class='ocrx_word' id='word_1_783' title='bbox 3427 3960 3634 4030; x_wconf 81' lang='lat' dir='ltr'><strong>Utique.</strong></span> <span class='ocrx_word' id='word_1_784' title='bbox 3666 3960 3832 4015; x_wconf 78' lang='lat' dir='ltr'><strong>Num-</strong></span> 
     </span>
    </p>
   </div>
   <div class='ocr_carea' id='block_1_102' title="bbox 2239 4056 3833 4134">
    <p class='ocr_par' dir='ltr' id='par_1_102' title="bbox 2239 4056 3833 4134">
     <span class='ocr_line' id='line_1_102' title="bbox 2239 4056 3833 4134; baseline -0.006 -19"><span class='ocrx_word' id='word_1_785' title='bbox 2239 4078 2395 4134; x_wconf 85' lang='lat' dir='ltr'><strong>quam</strong></span> <span class='ocrx_word' id='word_1_786' title='bbox 2422 4060 2640 4131; x_wconf 85' lang='lat' dir='ltr'><strong>legistis,</strong></span> <span class='ocrx_word' id='word_1_787' title='bbox 2673 4059 2793 4128; x_wconf 85' lang='lat' dir='ltr'><strong>quia</strong></span> <span class='ocrx_word' id='word_1_788' title='bbox 2811 4075 2875 4113; x_wconf 81' lang='lat' dir='ltr'><strong>ea:</strong></span> <span class='ocrx_word' id='word_1_789' title='bbox 2897 4073 2984 4111; x_wconf 82' lang='lat' dir='ltr'><strong>ore</strong></span> <span class='ocrx_word' id='word_1_790' title='bbox 3010 4058 3290 4128; x_wconf 82' lang='lat' dir='ltr'><strong>infantium</strong></span> <span class='ocrx_word' id='word_1_791' title='bbox 3314 4067 3363 4110; x_wconf 86' lang='lat' dir='ltr'><strong>et</strong></span> <span class='ocrx_word' id='word_1_792' title='bbox 3389 4056 3694 4109; x_wconf 82' lang='lat' dir='ltr'><strong>lactentium</strong></span> <span class='ocrx_word' id='word_1_793' title='bbox 3725 4073 3833 4122; x_wconf 81' lang='lat' dir='ltr'><strong>per-</strong></span> 
     </span>
    </p>
   </div>
   <div class='ocr_carea' id='block_1_103' title="bbox 2241 4148 3831 4226">
    <p class='ocr_par' dir='ltr' id='par_1_103' title="bbox 2241 4148 3831 4226">
     <span class='ocr_line' id='line_1_103' title="bbox 2241 4148 3831 4226; baseline -0.003 -17"><span class='ocrx_word' id='word_1_794' title='bbox 2241 4156 2406 4226; x_wconf 87' lang='lat' dir='ltr'><strong>fecisti</strong></span> <span class='ocrx_word' id='word_1_795' title='bbox 2435 4153 2680 4206; x_wconf 84' lang='lat' dir='ltr'><strong>laudem?</strong></span> <span class='ocrx_word' id='word_1_796' title='bbox 2707 4151 2879 4218; x_wconf 86' lang='lat' dir='ltr'><strong>Quam</strong></span> <span class='ocrx_word' id='word_1_797' title='bbox 2911 4151 3189 4205; x_wconf 90' lang='lat' dir='ltr'><strong>moderate</strong></span> <span class='ocrx_word' id='word_1_798' title='bbox 3208 4160 3232 4194; x_wconf 73' lang='grc' dir='ltr'>κ</span> <span class='ocrx_word' id='word_1_799' title='bbox 3253 4148 3586 4205; x_wconf 87' lang='lat' dir='ltr'><strong>sententiam</strong></span> <span class='ocrx_word' id='word_1_800' title='bbox 3621 4159 3831 4217; x_wconf 80' lang='lat' dir='ltr'><strong>tempe-</strong></span> 
     </span>
    </p>
   </div>
   <div class='ocr_carea' id='block_1_104' title="bbox 2241 4241 3832 4317">
    <p class='ocr_par' dir='ltr' id='par_1_104' title="bbox 2241 4241 3832 4317">
     <span class='ocr_line' id='line_1_104' title="bbox 2241 4241 3832 4317; baseline -0.008 -14"><span class='ocrx_word' id='word_1_801' title='bbox 2241 4259 2347 4316; x_wconf 88' lang='lat' dir='ltr'><strong>rat,</strong></span> <span class='ocrx_word' id='word_1_802' title='bbox 2381 4257 2436 4302; x_wconf 91' lang='lat' dir='ltr'><strong>et</strong></span> <span class='ocrx_word' id='word_1_803' title='bbox 2478 4248 2763 4317; x_wconf 80' lang='lat' dir='ltr'><strong>responsio</strong></span> <span class='ocrx_word' id='word_1_804' title='bbox 2804 4247 3080 4316; x_wconf 90' lang='lat' dir='ltr'><strong>utrimque</strong></span> <span class='ocrx_word' id='word_1_805' title='bbox 3127 4258 3381 4313; x_wconf 89' lang='lat' dir='ltr'><strong>vergens,</strong></span> <span class='ocrx_word' id='word_1_806' title='bbox 3435 4251 3491 4296; x_wconf 90' lang='lat' dir='ltr'><strong>et</strong></span> <span class='ocrx_word' id='word_1_807' title='bbox 3540 4241 3832 4297; x_wconf 65' lang='lat' dir='ltr'><strong>calami-im</strong></span> 
     </span>
    </p>
   </div>
   <div class='ocr_carea' id='block_1_105' title="bbox 2240 4334 3828 4409">
    <p class='ocr_par' dir='ltr' id='par_1_105' title="bbox 2240 4334 3828 4409">
     <span class='ocr_line' id='line_1_105' title="bbox 2240 4334 3828 4409; baseline -0.006 -14"><span class='ocrx_word' id='word_1_808' title='bbox 2240 4355 2349 4395; x_wconf 88' lang='lat' dir='ltr'><strong>non</strong></span> <span class='ocrx_word' id='word_1_809' title='bbox 2377 4338 2602 4409; x_wconf 79' lang='lat' dir='ltr'><strong>patens?</strong></span> <span class='ocrx_word' id='word_1_810' title='bbox 2624 4338 2738 4391; x_wconf 84' lang='lat' dir='ltr'><strong>Non</strong></span> <span class='ocrx_word' id='word_1_811' title='bbox 2755 4337 2886 4392; x_wconf 88' lang='lat' dir='ltr'><strong>dixit</strong></span> <span class='ocrx_word' id='word_1_812' title='bbox 2911 4339 3056 4408; x_wconf 89' lang='lat' dir='ltr'><strong>quod</strong></span> <span class='ocrx_word' id='word_1_813' title='bbox 3078 4337 3282 4393; x_wconf 60' lang='lat' dir='ltr'><strong>Scriba:</strong></span> <span class='ocrx_word' id='word_1_814' title='bbox 3300 4335 3490 4390; x_wconf 89' lang='lat' dir='ltr'><strong>audire</strong></span> <span class='ocrx_word' id='word_1_815' title='bbox 3513 4334 3828 4402; x_wconf 66' lang='lat' dir='ltr'><strong>cupiebant,</strong></span> 
     </span>
    </p>
   </div>
   <div class='ocr_carea' id='block_1_106' title="bbox 2240 4426 3828 4498">
    <p class='ocr_par' dir='ltr' id='par_1_106' title="bbox 2240 4426 3828 4498">
     <span class='ocr_line' id='line_1_106' title="bbox 2240 4426 3828 4498; baseline -0.006 -12"><span class='ocrx_word' id='word_1_816' title='bbox 2240 4431 2380 4487; x_wconf 89' lang='lat' dir='ltr'><strong>bene</strong></span> <span class='ocrx_word' id='word_1_817' title='bbox 2406 4430 2608 4485; x_wconf 79' lang='lat' dir='ltr'><strong>faciunt</strong></span> <span class='ocrx_word' id='word_1_818' title='bbox 2634 4430 2806 4498; x_wconf 91' lang='lat' dir='ltr'><strong>pueri,</strong></span> <span class='ocrx_word' id='word_1_819' title='bbox 2837 4439 2896 4484; x_wconf 89' lang='lat' dir='ltr'><strong>ut</strong></span> <span class='ocrx_word' id='word_1_820' title='bbox 2927 4428 3055 4483; x_wconf 88' lang='lat' dir='ltr'><strong>mihi</strong></span> <span class='ocrx_word' id='word_1_821' title='bbox 3077 4427 3449 4485; x_wconf 88' lang='lat' dir='ltr'><strong>testimonium</strong></span> <span class='ocrx_word' id='word_1_822' title='bbox 3479 4426 3828 4497; x_wconf 85' lang='lat' dir='ltr'><strong>perhibeant,</strong></span> 
     </span>
    </p>
   </div>
   <div class='ocr_carea' id='block_1_107' title="bbox 2305 4609 3451 4665">
    <p class='ocr_par' dir='ltr' id='par_1_107' title="bbox 2305 4609 3451 4665">
     <span class='ocr_line' id='line_1_107' title="bbox 2305 4609 3451 4665; baseline -0.003 0"><span class='ocrx_word' id='word_1_823' title='bbox 2305 4609 2330 4647; x_wconf 72' lang='grc' dir='ltr'>ι]</span> <span class='ocrx_word' id='word_1_824' title='bbox 2366 4609 2626 4665; x_wconf 82' lang='lat' dir='ltr'><strong>Voculam</strong></span> <span class='ocrx_word' id='word_1_825' title='bbox 2654 4625 2749 4662; x_wconf 89' lang='lat' dir='ltr'><strong>sua</strong></span> <span class='ocrx_word' id='word_1_826' title='bbox 2777 4624 2910 4664; x_wconf 89' lang='lat' dir='ltr'><strong>mss.</strong></span> <span class='ocrx_word' id='word_1_827' title='bbox 2946 4611 3116 4665; x_wconf 93' lang='lat' dir='ltr'><strong>nostri</strong></span> <span class='ocrx_word' id='word_1_828' title='bbox 3148 4609 3451 4664; x_wconf 86' lang='lat' dir='ltr'><strong>sul‘lieiunt.</strong></span> 
     </span>
    </p>
   </div>
   <div class='ocr_carea' id='block_1_108' title="bbox 2306 4679 3826 4751">
    <p class='ocr_par' dir='ltr' id='par_1_108' title="bbox 2306 4679 3826 4751">
     <span class='ocr_line' id='line_1_108' title="bbox 2306 4679 3826 4751; baseline 0 -17"><span class='ocrx_word' id='word_1_829' title='bbox 2306 4692 2330 4720; x_wconf 75' lang='grc' dir='ltr'>ο</span> <span class='ocrx_word' id='word_1_830' title='bbox 2363 4682 2606 4736; x_wconf 88' lang='lat' dir='ltr'><strong>Diximus</strong></span> <span class='ocrx_word' id='word_1_831' title='bbox 2635 4681 2735 4735; x_wconf 85' lang='lat' dir='ltr'><strong>hac</strong></span> <span class='ocrx_word' id='word_1_832' title='bbox 2777 4682 2847 4736; x_wconf 93' lang='lat' dir='ltr'><strong>de</strong></span> <span class='ocrx_word' id='word_1_833' title='bbox 2877 4697 2955 4747; x_wconf 86' lang='lat' dir='ltr'><strong>re,</strong></span> <span class='ocrx_word' id='word_1_834' title='bbox 2987 4697 3109 4736; x_wconf 91' lang='lat' dir='ltr'><strong>cum</strong></span> <span class='ocrx_word' id='word_1_835' title='bbox 3141 4681 3290 4747; x_wconf 87' lang='lat' dir='ltr'><strong>alibi,</strong></span> <span class='ocrx_word' id='word_1_836' title='bbox 3326 4689 3436 4736; x_wconf 91' lang='lat' dir='ltr'><strong>tum</strong></span> <span class='ocrx_word' id='word_1_837' title='bbox 3471 4679 3636 4751; x_wconf 87' lang='lat' dir='ltr'><strong>paulo</strong></span> <span class='ocrx_word' id='word_1_838' title='bbox 3665 4694 3826 4748; x_wconf 67' lang='lat' dir='ltr'><strong>supeo</strong></span> 
     </span>
    </p>
   </div>
   <div class='ocr_carea' id='block_1_109' title="bbox 2230 4751 2962 4819">
    <p class='ocr_par' dir='ltr' id='par_1_109' title="bbox 2230 4751 2962 4819">
     <span class='ocr_line' id='line_1_109' title="bbox 2230 4751 2962 4819; baseline 0.001 -14"><span class='ocrx_word' id='word_1_839' title='bbox 2230 4751 2348 4805; x_wconf 90' lang='lat' dir='ltr'><strong>rius</strong></span> <span class='ocrx_word' id='word_1_840' title='bbox 2380 4755 2432 4805; x_wconf 94' lang='lat' dir='ltr'><strong>in</strong></span> <span class='ocrx_word' id='word_1_841' title='bbox 2465 4767 2586 4819; x_wconf 88' lang='lat' dir='ltr'><strong>cap.</strong></span> <span class='ocrx_word' id='word_1_842' title='bbox 2621 4767 2697 4815; x_wconf 86' lang='lat' dir='ltr'><strong>tx,</strong></span> <span class='ocrx_word' id='word_1_843' title='bbox 2731 4767 2878 4806; x_wconf 78' lang='lat' dir='ltr'><strong>vers.</strong></span> <span class='ocrx_word' id='word_1_844' title='bbox 2908 4751 2962 4807; x_wconf 91' lang='lat'><strong>9.</strong></span> 
     </span>
    </p>
   </div>
   <div class='ocr_carea' id='block_1_110' title="bbox 2309 4822 3824 4904">
    <p class='ocr_par' dir='ltr' id='par_1_110' title="bbox 2309 4822 3824 4904">
     <span class='ocr_line' id='line_1_110' title="bbox 2309 4822 3824 4904; baseline -0.001 -27"><span class='ocrx_word' id='word_1_845' title='bbox 2309 4822 2334 4904; x_wconf 67' lang='lat'><strong>&#39;_</strong></span> <span class='ocrx_word' id='word_1_846' title='bbox 2371 4823 2523 4877; x_wconf 87' lang='lat' dir='ltr'><strong>Hunc</strong></span> <span class='ocrx_word' id='word_1_847' title='bbox 2565 4823 2900 4904; x_wconf 66' lang='lat' dir='ltr'><strong>acclamandi</strong></span> <span class='ocrx_word' id='word_1_848' title='bbox 2941 4823 3158 4904; x_wconf 66' lang='lat' dir='ltr'><strong>Osanna</strong></span> <span class='ocrx_word' id='word_1_849' title='bbox 3189 4823 3468 4904; x_wconf 61' lang='lat' dir='ltr'><strong>episcopis</strong></span> <span class='ocrx_word' id='word_1_850' title='bbox 3512 4822 3824 4904; x_wconf 71' lang='lat' dir='ltr'><strong>sanctisque</strong></span> 
     </span>
    </p>
   </div>
   <div class='ocr_carea' id='block_1_111' title="bbox 2231 4893 3819 4949">
    <p class='ocr_par' dir='ltr' id='par_1_111' title="bbox 2231 4893 3819 4949">
     <span class='ocr_line' id='line_1_111' title="bbox 2231 4893 3819 4949; baseline -0.001 -1"><span class='ocrx_word' id='word_1_851' title='bbox 2231 4893 2369 4948; x_wconf 86' lang='lat' dir='ltr'><strong>viris</strong></span> <span class='ocrx_word' id='word_1_852' title='bbox 2402 4909 2608 4949; x_wconf 87' lang='lat' dir='ltr'><strong>morem</strong></span> <span class='ocrx_word' id='word_1_853' title='bbox 2643 4894 2772 4948; x_wconf 87' lang='lat' dir='ltr'><strong>alibi</strong></span> <span class='ocrx_word' id='word_1_854' title='bbox 2807 4894 3150 4948; x_wconf 74' lang='lat' dir='ltr'><strong>Martianat-us</strong></span> <span class='ocrx_word' id='word_1_855' title='bbox 3189 4895 3240 4947; x_wconf 94' lang='lat' dir='ltr'><strong>in</strong></span> <span class='ocrx_word' id='word_1_856' title='bbox 3280 4893 3588 4949; x_wconf 86' lang='lat' dir='ltr'><strong>Comment.</strong></span> <span class='ocrx_word' id='word_1_857' title='bbox 3625 4896 3692 4945; x_wconf 84' lang='lat' dir='ltr'><strong>ad</strong></span> <span class='ocrx_word' id='word_1_858' title='bbox 3727 4893 3819 4946; x_wconf 89' lang='lat' dir='ltr'><strong>lib.</strong></span> 
     </span>
    </p>
   </div>
   <div class='ocr_carea' id='block_1_112' title="bbox 2228 4963 3822 5036">
    <p class='ocr_par' dir='ltr' id='par_1_112' title="bbox 2228 4963 3822 5036">
     <span class='ocr_line' id='line_1_112' title="bbox 2228 4963 3822 5036; baseline -0.003 -16"><span class='ocrx_word' id='word_1_859' title='bbox 2228 4963 2394 5036; x_wconf 83' lang='lat' dir='ltr'><strong>Nom.</strong></span> <span class='ocrx_word' id='word_1_860' title='bbox 2422 4965 2588 5018; x_wconf 91' lang='lat' dir='ltr'><strong>llebr.</strong></span> <span class='ocrx_word' id='word_1_861' title='bbox 2629 4974 2780 5036; x_wconf 85' lang='lat' dir='ltr'><strong>notat</strong></span> <span class='ocrx_word' id='word_1_862' title='bbox 2809 4981 2874 5019; x_wconf 85' lang='lat' dir='ltr'><strong>ex</strong></span> <span class='ocrx_word' id='word_1_863' title='bbox 2899 4963 3187 5036; x_wconf 75' lang='lat' dir='ltr'><strong>Itinerario</strong></span> <span class='ocrx_word' id='word_1_864' title='bbox 3219 4965 3684 5036; x_wconf 79' lang='lat' dir='ltr'><strong>lerosolymitano</strong></span> <span class='ocrx_word' id='word_1_865' title='bbox 3712 4964 3822 5018; x_wconf 82' lang='lat' dir='ltr'><strong>An-</strong></span> 
     </span>
    </p>
   </div>
   <div class='ocr_carea' id='block_1_113' title="bbox 2230 5034 3822 5106">
    <p class='ocr_par' dir='ltr' id='par_1_113' title="bbox 2230 5034 3822 5106">
     <span class='ocr_line' id='line_1_113' title="bbox 2230 5034 3822 5106; baseline -0.002 -17"><span class='ocrx_word' id='word_1_866' title='bbox 2230 5035 2402 5089; x_wconf 85' lang='lat' dir='ltr'><strong>tonini</strong></span> <span class='ocrx_word' id='word_1_867' title='bbox 2433 5034 2711 5092; x_wconf 83' lang='lat' dir='ltr'><strong>monachi.</strong></span> <span class='ocrx_word' id='word_1_868' title='bbox 2748 5051 2870 5105; x_wconf 86' lang='lat' dir='ltr'><strong>pag.</strong></span> <span class='ocrx_word' id='word_1_869' title='bbox 2914 5037 3003 5090; x_wconf 76' lang='lat'><strong>50.</strong></span> <span class='ocrx_word' id='word_1_870' title='bbox 3040 5034 3147 5100; x_wconf 80' lang='lat' dir='ltr'><strong>Ibi,</strong></span> <span class='ocrx_word' id='word_1_871' title='bbox 3187 5036 3382 5106; x_wconf 89' lang='lat' dir='ltr'><strong>inquit.</strong></span> <span class='ocrx_word' id='word_1_872' title='bbox 3422 5034 3665 5090; x_wconf 68' lang='lat' dir='ltr'><strong>uenerunt</strong></span> <span class='ocrx_word' id='word_1_873' title='bbox 3706 5052 3822 5087; x_wconf 85' lang='lat' dir='ltr'><strong>nm-</strong></span> 
     </span>
    </p>
   </div>
   <div class='ocr_carea' id='block_1_114' title="bbox 2232 5107 3823 5176">
    <p class='ocr_par' dir='ltr' id='par_1_114' title="bbox 2232 5107 3823 5176">
     <span class='ocr_line' id='line_1_114' title="bbox 2232 5107 3823 5176; baseline -0.002 -17"><span class='ocrx_word' id='word_1_874' title='bbox 2232 5107 2386 5160; x_wconf 87' lang='lat' dir='ltr'><strong>lieres</strong></span> <span class='ocrx_word' id='word_1_875' title='bbox 2414 5109 2466 5160; x_wconf 89' lang='lat' dir='ltr'><strong>in</strong></span> <span class='ocrx_word' id='word_1_876' title='bbox 2498 5121 2766 5160; x_wconf 83' lang='lat' dir='ltr'><strong>occursum</strong></span> <span class='ocrx_word' id='word_1_877' title='bbox 2795 5123 2911 5159; x_wconf 89' lang='lat' dir='ltr'><strong>cum</strong></span> <span class='ocrx_word' id='word_1_878' title='bbox 2939 5109 3247 5176; x_wconf 86' lang='lat' dir='ltr'><strong>infantibus,</strong></span> <span class='ocrx_word' id='word_1_879' title='bbox 3273 5107 3474 5174; x_wconf 89' lang='lat' dir='ltr'><strong>palmas</strong></span> <span class='ocrx_word' id='word_1_880' title='bbox 3504 5108 3556 5158; x_wconf 90' lang='lat' dir='ltr'><strong>in</strong></span> <span class='ocrx_word' id='word_1_881' title='bbox 3591 5107 3823 5158; x_wconf 78' lang='lat' dir='ltr'><strong>manibus</strong></span> 
     </span>
    </p>
   </div>
   <div class='ocr_carea' id='block_1_115' title="bbox 2233 5177 3825 5246">
    <p class='ocr_par' dir='ltr' id='par_1_115' title="bbox 2233 5177 3825 5246">
     <span class='ocr_line' id='line_1_115' title="bbox 2233 5177 3825 5246; baseline -0.001 -15"><span class='ocrx_word' id='word_1_882' title='bbox 2233 5186 2482 5246; x_wconf 80' lang='lat' dir='ltr'><strong>tenentes,</strong></span> <span class='ocrx_word' id='word_1_883' title='bbox 2525 5187 2572 5230; x_wconf 89' lang='lat' dir='ltr'><strong>et</strong></span> <span class='ocrx_word' id='word_1_884' title='bbox 2617 5177 2876 5246; x_wconf 84' lang='lat' dir='ltr'><strong>ampullas</strong></span> <span class='ocrx_word' id='word_1_885' title='bbox 2906 5194 3020 5230; x_wconf 86' lang='lat' dir='ltr'><strong>cum</strong></span> <span class='ocrx_word' id='word_1_886' title='bbox 3049 5193 3260 5231; x_wconf 88' lang='lat' dir='ltr'><strong>rosaceo</strong></span> <span class='ocrx_word' id='word_1_887' title='bbox 3284 5179 3394 5230; x_wconf 86' lang='lat' dir='ltr'><strong>oleo</strong></span> <span class='ocrx_word' id='word_1_888' title='bbox 3428 5194 3443 5230; x_wconf 84' lang='lat'><strong>.&#39;</strong></span> <span class='ocrx_word' id='word_1_889' title='bbox 3473 5187 3521 5230; x_wconf 83' lang='lat' dir='ltr'><strong>et</strong></span> <span class='ocrx_word' id='word_1_890' title='bbox 3549 5184 3825 5244; x_wconf 71' lang='lat' dir='ltr'><strong>prostrata&#39;</strong></span> 
     </span>
    </p>
   </div>
   <div class='ocr_carea' id='block_1_116' title="bbox 2230 5245 3824 5318">
    <p class='ocr_par' dir='ltr' id='par_1_116' title="bbox 2230 5245 3824 5318">
     <span class='ocr_line' id='line_1_116' title="bbox 2230 5245 3824 5318; baseline 0.001 -19"><span class='ocrx_word' id='word_1_891' title='bbox 2230 5248 2446 5317; x_wconf 80' lang='lat' dir='ltr'><strong>pedibus</strong></span> <span class='ocrx_word' id='word_1_892' title='bbox 2469 5249 2662 5318; x_wconf 84' lang='lat' dir='ltr'><strong>nostris</strong></span> <span class='ocrx_word' id='word_1_893' title='bbox 2687 5245 2894 5314; x_wconf 86' lang='lat' dir='ltr'><strong>plantas</strong></span> <span class='ocrx_word' id='word_1_894' title='bbox 2911 5259 3116 5302; x_wconf 88' lang='lat' dir='ltr'><strong>nostras</strong></span> <span class='ocrx_word' id='word_1_895' title='bbox 3139 5250 3426 5318; x_wconf 74' lang='lat' dir='ltr'><strong>angebant,</strong></span> <span class='ocrx_word' id='word_1_896' title='bbox 3449 5248 3824 5312; x_wconf 84' lang='lat' dir='ltr'><strong>cantabantque</strong></span> 
     </span>
    </p>
   </div>
   <div class='ocr_carea' id='block_1_117' title="bbox 2229 5317 3821 5390">
    <p class='ocr_par' dir='ltr' id='par_1_117' title="bbox 2229 5317 3821 5390">
     <span class='ocr_line' id='line_1_117' title="bbox 2229 5317 3821 5390; baseline -0.001 -18"><span class='ocrx_word' id='word_1_897' title='bbox 2229 5320 2410 5390; x_wconf 61' lang='lat' dir='ltr'><strong>lingua</strong></span> <span class='ocrx_word' id='word_1_898' title='bbox 2441 5317 2778 5390; x_wconf 69' lang='lat' dir='ltr'><strong>.Egyptiaca.</strong></span> <span class='ocrx_word' id='word_1_899' title='bbox 2809 5319 3084 5390; x_wconf 87' lang='lat' dir='ltr'><strong>psallentes</strong></span> <span class='ocrx_word' id='word_1_900' title='bbox 3113 5317 3454 5390; x_wconf 86' lang='lat' dir='ltr'><strong>antiphonam</strong></span> <span class='ocrx_word' id='word_1_901' title='bbox 3489 5335 3508 5372; x_wconf 92' lang='lat'><strong><em>:</em></strong></span> <span class='ocrx_word' id='word_1_902' title='bbox 3543 5318 3821 5390; x_wconf 78' lang='lat' dir='ltr'><strong>Benedicti</strong></span> 
     </span>
    </p>
   </div>
   <div class='ocr_carea' id='block_1_118' title="bbox 2225 5389 3820 5460">
    <p class='ocr_par' dir='ltr' id='par_1_118' title="bbox 2225 5389 3820 5460">
     <span class='ocr_line' id='line_1_118' title="bbox 2225 5389 3820 5460; baseline 0 -20"><span class='ocrx_word' id='word_1_903' title='bbox 2225 5403 2323 5460; x_wconf 76' lang='lat' dir='ltr'><strong>vos</strong></span> <span class='ocrx_word' id='word_1_904' title='bbox 2337 5403 2366 5441; x_wconf 91' lang='lat' dir='ltr'><strong>a</strong></span> <span class='ocrx_word' id='word_1_905' title='bbox 2382 5389 3081 5460; x_wconf 70' lang='lat' dir='ltr'><strong>Domino,benediCIuSqne</strong></span> <span class='ocrx_word' id='word_1_906' title='bbox 3095 5389 3360 5444; x_wconf 80' lang='lat' dir='ltr'><strong>adventus</strong></span> <span class='ocrx_word' id='word_1_907' title='bbox 3379 5399 3586 5450; x_wconf 87' lang='lat' dir='ltr'><strong>vester.</strong></span> <span class='ocrx_word' id='word_1_908' title='bbox 3603 5389 3820 5442; x_wconf 76' lang='lat' dir='ltr'><strong>Osanna</strong></span> 
     </span>
    </p>
   </div>
   <div class='ocr_carea' id='block_1_119' title="bbox 2223 5458 3820 5528">
    <p class='ocr_par' dir='ltr' id='par_1_119' title="bbox 2223 5458 3820 5528">
     <span class='ocr_line' id='line_1_119' title="bbox 2223 5458 3820 5528; baseline -0.001 -14"><span class='ocrx_word' id='word_1_909' title='bbox 2223 5459 2277 5514; x_wconf 93' lang='lat' dir='ltr'><strong>in</strong></span> <span class='ocrx_word' id='word_1_910' title='bbox 2316 5461 2572 5514; x_wconf 65' lang='lat' dir='ltr'><strong>excelsis.</strong></span> <span class='ocrx_word' id='word_1_911' title='bbox 2622 5458 2896 5514; x_wconf 60' lang='lat' dir='ltr'><strong>Caeterum</strong></span> <span class='ocrx_word' id='word_1_912' title='bbox 2940 5458 3002 5514; x_wconf 82' lang='lat' dir='ltr'><strong>et</strong></span> <span class='ocrx_word' id='word_1_913' title='bbox 3039 5461 3307 5528; x_wconf 74' lang='lat' dir='ltr'><strong>Origenes</strong></span> <span class='ocrx_word' id='word_1_914' title='bbox 3349 5460 3605 5526; x_wconf 76' lang='lat' dir='ltr'><strong>frequens</strong></span> <span class='ocrx_word' id='word_1_915' title='bbox 3649 5460 3701 5512; x_wconf 94' lang='lat' dir='ltr'><strong>in</strong></span> <span class='ocrx_word' id='word_1_916' title='bbox 3754 5474 3820 5514; x_wconf 88' lang='lat' dir='ltr'><strong>eo</strong></span> 
     </span>
    </p>
   </div>
   <div class='ocr_carea' id='block_1_120' title="bbox 2222 5529 3819 5599">
    <p class='ocr_par' dir='ltr' id='par_1_120' title="bbox 2222 5529 3819 5599">
     <span class='ocr_line' id='line_1_120' title="bbox 2222 5529 3819 5599; baseline -0.001 -15"><span class='ocrx_word' id='word_1_917' title='bbox 2222 5540 2307 5586; x_wconf 87' lang='lat' dir='ltr'><strong>est</strong></span> <span class='ocrx_word' id='word_1_918' title='bbox 2339 5531 2388 5584; x_wconf 93' lang='lat' dir='ltr'><strong>in</strong></span> <span class='ocrx_word' id='word_1_919' title='bbox 2427 5531 2528 5584; x_wconf 91' lang='lat' dir='ltr'><strong>hac</strong></span> <span class='ocrx_word' id='word_1_920' title='bbox 2555 5529 2921 5599; x_wconf 86' lang='lat' dir='ltr'><strong>expositione,</strong></span> <span class='ocrx_word' id='word_1_921' title='bbox 2956 5542 3012 5585; x_wconf 86' lang='lat' dir='ltr'><strong>ut</strong></span> <span class='ocrx_word' id='word_1_922' title='bbox 3048 5548 3077 5584; x_wconf 90' lang='lat' dir='ltr'><strong>a</strong></span> <span class='ocrx_word' id='word_1_923' title='bbox 3110 5532 3298 5599; x_wconf 88' lang='lat' dir='ltr'><strong>templi</strong></span> <span class='ocrx_word' id='word_1_924' title='bbox 3340 5529 3720 5585; x_wconf 88' lang='lat' dir='ltr'><strong>sacerdotibus</strong></span> <span class='ocrx_word' id='word_1_925' title='bbox 3751 5529 3819 5583; x_wconf 87' lang='lat' dir='ltr'><strong>ad</strong></span> 
     </span>
    </p>
   </div>
   <div class='ocr_carea' id='block_1_121' title="bbox 2223 5599 3815 5669">
    <p class='ocr_par' dir='ltr' id='par_1_121' title="bbox 2223 5599 3815 5669">
     <span class='ocr_line' id='line_1_121' title="bbox 2223 5599 3815 5669; baseline -0.001 -13"><span class='ocrx_word' id='word_1_926' title='bbox 2223 5599 2486 5656; x_wconf 66' lang='lat' dir='ltr'><strong>Ecclesiae</strong></span> <span class='ocrx_word' id='word_1_927' title='bbox 2517 5601 2806 5669; x_wconf 83' lang='lat' dir='ltr'><strong>episcopos</strong></span> <span class='ocrx_word' id='word_1_928' title='bbox 2845 5618 2910 5656; x_wconf 88' lang='lat' dir='ltr'><strong>ac</strong></span> <span class='ocrx_word' id='word_1_929' title='bbox 2952 5603 3258 5664; x_wconf 85' lang='lat' dir='ltr'><strong>ministros,</strong></span> <span class='ocrx_word' id='word_1_930' title='bbox 3303 5603 3429 5654; x_wconf 84' lang='lat' dir='ltr'><strong>vitta</strong></span> <span class='ocrx_word' id='word_1_931' title='bbox 3461 5615 3815 5669; x_wconf 83' lang='lat' dir='ltr'><strong>comparans.</strong></span> 
     </span>
    </p>
   </div>
   <div class='ocr_carea' id='block_1_122' title="bbox 2221 5671 3193 5736">
    <p class='ocr_par' dir='ltr' id='par_1_122' title="bbox 2221 5671 3193 5736">
     <span class='ocr_line' id='line_1_122' title="bbox 2221 5671 3193 5736; baseline -0.003 -9"><span class='ocrx_word' id='word_1_932' title='bbox 2221 5683 2275 5727; x_wconf 89' lang='lat' dir='ltr'><strong>et</strong></span> <span class='ocrx_word' id='word_1_933' title='bbox 2304 5671 2368 5724; x_wconf 87' lang='lat' dir='ltr'><strong>ad</strong></span> <span class='ocrx_word' id='word_1_934' title='bbox 2405 5674 2583 5725; x_wconf 85' lang='lat' dir='ltr'><strong>vivum</strong></span> <span class='ocrx_word' id='word_1_935' title='bbox 2620 5686 2899 5736; x_wconf 86' lang='lat' dir='ltr'><strong>resecans,</strong></span> <span class='ocrx_word' id='word_1_936' title='bbox 2935 5681 3193 5726; x_wconf 87' lang='lat' dir='ltr'><strong>transeat.</strong></span> 
     </span>
    </p>
   </div>
   <div class='ocr_carea' id='block_1_123' title="bbox 2294 5741 3323 5813">
    <p class='ocr_par' dir='ltr' id='par_1_123' title="bbox 2294 5741 3323 5813">
     <span class='ocr_line' id='line_1_123' title="bbox 2294 5741 3323 5813; baseline -0.001 -17"><span class='ocrx_word' id='word_1_937' title='bbox 2294 5752 2317 5788; x_wconf 74' lang='grc' dir='ltr'>ε</span> <span class='ocrx_word' id='word_1_938' title='bbox 2347 5741 2516 5798; x_wconf 84' lang='lat' dir='ltr'><strong>Palat.</strong></span> <span class='ocrx_word' id='word_1_939' title='bbox 2549 5756 2708 5800; x_wconf 85' lang='lat' dir='ltr'><strong>mss..</strong></span> <span class='ocrx_word' id='word_1_940' title='bbox 2739 5745 2990 5796; x_wconf 80' lang='lat' dir='ltr'><strong>sententia</strong></span> <span class='ocrx_word' id='word_1_941' title='bbox 3021 5752 3323 5813; x_wconf 87' lang='lat' dir='ltr'><strong>temperata.</strong></span> 
     </span>
    </p>
   </div>
  </div>
