  <div class='ocr_page' id='page_1' title='image "/cluster/home/n/w/nwhite01/storage/ocr_20150623/26/uva.x000826568/084.png"; bbox 0 0 4044 6326; ppageno 0'>
   <div class='ocr_carea' id='block_1_1' title="bbox 173 306 267 359">
    <p class='ocr_par' dir='ltr' id='par_1_1' title="bbox 173 306 267 359">
     <span class='ocr_line' id='line_1_1' title="bbox 173 306 267 359; baseline 0 -1"><span class='ocrx_word' id='word_1_1' title='bbox 173 306 267 359; x_wconf 67' lang='grc'><strong>155</strong></span> 
     </span>
    </p>
   </div>
   <div class='ocr_carea' id='block_1_2' title="bbox 664 295 1773 358">
    <p class='ocr_par' dir='ltr' id='par_1_2' title="bbox 664 296 1773 358">
     <span class='ocr_line' id='line_1_2' title="bbox 664 296 1773 358; baseline -0.006 0"><span class='ocrx_word' id='word_1_2' title='bbox 664 297 1312 358; x_wconf 76' lang='lat' dir='ltr'><strong>COMMENTARIORUM</strong></span> <span class='ocrx_word' id='word_1_3' title='bbox 1355 298 1420 353; x_wconf 73' lang='lat' dir='ltr'><strong>IN</strong></span> <span class='ocrx_word' id='word_1_4' title='bbox 1463 298 1504 354; x_wconf 82' lang='grc' dir='ltr'><strong>Ε</strong></span> <span class='ocrx_word' id='word_1_5' title='bbox 1520 296 1773 354; x_wconf 68' lang='lat' dir='ltr'><strong>VA‘NCFI</strong></span> 
     </span>
    </p>
   </div>
   <div class='ocr_carea' id='block_1_3' title="bbox 1887 295 2980 358">
    <p class='ocr_par' dir='ltr' id='par_1_3' title="bbox 1887 297 2980 356">
     <span class='ocr_line' id='line_1_3' title="bbox 1887 297 2980 356; baseline 0.005 -6"><span class='ocrx_word' id='word_1_6' title='bbox 1887 301 1916 352; x_wconf 92' lang='lat' dir='ltr'><strong>ll</strong></span> <span class='ocrx_word' id='word_1_7' title='bbox 1962 297 2292 355; x_wconf 68' lang='grc' dir='ltr'><strong>ΜΑΤΤΗᾸΞΙ</strong></span> <span class='ocrx_word' id='word_1_8' title='bbox 2333 297 2462 356; x_wconf 86' lang='lat' dir='ltr'><strong>LIB.</strong></span> <span class='ocrx_word' id='word_1_9' title='bbox 2506 298 2594 355; x_wconf 89' lang='grc'><strong>111.</strong></span> <span class='ocrx_word' id='word_1_10' title='bbox 2634 299 2791 355; x_wconf 71' lang='lat' dir='ltr'><strong>CAP.</strong></span> <span class='ocrx_word' id='word_1_11' title='bbox 2835 299 2980 355; x_wconf 80' lang='lat' dir='ltr'><strong>XXI.</strong></span> 
     </span>
    </p>
   </div>
   <div class='ocr_carea' id='block_1_4' title="bbox 3365 299 3467 355">
    <p class='ocr_par' dir='ltr' id='par_1_4' title="bbox 3365 299 3467 355">
     <span class='ocr_line' id='line_1_4' title="bbox 3365 299 3467 355; baseline 0 -2"><span class='ocrx_word' id='word_1_12' title='bbox 3365 299 3467 355; x_wconf 54' lang='grc' dir='ltr'><strong>εει</strong></span> 
     </span>
    </p>
   </div>
   <div class='ocr_carea' id='block_1_5' title="bbox 168 414 3468 484">
    <p class='ocr_par' dir='ltr' id='par_1_5' title="bbox 168 414 3468 484">
     <span class='ocr_line' id='line_1_5' title="bbox 168 414 3468 484; baseline -0.002 -11"><span class='ocrx_word' id='word_1_13' title='bbox 168 434 260 474; x_wconf 86' lang='lat' dir='ltr'><strong>nec</strong></span> <span class='ocrx_word' id='word_1_14' title='bbox 310 431 572 482; x_wconf 89' lang='lat' dir='ltr'><strong>rursum,</strong></span> <span class='ocrx_word' id='word_1_15' title='bbox 621 425 814 471; x_wconf 94' lang='lat' dir='ltr'><strong>errant</strong></span> <span class='ocrx_word' id='word_1_16' title='bbox 874 435 883 468; x_wconf 90' lang='lat'>:</span> <span class='ocrx_word' id='word_1_17' title='bbox 935 415 1087 484; x_wconf 89' lang='lat' dir='ltr'><strong>pueri</strong></span> <span class='ocrx_word' id='word_1_18' title='bbox 1145 425 1300 481; x_wconf 88' lang='lat' dir='ltr'><strong>sunt,</strong></span> <span class='ocrx_word' id='word_1_19' title='bbox 1359 414 1570 470; x_wconf 82' lang='lat' dir='ltr'><strong>debetis</strong></span> <span class='ocrx_word' id='word_1_20' title='bbox 1618 414 1764 468; x_wconf 76' lang='lat' dir='ltr'><strong>relati</strong></span> <span class='ocrx_word' id='word_1_21' title='bbox 1795 414 2061 472; x_wconf 74' lang='lat' dir='ltr'><strong>Aeadt-m</strong></span> <span class='ocrx_word' id='word_1_22' title='bbox 2089 418 2285 471; x_wconf 87' lang='lat' dir='ltr'><strong>virtute</strong></span> <span class='ocrx_word' id='word_1_23' title='bbox 2330 418 2493 473; x_wconf 86' lang='lat' dir='ltr'><strong>etiam</strong></span> <span class='ocrx_word' id='word_1_24' title='bbox 2528 417 2777 472; x_wconf 89' lang='lat' dir='ltr'><strong>inimicos</strong></span> <span class='ocrx_word' id='word_1_25' title='bbox 2805 419 3011 472; x_wconf 87' lang='lat' dir='ltr'><strong>siccare</strong></span> <span class='ocrx_word' id='word_1_26' title='bbox 3050 431 3200 484; x_wconf 89' lang='lat' dir='ltr'><strong>suos,</strong></span> <span class='ocrx_word' id='word_1_27' title='bbox 3245 418 3344 474; x_wconf 86' lang='lat' dir='ltr'><strong>nisi</strong></span> <span class='ocrx_word' id='word_1_28' title='bbox 3375 433 3468 472; x_wconf 86' lang='lat' dir='ltr'><strong>en-</strong></span> 
     </span>
    </p>
   </div>
   <div class='ocr_carea' id='block_1_6' title="bbox 169 507 1763 581">
    <p class='ocr_par' dir='ltr' id='par_1_6' title="bbox 169 507 1763 581">
     <span class='ocr_line' id='line_1_6' title="bbox 169 507 1763 581; baseline -0.006 -14"><span class='ocrx_word' id='word_1_29' title='bbox 169 513 486 581; x_wconf 73' lang='lat' dir='ltr'><strong>ignoscere;</strong></span> <span class='ocrx_word' id='word_1_30' title='bbox 524 509 635 564; x_wconf 86' lang='lat' dir='ltr'><strong>sed</strong></span> <span class='ocrx_word' id='word_1_31' title='bbox 660 508 865 579; x_wconf 89' lang='lat' dir='ltr'><strong>profert</strong></span> <span class='ocrx_word' id='word_1_32' title='bbox 890 507 1197 569; x_wconf 79' lang='lat' dir='ltr'><strong>exemplum</strong></span> <span class='ocrx_word' id='word_1_33' title='bbox 1222 507 1290 562; x_wconf 90' lang='lat' dir='ltr'><strong>de</strong></span> <span class='ocrx_word' id='word_1_34' title='bbox 1317 517 1512 562; x_wconf 89' lang='lat' dir='ltr'><strong>octavo</strong></span> <span class='ocrx_word' id='word_1_35' title='bbox 1534 509 1763 578; x_wconf 82' lang='lat' dir='ltr'><strong>psalmo,</strong></span> 
     </span>
    </p>
   </div>
   <div class='ocr_carea' id='block_1_7' title="bbox 170 599 1771 669">
    <p class='ocr_par' dir='ltr' id='par_1_7' title="bbox 170 599 1771 669">
     <span class='ocr_line' id='line_1_7' title="bbox 170 599 1771 669; baseline -0.002 -13"><span class='ocrx_word' id='word_1_36' title='bbox 170 615 240 669; x_wconf 91' lang='lat' dir='ltr'><strong>ut,</strong></span> <span class='ocrx_word' id='word_1_37' title='bbox 265 611 486 656; x_wconf 91' lang='lat' dir='ltr'><strong>tacente</strong></span> <span class='ocrx_word' id='word_1_38' title='bbox 517 600 785 663; x_wconf 89' lang='lat' dir='ltr'><strong>Domino,</strong></span> <span class='ocrx_word' id='word_1_39' title='bbox 810 599 1216 668; x_wconf 86' lang='lat' dir='ltr'><strong>Scripturarum</strong></span> <span class='ocrx_word' id='word_1_40' title='bbox 1247 599 1618 654; x_wconf 84' lang='lat' dir='ltr'><strong>testimonium</strong></span> <span class='ocrx_word' id='word_1_41' title='bbox 1640 614 1771 668; x_wconf 82' lang='lat' dir='ltr'><strong>pue-</strong></span> 
     </span>
    </p>
   </div>
   <div class='ocr_carea' id='block_1_8' title="bbox 168 691 823 748">
    <p class='ocr_par' dir='ltr' id='par_1_8' title="bbox 168 691 823 748">
     <span class='ocr_line' id='line_1_8' title="bbox 168 691 823 748; baseline -0.006 0"><span class='ocrx_word' id='word_1_42' title='bbox 168 709 340 748; x_wconf 88' lang='lat' dir='ltr'><strong>rorum</strong></span> <span class='ocrx_word' id='word_1_43' title='bbox 371 693 528 747; x_wconf 89' lang='lat' dir='ltr'><strong>dicta</strong></span> <span class='ocrx_word' id='word_1_44' title='bbox 552 691 823 746; x_wconf 90' lang='lat' dir='ltr'><strong>firmaret.</strong></span> 
     </span>
    </p>
   </div>
   <div class='ocr_carea' id='block_1_9' title="bbox 231 783 1769 859">
    <p class='ocr_par' dir='ltr' id='par_1_9' title="bbox 231 783 1769 859">
     <span class='ocr_line' id='line_1_9' title="bbox 231 783 1769 859; baseline -0.002 -18"><span class='ocrx_word' id='word_1_45' title='bbox 231 787 415 859; x_wconf 81' lang='lat' dir='ltr'><strong>(Vers.</strong></span> <span class='ocrx_word' id='word_1_46' title='bbox 449 784 578 856; x_wconf 77' lang='grc' dir='ltr'><strong>Γ.)</strong></span> <span class='ocrx_word' id='word_1_47' title='bbox 619 783 684 838; x_wconf 85' lang='lat' dir='ltr'><strong>Et</strong></span> <span class='ocrx_word' id='word_1_48' title='bbox 709 786 898 839; x_wconf 81' lang='lat' dir='ltr'><strong>relictis</strong></span> <span class='ocrx_word' id='word_1_49' title='bbox 939 784 1068 849; x_wconf 87' lang='lat' dir='ltr'><strong>illis,</strong></span> <span class='ocrx_word' id='word_1_50' title='bbox 1100 786 1226 839; x_wconf 89' lang='lat' dir='ltr'><strong>abiit</strong></span> <span class='ocrx_word' id='word_1_51' title='bbox 1254 786 1394 855; x_wconf 77' lang='lat' dir='ltr'><strong>foras</strong></span> <span class='ocrx_word' id='word_1_52' title='bbox 1416 795 1563 840; x_wconf 78' lang='lat' dir='ltr'><strong>extra</strong></span> <span class='ocrx_word' id='word_1_53' title='bbox 1589 785 1769 839; x_wconf 79' lang='lat' dir='ltr'><strong>civita-</strong></span> 
     </span>
    </p>
   </div>
   <div class='ocr_carea' id='block_1_10' title="bbox 167 879 1765 950">
    <p class='ocr_par' dir='ltr' id='par_1_10' title="bbox 167 879 1765 950">
     <span class='ocr_line' id='line_1_10' title="bbox 167 879 1765 950; baseline 0 -17"><span class='ocrx_word' id='word_1_54' title='bbox 167 891 257 934; x_wconf 86' lang='lat' dir='ltr'><strong>tem</strong></span> <span class='ocrx_word' id='word_1_55' title='bbox 278 882 329 932; x_wconf 89' lang='lat' dir='ltr'><strong>in</strong></span> <span class='ocrx_word' id='word_1_56' title='bbox 351 879 709 946; x_wconf 84' lang='lat' dir='ltr'><strong>Bethaniam,</strong></span> <span class='ocrx_word' id='word_1_57' title='bbox 746 879 913 947; x_wconf 77' lang='lat' dir='ltr'><strong><em>ibique</em></strong></span> <span class='ocrx_word' id='word_1_58' title='bbox 932 881 1142 933; x_wconf 77' lang='lat' dir='ltr'><strong>mansit.</strong></span> <span class='ocrx_word' id='word_1_59' title='bbox 1165 880 1404 950; x_wconf 77' lang='lat' dir='ltr'><strong>Reliquit</strong></span> <span class='ocrx_word' id='word_1_60' title='bbox 1432 881 1765 946; x_wconf 91' lang='lat' dir='ltr'><strong>incredulos,</strong></span> 
     </span>
    </p>
   </div>
   <div class='ocr_carea' id='block_1_11' title="bbox 166 970 1768 1042">
    <p class='ocr_par' dir='ltr' id='par_1_11' title="bbox 166 970 1768 1042">
     <span class='ocr_line' id='line_1_11' title="bbox 166 970 1768 1042; baseline -0.003 -14"><span class='ocrx_word' id='word_1_61' title='bbox 166 984 214 1028; x_wconf 88' lang='lat' dir='ltr'><strong>et</strong></span> <span class='ocrx_word' id='word_1_62' title='bbox 237 973 427 1028; x_wconf 84' lang='lat' dir='ltr'><strong>urbem</strong></span> <span class='ocrx_word' id='word_1_63' title='bbox 463 985 739 1042; x_wconf 76' lang='lat' dir='ltr'><strong>egressus</strong></span> <span class='ocrx_word' id='word_1_64' title='bbox 768 971 1279 1035; x_wconf 86' lang='lat' dir='ltr'><strong>contradicentium,</strong></span> <span class='ocrx_word' id='word_1_65' title='bbox 1313 972 1407 1026; x_wconf 85' lang='lat' dir='ltr'><strong><em>ivit</em></strong></span> <span class='ocrx_word' id='word_1_66' title='bbox 1435 970 1768 1036; x_wconf 81' lang='lat' dir='ltr'><strong>Betltaninm,</strong></span> 
     </span>
    </p>
   </div>
   <div class='ocr_carea' id='block_1_12' title="bbox 167 1065 1772 1139">
    <p class='ocr_par' dir='ltr' id='par_1_12' title="bbox 167 1065 1772 1139">
     <span class='ocr_line' id='line_1_12' title="bbox 167 1065 1772 1139; baseline -0.001 -22"><span class='ocrx_word' id='word_1_67' title='bbox 167 1068 300 1139; x_wconf 87' lang='lat' dir='ltr'><strong>quod</strong></span> <span class='ocrx_word' id='word_1_68' title='bbox 328 1067 746 1137; x_wconf 78' lang='lat' dir='ltr'><strong>interpretatur</strong></span> <span class='ocrx_word' id='word_1_69' title='bbox 770 1067 957 1120; x_wconf 87' lang='lat' dir='ltr'><strong>domus</strong></span> <span class='ocrx_word' id='word_1_70' title='bbox 979 1065 1298 1131; x_wconf 73' lang='lat' dir='ltr'><strong>obedientiw,</strong></span> <span class='ocrx_word' id='word_1_71' title='bbox 1320 1069 1430 1135; x_wconf 87' lang='lat' dir='ltr'><strong>jam</strong></span> <span class='ocrx_word' id='word_1_72' title='bbox 1462 1077 1588 1120; x_wconf 77' lang='lat' dir='ltr'><strong>tunc</strong></span> <span class='ocrx_word' id='word_1_73' title='bbox 1612 1082 1772 1120; x_wconf 82' lang='lat' dir='ltr'><strong>voca-</strong></span> 
     </span>
    </p>
   </div>
   <div class='ocr_carea' id='block_1_13' title="bbox 171 1159 1769 1232">
    <p class='ocr_par' dir='ltr' id='par_1_13' title="bbox 171 1159 1769 1232">
     <span class='ocr_line' id='line_1_13' title="bbox 171 1159 1769 1232; baseline -0.003 -15"><span class='ocrx_word' id='word_1_74' title='bbox 171 1163 360 1218; x_wconf 89' lang='lat' dir='ltr'><strong>tionem</strong></span> <span class='ocrx_word' id='word_1_75' title='bbox 386 1160 653 1232; x_wconf 86' lang='lat' dir='ltr'><strong>gentium</strong></span> <span class='ocrx_word' id='word_1_76' title='bbox 686 1161 1064 1230; x_wconf 76' lang='lat' dir='ltr'><strong>prtefigurans,</strong></span> <span class='ocrx_word' id='word_1_77' title='bbox 1095 1159 1280 1230; x_wconf 90' lang='lat' dir='ltr'><strong>ibique</strong></span> <span class='ocrx_word' id='word_1_78' title='bbox 1308 1160 1523 1225; x_wconf 77' lang='lat' dir='ltr'><strong>mansit,</strong></span> <span class='ocrx_word' id='word_1_79' title='bbox 1556 1159 1685 1229; x_wconf 85' lang='lat' dir='ltr'><strong>quia</strong></span> <span class='ocrx_word' id='word_1_80' title='bbox 1718 1159 1769 1212; x_wconf 94' lang='lat' dir='ltr'><strong>in</strong></span> 
     </span>
    </p>
   </div>
   <div class='ocr_carea' id='block_1_14' title="bbox 173 1251 1774 1324">
    <p class='ocr_par' dir='ltr' id='par_1_14' title="bbox 173 1251 1774 1324">
     <span class='ocr_line' id='line_1_14' title="bbox 173 1251 1774 1324; baseline -0.002 -16"><span class='ocrx_word' id='word_1_81' title='bbox 173 1253 327 1308; x_wconf 83' lang='lat' dir='ltr'><strong>Israel</strong></span> <span class='ocrx_word' id='word_1_82' title='bbox 351 1268 701 1324; x_wconf 82' lang='lat' dir='ltr'><strong>permanere</strong></span> <span class='ocrx_word' id='word_1_83' title='bbox 728 1269 837 1307; x_wconf 87' lang='lat' dir='ltr'><strong>non</strong></span> <span class='ocrx_word' id='word_1_84' title='bbox 862 1256 1055 1319; x_wconf 88' lang='lat' dir='ltr'><strong>potuit.</strong></span> <span class='ocrx_word' id='word_1_85' title='bbox 1082 1251 1197 1307; x_wconf 88' lang='lat' dir='ltr'><strong>Hoc</strong></span> <span class='ocrx_word' id='word_1_86' title='bbox 1225 1268 1438 1322; x_wconf 90' lang='lat' dir='ltr'><strong>quoque</strong></span> <span class='ocrx_word' id='word_1_87' title='bbox 1465 1251 1774 1321; x_wconf 84' lang='lat' dir='ltr'><strong>intelligen-</strong></span> 
     </span>
    </p>
   </div>
   <div class='ocr_carea' id='block_1_15' title="bbox 170 1342 1770 1414">
    <p class='ocr_par' dir='ltr' id='par_1_15' title="bbox 170 1342 1770 1414">
     <span class='ocr_line' id='line_1_15' title="bbox 170 1342 1770 1414; baseline -0.001 -15"><span class='ocrx_word' id='word_1_88' title='bbox 170 1343 286 1399; x_wconf 89' lang='lat' dir='ltr'><strong>dum</strong></span> <span class='ocrx_word' id='word_1_89' title='bbox 314 1353 420 1411; x_wconf 85' lang='lat' dir='ltr'><strong>est,</strong></span> <span class='ocrx_word' id='word_1_90' title='bbox 454 1343 617 1414; x_wconf 83' lang='lat' dir='ltr'><strong>quod</strong></span> <span class='ocrx_word' id='word_1_91' title='bbox 658 1352 821 1397; x_wconf 77' lang='lat' dir='ltr'><strong>tanta:</strong></span> <span class='ocrx_word' id='word_1_92' title='bbox 855 1342 1019 1396; x_wconf 84' lang='lat' dir='ltr'><strong>fuerit</strong></span> <span class='ocrx_word' id='word_1_93' title='bbox 1057 1345 1414 1412; x_wconf 65' lang='lat' dir='ltr'><strong>paupertatis,</strong></span> <span class='ocrx_word' id='word_1_94' title='bbox 1444 1353 1501 1398; x_wconf 91' lang='lat' dir='ltr'><strong>et</strong></span> <span class='ocrx_word' id='word_1_95' title='bbox 1529 1343 1600 1397; x_wconf 82' lang='lat' dir='ltr'><strong>ita</strong></span> <span class='ocrx_word' id='word_1_96' title='bbox 1637 1342 1770 1397; x_wconf 87' lang='lat' dir='ltr'><strong>nulli</strong></span> 
     </span>
    </p>
   </div>
   <div class='ocr_carea' id='block_1_16' title="bbox 171 1433 1768 1501">
    <p class='ocr_par' dir='ltr' id='par_1_16' title="bbox 171 1433 1768 1501">
     <span class='ocr_line' id='line_1_16' title="bbox 171 1433 1768 1501; baseline -0.001 -13"><span class='ocrx_word' id='word_1_97' title='bbox 171 1435 415 1490; x_wconf 75' lang='lat' dir='ltr'><strong>adulatus</strong></span> <span class='ocrx_word' id='word_1_98' title='bbox 449 1435 555 1498; x_wconf 88' lang='lat' dir='ltr'><strong>sit,</strong></span> <span class='ocrx_word' id='word_1_99' title='bbox 606 1435 738 1489; x_wconf 88' lang='lat' dir='ltr'><strong>utin</strong></span> <span class='ocrx_word' id='word_1_100' title='bbox 790 1434 921 1489; x_wconf 86' lang='lat' dir='ltr'><strong>urbe</strong></span> <span class='ocrx_word' id='word_1_101' title='bbox 953 1433 1187 1488; x_wconf 76' lang='lat' dir='ltr'><strong>maxima</strong></span> <span class='ocrx_word' id='word_1_102' title='bbox 1222 1435 1428 1488; x_wconf 89' lang='lat' dir='ltr'><strong>nullum</strong></span> <span class='ocrx_word' id='word_1_103' title='bbox 1479 1435 1768 1501; x_wconf 73' lang='lat' dir='ltr'><strong>hospitem,</strong></span> 
     </span>
    </p>
   </div>
   <div class='ocr_carea' id='block_1_17' title="bbox 172 1525 1774 1596">
    <p class='ocr_par' dir='ltr' id='par_1_17' title="bbox 172 1525 1774 1596">
     <span class='ocr_line' id='line_1_17' title="bbox 172 1525 1774 1596; baseline -0.001 -16"><span class='ocrx_word' id='word_1_104' title='bbox 172 1527 362 1581; x_wconf 90' lang='lat' dir='ltr'><strong>nullam</strong></span> <span class='ocrx_word' id='word_1_105' title='bbox 395 1527 683 1580; x_wconf 82' lang='lat' dir='ltr'><strong>invenerit</strong></span> <span class='ocrx_word' id='word_1_106' title='bbox 715 1526 1074 1591; x_wconf 80' lang='lat' dir='ltr'><strong>mansionem,</strong></span> <span class='ocrx_word' id='word_1_107' title='bbox 1098 1525 1191 1578; x_wconf 80' lang='lat' dir='ltr'><strong>sed</strong></span> <span class='ocrx_word' id='word_1_108' title='bbox 1218 1525 1269 1580; x_wconf 93' lang='lat' dir='ltr'><strong>in</strong></span> <span class='ocrx_word' id='word_1_109' title='bbox 1294 1540 1427 1595; x_wconf 90' lang='lat' dir='ltr'><strong>agro</strong></span> <span class='ocrx_word' id='word_1_110' title='bbox 1462 1526 1614 1596; x_wconf 75' lang='lat'><strong>167</strong></span> <span class='ocrx_word' id='word_1_111' title='bbox 1649 1540 1774 1594; x_wconf 87' lang='lat' dir='ltr'><strong>par-</strong></span> 
     </span>
    </p>
   </div>
   <div class='ocr_carea' id='block_1_18' title="bbox 172 1616 1768 1688">
    <p class='ocr_par' dir='ltr' id='par_1_18' title="bbox 172 1616 1768 1688">
     <span class='ocr_line' id='line_1_18' title="bbox 172 1616 1768 1688; baseline -0.003 -16"><span class='ocrx_word' id='word_1_112' title='bbox 172 1618 286 1672; x_wconf 91' lang='lat' dir='ltr'><strong>vulo</strong></span> <span class='ocrx_word' id='word_1_113' title='bbox 338 1617 485 1688; x_wconf 88' lang='lat' dir='ltr'><strong>apud</strong></span> <span class='ocrx_word' id='word_1_114' title='bbox 549 1617 819 1671; x_wconf 78' lang='lat' dir='ltr'><strong>Lazarum</strong></span> <span class='ocrx_word' id='word_1_115' title='bbox 872 1632 1198 1686; x_wconf 82' lang='lat' dir='ltr'><strong>sororesque</strong></span> <span class='ocrx_word' id='word_1_116' title='bbox 1253 1616 1374 1686; x_wconf 84' lang='lat' dir='ltr'><strong>ejus</strong></span> <span class='ocrx_word' id='word_1_117' title='bbox 1436 1616 1706 1670; x_wconf 79' lang='lat' dir='ltr'><strong>habitaret</strong></span> <span class='ocrx_word' id='word_1_118' title='bbox 1757 1634 1768 1668; x_wconf 93' lang='lat'><strong>:</strong></span> 
     </span>
    </p>
   </div>
   <div class='ocr_carea' id='block_1_19' title="bbox 173 1709 1211 1780">
    <p class='ocr_par' dir='ltr' id='par_1_19' title="bbox 173 1709 1211 1780">
     <span class='ocr_line' id='line_1_19' title="bbox 173 1709 1211 1780; baseline -0.002 -16"><span class='ocrx_word' id='word_1_119' title='bbox 173 1723 347 1764; x_wconf 87' lang='lat' dir='ltr'><strong>eorum</strong></span> <span class='ocrx_word' id='word_1_120' title='bbox 376 1709 605 1780; x_wconf 83' lang='lat' dir='ltr'><strong>quippe</strong></span> <span class='ocrx_word' id='word_1_121' title='bbox 639 1710 790 1764; x_wconf 90' lang='lat' dir='ltr'><strong>vicus</strong></span> <span class='ocrx_word' id='word_1_122' title='bbox 825 1709 1084 1764; x_wconf 82' lang='lat' dir='ltr'><strong>Bethania</strong></span> <span class='ocrx_word' id='word_1_123' title='bbox 1105 1717 1211 1764; x_wconf 90' lang='lat' dir='ltr'><strong>est.</strong></span> 
     </span>
    </p>
   </div>
   <div class='ocr_carea' id='block_1_20' title="bbox 171 1792 1850 1877">
    <p class='ocr_par' dir='ltr' id='par_1_20' title="bbox 171 1792 1850 1877">
     <span class='ocr_line' id='line_1_20' title="bbox 171 1792 1850 1877; baseline -0.005 -17"><span class='ocrx_word' id='word_1_124' title='bbox 171 1851 175 1860; x_wconf 97' lang='lat'><strong>.</strong></span> <span class='ocrx_word' id='word_1_125' title='bbox 237 1804 412 1877; x_wconf 79' lang='lat' dir='ltr'><strong>(Vers.</strong></span> <span class='ocrx_word' id='word_1_126' title='bbox 441 1804 537 1870; x_wconf 85' lang='grc'><strong>18,</strong></span> <span class='ocrx_word' id='word_1_127' title='bbox 566 1805 752 1876; x_wconf 84' lang='lat' dir='ltr'><strong>seqq.)</strong></span> <span class='ocrx_word' id='word_1_128' title='bbox 777 1803 930 1858; x_wconf 72' lang='lat' dir='ltr'><strong>.llane</strong></span> <span class='ocrx_word' id='word_1_129' title='bbox 948 1814 1120 1859; x_wconf 81' lang='lat' dir='ltr'><strong>autem</strong></span> <span class='ocrx_word' id='word_1_130' title='bbox 1137 1814 1392 1858; x_wconf 83' lang='lat' dir='ltr'><strong>revertens</strong></span> <span class='ocrx_word' id='word_1_131' title='bbox 1409 1804 1463 1857; x_wconf 90' lang='lat' dir='ltr'><strong>in</strong></span> <span class='ocrx_word' id='word_1_132' title='bbox 1488 1804 1766 1863; x_wconf 74' lang='lat' dir='ltr'><strong>civitatem,</strong></span> <span class='ocrx_word' id='word_1_133' title='bbox 1801 1792 1850 1852; x_wconf 89' lang='grc' dir='ltr'><strong>Β</strong></span> 
     </span>
    </p>
   </div>
   <div class='ocr_carea' id='block_1_21' title="bbox 173 1898 1765 1970">
    <p class='ocr_par' dir='ltr' id='par_1_21' title="bbox 173 1898 1765 1970">
     <span class='ocr_line' id='line_1_21' title="bbox 173 1898 1765 1970; baseline -0.002 -17"><span class='ocrx_word' id='word_1_134' title='bbox 173 1900 356 1954; x_wconf 83' lang='lat' dir='ltr'><strong>esuriit.</strong></span> <span class='ocrx_word' id='word_1_135' title='bbox 379 1898 449 1953; x_wconf 84' lang='lat' dir='ltr'><strong>Et</strong></span> <span class='ocrx_word' id='word_1_136' title='bbox 475 1900 668 1954; x_wconf 82' lang='lat' dir='ltr'><strong>videns</strong></span> <span class='ocrx_word' id='word_1_137' title='bbox 691 1901 778 1970; x_wconf 82' lang='lat' dir='ltr'><strong>fici</strong></span> <span class='ocrx_word' id='word_1_138' title='bbox 790 1900 1024 1953; x_wconf 85' lang='lat' dir='ltr'><strong>arborem</strong></span> <span class='ocrx_word' id='word_1_139' title='bbox 1045 1916 1200 1954; x_wconf 87' lang='lat' dir='ltr'><strong>unam</strong></span> <span class='ocrx_word' id='word_1_140' title='bbox 1212 1916 1356 1953; x_wconf 82' lang='lat' dir='ltr'><strong>secus</strong></span> <span class='ocrx_word' id='word_1_141' title='bbox 1371 1899 1529 1959; x_wconf 84' lang='lat' dir='ltr'><strong>niam,</strong></span> <span class='ocrx_word' id='word_1_142' title='bbox 1545 1900 1680 1952; x_wconf 75' lang='lat' dir='ltr'><strong>venit</strong></span> <span class='ocrx_word' id='word_1_143' title='bbox 1695 1898 1765 1951; x_wconf 90' lang='lat' dir='ltr'><strong>ad</strong></span> 
     </span>
    </p>
   </div>
   <div class='ocr_carea' id='block_1_22' title="bbox 175 1991 1773 2062">
    <p class='ocr_par' dir='ltr' id='par_1_22' title="bbox 175 1991 1773 2062">
     <span class='ocr_line' id='line_1_22' title="bbox 175 1991 1773 2062; baseline -0.001 -17"><span class='ocrx_word' id='word_1_144' title='bbox 175 2009 297 2057; x_wconf 88' lang='lat' dir='ltr'><strong>eam,</strong></span> <span class='ocrx_word' id='word_1_145' title='bbox 319 2002 368 2046; x_wconf 86' lang='lat' dir='ltr'><strong>et</strong></span> <span class='ocrx_word' id='word_1_146' title='bbox 389 1991 532 2046; x_wconf 83' lang='lat' dir='ltr'><strong><em>nihil</em></strong></span> <span class='ocrx_word' id='word_1_147' title='bbox 557 1993 751 2046; x_wconf 76' lang='lat' dir='ltr'><strong>inuenit</strong></span> <span class='ocrx_word' id='word_1_148' title='bbox 773 1993 824 2045; x_wconf 91' lang='lat' dir='ltr'><strong>in</strong></span> <span class='ocrx_word' id='word_1_149' title='bbox 843 2009 922 2060; x_wconf 90' lang='lat' dir='ltr'><strong>ea,</strong></span> <span class='ocrx_word' id='word_1_150' title='bbox 951 1993 1053 2046; x_wconf 89' lang='lat' dir='ltr'><strong>nisi</strong></span> <span class='ocrx_word' id='word_1_151' title='bbox 1074 1991 1201 2062; x_wconf 76' lang='lat' dir='ltr'><strong>folia</strong></span> <span class='ocrx_word' id='word_1_152' title='bbox 1225 2000 1451 2046; x_wconf 89' lang='lat' dir='ltr'><strong>tantum.</strong></span> <span class='ocrx_word' id='word_1_153' title='bbox 1482 1991 1545 2044; x_wconf 86' lang='lat' dir='ltr'><strong>Et</strong></span> <span class='ocrx_word' id='word_1_154' title='bbox 1567 1992 1639 2045; x_wconf 92' lang='lat' dir='ltr'><strong>ait</strong></span> <span class='ocrx_word' id='word_1_155' title='bbox 1661 1991 1773 2044; x_wconf 82' lang='lat' dir='ltr'><strong>illi:</strong></span> 
     </span>
    </p>
   </div>
   <div class='ocr_carea' id='block_1_23' title="bbox 175 2083 1773 2153">
    <p class='ocr_par' dir='ltr' id='par_1_23' title="bbox 175 2083 1773 2153">
     <span class='ocr_line' id='line_1_23' title="bbox 175 2083 1773 2153; baseline -0.001 -15"><span class='ocrx_word' id='word_1_156' title='bbox 175 2083 469 2153; x_wconf 75' lang='lat' dir='ltr'><strong>Numquam</strong></span> <span class='ocrx_word' id='word_1_157' title='bbox 509 2101 580 2139; x_wconf 80' lang='lat' dir='ltr'><strong>ea:</strong></span> <span class='ocrx_word' id='word_1_158' title='bbox 620 2093 667 2138; x_wconf 88' lang='lat' dir='ltr'><strong>te</strong></span> <span class='ocrx_word' id='word_1_159' title='bbox 693 2085 894 2152; x_wconf 79' lang='lat' dir='ltr'><strong>fructus</strong></span> <span class='ocrx_word' id='word_1_160' title='bbox 920 2094 1168 2139; x_wconf 86' lang='lat' dir='ltr'><strong>nascatur</strong></span> <span class='ocrx_word' id='word_1_161' title='bbox 1213 2086 1267 2138; x_wconf 88' lang='lat' dir='ltr'><strong>in</strong></span> <span class='ocrx_word' id='word_1_162' title='bbox 1298 2085 1695 2152; x_wconf 87' lang='lat' dir='ltr'><strong>sempiternum,</strong></span> <span class='ocrx_word' id='word_1_163' title='bbox 1727 2094 1773 2137; x_wconf 94' lang='lat' dir='ltr'><strong>et</strong></span> 
     </span>
    </p>
   </div>
   <div class='ocr_carea' id='block_1_24' title="bbox 174 2174 1776 2248">
    <p class='ocr_par' dir='ltr' id='par_1_24' title="bbox 174 2174 1776 2248">
     <span class='ocr_line' id='line_1_24' title="bbox 174 2174 1776 2248; baseline -0.001 -19"><span class='ocrx_word' id='word_1_164' title='bbox 174 2179 392 2248; x_wconf 74' lang='lat' dir='ltr'><strong>arefacta</strong></span> <span class='ocrx_word' id='word_1_165' title='bbox 438 2186 520 2231; x_wconf 89' lang='lat' dir='ltr'><strong>est</strong></span> <span class='ocrx_word' id='word_1_166' title='bbox 553 2176 805 2230; x_wconf 89' lang='lat' dir='ltr'><strong>continuo</strong></span> <span class='ocrx_word' id='word_1_167' title='bbox 851 2177 1097 2246; x_wconf 79' lang='lat' dir='ltr'><strong>ﬁculnea.</strong></span> <span class='ocrx_word' id='word_1_168' title='bbox 1143 2177 1209 2230; x_wconf 78' lang='lat' dir='ltr'><strong>Et</strong></span> <span class='ocrx_word' id='word_1_169' title='bbox 1254 2176 1480 2230; x_wconf 78' lang='lat' dir='ltr'><strong>videntes</strong></span> <span class='ocrx_word' id='word_1_170' title='bbox 1529 2174 1776 2244; x_wconf 81' lang='lat' dir='ltr'><strong>discipuli</strong></span> 
     </span>
    </p>
   </div>
   <div class='ocr_carea' id='block_1_25' title="bbox 176 2267 1778 2337">
    <p class='ocr_par' dir='ltr' id='par_1_25' title="bbox 176 2267 1778 2337">
     <span class='ocr_line' id='line_1_25' title="bbox 176 2267 1778 2337; baseline 0 -17"><span class='ocrx_word' id='word_1_171' title='bbox 176 2270 337 2322; x_wconf 79' lang='lat' dir='ltr'><strong>mirati</strong></span> <span class='ocrx_word' id='word_1_172' title='bbox 373 2280 523 2333; x_wconf 89' lang='lat' dir='ltr'><strong>sunt,</strong></span> <span class='ocrx_word' id='word_1_173' title='bbox 559 2269 790 2322; x_wconf 74' lang='lat' dir='ltr'><strong>dicentes</strong></span> <span class='ocrx_word' id='word_1_174' title='bbox 819 2286 838 2322; x_wconf 91' lang='lat'><em>:</em></span> <span class='ocrx_word' id='word_1_175' title='bbox 869 2269 1138 2337; x_wconf 81' lang='lat' dir='ltr'><strong>Quomodo</strong></span> <span class='ocrx_word' id='word_1_176' title='bbox 1174 2269 1418 2323; x_wconf 77' lang='lat' dir='ltr'><strong>continuo</strong></span> <span class='ocrx_word' id='word_1_177' title='bbox 1455 2267 1630 2320; x_wconf 86' lang='lat' dir='ltr'><strong>aruit?</strong></span> <span class='ocrx_word' id='word_1_178' title='bbox 1660 2267 1778 2320; x_wconf 86' lang='lat' dir='ltr'><strong>Dis-</strong></span> 
     </span>
    </p>
   </div>
   <div class='ocr_carea' id='block_1_26' title="bbox 179 2359 1779 2425">
    <p class='ocr_par' dir='ltr' id='par_1_26' title="bbox 179 2359 1779 2425">
     <span class='ocr_line' id='line_1_26' title="bbox 179 2359 1779 2425; baseline -0.001 -12"><span class='ocrx_word' id='word_1_179' title='bbox 179 2361 341 2415; x_wconf 86' lang='lat' dir='ltr'><strong>cussis</strong></span> <span class='ocrx_word' id='word_1_180' title='bbox 380 2363 574 2416; x_wconf 86' lang='lat' dir='ltr'><strong>noctis</strong></span> <span class='ocrx_word' id='word_1_181' title='bbox 622 2361 888 2425; x_wconf 77' lang='lat' dir='ltr'><strong>tenebris,</strong></span> <span class='ocrx_word' id='word_1_182' title='bbox 929 2360 1196 2415; x_wconf 89' lang='lat' dir='ltr'><strong>matutina</strong></span> <span class='ocrx_word' id='word_1_183' title='bbox 1247 2359 1366 2415; x_wconf 91' lang='lat' dir='ltr'><strong>luce</strong></span> <span class='ocrx_word' id='word_1_184' title='bbox 1412 2359 1686 2423; x_wconf 81' lang='lat' dir='ltr'><strong>radiante,</strong></span> <span class='ocrx_word' id='word_1_185' title='bbox 1725 2366 1779 2411; x_wconf 82' lang='lat' dir='ltr'><strong>ct</strong></span> 
     </span>
    </p>
   </div>
   <div class='ocr_carea' id='block_1_27' title="bbox 180 2451 1777 2525">
    <p class='ocr_par' dir='ltr' id='par_1_27' title="bbox 180 2451 1777 2525">
     <span class='ocr_line' id='line_1_27' title="bbox 180 2451 1777 2525; baseline 0.001 -22"><span class='ocrx_word' id='word_1_186' title='bbox 180 2454 342 2507; x_wconf 85' lang='lat' dir='ltr'><strong>vicina</strong></span> <span class='ocrx_word' id='word_1_187' title='bbox 365 2455 652 2520; x_wconf 87' lang='lat' dir='ltr'><strong>meridie,</strong></span> <span class='ocrx_word' id='word_1_188' title='bbox 696 2455 747 2507; x_wconf 93' lang='lat' dir='ltr'><strong>iu</strong></span> <span class='ocrx_word' id='word_1_189' title='bbox 788 2469 890 2525; x_wconf 89' lang='lat' dir='ltr'><strong>qua</strong></span> <span class='ocrx_word' id='word_1_190' title='bbox 943 2455 1202 2508; x_wconf 90' lang='lat' dir='ltr'><strong>Dominus</strong></span> <span class='ocrx_word' id='word_1_191' title='bbox 1235 2452 1489 2522; x_wconf 84' lang='lat' dir='ltr'><strong>passione</strong></span> <span class='ocrx_word' id='word_1_192' title='bbox 1520 2468 1615 2506; x_wconf 89' lang='lat' dir='ltr'><strong>sua</strong></span> <span class='ocrx_word' id='word_1_193' title='bbox 1650 2451 1777 2505; x_wconf 85' lang='lat' dir='ltr'><strong>illu-</strong></span> 
     </span>
    </p>
   </div>
   <div class='ocr_carea' id='block_1_28' title="bbox 183 2548 1776 2612">
    <p class='ocr_par' dir='ltr' id='par_1_28' title="bbox 183 2548 1776 2612">
     <span class='ocr_line' id='line_1_28' title="bbox 183 2548 1776 2612; baseline -0.001 -10"><span class='ocrx_word' id='word_1_194' title='bbox 183 2557 440 2604; x_wconf 85' lang='lat' dir='ltr'><strong>straturus</strong></span> <span class='ocrx_word' id='word_1_195' title='bbox 469 2559 602 2604; x_wconf 88' lang='lat' dir='ltr'><strong>erat</strong></span> <span class='ocrx_word' id='word_1_196' title='bbox 628 2549 841 2612; x_wconf 91' lang='lat' dir='ltr'><strong>orbem,</strong></span> <span class='ocrx_word' id='word_1_197' title='bbox 867 2563 989 2604; x_wconf 91' lang='lat' dir='ltr'><strong>cum</strong></span> <span class='ocrx_word' id='word_1_198' title='bbox 1023 2550 1073 2602; x_wconf 91' lang='lat' dir='ltr'><strong>in</strong></span> <span class='ocrx_word' id='word_1_199' title='bbox 1089 2548 1364 2604; x_wconf 78' lang='lat' dir='ltr'><strong>civitatem</strong></span> <span class='ocrx_word' id='word_1_200' title='bbox 1385 2554 1776 2610; x_wconf 77' lang='lat' dir='ltr'><strong>reverteretur,</strong></span> 
     </span>
    </p>
   </div>
   <div class='ocr_carea' id='block_1_29' title="bbox 184 2640 1778 2708">
    <p class='ocr_par' dir='ltr' id='par_1_29' title="bbox 184 2640 1778 2708">
     <span class='ocr_line' id='line_1_29' title="bbox 184 2640 1778 2708; baseline -0.003 -11"><span class='ocrx_word' id='word_1_201' title='bbox 184 2643 382 2708; x_wconf 77' lang='lat' dir='ltr'><strong>esitriit,</strong></span> <span class='ocrx_word' id='word_1_202' title='bbox 412 2645 500 2699; x_wconf 79' lang='lat' dir='ltr'><strong>vel</strong></span> <span class='ocrx_word' id='word_1_203' title='bbox 528 2643 822 2698; x_wconf 79' lang='lat' dir='ltr'><strong>veritatem</strong></span> <span class='ocrx_word' id='word_1_204' title='bbox 855 2641 1109 2696; x_wconf 73' lang='lat' dir='ltr'><strong>humana:</strong></span> <span class='ocrx_word' id='word_1_205' title='bbox 1138 2641 1316 2696; x_wconf 90' lang='lat' dir='ltr'><strong>carnis</strong></span> <span class='ocrx_word' id='word_1_206' title='bbox 1342 2640 1659 2704; x_wconf 89' lang='lat' dir='ltr'><strong>ostendens,</strong></span> <span class='ocrx_word' id='word_1_207' title='bbox 1693 2640 1778 2694; x_wconf 90' lang='lat' dir='ltr'><strong>vel</strong></span> 
     </span>
    </p>
   </div>
   <div class='ocr_carea' id='block_1_30' title="bbox 187 2733 1782 2798">
    <p class='ocr_par' dir='ltr' id='par_1_30' title="bbox 187 2733 1782 2798">
     <span class='ocr_line' id='line_1_30' title="bbox 187 2733 1782 2798; baseline -0.001 -9"><span class='ocrx_word' id='word_1_208' title='bbox 187 2739 423 2792; x_wconf 81' lang='lat' dir='ltr'><strong>esuriens</strong></span> <span class='ocrx_word' id='word_1_209' title='bbox 464 2737 710 2792; x_wconf 84' lang='lat' dir='ltr'><strong>salutem</strong></span> <span class='ocrx_word' id='word_1_210' title='bbox 753 2735 1119 2798; x_wconf 87' lang='lat' dir='ltr'><strong>credentium,</strong></span> <span class='ocrx_word' id='word_1_211' title='bbox 1148 2745 1201 2789; x_wconf 90' lang='lat' dir='ltr'><strong>et</strong></span> <span class='ocrx_word' id='word_1_212' title='bbox 1244 2743 1482 2790; x_wconf 69' lang='lat' dir='ltr'><strong>aestuans</strong></span> <span class='ocrx_word' id='word_1_213' title='bbox 1509 2733 1574 2787; x_wconf 91' lang='lat' dir='ltr'><strong>ad</strong></span> <span class='ocrx_word' id='word_1_214' title='bbox 1604 2735 1782 2788; x_wconf 86' lang='lat' dir='ltr'><strong>incre-</strong></span> 
     </span>
    </p>
   </div>
   <div class='ocr_carea' id='block_1_31' title="bbox 187 2826 1778 2897">
    <p class='ocr_par' dir='ltr' id='par_1_31' title="bbox 187 2826 1778 2897">
     <span class='ocr_line' id='line_1_31' title="bbox 187 2826 1778 2897; baseline -0.002 -16"><span class='ocrx_word' id='word_1_215' title='bbox 187 2827 455 2884; x_wconf 86' lang='lat' dir='ltr'><strong>dulitatem</strong></span> <span class='ocrx_word' id='word_1_216' title='bbox 494 2827 742 2884; x_wconf 88' lang='lat' dir='ltr'><strong>Israelis.</strong></span> <span class='ocrx_word' id='word_1_217' title='bbox 773 2827 1018 2897; x_wconf 89' lang='lat' dir='ltr'><strong>Cumque</strong></span> <span class='ocrx_word' id='word_1_218' title='bbox 1054 2827 1277 2881; x_wconf 78' lang='lat' dir='ltr'><strong>vidisset</strong></span> <span class='ocrx_word' id='word_1_219' title='bbox 1315 2826 1570 2880; x_wconf 89' lang='lat' dir='ltr'><strong>arborem</strong></span> <span class='ocrx_word' id='word_1_220' title='bbox 1616 2839 1778 2878; x_wconf 90' lang='lat' dir='ltr'><strong>unam</strong></span> 
     </span>
    </p>
   </div>
   <div class='ocr_carea' id='block_1_32' title="bbox 189 2917 1778 2991">
    <p class='ocr_par' dir='ltr' id='par_1_32' title="bbox 189 2917 1778 2991">
     <span class='ocr_line' id='line_1_32' title="bbox 189 2917 1778 2991; baseline -0.001 -17"><span class='ocrx_word' id='word_1_221' title='bbox 189 2922 363 2990; x_wconf 89' lang='lat' dir='ltr'><strong>(quam</strong></span> <span class='ocrx_word' id='word_1_222' title='bbox 394 2921 765 2990; x_wconf 80' lang='lat' dir='ltr'><strong>intelligimus</strong></span> <span class='ocrx_word' id='word_1_223' title='bbox 795 2929 819 2957; x_wconf 79' lang='grc'><strong><em>⁸</em></strong></span> <span class='ocrx_word' id='word_1_224' title='bbox 860 2921 1226 2991; x_wconf 82' lang='lat' dir='ltr'><strong>Synagogam,</strong></span> <span class='ocrx_word' id='word_1_225' title='bbox 1263 2927 1318 2973; x_wconf 87' lang='lat' dir='ltr'><strong>et.</strong></span> <span class='ocrx_word' id='word_1_226' title='bbox 1357 2917 1778 2973; x_wconf 84' lang='lat' dir='ltr'><strong>conciliabulum</strong></span> 
     </span>
    </p>
   </div>
   <div class='ocr_carea' id='block_1_33' title="bbox 188 3011 1782 3086">
    <p class='ocr_par' dir='ltr' id='par_1_33' title="bbox 188 3011 1782 3086">
     <span class='ocr_line' id='line_1_33' title="bbox 188 3011 1782 3086; baseline -0.003 -17"><span class='ocrx_word' id='word_1_227' title='bbox 188 3013 540 3086; x_wconf 65' lang='lat' dir='ltr'><strong>Judaeorum)</strong></span> <span class='ocrx_word' id='word_1_228' title='bbox 593 3016 745 3084; x_wconf 73' lang='lat' dir='ltr'><strong>juxta</strong></span> <span class='ocrx_word' id='word_1_229' title='bbox 790 3016 931 3068; x_wconf 87' lang='lat' dir='ltr'><strong>viam</strong></span> <span class='ocrx_word' id='word_1_230' title='bbox 969 3012 1240 3067; x_wconf 88' lang='lat' dir='ltr'><strong>:habebat</strong></span> <span class='ocrx_word' id='word_1_231' title='bbox 1285 3011 1431 3064; x_wconf 89' lang='lat' dir='ltr'><strong>enim</strong></span> <span class='ocrx_word' id='word_1_232' title='bbox 1473 3011 1697 3081; x_wconf 83' lang='lat' dir='ltr'><strong>Legem,</strong></span> <span class='ocrx_word' id='word_1_233' title='bbox 1726 3021 1782 3065; x_wconf 91' lang='lat' dir='ltr'><strong>et</strong></span> 
     </span>
    </p>
   </div>
   <div class='ocr_carea' id='block_1_34' title="bbox 193 3103 1778 3178">
    <p class='ocr_par' dir='ltr' id='par_1_34' title="bbox 193 3103 1778 3178">
     <span class='ocr_line' id='line_1_34' title="bbox 193 3103 1778 3178; baseline -0.004 -15"><span class='ocrx_word' id='word_1_234' title='bbox 193 3107 303 3163; x_wconf 85' lang='lat' dir='ltr'><strong>ideo</strong></span> <span class='ocrx_word' id='word_1_235' title='bbox 337 3110 491 3178; x_wconf 73' lang='lat' dir='ltr'><strong>juxta</strong></span> <span class='ocrx_word' id='word_1_236' title='bbox 533 3108 683 3161; x_wconf 87' lang='lat' dir='ltr'><strong>viam</strong></span> <span class='ocrx_word' id='word_1_237' title='bbox 716 3119 855 3170; x_wconf 86' lang='lat' dir='ltr'><strong>erat,</strong></span> <span class='ocrx_word' id='word_1_238' title='bbox 888 3107 1017 3178; x_wconf 85' lang='lat' dir='ltr'><strong>quia</strong></span> <span class='ocrx_word' id='word_1_239' title='bbox 1062 3121 1168 3159; x_wconf 91' lang='lat' dir='ltr'><strong>non</strong></span> <span class='ocrx_word' id='word_1_240' title='bbox 1207 3103 1467 3160; x_wconf 89' lang='lat' dir='ltr'><strong>credebat</strong></span> <span class='ocrx_word' id='word_1_241' title='bbox 1515 3106 1565 3157; x_wconf 91' lang='lat' dir='ltr'><strong>in</strong></span> <span class='ocrx_word' id='word_1_242' title='bbox 1612 3104 1778 3168; x_wconf 91' lang='lat' dir='ltr'><strong>viam,</strong></span> 
     </span>
    </p>
   </div>
   <div class='ocr_carea' id='block_1_35' title="bbox 1873 509 3180 581">
    <p class='ocr_par' dir='ltr' id='par_1_35' title="bbox 1873 509 3180 581">
     <span class='ocr_line' id='line_1_35' title="bbox 1873 509 3180 581; baseline 0.001 -20"><span class='ocrx_word' id='word_1_243' title='bbox 1873 521 1990 561; x_wconf 90' lang='lat' dir='ltr'><strong>rum</strong></span> <span class='ocrx_word' id='word_1_244' title='bbox 2019 523 2114 577; x_wconf 90' lang='lat' dir='ltr'><strong>per</strong></span> <span class='ocrx_word' id='word_1_245' title='bbox 2136 511 2504 578; x_wconf 78' lang='lat' dir='ltr'><strong>ptenitentiam</strong></span> <span class='ocrx_word' id='word_1_246' title='bbox 2535 519 2907 581; x_wconf 74' lang='lat' dir='ltr'><strong>exspectasset</strong></span> <span class='ocrx_word' id='word_1_247' title='bbox 2931 509 3180 564; x_wconf 82' lang='lat' dir='ltr'><strong>salutem.</strong></span> 
     </span>
    </p>
   </div>
   <div class='ocr_carea' id='block_1_36' title="bbox 1945 600 3468 672">
    <p class='ocr_par' dir='ltr' id='par_1_36' title="bbox 1945 600 3468 672">
     <span class='ocr_line' id='line_1_36' title="bbox 1945 600 3468 672; baseline 0.001 -18"><span class='ocrx_word' id='word_1_248' title='bbox 1945 602 1964 672; x_wconf 91' lang='lat'>(</span> <span class='ocrx_word' id='word_1_249' title='bbox 1996 603 2146 658; x_wconf 80' lang='lat' dir='ltr'><strong>Vers.</strong></span> <span class='ocrx_word' id='word_1_250' title='bbox 2169 604 2260 666; x_wconf 73' lang='lat'><strong>‘21,</strong></span> <span class='ocrx_word' id='word_1_251' title='bbox 2290 603 2378 657; x_wconf 75' lang='lat'><strong>:22.</strong></span> <span class='ocrx_word' id='word_1_252' title='bbox 2420 605 2438 671; x_wconf 91' lang='lat'><strong>)</strong></span> <span class='ocrx_word' id='word_1_253' title='bbox 2467 601 2807 668; x_wconf 82' lang='lat' dir='ltr'><strong>Respondeas</strong></span> <span class='ocrx_word' id='word_1_254' title='bbox 2831 612 3002 655; x_wconf 85' lang='lat' dir='ltr'><strong>autem</strong></span> <span class='ocrx_word' id='word_1_255' title='bbox 3030 600 3184 655; x_wconf 81' lang='lat' dir='ltr'><strong>Jesns</strong></span> <span class='ocrx_word' id='word_1_256' title='bbox 3204 643 3218 665; x_wconf 93' lang='lat'><strong>,</strong></span> <span class='ocrx_word' id='word_1_257' title='bbox 3250 603 3322 655; x_wconf 89' lang='lat' dir='ltr'><strong>ait</strong></span> <span class='ocrx_word' id='word_1_258' title='bbox 3345 601 3418 655; x_wconf 92' lang='lat' dir='ltr'><strong>eis</strong></span> <span class='ocrx_word' id='word_1_259' title='bbox 3449 615 3468 655; x_wconf 90' lang='lat'><strong><em>:</em></strong></span> 
     </span>
    </p>
   </div>
   <div class='ocr_carea' id='block_1_37' title="bbox 1874 691 3469 760">
    <p class='ocr_par' dir='ltr' id='par_1_37' title="bbox 1874 691 3469 760">
     <span class='ocr_line' id='line_1_37' title="bbox 1874 691 3469 760; baseline -0.004 -10"><span class='ocrx_word' id='word_1_260' title='bbox 1874 695 2037 752; x_wconf 77' lang='lat' dir='ltr'><strong>Amen</strong></span> <span class='ocrx_word' id='word_1_261' title='bbox 2081 697 2197 749; x_wconf 80' lang='lat' dir='ltr'><strong>dico</strong></span> <span class='ocrx_word' id='word_1_262' title='bbox 2235 696 2398 756; x_wconf 77' lang='lat' dir='ltr'><strong>vobis,</strong></span> <span class='ocrx_word' id='word_1_263' title='bbox 2426 695 2471 747; x_wconf 93' lang='lat' dir='ltr'><strong>si</strong></span> <span class='ocrx_word' id='word_1_264' title='bbox 2513 693 2792 747; x_wconf 78' lang='lat' dir='ltr'><strong>habueritis</strong></span> <span class='ocrx_word' id='word_1_265' title='bbox 2839 693 3016 760; x_wconf 79' lang='lat' dir='ltr'><strong>ﬁdem,</strong></span> <span class='ocrx_word' id='word_1_266' title='bbox 3067 701 3115 746; x_wconf 91' lang='lat' dir='ltr'><strong>et</strong></span> <span class='ocrx_word' id='word_1_267' title='bbox 3166 709 3267 745; x_wconf 84' lang='lat' dir='ltr'><strong>non</strong></span> <span class='ocrx_word' id='word_1_268' title='bbox 3313 691 3469 746; x_wconf 70' lang='lat' dir='ltr'><strong>hesi-</strong></span> 
     </span>
    </p>
   </div>
   <div class='ocr_carea' id='block_1_38' title="bbox 1874 781 3464 856">
    <p class='ocr_par' dir='ltr' id='par_1_38' title="bbox 1874 781 3464 856">
     <span class='ocr_line' id='line_1_38' title="bbox 1874 781 3464 856; baseline -0.005 -14"><span class='ocrx_word' id='word_1_269' title='bbox 1874 789 2131 851; x_wconf 77' lang='lat' dir='ltr'><strong>tareritis,</strong></span> <span class='ocrx_word' id='word_1_270' title='bbox 2177 804 2278 840; x_wconf 87' lang='lat' dir='ltr'><strong>non</strong></span> <span class='ocrx_word' id='word_1_271' title='bbox 2327 787 2494 839; x_wconf 84' lang='lat' dir='ltr'><strong>solum</strong></span> <span class='ocrx_word' id='word_1_272' title='bbox 2539 787 2601 838; x_wconf 89' lang='lat' dir='ltr'><strong>de</strong></span> <span class='ocrx_word' id='word_1_273' title='bbox 2642 785 2866 854; x_wconf 81' lang='lat' dir='ltr'><strong>ﬁculnea</strong></span> <span class='ocrx_word' id='word_1_274' title='bbox 2911 783 3277 856; x_wconf 78' lang='lat' dir='ltr'><strong>facietis;sed</strong></span> <span class='ocrx_word' id='word_1_275' title='bbox 3325 792 3372 836; x_wconf 90' lang='lat' dir='ltr'><strong>et</strong></span> <span class='ocrx_word' id='word_1_276' title='bbox 3419 781 3464 834; x_wconf 89' lang='lat' dir='ltr'><strong>si</strong></span> 
     </span>
    </p>
   </div>
   <div class='ocr_carea' id='block_1_39' title="bbox 1873 875 3457 948">
    <p class='ocr_par' dir='ltr' id='par_1_39' title="bbox 1873 875 3457 948">
     <span class='ocr_line' id='line_1_39' title="bbox 1873 875 3457 948; baseline -0.003 -14"><span class='ocrx_word' id='word_1_277' title='bbox 1873 881 2036 935; x_wconf 86' lang='lat' dir='ltr'><strong>monti</strong></span> <span class='ocrx_word' id='word_1_278' title='bbox 2071 880 2191 933; x_wconf 85' lang='lat' dir='ltr'><strong>huic</strong></span> <span class='ocrx_word' id='word_1_279' title='bbox 2219 877 2651 934; x_wconf 57' lang='lat' dir='ltr'><strong>dixeritisﬂolle</strong></span> <span class='ocrx_word' id='word_1_280' title='bbox 2677 890 2697 916; x_wconf 77' lang='grc' dir='ltr'><strong>ο</strong></span> <span class='ocrx_word' id='word_1_281' title='bbox 2733 888 2781 931; x_wconf 84' lang='lat' dir='ltr'><strong>et</strong></span> <span class='ocrx_word' id='word_1_282' title='bbox 2801 879 2947 948; x_wconf 90' lang='lat' dir='ltr'><strong>jacta</strong></span> <span class='ocrx_word' id='word_1_283' title='bbox 2974 887 3020 930; x_wconf 89' lang='lat' dir='ltr'><strong>te</strong></span> <span class='ocrx_word' id='word_1_284' title='bbox 3056 878 3109 929; x_wconf 91' lang='lat' dir='ltr'><strong>in</strong></span> <span class='ocrx_word' id='word_1_285' title='bbox 3141 892 3299 936; x_wconf 78' lang='lat' dir='ltr'><strong>more,</strong></span> <span class='ocrx_word' id='word_1_286' title='bbox 3347 875 3457 944; x_wconf 78' lang='lat' dir='ltr'><strong>ﬁet.</strong></span> 
     </span>
    </p>
   </div>
   <div class='ocr_carea' id='block_1_40' title="bbox 1876 967 3466 1042">
    <p class='ocr_par' dir='ltr' id='par_1_40' title="bbox 1876 967 3466 1042">
     <span class='ocr_line' id='line_1_40' title="bbox 1876 967 3466 1042; baseline -0.005 -15"><span class='ocrx_word' id='word_1_287' title='bbox 1876 973 1941 1028; x_wconf 81' lang='lat' dir='ltr'><strong>Et</strong></span> <span class='ocrx_word' id='word_1_288' title='bbox 1975 974 2148 1026; x_wconf 83' lang='lat' dir='ltr'><strong>omnia</strong></span> <span class='ocrx_word' id='word_1_289' title='bbox 2174 987 2509 1042; x_wconf 60' lang='lat' dir='ltr'><strong>quotcumque</strong></span> <span class='ocrx_word' id='word_1_290' title='bbox 2553 971 2807 1040; x_wconf 75' lang='lat' dir='ltr'><strong>petieritis</strong></span> <span class='ocrx_word' id='word_1_291' title='bbox 2840 971 2894 1022; x_wconf 88' lang='lat' dir='ltr'><strong>in</strong></span> <span class='ocrx_word' id='word_1_292' title='bbox 2923 968 3157 1022; x_wconf 85' lang='lat' dir='ltr'><strong>oratione</strong></span> <span class='ocrx_word' id='word_1_293' title='bbox 3182 967 3466 1033; x_wconf 85' lang='lat' dir='ltr'><strong>credentes,</strong></span> 
     </span>
    </p>
   </div>
   <div class='ocr_carea' id='block_1_41' title="bbox 1874 1059 3470 1137">
    <p class='ocr_par' dir='ltr' id='par_1_41' title="bbox 1874 1059 3470 1137">
     <span class='ocr_line' id='line_1_41' title="bbox 1874 1059 3470 1137; baseline -0.003 -18"><span class='ocrx_word' id='word_1_294' title='bbox 1874 1067 2156 1137; x_wconf 77' lang='lat' dir='ltr'><strong>accipietis.</strong></span> <span class='ocrx_word' id='word_1_295' title='bbox 2184 1065 2406 1118; x_wconf 88' lang='lat' dir='ltr'><strong>Latrant</strong></span> <span class='ocrx_word' id='word_1_296' title='bbox 2430 1074 2616 1117; x_wconf 89' lang='lat' dir='ltr'><strong>contra</strong></span> <span class='ocrx_word' id='word_1_297' title='bbox 2644 1079 2741 1116; x_wconf 92' lang='lat' dir='ltr'><strong>nos</strong></span> <span class='ocrx_word' id='word_1_298' title='bbox 2765 1061 3058 1117; x_wconf 86' lang='lat' dir='ltr'><strong>Gentilium</strong></span> <span class='ocrx_word' id='word_1_299' title='bbox 3088 1075 3253 1116; x_wconf 90' lang='lat' dir='ltr'><strong>canes</strong></span> <span class='ocrx_word' id='word_1_300' title='bbox 3279 1059 3333 1114; x_wconf 93' lang='lat' dir='ltr'><strong>in</strong></span> <span class='ocrx_word' id='word_1_301' title='bbox 3357 1061 3470 1114; x_wconf 91' lang='lat' dir='ltr'><strong>suis</strong></span> 
     </span>
    </p>
   </div>
   <div class='ocr_carea' id='block_1_42' title="bbox 1874 1153 3466 1226">
    <p class='ocr_par' dir='ltr' id='par_1_42' title="bbox 1874 1153 3466 1226">
     <span class='ocr_line' id='line_1_42' title="bbox 1874 1153 3466 1226; baseline -0.004 -12"><span class='ocrx_word' id='word_1_302' title='bbox 1874 1158 2264 1222; x_wconf 73' lang='lat' dir='ltr'><strong>Voluminibus,</strong></span> <span class='ocrx_word' id='word_1_303' title='bbox 2292 1171 2415 1226; x_wconf 71' lang='lat' dir='ltr'><strong>qua:</strong></span> <span class='ocrx_word' id='word_1_304' title='bbox 2452 1157 2503 1210; x_wconf 91' lang='lat' dir='ltr'><strong>in</strong></span> <span class='ocrx_word' id='word_1_305' title='bbox 2538 1155 2839 1225; x_wconf 86' lang='lat' dir='ltr'><strong>impietatis</strong></span> <span class='ocrx_word' id='word_1_306' title='bbox 2878 1153 3108 1224; x_wconf 76' lang='lat' dir='ltr'><strong>propria:</strong></span> <span class='ocrx_word' id='word_1_307' title='bbox 3142 1155 3466 1208; x_wconf 88' lang='lat' dir='ltr'><strong>memoriam</strong></span> 
     </span>
    </p>
   </div>
   <div class='ocr_carea' id='block_1_43' title="bbox 1875 1245 3469 1322">
    <p class='ocr_par' dir='ltr' id='par_1_43' title="bbox 1875 1245 3469 1322">
     <span class='ocr_line' id='line_1_43' title="bbox 1875 1245 3469 1322; baseline -0.006 -14"><span class='ocrx_word' id='word_1_308' title='bbox 1875 1253 2232 1322; x_wconf 86' lang='lat' dir='ltr'><strong>reliquerunt,</strong></span> <span class='ocrx_word' id='word_1_309' title='bbox 2271 1261 2580 1305; x_wconf 82' lang='lat' dir='ltr'><strong>asserentes</strong></span> <span class='ocrx_word' id='word_1_310' title='bbox 2621 1249 2898 1318; x_wconf 85' lang='lat' dir='ltr'><strong>apostolos</strong></span> <span class='ocrx_word' id='word_1_311' title='bbox 2944 1263 3050 1301; x_wconf 89' lang='lat' dir='ltr'><strong>non</strong></span> <span class='ocrx_word' id='word_1_312' title='bbox 3102 1246 3356 1300; x_wconf 77' lang='lat' dir='ltr'><strong>habuisse</strong></span> <span class='ocrx_word' id='word_1_313' title='bbox 3408 1245 3469 1299; x_wconf 88' lang='lat' dir='ltr'><strong>fl-</strong></span> 
     </span>
    </p>
   </div>
   <div class='ocr_carea' id='block_1_44' title="bbox 1877 1335 3468 1414">
    <p class='ocr_par' dir='ltr' id='par_1_44' title="bbox 1877 1335 3468 1414">
     <span class='ocr_line' id='line_1_44' title="bbox 1877 1335 3468 1414; baseline -0.007 -14"><span class='ocrx_word' id='word_1_314' title='bbox 1877 1348 2022 1407; x_wconf 88' lang='lat' dir='ltr'><strong>dem,</strong></span> <span class='ocrx_word' id='word_1_315' title='bbox 2049 1345 2170 1414; x_wconf 88' lang='lat' dir='ltr'><strong>quia</strong></span> <span class='ocrx_word' id='word_1_316' title='bbox 2217 1353 2429 1398; x_wconf 84' lang='lat' dir='ltr'><strong>montes</strong></span> <span class='ocrx_word' id='word_1_317' title='bbox 2461 1341 2754 1396; x_wconf 88' lang='lat' dir='ltr'><strong>transferre</strong></span> <span class='ocrx_word' id='word_1_318' title='bbox 2788 1355 2893 1394; x_wconf 87' lang='lat' dir='ltr'><strong>non</strong></span> <span class='ocrx_word' id='word_1_319' title='bbox 2929 1337 3224 1408; x_wconf 86' lang='lat' dir='ltr'><strong>potuerint.</strong></span> <span class='ocrx_word' id='word_1_320' title='bbox 3261 1335 3468 1403; x_wconf 85' lang='lat' dir='ltr'><strong>Quibus</strong></span> 
     </span>
    </p>
   </div>
   <div class='ocr_carea' id='block_1_45' title="bbox 1875 1428 3472 1504">
    <p class='ocr_par' dir='ltr' id='par_1_45' title="bbox 1875 1428 3472 1504">
     <span class='ocr_line' id='line_1_45' title="bbox 1875 1428 3472 1504; baseline -0.008 -10"><span class='ocrx_word' id='word_1_321' title='bbox 1875 1454 1976 1494; x_wconf 90' lang='lat' dir='ltr'><strong>nos</strong></span> <span class='ocrx_word' id='word_1_322' title='bbox 2012 1437 2488 1504; x_wconf 81' lang='lat' dir='ltr'><strong>respondebimus,</strong></span> <span class='ocrx_word' id='word_1_323' title='bbox 2524 1435 2690 1486; x_wconf 87' lang='lat' dir='ltr'><strong>multa</strong></span> <span class='ocrx_word' id='word_1_324' title='bbox 2722 1431 2862 1487; x_wconf 76' lang='lat' dir='ltr'><strong>facta</strong></span> <span class='ocrx_word' id='word_1_325' title='bbox 2892 1446 3014 1486; x_wconf 87' lang='lat' dir='ltr'><strong>esse</strong></span> <span class='ocrx_word' id='word_1_326' title='bbox 3041 1432 3190 1500; x_wconf 87' lang='lat' dir='ltr'><strong>signa</strong></span> <span class='ocrx_word' id='word_1_327' title='bbox 3223 1444 3251 1483; x_wconf 88' lang='lat' dir='ltr'><strong>a</strong></span> <span class='ocrx_word' id='word_1_328' title='bbox 3284 1428 3472 1482; x_wconf 91' lang='lat' dir='ltr'><strong>Domi-</strong></span> 
     </span>
    </p>
   </div>
   <div class='ocr_carea' id='block_1_46' title="bbox 1877 1524 3470 1602">
    <p class='ocr_par' dir='ltr' id='par_1_46' title="bbox 1877 1524 3470 1602">
     <span class='ocr_line' id='line_1_46' title="bbox 1877 1524 3470 1602; baseline -0.01 -13"><span class='ocrx_word' id='word_1_329' title='bbox 1877 1548 1980 1599; x_wconf 90' lang='lat' dir='ltr'><strong>no,</strong></span> <span class='ocrx_word' id='word_1_330' title='bbox 2027 1532 2180 1602; x_wconf 79' lang='lat' dir='ltr'><strong>juxta</strong></span> <span class='ocrx_word' id='word_1_331' title='bbox 2228 1529 2456 1586; x_wconf 79' lang='lat' dir='ltr'><strong>Joannis</strong></span> <span class='ocrx_word' id='word_1_332' title='bbox 2505 1527 2861 1597; x_wconf 74' lang='lat' dir='ltr'><strong>Evangelisue</strong></span> <span class='ocrx_word' id='word_1_333' title='bbox 2911 1524 3316 1585; x_wconf 90' lang='lat' dir='ltr'><strong>testimonium,</strong></span> <span class='ocrx_word' id='word_1_334' title='bbox 3347 1537 3470 1590; x_wconf 75' lang='lat' dir='ltr'><strong>qum</strong></span> 
     </span>
    </p>
   </div>
   <div class='ocr_carea' id='block_1_47' title="bbox 1877 1615 3462 1696">
    <p class='ocr_par' dir='ltr' id='par_1_47' title="bbox 1877 1615 3462 1696">
     <span class='ocr_line' id='line_1_47' title="bbox 1877 1615 3462 1696; baseline -0.009 -15"><span class='ocrx_word' id='word_1_335' title='bbox 1877 1627 2076 1696; x_wconf 90' lang='lat' dir='ltr'><strong>scripta</strong></span> <span class='ocrx_word' id='word_1_336' title='bbox 2121 1634 2332 1687; x_wconf 90' lang='lat' dir='ltr'><strong>essent,</strong></span> <span class='ocrx_word' id='word_1_337' title='bbox 2361 1623 2592 1678; x_wconf 87' lang='lat' dir='ltr'><strong>mundus</strong></span> <span class='ocrx_word' id='word_1_338' title='bbox 2629 1635 2827 1689; x_wconf 88' lang='lat' dir='ltr'><strong>capere</strong></span> <span class='ocrx_word' id='word_1_339' title='bbox 2874 1633 2979 1673; x_wconf 93' lang='lat' dir='ltr'><strong>non</strong></span> <span class='ocrx_word' id='word_1_340' title='bbox 3011 1627 3196 1689; x_wconf 90' lang='lat' dir='ltr'><strong>posset</strong></span> <span class='ocrx_word' id='word_1_341' title='bbox 3247 1617 3266 1684; x_wconf 93' lang='lat'>(</span> <span class='ocrx_word' id='word_1_342' title='bbox 3299 1615 3462 1669; x_wconf 83' lang='lat' dir='ltr'><strong>Joan.</strong></span> 
     </span>
    </p>
   </div>
   <div class='ocr_carea' id='block_1_48' title="bbox 1882 1713 3465 1788">
    <p class='ocr_par' dir='ltr' id='par_1_48' title="bbox 1882 1713 3465 1788">
     <span class='ocr_line' id='line_1_48' title="bbox 1882 1713 3465 1788; baseline -0.008 -15"><span class='ocrx_word' id='word_1_343' title='bbox 1882 1735 2014 1782; x_wconf 72' lang='lat' dir='ltr'><strong>ut,</strong></span> <span class='ocrx_word' id='word_1_344' title='bbox 2041 1717 2114 1771; x_wconf 66' lang='grc' dir='ltr'><strong>εδ</strong></span> <span class='ocrx_word' id='word_1_345' title='bbox 2141 1716 2182 1788; x_wconf 94' lang='grc'><strong>).</strong></span> <span class='ocrx_word' id='word_1_346' title='bbox 2230 1715 2346 1771; x_wconf 78' lang='lat' dir='ltr'><strong>Non</strong></span> <span class='ocrx_word' id='word_1_347' title='bbox 2386 1731 2493 1786; x_wconf 90' lang='lat' dir='ltr'><strong>quo</strong></span> <span class='ocrx_word' id='word_1_348' title='bbox 2537 1714 2766 1770; x_wconf 85' lang='lat' dir='ltr'><strong>mundus</strong></span> <span class='ocrx_word' id='word_1_349' title='bbox 2809 1713 3082 1768; x_wconf 78' lang='lat' dir='ltr'><strong>volumina</strong></span> <span class='ocrx_word' id='word_1_350' title='bbox 3115 1725 3310 1778; x_wconf 86' lang='lat' dir='ltr'><strong>capere</strong></span> <span class='ocrx_word' id='word_1_351' title='bbox 3359 1723 3465 1762; x_wconf 92' lang='lat' dir='ltr'><strong>non</strong></span> 
     </span>
    </p>
   </div>
   <div class='ocr_carea' id='block_1_49' title="bbox 1878 1805 3465 1883">
    <p class='ocr_par' dir='ltr' id='par_1_49' title="bbox 1878 1805 3465 1883">
     <span class='ocr_line' id='line_1_49' title="bbox 1878 1805 3465 1883; baseline -0.006 -19"><span class='ocrx_word' id='word_1_352' title='bbox 1878 1811 2135 1883; x_wconf 90' lang='lat' dir='ltr'><strong>potuerit,</strong></span> <span class='ocrx_word' id='word_1_353' title='bbox 2161 1826 2280 1880; x_wconf 63' lang='lat' dir='ltr'><strong>quae</strong></span> <span class='ocrx_word' id='word_1_354' title='bbox 2308 1818 2506 1879; x_wconf 87' lang='lat' dir='ltr'><strong>potest,</strong></span> <span class='ocrx_word' id='word_1_355' title='bbox 2529 1807 2778 1878; x_wconf 76' lang='lat' dir='ltr'><strong>quamvis</strong></span> <span class='ocrx_word' id='word_1_356' title='bbox 2800 1805 3120 1877; x_wconf 87' lang='lat' dir='ltr'><strong>multiplicia</strong></span> <span class='ocrx_word' id='word_1_357' title='bbox 3143 1805 3274 1869; x_wconf 91' lang='lat' dir='ltr'><strong>sint,</strong></span> <span class='ocrx_word' id='word_1_358' title='bbox 3302 1816 3465 1857; x_wconf 87' lang='lat' dir='ltr'><strong>unum</strong></span> 
     </span>
    </p>
   </div>
   <div class='ocr_carea' id='block_1_50' title="bbox 1880 1895 3465 1970">
    <p class='ocr_par' dir='ltr' id='par_1_50' title="bbox 1880 1895 3465 1970">
     <span class='ocr_line' id='line_1_50' title="bbox 1880 1895 3465 1970; baseline -0.006 -12"><span class='ocrx_word' id='word_1_359' title='bbox 1880 1904 2233 1958; x_wconf 89' lang='lat' dir='ltr'><strong>armariolum</strong></span> <span class='ocrx_word' id='word_1_360' title='bbox 2255 1945 2270 1968; x_wconf 96' lang='lat'><strong>,</strong></span> <span class='ocrx_word' id='word_1_361' title='bbox 2300 1903 2387 1957; x_wconf 87' lang='lat' dir='ltr'><strong>vel</strong></span> <span class='ocrx_word' id='word_1_362' title='bbox 2419 1918 2584 1956; x_wconf 92' lang='lat' dir='ltr'><strong>unum</strong></span> <span class='ocrx_word' id='word_1_363' title='bbox 2615 1915 2815 1970; x_wconf 88' lang='lat' dir='ltr'><strong>capere</strong></span> <span class='ocrx_word' id='word_1_364' title='bbox 2850 1900 3112 1955; x_wconf 87' lang='lat' dir='ltr'><strong>scrinium</strong></span> <span class='ocrx_word' id='word_1_365' title='bbox 3148 1915 3162 1951; x_wconf 88' lang='lat'><strong>:</strong></span> <span class='ocrx_word' id='word_1_366' title='bbox 3196 1896 3290 1952; x_wconf 89' lang='lat' dir='ltr'><strong>sed</strong></span> <span class='ocrx_word' id='word_1_367' title='bbox 3321 1895 3465 1966; x_wconf 92' lang='lat' dir='ltr'><strong>quod</strong></span> 
     </span>
    </p>
   </div>
   <div class='ocr_carea' id='block_1_51' title="bbox 1881 1993 3471 2067">
    <p class='ocr_par' dir='ltr' id='par_1_51' title="bbox 1881 1993 3471 2067">
     <span class='ocr_line' id='line_1_51' title="bbox 1881 1993 3471 2067; baseline -0.004 -16"><span class='ocrx_word' id='word_1_368' title='bbox 1881 1996 2303 2067; x_wconf 77' lang='lat' dir='ltr'><strong>magnitudinem</strong></span> <span class='ocrx_word' id='word_1_369' title='bbox 2362 1997 2639 2065; x_wconf 89' lang='lat' dir='ltr'><strong>signorum</strong></span> <span class='ocrx_word' id='word_1_370' title='bbox 2685 2009 2795 2064; x_wconf 76' lang='lat' dir='ltr'><strong>pra:</strong></span> <span class='ocrx_word' id='word_1_371' title='bbox 2853 1993 3131 2048; x_wconf 89' lang='lat' dir='ltr'><strong>miraculis</strong></span> <span class='ocrx_word' id='word_1_372' title='bbox 3186 2001 3240 2046; x_wconf 89' lang='lat' dir='ltr'><strong>et</strong></span> <span class='ocrx_word' id='word_1_373' title='bbox 3291 1993 3471 2045; x_wconf 87' lang='lat' dir='ltr'><strong>incre-</strong></span> 
     </span>
    </p>
   </div>
   <div class='ocr_carea' id='block_1_52' title="bbox 1879 2083 3474 2158">
    <p class='ocr_par' dir='ltr' id='par_1_52' title="bbox 1879 2083 3474 2158">
     <span class='ocr_line' id='line_1_52' title="bbox 1879 2083 3474 2158; baseline -0.005 -14"><span class='ocrx_word' id='word_1_374' title='bbox 1879 2089 2108 2144; x_wconf 90' lang='lat' dir='ltr'><strong>dulitate</strong></span> <span class='ocrx_word' id='word_1_375' title='bbox 2159 2088 2304 2144; x_wconf 79' lang='lat' dir='ltr'><strong>ferre</strong></span> <span class='ocrx_word' id='word_1_376' title='bbox 2347 2103 2453 2142; x_wconf 93' lang='lat' dir='ltr'><strong>non</strong></span> <span class='ocrx_word' id='word_1_377' title='bbox 2488 2087 2678 2158; x_wconf 89' lang='lat' dir='ltr'><strong>possit.</strong></span> <span class='ocrx_word' id='word_1_378' title='bbox 2713 2087 2878 2157; x_wconf 89' lang='lat' dir='ltr'><strong>Igitur</strong></span> <span class='ocrx_word' id='word_1_379' title='bbox 2924 2095 2980 2140; x_wconf 91' lang='lat' dir='ltr'><strong>et</strong></span> <span class='ocrx_word' id='word_1_380' title='bbox 3034 2085 3148 2140; x_wconf 52' lang='lat' dir='ltr'><strong>haec</strong></span> <span class='ocrx_word' id='word_1_381' title='bbox 3201 2083 3474 2138; x_wconf 89' lang='lat' dir='ltr'><strong>credimus</strong></span> 
     </span>
    </p>
   </div>
   <div class='ocr_carea' id='block_1_53' title="bbox 1880 2175 3470 2249">
    <p class='ocr_par' dir='ltr' id='par_1_53' title="bbox 1880 2175 3470 2249">
     <span class='ocr_line' id='line_1_53' title="bbox 1880 2175 3470 2249; baseline -0.006 -13"><span class='ocrx_word' id='word_1_382' title='bbox 1880 2181 2078 2236; x_wconf 84' lang='lat' dir='ltr'><strong>fecisse</strong></span> <span class='ocrx_word' id='word_1_383' title='bbox 2105 2180 2386 2249; x_wconf 86' lang='lat' dir='ltr'><strong>apostolos</strong></span> <span class='ocrx_word' id='word_1_384' title='bbox 2409 2222 2422 2242; x_wconf 84' lang='lat'><strong>,</strong></span> <span class='ocrx_word' id='word_1_385' title='bbox 2453 2180 2546 2234; x_wconf 90' lang='lat' dir='ltr'><strong>sed</strong></span> <span class='ocrx_word' id='word_1_386' title='bbox 2579 2179 2700 2233; x_wconf 90' lang='lat' dir='ltr'><strong>ideo</strong></span> <span class='ocrx_word' id='word_1_387' title='bbox 2731 2177 2933 2249; x_wconf 89' lang='lat' dir='ltr'><strong>scripta</strong></span> <span class='ocrx_word' id='word_1_388' title='bbox 2969 2192 3075 2231; x_wconf 91' lang='lat' dir='ltr'><strong>non</strong></span> <span class='ocrx_word' id='word_1_389' title='bbox 3105 2191 3251 2241; x_wconf 88' lang='lat' dir='ltr'><strong>esse,</strong></span> <span class='ocrx_word' id='word_1_390' title='bbox 3288 2191 3354 2229; x_wconf 87' lang='lat' dir='ltr'><strong>ne</strong></span> <span class='ocrx_word' id='word_1_391' title='bbox 3386 2175 3470 2227; x_wconf 83' lang='lat' dir='ltr'><strong>in-</strong></span> 
     </span>
    </p>
   </div>
   <div class='ocr_carea' id='block_1_54' title="bbox 1881 2267 3476 2343">
    <p class='ocr_par' dir='ltr' id='par_1_54' title="bbox 1881 2267 3476 2343">
     <span class='ocr_line' id='line_1_54' title="bbox 1881 2267 3476 2343; baseline -0.009 -13"><span class='ocrx_word' id='word_1_392' title='bbox 1881 2275 2132 2331; x_wconf 85' lang='lat' dir='ltr'><strong>ﬁdelibus</strong></span> <span class='ocrx_word' id='word_1_393' title='bbox 2159 2273 2570 2329; x_wconf 87' lang='lat' dir='ltr'><strong>contradicendi</strong></span> <span class='ocrx_word' id='word_1_394' title='bbox 2599 2272 2774 2343; x_wconf 85' lang='lat' dir='ltr'><strong>major</strong></span> <span class='ocrx_word' id='word_1_395' title='bbox 2803 2272 3024 2326; x_wconf 89' lang='lat' dir='ltr'><strong>daretur</strong></span> <span class='ocrx_word' id='word_1_396' title='bbox 3052 2269 3288 2324; x_wconf 89' lang='lat' dir='ltr'><strong>occasio.</strong></span> <span class='ocrx_word' id='word_1_397' title='bbox 3327 2267 3476 2320; x_wconf 82' lang='lat' dir='ltr'><strong>Alio-</strong></span> 
     </span>
    </p>
   </div>
   <div class='ocr_carea' id='block_1_55' title="bbox 1881 2358 3471 2438">
    <p class='ocr_par' dir='ltr' id='par_1_55' title="bbox 1881 2358 3471 2438">
     <span class='ocr_line' id='line_1_55' title="bbox 1881 2358 3471 2438; baseline -0.006 -17"><span class='ocrx_word' id='word_1_398' title='bbox 1881 2371 2013 2438; x_wconf 87' lang='lat' dir='ltr'><strong>quin</strong></span> <span class='ocrx_word' id='word_1_399' title='bbox 2047 2367 2444 2436; x_wconf 80' lang='lat' dir='ltr'><strong>interrogemus</strong></span> <span class='ocrx_word' id='word_1_400' title='bbox 2489 2381 2604 2430; x_wconf 88' lang='lat' dir='ltr'><strong>eos,</strong></span> <span class='ocrx_word' id='word_1_401' title='bbox 2646 2377 2825 2420; x_wconf 90' lang='lat' dir='ltr'><strong>utrum</strong></span> <span class='ocrx_word' id='word_1_402' title='bbox 2873 2361 3097 2418; x_wconf 86' lang='lat' dir='ltr'><strong>credant</strong></span> <span class='ocrx_word' id='word_1_403' title='bbox 3148 2360 3232 2415; x_wconf 89' lang='lat' dir='ltr'><strong>his</strong></span> <span class='ocrx_word' id='word_1_404' title='bbox 3275 2358 3471 2427; x_wconf 74' lang='lat' dir='ltr'><strong>signis,</strong></span> 
     </span>
    </p>
   </div>
   <div class='ocr_carea' id='block_1_56' title="bbox 1883 2450 3474 2532">
    <p class='ocr_par' dir='ltr' id='par_1_56' title="bbox 1883 2450 3474 2532">
     <span class='ocr_line' id='line_1_56' title="bbox 1883 2450 3474 2532; baseline -0.008 -17"><span class='ocrx_word' id='word_1_405' title='bbox 1883 2476 2004 2532; x_wconf 72' lang='lat' dir='ltr'><strong>qua:</strong></span> <span class='ocrx_word' id='word_1_406' title='bbox 2027 2460 2227 2528; x_wconf 86' lang='lat' dir='ltr'><strong>scripta</strong></span> <span class='ocrx_word' id='word_1_407' title='bbox 2273 2467 2581 2525; x_wconf 88' lang='lat' dir='ltr'><strong>narrantur,</strong></span> <span class='ocrx_word' id='word_1_408' title='bbox 2616 2473 2682 2511; x_wconf 89' lang='lat' dir='ltr'><strong>an</strong></span> <span class='ocrx_word' id='word_1_409' title='bbox 2723 2471 2852 2510; x_wconf 90' lang='lat' dir='ltr'><strong>non.</strong></span> <span class='ocrx_word' id='word_1_410' title='bbox 2900 2455 2962 2509; x_wconf 87' lang='lat' dir='ltr'><strong>Et</strong></span> <span class='ocrx_word' id='word_1_411' title='bbox 3001 2468 3125 2508; x_wconf 92' lang='lat' dir='ltr'><strong>cum</strong></span> <span class='ocrx_word' id='word_1_412' title='bbox 3163 2450 3474 2506; x_wconf 85' lang='lat' dir='ltr'><strong>incredulos</strong></span> 
     </span>
    </p>
   </div>
   <div class='ocr_carea' id='block_1_57' title="bbox 1883 2543 3476 2619">
    <p class='ocr_par' dir='ltr' id='par_1_57' title="bbox 1883 2543 3476 2619">
     <span class='ocr_line' id='line_1_57' title="bbox 1883 2543 3476 2619; baseline -0.006 -13"><span class='ocrx_word' id='word_1_413' title='bbox 1883 2553 2202 2612; x_wconf 85' lang='lat' dir='ltr'><strong>viderimus,</strong></span> <span class='ocrx_word' id='word_1_414' title='bbox 2228 2560 2626 2617; x_wconf 74' lang='lat' dir='ltr'><strong>consequenter</strong></span> <span class='ocrx_word' id='word_1_415' title='bbox 2648 2548 3022 2619; x_wconf 89' lang='lat' dir='ltr'><strong>probabimus,</strong></span> <span class='ocrx_word' id='word_1_416' title='bbox 3046 2560 3145 2600; x_wconf 90' lang='lat' dir='ltr'><strong>nec</strong></span> <span class='ocrx_word' id='word_1_417' title='bbox 3167 2543 3476 2611; x_wconf 88' lang='lat' dir='ltr'><strong>majoribus</strong></span> 
     </span>
    </p>
   </div>
   <div class='ocr_carea' id='block_1_58' title="bbox 1885 2636 3472 2713">
    <p class='ocr_par' dir='ltr' id='par_1_58' title="bbox 1885 2636 3472 2713">
     <span class='ocr_line' id='line_1_58' title="bbox 1885 2636 3472 2713; baseline -0.006 -13"><span class='ocrx_word' id='word_1_418' title='bbox 1885 2660 1978 2700; x_wconf 88' lang='lat' dir='ltr'><strong>eos</strong></span> <span class='ocrx_word' id='word_1_419' title='bbox 2007 2645 2316 2700; x_wconf 89' lang='lat' dir='ltr'><strong>credituros</strong></span> <span class='ocrx_word' id='word_1_420' title='bbox 2339 2644 2632 2713; x_wconf 74' lang='lat' dir='ltr'><strong>fuisse,qui</strong></span> <span class='ocrx_word' id='word_1_421' title='bbox 2658 2642 2962 2697; x_wconf 86' lang='lat' dir='ltr'><strong>minoribus</strong></span> <span class='ocrx_word' id='word_1_422' title='bbox 2986 2656 3093 2695; x_wconf 84' lang='lat' dir='ltr'><strong>non</strong></span> <span class='ocrx_word' id='word_1_423' title='bbox 3117 2636 3472 2693; x_wconf 86' lang='lat' dir='ltr'><strong>crediderint.</strong></span> 
     </span>
    </p>
   </div>
   <div class='ocr_carea' id='block_1_59' title="bbox 1886 2731 3479 2802">
    <p class='ocr_par' dir='ltr' id='par_1_59' title="bbox 1886 2731 3479 2802">
     <span class='ocr_line' id='line_1_59' title="bbox 1886 2731 3479 2802; baseline -0.006 -8"><span class='ocrx_word' id='word_1_424' title='bbox 1886 2741 1999 2796; x_wconf 82' lang='lat' dir='ltr'><strong>Hoc</strong></span> <span class='ocrx_word' id='word_1_425' title='bbox 2028 2740 2318 2795; x_wconf 86' lang='lat' dir='ltr'><strong>adversum</strong></span> <span class='ocrx_word' id='word_1_426' title='bbox 2354 2739 2496 2794; x_wconf 88' lang='lat' dir='ltr'><strong>illos.</strong></span> <span class='ocrx_word' id='word_1_427' title='bbox 2515 2739 2791 2793; x_wconf 73' lang='lat' dir='ltr'><strong>Cancrum</strong></span> <span class='ocrx_word' id='word_1_428' title='bbox 2813 2751 2936 2802; x_wconf 89' lang='lat' dir='ltr'><strong>nos,</strong></span> <span class='ocrx_word' id='word_1_429' title='bbox 2964 2743 3024 2789; x_wconf 90' lang='lat' dir='ltr'><strong>ut</strong></span> <span class='ocrx_word' id='word_1_430' title='bbox 3053 2732 3308 2802; x_wconf 85' lang='lat' dir='ltr'><strong>antejam</strong></span> <span class='ocrx_word' id='word_1_431' title='bbox 3340 2731 3479 2785; x_wconf 78' lang='lat' dir='ltr'><strong>dixi-</strong></span> 
     </span>
    </p>
   </div>
   <div class='ocr_carea' id='block_1_60' title="bbox 1888 2826 3471 2900">
    <p class='ocr_par' dir='ltr' id='par_1_60' title="bbox 1888 2826 3471 2900">
     <span class='ocr_line' id='line_1_60' title="bbox 1888 2826 3471 2900; baseline -0.008 -12"><span class='ocrx_word' id='word_1_432' title='bbox 1888 2851 2028 2895; x_wconf 88' lang='lat' dir='ltr'><strong>mus.</strong></span> <span class='ocrx_word' id='word_1_433' title='bbox 2063 2846 2302 2888; x_wconf 89' lang='lat' dir='ltr'><strong>montem</strong></span> <span class='ocrx_word' id='word_1_434' title='bbox 2328 2832 2607 2888; x_wconf 87' lang='lat' dir='ltr'><strong>diabolum</strong></span> <span class='ocrx_word' id='word_1_435' title='bbox 2645 2831 3012 2900; x_wconf 73' lang='lat' dir='ltr'><strong>intelligamus</strong></span> <span class='ocrx_word' id='word_1_436' title='bbox 3043 2826 3471 2894; x_wconf 85' lang='lat' dir='ltr'><strong>superbientem,</strong></span> 
     </span>
    </p>
   </div>
   <div class='ocr_carea' id='block_1_61' title="bbox 1887 2916 3473 2997">
    <p class='ocr_par' dir='ltr' id='par_1_61' title="bbox 1887 2916 3473 2997">
     <span class='ocr_line' id='line_1_61' title="bbox 1887 2916 3473 2997; baseline -0.01 -14"><span class='ocrx_word' id='word_1_437' title='bbox 1887 2935 1942 2984; x_wconf 89' lang='lat' dir='ltr'><strong>et</strong></span> <span class='ocrx_word' id='word_1_438' title='bbox 1985 2927 2284 2997; x_wconf 76' lang='lat' dir='ltr'><strong>iactantem</strong></span> <span class='ocrx_word' id='word_1_439' title='bbox 2337 2940 2396 2979; x_wconf 88' lang='lat' dir='ltr'><strong>se</strong></span> <span class='ocrx_word' id='word_1_440' title='bbox 2432 2936 2618 2979; x_wconf 90' lang='lat' dir='ltr'><strong>contra</strong></span> <span class='ocrx_word' id='word_1_441' title='bbox 2670 2924 2993 2978; x_wconf 82' lang='lat' dir='ltr'><strong>Creatorem</strong></span> <span class='ocrx_word' id='word_1_442' title='bbox 3031 2935 3212 2982; x_wconf 90' lang='lat' dir='ltr'><strong>suum,</strong></span> <span class='ocrx_word' id='word_1_443' title='bbox 3255 2916 3280 2954; x_wconf 74' lang='grc' dir='ltr'>ά</span> <span class='ocrx_word' id='word_1_444' title='bbox 3312 2916 3398 2985; x_wconf 89' lang='lat' dir='ltr'><strong>qui</strong></span> <span class='ocrx_word' id='word_1_445' title='bbox 3445 2929 3473 2968; x_wconf 91' lang='lat' dir='ltr'><strong>a</strong></span> 
     </span>
    </p>
   </div>
   <div class='ocr_carea' id='block_1_62' title="bbox 1887 3009 3470 3089">
    <p class='ocr_par' dir='ltr' id='par_1_62' title="bbox 1887 3009 3470 3089">
     <span class='ocr_line' id='line_1_62' title="bbox 1887 3009 3470 3089; baseline -0.009 -15"><span class='ocrx_word' id='word_1_446' title='bbox 1887 3019 2154 3089; x_wconf 86' lang='lat' dir='ltr'><strong>propheta</strong></span> <span class='ocrx_word' id='word_1_447' title='bbox 2179 3032 2332 3072; x_wconf 91' lang='lat' dir='ltr'><strong>mons</strong></span> <span class='ocrx_word' id='word_1_448' title='bbox 2356 3026 2646 3084; x_wconf 90' lang='lat' dir='ltr'><strong>corruptus</strong></span> <span class='ocrx_word' id='word_1_449' title='bbox 2669 3015 2990 3085; x_wconf 86' lang='lat' dir='ltr'><strong>appellatur.</strong></span> <span class='ocrx_word' id='word_1_450' title='bbox 3009 3012 3212 3067; x_wconf 86' lang='lat' dir='ltr'><strong>Etcum</strong></span> <span class='ocrx_word' id='word_1_451' title='bbox 3235 3009 3470 3063; x_wconf 85' lang='lat' dir='ltr'><strong>animam</strong></span> 
     </span>
    </p>
   </div>
   <div class='ocr_carea' id='block_1_63' title="bbox 1891 3100 3475 3180">
    <p class='ocr_par' dir='ltr' id='par_1_63' title="bbox 1891 3100 3475 3180">
     <span class='ocr_line' id='line_1_63' title="bbox 1891 3100 3475 3180; baseline -0.008 -15"><span class='ocrx_word' id='word_1_452' title='bbox 1891 3111 2125 3166; x_wconf 89' lang='lat' dir='ltr'><strong>hominis</strong></span> <span class='ocrx_word' id='word_1_453' title='bbox 2176 3109 2505 3180; x_wconf 89' lang='lat' dir='ltr'><strong>possederit,</strong></span> <span class='ocrx_word' id='word_1_454' title='bbox 2553 3120 2607 3162; x_wconf 88' lang='lat' dir='ltr'><strong>et</strong></span> <span class='ocrx_word' id='word_1_455' title='bbox 2653 3108 2704 3160; x_wconf 89' lang='lat' dir='ltr'><strong>in</strong></span> <span class='ocrx_word' id='word_1_456' title='bbox 2746 3123 2806 3160; x_wconf 89' lang='lat' dir='ltr'><strong>ea</strong></span> <span class='ocrx_word' id='word_1_457' title='bbox 2846 3105 3008 3160; x_wconf 88' lang='lat' dir='ltr'><strong>fuerit</strong></span> <span class='ocrx_word' id='word_1_458' title='bbox 3060 3102 3355 3165; x_wconf 86' lang='lat' dir='ltr'><strong>radicatus,</strong></span> <span class='ocrx_word' id='word_1_459' title='bbox 3407 3100 3475 3153; x_wconf 89' lang='lat' dir='ltr'><strong>ab</strong></span> 
     </span>
    </p>
   </div>
   <div class='ocr_carea' id='block_1_64' title="bbox 191 3171 1773 3274">
    <p class='ocr_par' dir='ltr' id='par_1_64' title="bbox 191 3199 1773 3268">
     <span class='ocr_line' id='line_1_64' title="bbox 191 3199 1773 3268; baseline -0.002 -13"><span class='ocrx_word' id='word_1_460' title='bbox 191 3204 324 3256; x_wconf 80' lang='lat' dir='ltr'><strong>venit</strong></span> <span class='ocrx_word' id='word_1_461' title='bbox 353 3203 418 3257; x_wconf 88' lang='lat' dir='ltr'><strong>ad</strong></span> <span class='ocrx_word' id='word_1_462' title='bbox 445 3218 602 3268; x_wconf 89' lang='lat' dir='ltr'><strong>eam,</strong></span> <span class='ocrx_word' id='word_1_463' title='bbox 622 3209 857 3256; x_wconf 84' lang='lat' dir='ltr'><strong>stantem</strong></span> <span class='ocrx_word' id='word_1_464' title='bbox 886 3201 1096 3256; x_wconf 86' lang='lat' dir='ltr'><strong>scilicet</strong></span> <span class='ocrx_word' id='word_1_465' title='bbox 1120 3210 1174 3255; x_wconf 91' lang='lat' dir='ltr'><strong>et</strong></span> <span class='ocrx_word' id='word_1_466' title='bbox 1201 3199 1564 3261; x_wconf 89' lang='lat' dir='ltr'><strong>immobilem,</strong></span> <span class='ocrx_word' id='word_1_467' title='bbox 1589 3206 1642 3252; x_wconf 90' lang='lat' dir='ltr'><strong>et</strong></span> <span class='ocrx_word' id='word_1_468' title='bbox 1672 3212 1773 3252; x_wconf 92' lang='lat' dir='ltr'><strong>non</strong></span> 
     </span>
    </p>
   </div>
   <div class='ocr_carea' id='block_1_65' title="bbox 1887 3171 3476 3274">
    <p class='ocr_par' dir='ltr' id='par_1_65' title="bbox 1887 3199 3476 3274">
     <span class='ocr_line' id='line_1_65' title="bbox 1887 3199 3476 3274; baseline -0.011 -12"><span class='ocrx_word' id='word_1_469' title='bbox 1887 3206 2172 3274; x_wconf 87' lang='lat' dir='ltr'><strong>apostolis,</strong></span> <span class='ocrx_word' id='word_1_470' title='bbox 2199 3212 2254 3259; x_wconf 88' lang='lat' dir='ltr'><strong>et</strong></span> <span class='ocrx_word' id='word_1_471' title='bbox 2274 3205 2358 3256; x_wconf 92' lang='lat' dir='ltr'><strong>his</strong></span> <span class='ocrx_word' id='word_1_472' title='bbox 2380 3203 2472 3269; x_wconf 91' lang='lat' dir='ltr'><strong>qui</strong></span> <span class='ocrx_word' id='word_1_473' title='bbox 2497 3201 2704 3255; x_wconf 88' lang='lat' dir='ltr'><strong>similes</strong></span> <span class='ocrx_word' id='word_1_474' title='bbox 2724 3199 3093 3270; x_wconf 88' lang='lat' dir='ltr'><strong>apostolorum</strong></span> <span class='ocrx_word' id='word_1_475' title='bbox 3125 3205 3272 3261; x_wconf 86' lang='lat' dir='ltr'><strong>sunt,</strong></span> <span class='ocrx_word' id='word_1_476' title='bbox 3298 3203 3476 3249; x_wconf 84' lang='lat' dir='ltr'><strong>trans-</strong></span> 
     </span>
    </p>
   </div>
   <div class='ocr_carea' id='block_1_66' title="bbox 193 3295 1776 3368">
    <p class='ocr_par' dir='ltr' id='par_1_66' title="bbox 193 3295 1776 3368">
     <span class='ocr_line' id='line_1_66' title="bbox 193 3295 1776 3368; baseline -0.004 -19"><span class='ocrx_word' id='word_1_477' title='bbox 193 3295 468 3354; x_wconf 86' lang='lat' dir='ltr'><strong>hahentem</strong></span> <span class='ocrx_word' id='word_1_478' title='bbox 504 3297 797 3368; x_wconf 79' lang='lat' dir='ltr'><strong>Evangelii</strong></span> <span class='ocrx_word' id='word_1_479' title='bbox 829 3296 995 3366; x_wconf 91' lang='lat' dir='ltr'><strong>pedes</strong></span> <span class='ocrx_word' id='word_1_480' title='bbox 1026 3315 1038 3348; x_wconf 94' lang='lat'>:</span> <span class='ocrx_word' id='word_1_481' title='bbox 1081 3296 1323 3365; x_wconf 91' lang='lat' dir='ltr'><strong>nihilque</strong></span> <span class='ocrx_word' id='word_1_482' title='bbox 1365 3295 1575 3350; x_wconf 81' lang='lat' dir='ltr'><strong>invenit</strong></span> <span class='ocrx_word' id='word_1_483' title='bbox 1608 3295 1658 3346; x_wconf 88' lang='lat' dir='ltr'><strong>in</strong></span> <span class='ocrx_word' id='word_1_484' title='bbox 1691 3308 1776 3354; x_wconf 88' lang='lat' dir='ltr'><strong>ea,</strong></span> 
     </span>
    </p>
   </div>
   <div class='ocr_carea' id='block_1_67' title="bbox 194 3385 1777 3459">
    <p class='ocr_par' dir='ltr' id='par_1_67' title="bbox 194 3385 1777 3459">
     <span class='ocr_line' id='line_1_67' title="bbox 194 3385 1777 3459; baseline -0.001 -18"><span class='ocrx_word' id='word_1_485' title='bbox 194 3390 284 3443; x_wconf 91' lang='lat' dir='ltr'><strong>nisi</strong></span> <span class='ocrx_word' id='word_1_486' title='bbox 314 3390 438 3445; x_wconf 87' lang='lat' dir='ltr'><strong>folia</strong></span> <span class='ocrx_word' id='word_1_487' title='bbox 481 3400 725 3453; x_wconf 89' lang='lat' dir='ltr'><strong>tantum,</strong></span> <span class='ocrx_word' id='word_1_488' title='bbox 774 3388 1196 3459; x_wconf 88' lang='lat' dir='ltr'><strong>promissionum</strong></span> <span class='ocrx_word' id='word_1_489' title='bbox 1246 3389 1564 3456; x_wconf 89' lang='lat' dir='ltr'><strong>strepitum,</strong></span> <span class='ocrx_word' id='word_1_490' title='bbox 1607 3385 1777 3440; x_wconf 87' lang='lat' dir='ltr'><strong>tradi-</strong></span> 
     </span>
    </p>
   </div>
   <div class='ocr_carea' id='block_1_68' title="bbox 194 3481 1777 3552">
    <p class='ocr_par' dir='ltr' id='par_1_68' title="bbox 194 3481 1777 3552">
     <span class='ocr_line' id='line_1_68' title="bbox 194 3481 1777 3552; baseline -0.003 -15"><span class='ocrx_word' id='word_1_491' title='bbox 194 3483 356 3540; x_wconf 87' lang='lat' dir='ltr'><strong>tiones</strong></span> <span class='ocrx_word' id='word_1_492' title='bbox 385 3485 770 3546; x_wconf 88' lang='lat' dir='ltr'><strong>Pharisaicas,</strong></span> <span class='ocrx_word' id='word_1_493' title='bbox 815 3493 868 3538; x_wconf 90' lang='lat' dir='ltr'><strong>et</strong></span> <span class='ocrx_word' id='word_1_494' title='bbox 903 3483 1256 3552; x_wconf 77' lang='lat' dir='ltr'><strong>jactationem</strong></span> <span class='ocrx_word' id='word_1_495' title='bbox 1298 3481 1492 3550; x_wconf 89' lang='lat' dir='ltr'><strong>Legis,</strong></span> <span class='ocrx_word' id='word_1_496' title='bbox 1523 3489 1576 3534; x_wconf 91' lang='lat' dir='ltr'><strong>et</strong></span> <span class='ocrx_word' id='word_1_497' title='bbox 1618 3493 1777 3533; x_wconf 90' lang='lat' dir='ltr'><strong>orna-</strong></span> 
     </span>
    </p>
   </div>
   <div class='ocr_carea' id='block_1_69' title="bbox 194 3571 1776 3643">
    <p class='ocr_par' dir='ltr' id='par_1_69' title="bbox 194 3571 1776 3643">
     <span class='ocr_line' id='line_1_69' title="bbox 194 3571 1776 3643; baseline -0.003 -14"><span class='ocrx_word' id='word_1_498' title='bbox 194 3588 360 3630; x_wconf 89' lang='lat' dir='ltr'><strong>menta</strong></span> <span class='ocrx_word' id='word_1_499' title='bbox 402 3577 706 3632; x_wconf 83' lang='lat' dir='ltr'><strong>verborum</strong></span> <span class='ocrx_word' id='word_1_500' title='bbox 755 3575 960 3643; x_wconf 90' lang='lat' dir='ltr'><strong>absque</strong></span> <span class='ocrx_word' id='word_1_501' title='bbox 1012 3573 1138 3626; x_wconf 91' lang='lat' dir='ltr'><strong>ullis</strong></span> <span class='ocrx_word' id='word_1_502' title='bbox 1183 3571 1456 3625; x_wconf 85' lang='lat' dir='ltr'><strong>fructibus</strong></span> <span class='ocrx_word' id='word_1_503' title='bbox 1504 3571 1776 3626; x_wconf 86' lang='lat' dir='ltr'><strong>veritatis.</strong></span> 
     </span>
    </p>
   </div>
   <div class='ocr_carea' id='block_1_70' title="bbox 192 3663 1780 3734">
    <p class='ocr_par' dir='ltr' id='par_1_70' title="bbox 192 3663 1780 3734">
     <span class='ocr_line' id='line_1_70' title="bbox 192 3663 1780 3734; baseline -0.005 -11"><span class='ocrx_word' id='word_1_504' title='bbox 192 3665 336 3724; x_wconf 79' lang='lat' dir='ltr'><strong>Unde</strong></span> <span class='ocrx_word' id='word_1_505' title='bbox 358 3679 410 3722; x_wconf 89' lang='lat' dir='ltr'><strong>et</strong></span> <span class='ocrx_word' id='word_1_506' title='bbox 444 3670 596 3724; x_wconf 88' lang='lat' dir='ltr'><strong>alius</strong></span> <span class='ocrx_word' id='word_1_507' title='bbox 635 3667 968 3734; x_wconf 80' lang='lat' dir='ltr'><strong>evangelista</strong></span> <span class='ocrx_word' id='word_1_508' title='bbox 1005 3664 1138 3719; x_wconf 91' lang='lat' dir='ltr'><strong>dicit</strong></span> <span class='ocrx_word' id='word_1_509' title='bbox 1169 3683 1181 3717; x_wconf 87' lang='lat'>:</span> <span class='ocrx_word' id='word_1_510' title='bbox 1222 3663 1474 3717; x_wconf 84' lang='lat' dir='ltr'><strong>Nondum</strong></span> <span class='ocrx_word' id='word_1_511' title='bbox 1503 3664 1638 3716; x_wconf 88' lang='lat' dir='ltr'><strong>enim</strong></span> <span class='ocrx_word' id='word_1_512' title='bbox 1667 3671 1780 3716; x_wconf 89' lang='lat' dir='ltr'><strong>erat</strong></span> 
     </span>
    </p>
   </div>
   <div class='ocr_carea' id='block_1_71' title="bbox 196 3757 1777 3835">
    <p class='ocr_par' dir='ltr' id='par_1_71' title="bbox 196 3757 1777 3835">
     <span class='ocr_line' id='line_1_71' title="bbox 196 3757 1777 3835; baseline -0.001 -22"><span class='ocrx_word' id='word_1_513' title='bbox 196 3769 376 3829; x_wconf 87' lang='lat' dir='ltr'><strong>tempus</strong></span> <span class='ocrx_word' id='word_1_514' title='bbox 425 3763 446 3835; x_wconf 94' lang='lat'><strong>(</strong></span> <span class='ocrx_word' id='word_1_515' title='bbox 474 3761 633 3817; x_wconf 78' lang='lat' dir='ltr'><strong>Marc</strong></span> <span class='ocrx_word' id='word_1_516' title='bbox 665 3777 718 3816; x_wconf 69' lang='grc' dir='ltr'><strong>ι.</strong></span> <span class='ocrx_word' id='word_1_517' title='bbox 754 3758 894 3831; x_wconf 75' lang='grc'><strong>15);</strong></span> <span class='ocrx_word' id='word_1_518' title='bbox 940 3759 1055 3815; x_wconf 89' lang='lat' dir='ltr'><strong>sive</strong></span> <span class='ocrx_word' id='word_1_519' title='bbox 1092 3759 1236 3830; x_wconf 91' lang='lat' dir='ltr'><strong>quod</strong></span> <span class='ocrx_word' id='word_1_520' title='bbox 1288 3768 1501 3826; x_wconf 89' lang='lat' dir='ltr'><strong>tempus</strong></span> <span class='ocrx_word' id='word_1_521' title='bbox 1539 3757 1777 3811; x_wconf 92' lang='lat' dir='ltr'><strong>nondum</strong></span> 
     </span>
    </p>
   </div>
   <div class='ocr_carea' id='block_1_72' title="bbox 195 3849 1772 3922">
    <p class='ocr_par' dir='ltr' id='par_1_72' title="bbox 195 3849 1772 3922">
     <span class='ocr_line' id='line_1_72' title="bbox 195 3849 1772 3922; baseline -0.004 -14"><span class='ocrx_word' id='word_1_522' title='bbox 195 3865 402 3910; x_wconf 83' lang='lat' dir='ltr'><strong>venerat</strong></span> <span class='ocrx_word' id='word_1_523' title='bbox 419 3854 746 3910; x_wconf 86' lang='lat' dir='ltr'><strong>salvationis</strong></span> <span class='ocrx_word' id='word_1_524' title='bbox 763 3853 948 3917; x_wconf 87' lang='lat' dir='ltr'><strong>Israel,</strong></span> <span class='ocrx_word' id='word_1_525' title='bbox 966 3867 1032 3907; x_wconf 91' lang='lat' dir='ltr'><strong>eo</strong></span> <span class='ocrx_word' id='word_1_526' title='bbox 1051 3850 1193 3922; x_wconf 89' lang='lat' dir='ltr'><strong>quod</strong></span> <span class='ocrx_word' id='word_1_527' title='bbox 1216 3849 1454 3904; x_wconf 88' lang='lat' dir='ltr'><strong>nondum</strong></span> <span class='ocrx_word' id='word_1_528' title='bbox 1475 3849 1772 3903; x_wconf 88' lang='lat' dir='ltr'><strong>Gentilium</strong></span> 
     </span>
    </p>
   </div>
   <div class='ocr_carea' id='block_1_73' title="bbox 197 3941 1775 4017">
    <p class='ocr_par' dir='ltr' id='par_1_73' title="bbox 197 3941 1775 4017">
     <span class='ocr_line' id='line_1_73' title="bbox 197 3941 1775 4017; baseline -0.005 -19"><span class='ocrx_word' id='word_1_529' title='bbox 197 3949 406 4017; x_wconf 79' lang='lat' dir='ltr'><strong>populus</strong></span> <span class='ocrx_word' id='word_1_530' title='bbox 436 3948 834 4009; x_wconf 86' lang='lat' dir='ltr'><strong>subintrasset,</strong></span> <span class='ocrx_word' id='word_1_531' title='bbox 869 3945 982 3999; x_wconf 82' lang='lat' dir='ltr'><strong>sive</strong></span> <span class='ocrx_word' id='word_1_532' title='bbox 1013 3943 1156 4013; x_wconf 91' lang='lat' dir='ltr'><strong>quod</strong></span> <span class='ocrx_word' id='word_1_533' title='bbox 1187 3941 1527 4013; x_wconf 68' lang='lat' dir='ltr'><strong>praeterisset</strong></span> <span class='ocrx_word' id='word_1_534' title='bbox 1558 3951 1775 4008; x_wconf 77' lang='lat' dir='ltr'><strong>tempus</strong></span> 
     </span>
    </p>
   </div>
   <div class='ocr_carea' id='block_1_74' title="bbox 197 4038 1774 4110">
    <p class='ocr_par' dir='ltr' id='par_1_74' title="bbox 197 4038 1774 4110">
     <span class='ocr_line' id='line_1_74' title="bbox 197 4038 1774 4110; baseline -0.004 -17"><span class='ocrx_word' id='word_1_535' title='bbox 197 4040 331 4110; x_wconf 80' lang='lat' dir='ltr'><strong>ﬁdei,</strong></span> <span class='ocrx_word' id='word_1_536' title='bbox 375 4044 499 4109; x_wconf 84' lang='lat' dir='ltr'><strong>quia</strong></span> <span class='ocrx_word' id='word_1_537' title='bbox 551 4041 618 4095; x_wconf 89' lang='lat' dir='ltr'><strong>ad</strong></span> <span class='ocrx_word' id='word_1_538' title='bbox 661 4041 812 4095; x_wconf 88' lang='lat' dir='ltr'><strong>illum</strong></span> <span class='ocrx_word' id='word_1_539' title='bbox 865 4040 1098 4108; x_wconf 88' lang='lat' dir='ltr'><strong>primum</strong></span> <span class='ocrx_word' id='word_1_540' title='bbox 1143 4038 1388 4100; x_wconf 91' lang='lat' dir='ltr'><strong>veniens,</strong></span> <span class='ocrx_word' id='word_1_541' title='bbox 1434 4044 1490 4090; x_wconf 92' lang='lat' dir='ltr'><strong>et</strong></span> <span class='ocrx_word' id='word_1_542' title='bbox 1528 4043 1774 4102; x_wconf 73' lang='lat' dir='ltr'><strong>Spretus,</strong></span> 
     </span>
    </p>
   </div>
   <div class='ocr_carea' id='block_1_75' title="bbox 199 4127 1778 4190">
    <p class='ocr_par' dir='ltr' id='par_1_75' title="bbox 199 4127 1778 4190">
     <span class='ocr_line' id='line_1_75' title="bbox 199 4127 1778 4190; baseline -0.004 -4"><span class='ocrx_word' id='word_1_543' title='bbox 199 4135 463 4190; x_wconf 86' lang='lat' dir='ltr'><strong>transisset</strong></span> <span class='ocrx_word' id='word_1_544' title='bbox 493 4132 570 4188; x_wconf 84' lang='lat' dir='ltr'><strong>ad</strong></span> <span class='ocrx_word' id='word_1_545' title='bbox 605 4132 878 4187; x_wconf 88' lang='lat' dir='ltr'><strong>nationes.</strong></span> <span class='ocrx_word' id='word_1_546' title='bbox 911 4130 976 4184; x_wconf 83' lang='lat' dir='ltr'><strong>Et</strong></span> <span class='ocrx_word' id='word_1_547' title='bbox 1001 4131 1071 4184; x_wconf 90' lang='lat' dir='ltr'><strong>ait</strong></span> <span class='ocrx_word' id='word_1_548' title='bbox 1104 4129 1183 4182; x_wconf 91' lang='lat' dir='ltr'><strong>illi</strong></span> <span class='ocrx_word' id='word_1_549' title='bbox 1213 4144 1232 4182; x_wconf 94' lang='lat'><strong><em>:</em></strong></span> <span class='ocrx_word' id='word_1_550' title='bbox 1271 4127 1571 4186; x_wconf 83' lang='lat' dir='ltr'><strong>Numquam</strong></span> <span class='ocrx_word' id='word_1_551' title='bbox 1622 4143 1686 4180; x_wconf 72' lang='lat' dir='ltr'><strong>ex.</strong></span> <span class='ocrx_word' id='word_1_552' title='bbox 1730 4135 1778 4180; x_wconf 85' lang='lat' dir='ltr'><strong>te</strong></span> 
     </span>
    </p>
   </div>
   <div class='ocr_carea' id='block_1_76' title="bbox 200 4220 1780 4295">
    <p class='ocr_par' dir='ltr' id='par_1_76' title="bbox 200 4220 1780 4295">
     <span class='ocr_line' id='line_1_76' title="bbox 200 4220 1780 4295; baseline -0.004 -16"><span class='ocrx_word' id='word_1_553' title='bbox 200 4227 378 4295; x_wconf 77' lang='lat' dir='ltr'><strong>{ructus</strong></span> <span class='ocrx_word' id='word_1_554' title='bbox 399 4236 674 4293; x_wconf 88' lang='lat' dir='ltr'><strong>nascatur,</strong></span> <span class='ocrx_word' id='word_1_555' title='bbox 699 4225 783 4278; x_wconf 86' lang='lat' dir='ltr'><strong>vel</strong></span> <span class='ocrx_word' id='word_1_556' title='bbox 811 4226 865 4278; x_wconf 90' lang='lat' dir='ltr'><strong>in</strong></span> <span class='ocrx_word' id='word_1_557' title='bbox 895 4224 1282 4290; x_wconf 86' lang='lat' dir='ltr'><strong>sempiternum,</strong></span> <span class='ocrx_word' id='word_1_558' title='bbox 1310 4221 1394 4275; x_wconf 90' lang='lat' dir='ltr'><strong>vel</strong></span> <span class='ocrx_word' id='word_1_559' title='bbox 1421 4223 1471 4274; x_wconf 92' lang='lat' dir='ltr'><strong>in</strong></span> <span class='ocrx_word' id='word_1_560' title='bbox 1489 4220 1735 4274; x_wconf 79' lang='lat' dir='ltr'><strong>staculum</strong></span> <span class='ocrx_word' id='word_1_561' title='bbox 1760 4235 1780 4273; x_wconf 83' lang='lat'><strong>.&#39;</strong></span> 
     </span>
    </p>
   </div>
   <div class='ocr_carea' id='block_1_77' title="bbox 199 4314 1778 4391">
    <p class='ocr_par' dir='ltr' id='par_1_77' title="bbox 199 4314 1778 4391">
     <span class='ocr_line' id='line_1_77' title="bbox 199 4314 1778 4391; baseline -0.004 -19"><span class='ocrx_word' id='word_1_562' title='bbox 199 4327 466 4391; x_wconf 86' lang='lat' dir='ltr'><strong>utrumque</strong></span> <span class='ocrx_word' id='word_1_563' title='bbox 493 4319 650 4377; x_wconf 89' lang='lat' dir='ltr'><strong>enim</strong></span> <span class='ocrx_word' id='word_1_564' title='bbox 681 4321 801 4374; x_wconf 79' lang='grc' dir='ltr'><strong>αἰὼν</strong></span> <span class='ocrx_word' id='word_1_565' title='bbox 820 4317 926 4390; x_wconf 77' lang='grc' dir='ltr'><strong>[ΑΙ.</strong></span> <span class='ocrx_word' id='word_1_566' title='bbox 960 4315 1138 4387; x_wconf 81' lang='grc' dir='ltr'>αἰῶνα]</span> <span class='ocrx_word' id='word_1_567' title='bbox 1161 4315 1382 4370; x_wconf 64' lang='lat' dir='ltr'><strong>Graecus</strong></span> <span class='ocrx_word' id='word_1_568' title='bbox 1405 4330 1588 4370; x_wconf 91' lang='lat' dir='ltr'><strong>sermo</strong></span> <span class='ocrx_word' id='word_1_569' title='bbox 1613 4314 1778 4382; x_wconf 85' lang='lat' dir='ltr'><strong>signi-</strong></span> 
     </span>
    </p>
   </div>
   <div class='ocr_carea' id='block_1_78' title="bbox 201 4411 1774 4482">
    <p class='ocr_par' dir='ltr' id='par_1_78' title="bbox 201 4411 1774 4482">
     <span class='ocr_line' id='line_1_78' title="bbox 201 4411 1774 4482; baseline -0.005 -14"><span class='ocrx_word' id='word_1_570' title='bbox 201 4413 330 4471; x_wconf 86' lang='lat' dir='ltr'><strong>ficat.</strong></span> <span class='ocrx_word' id='word_1_571' title='bbox 357 4417 426 4473; x_wconf 82' lang='lat' dir='ltr'><strong>Et</strong></span> <span class='ocrx_word' id='word_1_572' title='bbox 462 4417 708 4474; x_wconf 79' lang='lat' dir='ltr'><strong>arefacta</strong></span> <span class='ocrx_word' id='word_1_573' title='bbox 739 4425 821 4470; x_wconf 89' lang='lat' dir='ltr'><strong>est</strong></span> <span class='ocrx_word' id='word_1_574' title='bbox 854 4415 1082 4469; x_wconf 83' lang='lat' dir='ltr'><strong>ficulnea</strong></span> <span class='ocrx_word' id='word_1_575' title='bbox 1103 4455 1117 4478; x_wconf 93' lang='lat'><strong>,</strong></span> <span class='ocrx_word' id='word_1_576' title='bbox 1147 4411 1174 4452; x_wconf 74' lang='grc' dir='ltr'><strong>ιι</strong></span> <span class='ocrx_word' id='word_1_577' title='bbox 1202 4427 1324 4482; x_wconf 70' lang='lat' dir='ltr'><strong>qua:</strong></span> <span class='ocrx_word' id='word_1_578' title='bbox 1356 4413 1633 4467; x_wconf 88' lang='lat' dir='ltr'><strong>esuriente</strong></span> <span class='ocrx_word' id='word_1_579' title='bbox 1668 4413 1774 4465; x_wconf 80' lang='lat' dir='ltr'><strong>lto-</strong></span> 
     </span>
    </p>
   </div>
   <div class='ocr_carea' id='block_1_79' title="bbox 204 4502 1773 4578">
    <p class='ocr_par' dir='ltr' id='par_1_79' title="bbox 204 4502 1773 4578">
     <span class='ocr_line' id='line_1_79' title="bbox 204 4502 1773 4578; baseline -0.002 -18"><span class='ocrx_word' id='word_1_580' title='bbox 204 4509 357 4575; x_wconf 88' lang='lat' dir='ltr'><strong>mino,</strong></span> <span class='ocrx_word' id='word_1_581' title='bbox 397 4511 559 4566; x_wconf 88' lang='lat' dir='ltr'><strong>cibos</strong></span> <span class='ocrx_word' id='word_1_582' title='bbox 601 4522 740 4578; x_wconf 91' lang='lat' dir='ltr'><strong>quos</strong></span> <span class='ocrx_word' id='word_1_583' title='bbox 768 4507 858 4562; x_wconf 93' lang='lat' dir='ltr'><strong>ille</strong></span> <span class='ocrx_word' id='word_1_584' title='bbox 899 4506 1168 4574; x_wconf 84' lang='lat' dir='ltr'><strong>cupierat.</strong></span> <span class='ocrx_word' id='word_1_585' title='bbox 1213 4519 1320 4558; x_wconf 91' lang='lat' dir='ltr'><strong>non</strong></span> <span class='ocrx_word' id='word_1_586' title='bbox 1370 4503 1627 4558; x_wconf 87' lang='lat' dir='ltr'><strong>habebat.</strong></span> <span class='ocrx_word' id='word_1_587' title='bbox 1683 4502 1773 4557; x_wconf 91' lang='lat' dir='ltr'><strong>Sic</strong></span> 
     </span>
    </p>
   </div>
   <div class='ocr_carea' id='block_1_80' title="bbox 202 4596 1770 4664">
    <p class='ocr_par' dir='ltr' id='par_1_80' title="bbox 202 4596 1770 4664">
     <span class='ocr_line' id='line_1_80' title="bbox 202 4596 1770 4664; baseline -0.003 -13"><span class='ocrx_word' id='word_1_588' title='bbox 202 4610 362 4656; x_wconf 88' lang='lat' dir='ltr'><strong>autem</strong></span> <span class='ocrx_word' id='word_1_589' title='bbox 391 4609 656 4656; x_wconf 88' lang='lat' dir='ltr'><strong>aruerunt</strong></span> <span class='ocrx_word' id='word_1_590' title='bbox 693 4598 843 4661; x_wconf 86' lang='lat' dir='ltr'><strong>folia,</strong></span> <span class='ocrx_word' id='word_1_591' title='bbox 869 4606 927 4652; x_wconf 92' lang='lat' dir='ltr'><strong>ut</strong></span> <span class='ocrx_word' id='word_1_592' title='bbox 957 4606 1179 4651; x_wconf 86' lang='lat' dir='ltr'><strong>truncus</strong></span> <span class='ocrx_word' id='word_1_593' title='bbox 1211 4596 1327 4664; x_wconf 85' lang='lat' dir='ltr'><strong>ipse</strong></span> <span class='ocrx_word' id='word_1_594' title='bbox 1353 4601 1683 4657; x_wconf 87' lang='lat' dir='ltr'><strong>remaneret,</strong></span> <span class='ocrx_word' id='word_1_595' title='bbox 1715 4602 1770 4648; x_wconf 93' lang='lat' dir='ltr'><strong>et</strong></span> 
     </span>
    </p>
   </div>
   <div class='ocr_carea' id='block_1_81' title="bbox 203 4685 1773 4762">
    <p class='ocr_par' dir='ltr' id='par_1_81' title="bbox 203 4685 1773 4762">
     <span class='ocr_line' id='line_1_81' title="bbox 203 4685 1773 4762; baseline -0.004 -18"><span class='ocrx_word' id='word_1_596' title='bbox 203 4691 369 4748; x_wconf 77' lang='lat' dir='ltr'><strong>fractis</strong></span> <span class='ocrx_word' id='word_1_597' title='bbox 396 4693 589 4756; x_wconf 89' lang='lat' dir='ltr'><strong>ramis,</strong></span> <span class='ocrx_word' id='word_1_598' title='bbox 613 4692 813 4746; x_wconf 90' lang='lat' dir='ltr'><strong>vireret</strong></span> <span class='ocrx_word' id='word_1_599' title='bbox 845 4689 954 4762; x_wconf 79' lang='lat' dir='ltr'><strong>[AL</strong></span> <span class='ocrx_word' id='word_1_600' title='bbox 985 4687 1213 4759; x_wconf 88' lang='lat' dir='ltr'><strong>viveret]</strong></span> <span class='ocrx_word' id='word_1_601' title='bbox 1246 4686 1417 4747; x_wconf 78' lang='lat' dir='ltr'><strong>radis,</strong></span> <span class='ocrx_word' id='word_1_602' title='bbox 1448 4701 1568 4756; x_wconf 66' lang='lat' dir='ltr'><strong>qua:</strong></span> <span class='ocrx_word' id='word_1_603' title='bbox 1597 4685 1650 4740; x_wconf 95' lang='lat' dir='ltr'><strong>in</strong></span> <span class='ocrx_word' id='word_1_604' title='bbox 1675 4698 1773 4739; x_wconf 86' lang='lat' dir='ltr'><strong>no—</strong></span> 
     </span>
    </p>
   </div>
   <div class='ocr_carea' id='block_1_82' title="bbox 203 4777 1775 4852">
    <p class='ocr_par' dir='ltr' id='par_1_82' title="bbox 203 4777 1775 4852">
     <span class='ocr_line' id='line_1_82' title="bbox 203 4777 1775 4852; baseline -0.002 -18"><span class='ocrx_word' id='word_1_605' title='bbox 203 4781 405 4840; x_wconf 85' lang='lat' dir='ltr'><strong>vissimo</strong></span> <span class='ocrx_word' id='word_1_606' title='bbox 452 4796 706 4852; x_wconf 89' lang='lat' dir='ltr'><strong>tempore</strong></span> <span class='ocrx_word' id='word_1_607' title='bbox 735 4782 779 4836; x_wconf 91' lang='lat' dir='ltr'><strong>si</strong></span> <span class='ocrx_word' id='word_1_608' title='bbox 828 4779 1060 4836; x_wconf 89' lang='lat' dir='ltr'><strong>credere</strong></span> <span class='ocrx_word' id='word_1_609' title='bbox 1094 4780 1351 4843; x_wconf 89' lang='lat' dir='ltr'><strong>voluerit,</strong></span> <span class='ocrx_word' id='word_1_610' title='bbox 1382 4779 1612 4846; x_wconf 79' lang='lat' dir='ltr'><strong>virgulta</strong></span> <span class='ocrx_word' id='word_1_611' title='bbox 1647 4777 1775 4831; x_wconf 88' lang='lat' dir='ltr'><strong>fidei</strong></span> 
     </span>
    </p>
   </div>
   <div class='ocr_carea' id='block_1_83' title="bbox 204 4872 1770 4947">
    <p class='ocr_par' dir='ltr' id='par_1_83' title="bbox 204 4872 1770 4947">
     <span class='ocr_line' id='line_1_83' title="bbox 204 4872 1770 4947; baseline -0.001 -20"><span class='ocrx_word' id='word_1_612' title='bbox 204 4876 430 4944; x_wconf 86' lang='lat' dir='ltr'><strong>pullulet,</strong></span> <span class='ocrx_word' id='word_1_613' title='bbox 457 4876 859 4947; x_wconf 77' lang='lat' dir='ltr'><strong>implenturque</strong></span> <span class='ocrx_word' id='word_1_614' title='bbox 881 4874 1187 4946; x_wconf 80' lang='lat' dir='ltr'><strong>Scriptura,</strong></span> <span class='ocrx_word' id='word_1_615' title='bbox 1218 4873 1405 4928; x_wconf 89' lang='lat' dir='ltr'><strong>dicens</strong></span> <span class='ocrx_word' id='word_1_616' title='bbox 1430 4891 1444 4927; x_wconf 90' lang='lat'><strong>:</strong></span> <span class='ocrx_word' id='word_1_617' title='bbox 1473 4872 1568 4925; x_wconf 83' lang='lat' dir='ltr'><strong>Est</strong></span> <span class='ocrx_word' id='word_1_618' title='bbox 1591 4872 1770 4926; x_wconf 86' lang='lat' dir='ltr'><strong>arbori</strong></span> 
     </span>
    </p>
   </div>
   <div class='ocr_carea' id='block_1_84' title="bbox 203 4965 1768 5042">
    <p class='ocr_par' dir='ltr' id='par_1_84' title="bbox 203 4965 1768 5042">
     <span class='ocr_line' id='line_1_84' title="bbox 203 4965 1768 5042; baseline 0 -22"><span class='ocrx_word' id='word_1_619' title='bbox 203 4983 305 5033; x_wconf 82' lang='lat' dir='ltr'><strong>spes</strong></span> <span class='ocrx_word' id='word_1_620' title='bbox 334 4967 467 5042; x_wconf 82' lang='lat' dir='ltr'><strong>[Job</strong></span> <span class='ocrx_word' id='word_1_621' title='bbox 500 4985 612 5034; x_wconf 69' lang='lat' dir='ltr'><strong>xxv,</strong></span> <span class='ocrx_word' id='word_1_622' title='bbox 646 4966 742 5040; x_wconf 88' lang='lat'><strong>7].</strong></span> <span class='ocrx_word' id='word_1_623' title='bbox 783 4967 946 5023; x_wconf 81' lang='lat' dir='ltr'><strong>Juxta</strong></span> <span class='ocrx_word' id='word_1_624' title='bbox 987 4966 1222 5021; x_wconf 87' lang='lat' dir='ltr'><strong>litteram</strong></span> <span class='ocrx_word' id='word_1_625' title='bbox 1271 4974 1448 5020; x_wconf 91' lang='lat' dir='ltr'><strong>autem</strong></span> <span class='ocrx_word' id='word_1_626' title='bbox 1505 4965 1768 5020; x_wconf 89' lang='lat' dir='ltr'><strong>Dominus</strong></span> 
     </span>
    </p>
   </div>
   <div class='ocr_carea' id='block_1_85' title="bbox 208 5057 1772 5131">
    <p class='ocr_par' dir='ltr' id='par_1_85' title="bbox 208 5057 1772 5131">
     <span class='ocr_line' id='line_1_85' title="bbox 208 5057 1772 5131; baseline -0.003 -19"><span class='ocrx_word' id='word_1_627' title='bbox 208 5073 447 5124; x_wconf 84' lang='lat' dir='ltr'><strong>passurus</strong></span> <span class='ocrx_word' id='word_1_628' title='bbox 469 5064 526 5116; x_wconf 91' lang='lat' dir='ltr'><strong>in</strong></span> <span class='ocrx_word' id='word_1_629' title='bbox 545 5059 783 5131; x_wconf 87' lang='lat' dir='ltr'><strong>populis,</strong></span> <span class='ocrx_word' id='word_1_630' title='bbox 801 5069 857 5115; x_wconf 87' lang='lat' dir='ltr'><strong>et</strong></span> <span class='ocrx_word' id='word_1_631' title='bbox 872 5057 1212 5128; x_wconf 86' lang='lat' dir='ltr'><strong>bajulaturus</strong></span> <span class='ocrx_word' id='word_1_632' title='bbox 1225 5057 1546 5112; x_wconf 87' lang='lat' dir='ltr'><strong>scandalum</strong></span> <span class='ocrx_word' id='word_1_633' title='bbox 1568 5058 1744 5112; x_wconf 69' lang='lat' dir='ltr'><strong>crucis</strong></span> <span class='ocrx_word' id='word_1_634' title='bbox 1760 5102 1772 5123; x_wconf 95' lang='lat'><strong>,</strong></span> 
     </span>
    </p>
   </div>
   <div class='ocr_carea' id='block_1_86' title="bbox 205 5149 1771 5224">
    <p class='ocr_par' dir='ltr' id='par_1_86' title="bbox 205 5149 1771 5224">
     <span class='ocr_line' id='line_1_86' title="bbox 205 5149 1771 5224; baseline 0 -21"><span class='ocrx_word' id='word_1_635' title='bbox 205 5149 785 5224; x_wconf 76' lang='lat' dir='ltr'><strong>dt-buitdiscipulorum</strong></span> <span class='ocrx_word' id='word_1_636' title='bbox 813 5153 1025 5206; x_wconf 88' lang='lat' dir='ltr'><strong>animos</strong></span> <span class='ocrx_word' id='word_1_637' title='bbox 1066 5151 1207 5222; x_wconf 85' lang='lat' dir='ltr'><strong>signi</strong></span> <span class='ocrx_word' id='word_1_638' title='bbox 1239 5149 1634 5218; x_wconf 85' lang='lat' dir='ltr'><strong>auticipatione</strong></span> <span class='ocrx_word' id='word_1_639' title='bbox 1682 5151 1771 5203; x_wconf 86' lang='lat' dir='ltr'><strong>lir-</strong></span> 
     </span>
    </p>
   </div>
   <div class='ocr_carea' id='block_1_87' title="bbox 208 5241 1775 5310">
    <p class='ocr_par' dir='ltr' id='par_1_87' title="bbox 208 5241 1775 5310">
     <span class='ocr_line' id='line_1_87' title="bbox 208 5241 1775 5310; baseline 0.001 -14"><span class='ocrx_word' id='word_1_640' title='bbox 208 5259 357 5300; x_wconf 84' lang='lat' dir='ltr'><strong>mare.</strong></span> <span class='ocrx_word' id='word_1_641' title='bbox 389 5247 541 5304; x_wconf 86' lang='lat' dir='ltr'><strong>Unde</strong></span> <span class='ocrx_word' id='word_1_642' title='bbox 571 5255 627 5302; x_wconf 91' lang='lat' dir='ltr'><strong>et</strong></span> <span class='ocrx_word' id='word_1_643' title='bbox 669 5245 922 5310; x_wconf 87' lang='lat' dir='ltr'><strong>discipuli</strong></span> <span class='ocrx_word' id='word_1_644' title='bbox 955 5245 1240 5308; x_wconf 87' lang='lat' dir='ltr'><strong>mirantur,</strong></span> <span class='ocrx_word' id='word_1_645' title='bbox 1287 5243 1532 5298; x_wconf 83' lang='lat' dir='ltr'><strong>dicentes</strong></span> <span class='ocrx_word' id='word_1_646' title='bbox 1568 5259 1582 5297; x_wconf 91' lang='lat'><strong>:</strong></span> <span class='ocrx_word' id='word_1_647' title='bbox 1630 5241 1775 5308; x_wconf 83' lang='lat' dir='ltr'><strong>Quo-</strong></span> 
     </span>
    </p>
   </div>
   <div class='ocr_carea' id='block_1_88' title="bbox 209 5336 1779 5410">
    <p class='ocr_par' dir='ltr' id='par_1_88' title="bbox 209 5336 1779 5410">
     <span class='ocr_line' id='line_1_88' title="bbox 209 5336 1779 5410; baseline 0.001 -22"><span class='ocrx_word' id='word_1_648' title='bbox 209 5338 344 5392; x_wconf 87' lang='lat' dir='ltr'><strong>modo</strong></span> <span class='ocrx_word' id='word_1_649' title='bbox 391 5341 636 5395; x_wconf 88' lang='lat' dir='ltr'><strong>continuo</strong></span> <span class='ocrx_word' id='word_1_650' title='bbox 668 5339 846 5394; x_wconf 88' lang='lat' dir='ltr'><strong>aruit?</strong></span> <span class='ocrx_word' id='word_1_651' title='bbox 902 5338 1062 5410; x_wconf 73' lang='lat'><strong>168</strong></span> <span class='ocrx_word' id='word_1_652' title='bbox 1110 5337 1292 5393; x_wconf 88' lang='lat' dir='ltr'><strong>Potuit</strong></span> <span class='ocrx_word' id='word_1_653' title='bbox 1341 5351 1476 5406; x_wconf 90' lang='lat' dir='ltr'><strong>ergo</strong></span> <span class='ocrx_word' id='word_1_654' title='bbox 1522 5336 1779 5392; x_wconf 84' lang='lat' dir='ltr'><strong>Salvator</strong></span> 
     </span>
    </p>
   </div>
   <div class='ocr_carea' id='block_1_89' title="bbox 278 5514 1771 5586">
    <p class='ocr_par' dir='ltr' id='par_1_89' title="bbox 278 5514 1771 5586">
     <span class='ocr_line' id='line_1_89' title="bbox 278 5514 1771 5586; baseline -0.005 -11"><span class='ocrx_word' id='word_1_655' title='bbox 278 5532 298 5555; x_wconf 79' lang='lat'><em>&quot;</em></span> <span class='ocrx_word' id='word_1_656' title='bbox 325 5520 516 5576; x_wconf 87' lang='lat' dir='ltr'><strong>Confer</strong></span> <span class='ocrx_word' id='word_1_657' title='bbox 538 5520 953 5586; x_wconf 85' lang='lat' dir='ltr'><strong>Adamantium,</strong></span> <span class='ocrx_word' id='word_1_658' title='bbox 983 5519 1124 5573; x_wconf 88' lang='lat' dir='ltr'><strong>hanc</strong></span> <span class='ocrx_word' id='word_1_659' title='bbox 1149 5519 1218 5573; x_wconf 88' lang='lat' dir='ltr'><strong>de</strong></span> <span class='ocrx_word' id='word_1_660' title='bbox 1261 5517 1426 5571; x_wconf 88' lang='lat' dir='ltr'><strong>sterili</strong></span> <span class='ocrx_word' id='word_1_661' title='bbox 1460 5514 1771 5570; x_wconf 81' lang='lat' dir='ltr'><strong>Jutcdormn</strong></span> 
     </span>
    </p>
   </div>
   <div class='ocr_carea' id='block_1_90' title="bbox 214 5589 1447 5663">
    <p class='ocr_par' dir='ltr' id='par_1_90' title="bbox 214 5589 1447 5663">
     <span class='ocr_line' id='line_1_90' title="bbox 214 5589 1447 5663; baseline -0.002 -20"><span class='ocrx_word' id='word_1_662' title='bbox 214 5589 470 5663; x_wconf 76' lang='lat' dir='ltr'><strong>Synagoga</strong></span> <span class='ocrx_word' id='word_1_663' title='bbox 501 5594 732 5663; x_wconf 77' lang='lat' dir='ltr'><strong>figuram</strong></span> <span class='ocrx_word' id='word_1_664' title='bbox 760 5591 1011 5661; x_wconf 88' lang='lat' dir='ltr'><strong>pluribus</strong></span> <span class='ocrx_word' id='word_1_665' title='bbox 1035 5590 1447 5645; x_wconf 76' lang='lat' dir='ltr'><strong>edisserentem.</strong></span> 
     </span>
    </p>
   </div>
   <div class='ocr_carea' id='block_1_91' title="bbox 274 5662 1326 5734">
    <p class='ocr_par' dir='ltr' id='par_1_91' title="bbox 274 5662 1326 5734">
     <span class='ocr_line' id='line_1_91' title="bbox 274 5662 1326 5734; baseline 0 -18"><span class='ocrx_word' id='word_1_666' title='bbox 274 5663 297 5700; x_wconf 67' lang='grc' dir='ltr'>δ</span> <span class='ocrx_word' id='word_1_667' title='bbox 322 5662 450 5734; x_wconf 53' lang='lat' dir='ltr'><strong>Tres-</strong></span> <span class='ocrx_word' id='word_1_668' title='bbox 481 5662 717 5718; x_wconf 74' lang='lat' dir='ltr'><strong>Pilatini</strong></span> <span class='ocrx_word' id='word_1_669' title='bbox 748 5677 879 5734; x_wconf 63' lang='lat' dir='ltr'><strong>mss.</strong></span> <span class='ocrx_word' id='word_1_670' title='bbox 913 5663 1037 5734; x_wconf 83' lang='lat' dir='ltr'><strong>quia</strong></span> <span class='ocrx_word' id='word_1_671' title='bbox 1068 5677 1164 5731; x_wconf 89' lang='lat' dir='ltr'><strong>pro</strong></span> <span class='ocrx_word' id='word_1_672' title='bbox 1192 5679 1326 5734; x_wconf 80' lang='lat' dir='ltr'><strong>qntr.</strong></span> 
     </span>
    </p>
   </div>
   <div class='ocr_carea' id='block_1_92' title="bbox 277 5731 1202 5806">
    <p class='ocr_par' dir='ltr' id='par_1_92' title="bbox 277 5731 1202 5806">
     <span class='ocr_line' id='line_1_92' title="bbox 277 5731 1202 5806; baseline 0.002 -20"><span class='ocrx_word' id='word_1_673' title='bbox 277 5745 297 5806; x_wconf 63' lang='grc' dir='ltr'>ς</span> <span class='ocrx_word' id='word_1_674' title='bbox 327 5732 381 5806; x_wconf 79' lang='lat' dir='ltr'><strong>lu</strong></span> <span class='ocrx_word' id='word_1_675' title='bbox 401 5735 606 5806; x_wconf 88' lang='lat' dir='ltr'><strong>aliquot</strong></span> <span class='ocrx_word' id='word_1_676' title='bbox 629 5749 808 5806; x_wconf 80' lang='lat' dir='ltr'><strong>mss.,_</strong></span> <span class='ocrx_word' id='word_1_677' title='bbox 822 5731 969 5787; x_wconf 86' lang='lat' dir='ltr'><strong>Tolle</strong></span> <span class='ocrx_word' id='word_1_678' title='bbox 991 5743 1059 5797; x_wconf 91' lang='lat' dir='ltr'><strong>te,</strong></span> <span class='ocrx_word' id='word_1_679' title='bbox 1091 5742 1202 5788; x_wconf 89' lang='lat' dir='ltr'><strong>etc.</strong></span> 
     </span>
    </p>
   </div>
   <div class='ocr_carea' id='block_1_93' title="bbox 275 5802 1766 5878">
    <p class='ocr_par' dir='ltr' id='par_1_93' title="bbox 275 5802 1766 5878">
     <span class='ocr_line' id='line_1_93' title="bbox 275 5802 1766 5878; baseline -0.005 -17"><span class='ocrx_word' id='word_1_680' title='bbox 275 5802 299 5839; x_wconf 64' lang='grc' dir='ltr'><em>δ</em></span> <span class='ocrx_word' id='word_1_681' title='bbox 331 5802 597 5865; x_wconf 68' lang='lat' dir='ltr'><strong>Victorius</strong></span> <span class='ocrx_word' id='word_1_682' title='bbox 643 5805 742 5873; x_wconf 87' lang='lat' dir='ltr'><strong>ait,</strong></span> <span class='ocrx_word' id='word_1_683' title='bbox 783 5803 1035 5861; x_wconf 77' lang='lat' dir='ltr'><strong>Jeremise</strong></span> <span class='ocrx_word' id='word_1_684' title='bbox 1063 5820 1180 5866; x_wconf 73' lang='lat' dir='ltr'><strong>XLI.</strong></span> <span class='ocrx_word' id='word_1_685' title='bbox 1233 5802 1350 5868; x_wconf 71' lang='grc' dir='ltr'><strong>ὅσης</strong></span> <span class='ocrx_word' id='word_1_686' title='bbox 1402 5803 1766 5878; x_wconf 67' lang='grc' dir='ltr'><strong>διεφθαρμένον</strong></span> 
     </span>
    </p>
   </div>
   <div class='ocr_carea' id='block_1_94' title="bbox 1887 3290 3473 3368">
    <p class='ocr_par' dir='ltr' id='par_1_94' title="bbox 1887 3290 3473 3368">
     <span class='ocr_line' id='line_1_94' title="bbox 1887 3290 3473 3368; baseline -0.01 -13"><span class='ocrx_word' id='word_1_687' title='bbox 1887 3301 2016 3356; x_wconf 88' lang='lat' dir='ltr'><strong>ferri</strong></span> <span class='ocrx_word' id='word_1_688' title='bbox 2049 3307 2225 3368; x_wconf 89' lang='lat' dir='ltr'><strong>potest</strong></span> <span class='ocrx_word' id='word_1_689' title='bbox 2251 3299 2304 3353; x_wconf 93' lang='lat' dir='ltr'><strong>in</strong></span> <span class='ocrx_word' id='word_1_690' title='bbox 2338 3311 2517 3361; x_wconf 90' lang='lat' dir='ltr'><strong>mare,</strong></span> <span class='ocrx_word' id='word_1_691' title='bbox 2555 3296 2659 3350; x_wconf 92' lang='lat' dir='ltr'><strong>hoc</strong></span> <span class='ocrx_word' id='word_1_692' title='bbox 2703 3305 2816 3356; x_wconf 79' lang='lat' dir='ltr'><strong>est,</strong></span> <span class='ocrx_word' id='word_1_693' title='bbox 2844 3295 2896 3347; x_wconf 92' lang='lat' dir='ltr'><strong>in</strong></span> <span class='ocrx_word' id='word_1_694' title='bbox 2932 3293 3050 3347; x_wconf 88' lang='lat' dir='ltr'><strong>loca</strong></span> <span class='ocrx_word' id='word_1_695' title='bbox 3091 3293 3254 3355; x_wconf 87' lang='lat' dir='ltr'><strong>salsa,</strong></span> <span class='ocrx_word' id='word_1_696' title='bbox 3297 3299 3348 3343; x_wconf 91' lang='lat' dir='ltr'><strong>et</strong></span> <span class='ocrx_word' id='word_1_697' title='bbox 3375 3290 3473 3341; x_wconf 83' lang='lat' dir='ltr'><strong>litt—</strong></span> 
     </span>
    </p>
   </div>
   <div class='ocr_carea' id='block_1_95' title="bbox 1884 3380 3472 3454">
    <p class='ocr_par' dir='ltr' id='par_1_95' title="bbox 1884 3380 3472 3454">
     <span class='ocr_line' id='line_1_95' title="bbox 1884 3380 3472 3454; baseline -0.01 -7"><span class='ocrx_word' id='word_1_698' title='bbox 1884 3393 2145 3454; x_wconf 88' lang='lat' dir='ltr'><strong>ctuantia,</strong></span> <span class='ocrx_word' id='word_1_699' title='bbox 2175 3399 2229 3443; x_wconf 88' lang='lat' dir='ltr'><strong>et</strong></span> <span class='ocrx_word' id='word_1_700' title='bbox 2256 3403 2464 3454; x_wconf 88' lang='lat' dir='ltr'><strong>amara,</strong></span> <span class='ocrx_word' id='word_1_701' title='bbox 2493 3403 2614 3454; x_wconf 68' lang='lat' dir='ltr'><strong>qua:</strong></span> <span class='ocrx_word' id='word_1_702' title='bbox 2647 3385 2847 3440; x_wconf 90' lang='lat' dir='ltr'><strong>nullam</strong></span> <span class='ocrx_word' id='word_1_703' title='bbox 2888 3384 3089 3438; x_wconf 84' lang='lat' dir='ltr'><strong>habent</strong></span> <span class='ocrx_word' id='word_1_704' title='bbox 3132 3380 3472 3434; x_wconf 82' lang='lat' dir='ltr'><strong>dulcedinem</strong></span> 
     </span>
    </p>
   </div>
   <div class='ocr_carea' id='block_1_96' title="bbox 1887 3473 3477 3552">
    <p class='ocr_par' dir='ltr' id='par_1_96' title="bbox 1887 3473 3477 3552">
     <span class='ocr_line' id='line_1_96' title="bbox 1887 3473 3477 3552; baseline -0.011 -12"><span class='ocrx_word' id='word_1_705' title='bbox 1887 3485 2006 3540; x_wconf 90' lang='lat' dir='ltr'><strong>Dei.</strong></span> <span class='ocrx_word' id='word_1_706' title='bbox 2041 3495 2064 3522; x_wconf 78' lang='grc' dir='ltr'>θ</span> <span class='ocrx_word' id='word_1_707' title='bbox 2095 3483 2330 3552; x_wconf 75' lang='lat' dir='ltr'><strong>ldipsum</strong></span> <span class='ocrx_word' id='word_1_708' title='bbox 2356 3491 2408 3536; x_wconf 90' lang='lat' dir='ltr'><strong>et</strong></span> <span class='ocrx_word' id='word_1_709' title='bbox 2433 3483 2484 3535; x_wconf 93' lang='lat' dir='ltr'><strong>in</strong></span> <span class='ocrx_word' id='word_1_710' title='bbox 2510 3479 2738 3535; x_wconf 87' lang='lat' dir='ltr'><strong>Psalmis</strong></span> <span class='ocrx_word' id='word_1_711' title='bbox 2769 3478 3004 3547; x_wconf 84' lang='lat' dir='ltr'><strong>legitur:</strong></span> <span class='ocrx_word' id='word_1_712' title='bbox 3045 3473 3163 3528; x_wconf 90' lang='lat' dir='ltr'><strong>Non</strong></span> <span class='ocrx_word' id='word_1_713' title='bbox 3188 3473 3477 3527; x_wconf 79' lang='lat' dir='ltr'><strong>timebimus</strong></span> 
     </span>
    </p>
   </div>
   <div class='ocr_carea' id='block_1_97' title="bbox 1884 3568 3475 3642">
    <p class='ocr_par' dir='ltr' id='par_1_97' title="bbox 1884 3568 3475 3642">
     <span class='ocr_line' id='line_1_97' title="bbox 1884 3568 3475 3642; baseline -0.009 -10"><span class='ocrx_word' id='word_1_714' title='bbox 1884 3579 2006 3632; x_wconf 87' lang='lat' dir='ltr'><strong>dum</strong></span> <span class='ocrx_word' id='word_1_715' title='bbox 2041 3576 2330 3631; x_wconf 86' lang='lat' dir='ltr'><strong>turbabitur</strong></span> <span class='ocrx_word' id='word_1_716' title='bbox 2364 3586 2522 3641; x_wconf 85' lang='lat' dir='ltr'><strong>terra,</strong></span> <span class='ocrx_word' id='word_1_717' title='bbox 2566 3583 2613 3629; x_wconf 90' lang='lat' dir='ltr'><strong>et</strong></span> <span class='ocrx_word' id='word_1_718' title='bbox 2641 3571 3018 3642; x_wconf 73' lang='lat' dir='ltr'><strong>transferentur</strong></span> <span class='ocrx_word' id='word_1_719' title='bbox 3048 3577 3243 3622; x_wconf 84' lang='lat' dir='ltr'><strong>montes</strong></span> <span class='ocrx_word' id='word_1_720' title='bbox 3291 3568 3341 3619; x_wconf 89' lang='lat' dir='ltr'><strong>in</strong></span> <span class='ocrx_word' id='word_1_721' title='bbox 3387 3582 3475 3618; x_wconf 75' lang='lat' dir='ltr'><strong>cor</strong></span> 
     </span>
    </p>
   </div>
   <div class='ocr_carea' id='block_1_98' title="bbox 1884 3666 2450 3738">
    <p class='ocr_par' dir='ltr' id='par_1_98' title="bbox 1884 3666 2450 3738">
     <span class='ocr_line' id='line_1_98' title="bbox 1884 3666 2450 3738; baseline -0.005 -14"><span class='ocrx_word' id='word_1_722' title='bbox 1884 3673 2041 3724; x_wconf 86' lang='lat' dir='ltr'><strong>maris</strong></span> <span class='ocrx_word' id='word_1_723' title='bbox 2065 3668 2182 3738; x_wconf 86' lang='lat' dir='ltr'><strong>(Ps.</strong></span> <span class='ocrx_word' id='word_1_724' title='bbox 2216 3684 2346 3731; x_wconf 76' lang='lat' dir='ltr'><strong>XLV,</strong></span> <span class='ocrx_word' id='word_1_725' title='bbox 2371 3666 2450 3738; x_wconf 77' lang='grc'><strong>2).</strong></span> 
     </span>
    </p>
   </div>
   <div class='ocr_carea' id='block_1_99' title="bbox 1955 3756 3475 3832">
    <p class='ocr_par' dir='ltr' id='par_1_99' title="bbox 1955 3756 3475 3832">
     <span class='ocr_line' id='line_1_99' title="bbox 1955 3756 3475 3832; baseline -0.007 -19"><span class='ocrx_word' id='word_1_726' title='bbox 1955 3764 2134 3832; x_wconf 81' lang='lat' dir='ltr'><strong>(Vers.</strong></span> <span class='ocrx_word' id='word_1_727' title='bbox 2159 3763 2278 3830; x_wconf 76' lang='lat'><strong>25.)</strong></span> <span class='ocrx_word' id='word_1_728' title='bbox 2301 3759 2370 3813; x_wconf 80' lang='lat' dir='ltr'><strong>Et</strong></span> <span class='ocrx_word' id='word_1_729' title='bbox 2393 3776 2508 3812; x_wconf 85' lang='lat' dir='ltr'><strong>cum</strong></span> <span class='ocrx_word' id='word_1_730' title='bbox 2533 3760 2753 3814; x_wconf 73' lang='lat' dir='ltr'><strong>venisset</strong></span> <span class='ocrx_word' id='word_1_731' title='bbox 2779 3758 2834 3810; x_wconf 89' lang='lat' dir='ltr'><strong>in</strong></span> <span class='ocrx_word' id='word_1_732' title='bbox 2856 3756 3124 3828; x_wconf 82' lang='lat' dir='ltr'><strong>templum,</strong></span> <span class='ocrx_word' id='word_1_733' title='bbox 3148 3762 3475 3807; x_wconf 81' lang='lat' dir='ltr'><strong>accesserunt</strong></span> 
     </span>
    </p>
   </div>
   <div class='ocr_carea' id='block_1_100' title="bbox 1883 3844 3476 3920">
    <p class='ocr_par' dir='ltr' id='par_1_100' title="bbox 1883 3844 3476 3920">
     <span class='ocr_line' id='line_1_100' title="bbox 1883 3844 3476 3920; baseline -0.009 -11"><span class='ocrx_word' id='word_1_734' title='bbox 1883 3855 1954 3909; x_wconf 91' lang='lat' dir='ltr'><strong>ad</strong></span> <span class='ocrx_word' id='word_1_735' title='bbox 1998 3871 2112 3908; x_wconf 86' lang='lat' dir='ltr'><strong>eum</strong></span> <span class='ocrx_word' id='word_1_736' title='bbox 2162 3855 2427 3907; x_wconf 87' lang='lat' dir='ltr'><strong>docentem</strong></span> <span class='ocrx_word' id='word_1_737' title='bbox 2484 3852 2743 3920; x_wconf 80' lang='lat' dir='ltr'><strong>principes</strong></span> <span class='ocrx_word' id='word_1_738' title='bbox 2782 3848 3112 3902; x_wconf 82' lang='lat' dir='ltr'><strong>sacerdotum</strong></span> <span class='ocrx_word' id='word_1_739' title='bbox 3164 3854 3209 3899; x_wconf 87' lang='lat' dir='ltr'><strong>et</strong></span> <span class='ocrx_word' id='word_1_740' title='bbox 3251 3844 3476 3897; x_wconf 81' lang='lat' dir='ltr'><strong>seniores</strong></span> 
     </span>
    </p>
   </div>
   <div class='ocr_carea' id='block_1_101' title="bbox 1883 3933 3475 4018">
    <p class='ocr_par' dir='ltr' id='par_1_101' title="bbox 1883 3933 3475 4018">
     <span class='ocr_line' id='line_1_101' title="bbox 1883 3933 3475 4018; baseline -0.01 -17"><span class='ocrx_word' id='word_1_741' title='bbox 1883 3946 2086 4018; x_wconf 86' lang='lat' dir='ltr'><strong>papuli,</strong></span> <span class='ocrx_word' id='word_1_742' title='bbox 2115 3946 2339 3998; x_wconf 88' lang='lat' dir='ltr'><strong>dicentes</strong></span> <span class='ocrx_word' id='word_1_743' title='bbox 2369 3959 2388 3998; x_wconf 91' lang='lat'><strong><em>:</em></strong></span> <span class='ocrx_word' id='word_1_744' title='bbox 2418 3941 2483 3996; x_wconf 91' lang='lat' dir='ltr'><strong>In</strong></span> <span class='ocrx_word' id='word_1_745' title='bbox 2513 3960 2614 4012; x_wconf 82' lang='lat' dir='ltr'><strong>qua</strong></span> <span class='ocrx_word' id='word_1_746' title='bbox 2646 3950 2893 4006; x_wconf 84' lang='lat' dir='ltr'><strong>potestate</strong></span> <span class='ocrx_word' id='word_1_747' title='bbox 2923 3939 3030 3991; x_wconf 72' lang='lat' dir='ltr'><strong>luet:</strong></span> <span class='ocrx_word' id='word_1_748' title='bbox 3065 3936 3232 4008; x_wconf 80' lang='lat' dir='ltr'><strong>facis?</strong></span> <span class='ocrx_word' id='word_1_749' title='bbox 3261 3933 3328 3988; x_wconf 84' lang='lat' dir='ltr'><strong>Et</strong></span> <span class='ocrx_word' id='word_1_750' title='bbox 3359 3934 3475 4002; x_wconf 85' lang='lat' dir='ltr'><strong>quis</strong></span> 
     </span>
    </p>
   </div>
   <div class='ocr_carea' id='block_1_102' title="bbox 1883 4025 3470 4102">
    <p class='ocr_par' dir='ltr' id='par_1_102' title="bbox 1883 4025 3470 4102">
     <span class='ocr_line' id='line_1_102' title="bbox 1883 4025 3470 4102; baseline -0.008 -13"><span class='ocrx_word' id='word_1_751' title='bbox 1883 4038 1977 4091; x_wconf 89' lang='lat' dir='ltr'><strong>tibi</strong></span> <span class='ocrx_word' id='word_1_752' title='bbox 2009 4036 2147 4090; x_wconf 84' lang='lat' dir='ltr'><strong>dedit</strong></span> <span class='ocrx_word' id='word_1_753' title='bbox 2177 4034 2311 4088; x_wconf 83' lang='lat' dir='ltr'><strong>hanc</strong></span> <span class='ocrx_word' id='word_1_754' title='bbox 2353 4033 2701 4102; x_wconf 87' lang='lat' dir='ltr'><strong>potestatem?</strong></span> <span class='ocrx_word' id='word_1_755' title='bbox 2735 4029 2971 4085; x_wconf 82' lang='lat' dir='ltr'><strong>Diversis</strong></span> <span class='ocrx_word' id='word_1_756' title='bbox 3006 4029 3185 4082; x_wconf 89' lang='lat' dir='ltr'><strong>verbis</strong></span> <span class='ocrx_word' id='word_1_757' title='bbox 3223 4025 3470 4079; x_wconf 84' lang='lat' dir='ltr'><strong>eamdem</strong></span> 
     </span>
    </p>
   </div>
   <div class='ocr_carea' id='block_1_103' title="bbox 1883 4116 3476 4196">
    <p class='ocr_par' dir='ltr' id='par_1_103' title="bbox 1883 4116 3476 4196">
     <span class='ocr_line' id='line_1_103' title="bbox 1883 4116 3476 4196; baseline -0.008 -16"><span class='ocrx_word' id='word_1_758' title='bbox 1883 4143 2041 4196; x_wconf 88' lang='lat' dir='ltr'><strong>quam</strong></span> <span class='ocrx_word' id='word_1_759' title='bbox 2071 4141 2231 4194; x_wconf 89' lang='lat' dir='ltr'><strong>supra</strong></span> <span class='ocrx_word' id='word_1_760' title='bbox 2255 4125 2582 4180; x_wconf 87' lang='lat' dir='ltr'><strong>calumniam</strong></span> <span class='ocrx_word' id='word_1_761' title='bbox 2615 4130 2852 4185; x_wconf 88' lang='lat' dir='ltr'><strong>struunt,</strong></span> <span class='ocrx_word' id='word_1_762' title='bbox 2881 4120 3098 4186; x_wconf 88' lang='lat' dir='ltr'><strong>quando</strong></span> <span class='ocrx_word' id='word_1_763' title='bbox 3135 4117 3295 4189; x_wconf 71' lang='lat'><strong>169</strong></span> <span class='ocrx_word' id='word_1_764' title='bbox 3319 4116 3476 4170; x_wconf 79' lang='lat' dir='ltr'><strong>dixe-</strong></span> 
     </span>
    </p>
   </div>
   <div class='ocr_carea' id='block_1_104' title="bbox 1884 4209 3476 4287">
    <p class='ocr_par' dir='ltr' id='par_1_104' title="bbox 1884 4209 3476 4287">
     <span class='ocr_line' id='line_1_104' title="bbox 1884 4209 3476 4287; baseline -0.009 -12"><span class='ocrx_word' id='word_1_765' title='bbox 1884 4219 2140 4275; x_wconf 81' lang='lat' dir='ltr'><strong>runtzln</strong></span> <span class='ocrx_word' id='word_1_766' title='bbox 2189 4218 2468 4272; x_wconf 76' lang='lat' dir='ltr'><strong>Beelzebub</strong></span> <span class='ocrx_word' id='word_1_767' title='bbox 2519 4217 2752 4287; x_wconf 86' lang='lat' dir='ltr'><strong>principe</strong></span> <span class='ocrx_word' id='word_1_768' title='bbox 2791 4213 3166 4268; x_wconf 76' lang='lat' dir='ltr'><strong>dwmoniorum</strong></span> <span class='ocrx_word' id='word_1_769' title='bbox 3204 4210 3345 4280; x_wconf 89' lang='lat' dir='ltr'><strong>ejicit</strong></span> <span class='ocrx_word' id='word_1_770' title='bbox 3397 4209 3476 4262; x_wconf 82' lang='lat' dir='ltr'><strong>hic</strong></span> 
     </span>
    </p>
   </div>
   <div class='ocr_carea' id='block_1_105' title="bbox 1883 4299 3476 4379">
    <p class='ocr_par' dir='ltr' id='par_1_105' title="bbox 1883 4299 3476 4379">
     <span class='ocr_line' id='line_1_105' title="bbox 1883 4299 3476 4379; baseline -0.011 -10"><span class='ocrx_word' id='word_1_771' title='bbox 1883 4315 2157 4369; x_wconf 74' lang='lat' dir='ltr'><strong>dientonia.</strong></span> <span class='ocrx_word' id='word_1_772' title='bbox 2183 4312 2411 4379; x_wconf 87' lang='lat' dir='ltr'><strong>Quando</strong></span> <span class='ocrx_word' id='word_1_773' title='bbox 2439 4311 2582 4364; x_wconf 90' lang='lat' dir='ltr'><strong>enim</strong></span> <span class='ocrx_word' id='word_1_774' title='bbox 2610 4309 2797 4363; x_wconf 85' lang='lat' dir='ltr'><strong>dicunt</strong></span> <span class='ocrx_word' id='word_1_775' title='bbox 2831 4324 2843 4358; x_wconf 89' lang='lat'>:</span> <span class='ocrx_word' id='word_1_776' title='bbox 2872 4304 2935 4358; x_wconf 86' lang='lat' dir='ltr'><strong>In</strong></span> <span class='ocrx_word' id='word_1_777' title='bbox 2959 4321 3060 4374; x_wconf 90' lang='lat' dir='ltr'><strong>qua</strong></span> <span class='ocrx_word' id='word_1_778' title='bbox 3089 4309 3340 4373; x_wconf 84' lang='lat' dir='ltr'><strong>potestate</strong></span> <span class='ocrx_word' id='word_1_779' title='bbox 3365 4299 3476 4352; x_wconf 76' lang='lat' dir='ltr'><strong>lure</strong></span> 
     </span>
    </p>
   </div>
   <div class='ocr_carea' id='block_1_106' title="bbox 1884 4393 3474 4478">
    <p class='ocr_par' dir='ltr' id='par_1_106' title="bbox 1884 4393 3474 4478">
     <span class='ocr_line' id='line_1_106' title="bbox 1884 4393 3474 4478; baseline -0.008 -20"><span class='ocrx_word' id='word_1_780' title='bbox 1884 4408 2050 4478; x_wconf 79' lang='lat' dir='ltr'><strong>fucis?</strong></span> <span class='ocrx_word' id='word_1_781' title='bbox 2070 4408 2135 4461; x_wconf 89' lang='lat' dir='ltr'><strong>de</strong></span> <span class='ocrx_word' id='word_1_782' title='bbox 2167 4404 2259 4459; x_wconf 90' lang='lat' dir='ltr'><strong>Dei</strong></span> <span class='ocrx_word' id='word_1_783' title='bbox 2289 4403 2540 4457; x_wconf 91' lang='lat' dir='ltr'><strong>dubitant</strong></span> <span class='ocrx_word' id='word_1_784' title='bbox 2572 4408 2838 4469; x_wconf 87' lang='lat' dir='ltr'><strong>potestate</strong></span> <span class='ocrx_word' id='word_1_785' title='bbox 2860 4439 2875 4461; x_wconf 90' lang='lat'><strong>,</strong></span> <span class='ocrx_word' id='word_1_786' title='bbox 2908 4408 2962 4451; x_wconf 90' lang='lat' dir='ltr'><strong>et</strong></span> <span class='ocrx_word' id='word_1_787' title='bbox 3001 4393 3327 4463; x_wconf 83' lang='lat' dir='ltr'><strong>subintelligi</strong></span> <span class='ocrx_word' id='word_1_788' title='bbox 3378 4409 3474 4446; x_wconf 86' lang='lat' dir='ltr'><strong>vo-</strong></span> 
     </span>
    </p>
   </div>
   <div class='ocr_carea' id='block_1_107' title="bbox 1884 4490 3476 4564">
    <p class='ocr_par' dir='ltr' id='par_1_107' title="bbox 1884 4490 3476 4564">
     <span class='ocr_line' id='line_1_107' title="bbox 1884 4490 3476 4564; baseline -0.006 -13"><span class='ocrx_word' id='word_1_789' title='bbox 1884 4497 2002 4551; x_wconf 90' lang='lat' dir='ltr'><strong>lunt</strong></span> <span class='ocrx_word' id='word_1_790' title='bbox 2039 4495 2240 4550; x_wconf 88' lang='lat' dir='ltr'><strong>diaboli</strong></span> <span class='ocrx_word' id='word_1_791' title='bbox 2287 4509 2411 4549; x_wconf 88' lang='lat' dir='ltr'><strong>esse</strong></span> <span class='ocrx_word' id='word_1_792' title='bbox 2457 4493 2604 4564; x_wconf 90' lang='lat' dir='ltr'><strong>quod</strong></span> <span class='ocrx_word' id='word_1_793' title='bbox 2650 4493 2834 4546; x_wconf 87' lang='lat' dir='ltr'><strong>faciat.</strong></span> <span class='ocrx_word' id='word_1_794' title='bbox 2891 4490 3170 4544; x_wconf 83' lang='lat' dir='ltr'><strong>Addeutes</strong></span> <span class='ocrx_word' id='word_1_795' title='bbox 3209 4503 3476 4557; x_wconf 84' lang='lat' dir='ltr'><strong>quoque:</strong></span> 
     </span>
    </p>
   </div>
   <div class='ocr_carea' id='block_1_108' title="bbox 1890 4578 3478 4657">
    <p class='ocr_par' dir='ltr' id='par_1_108' title="bbox 1890 4578 3478 4657">
     <span class='ocr_line' id='line_1_108' title="bbox 1890 4578 3478 4657; baseline -0.006 -15"><span class='ocrx_word' id='word_1_796' title='bbox 1890 4590 2018 4657; x_wconf 84' lang='lat' dir='ltr'><strong>Quis</strong></span> <span class='ocrx_word' id='word_1_797' title='bbox 2042 4589 2129 4642; x_wconf 89' lang='lat' dir='ltr'><strong>tibi</strong></span> <span class='ocrx_word' id='word_1_798' title='bbox 2169 4587 2310 4641; x_wconf 88' lang='lat' dir='ltr'><strong>dedit</strong></span> <span class='ocrx_word' id='word_1_799' title='bbox 2352 4587 2486 4639; x_wconf 85' lang='lat' dir='ltr'><strong>hanc</strong></span> <span class='ocrx_word' id='word_1_800' title='bbox 2527 4583 2872 4654; x_wconf 80' lang='lat' dir='ltr'><strong>potestatem?</strong></span> <span class='ocrx_word' id='word_1_801' title='bbox 2903 4578 3347 4635; x_wconf 81' lang='lat' dir='ltr'><strong>manifestissime</strong></span> <span class='ocrx_word' id='word_1_802' title='bbox 3381 4578 3478 4632; x_wconf 88' lang='lat' dir='ltr'><strong>Dei</strong></span> 
     </span>
    </p>
   </div>
   <div class='ocr_carea' id='block_1_109' title="bbox 1885 4673 3472 4750">
    <p class='ocr_par' dir='ltr' id='par_1_109' title="bbox 1885 4673 3472 4750">
     <span class='ocr_line' id='line_1_109' title="bbox 1885 4673 3472 4750; baseline -0.007 -13"><span class='ocrx_word' id='word_1_803' title='bbox 1885 4683 2083 4738; x_wconf 83' lang='lat' dir='ltr'><strong>Filium</strong></span> <span class='ocrx_word' id='word_1_804' title='bbox 2117 4689 2328 4750; x_wconf 80' lang='lat' dir='ltr'><strong>negant,</strong></span> <span class='ocrx_word' id='word_1_805' title='bbox 2364 4695 2522 4748; x_wconf 90' lang='lat' dir='ltr'><strong>quem</strong></span> <span class='ocrx_word' id='word_1_806' title='bbox 2557 4687 2748 4748; x_wconf 90' lang='lat' dir='ltr'><strong>putant</strong></span> <span class='ocrx_word' id='word_1_807' title='bbox 2789 4694 2895 4730; x_wconf 90' lang='lat' dir='ltr'><strong>non</strong></span> <span class='ocrx_word' id='word_1_808' title='bbox 2937 4676 3051 4730; x_wconf 92' lang='lat' dir='ltr'><strong>suis</strong></span> <span class='ocrx_word' id='word_1_809' title='bbox 3097 4674 3308 4729; x_wconf 85' lang='lat' dir='ltr'><strong>viribus</strong></span> <span class='ocrx_word' id='word_1_810' title='bbox 3330 4714 3344 4739; x_wconf 92' lang='lat'><strong>,</strong></span> <span class='ocrx_word' id='word_1_811' title='bbox 3377 4673 3472 4728; x_wconf 75' lang='lat' dir='ltr'><strong>sed</strong></span> 
     </span>
    </p>
   </div>
   <div class='ocr_carea' id='block_1_110' title="bbox 1890 4773 2500 4846">
    <p class='ocr_par' dir='ltr' id='par_1_110' title="bbox 1890 4773 2500 4846">
     <span class='ocr_line' id='line_1_110' title="bbox 1890 4773 2500 4846; baseline -0.008 -16"><span class='ocrx_word' id='word_1_812' title='bbox 1890 4778 2089 4832; x_wconf 90' lang='lat' dir='ltr'><strong>alienis</strong></span> <span class='ocrx_word' id='word_1_813' title='bbox 2111 4775 2264 4846; x_wconf 85' lang='lat' dir='ltr'><strong>signa</strong></span> <span class='ocrx_word' id='word_1_814' title='bbox 2297 4773 2500 4828; x_wconf 84' lang='lat' dir='ltr'><strong>facere.</strong></span> 
     </span>
    </p>
   </div>
   <div class='ocr_carea' id='block_1_111' title="bbox 1963 4863 3480 4943">
    <p class='ocr_par' dir='ltr' id='par_1_111' title="bbox 1963 4863 3480 4943">
     <span class='ocr_line' id='line_1_111' title="bbox 1963 4863 3480 4943; baseline -0.008 -15"><span class='ocrx_word' id='word_1_815' title='bbox 1963 4873 2142 4943; x_wconf 80' lang='lat' dir='ltr'><strong>(Vers.</strong></span> <span class='ocrx_word' id='word_1_816' title='bbox 2165 4871 2236 4924; x_wconf 72' lang='grc'><strong>24</strong></span> <span class='ocrx_word' id='word_1_817' title='bbox 2253 4867 2432 4938; x_wconf 89' lang='lat' dir='ltr'><strong>seqq.)</strong></span> <span class='ocrx_word' id='word_1_818' title='bbox 2463 4867 2798 4936; x_wconf 80' lang='lat' dir='ltr'><strong>Respondeas</strong></span> <span class='ocrx_word' id='word_1_819' title='bbox 2821 4873 2994 4918; x_wconf 90' lang='lat' dir='ltr'><strong>autem</strong></span> <span class='ocrx_word' id='word_1_820' title='bbox 3019 4863 3194 4928; x_wconf 82' lang='lat' dir='ltr'><strong>Jesus,</strong></span> <span class='ocrx_word' id='word_1_821' title='bbox 3216 4863 3346 4916; x_wconf 77' lang='lat' dir='ltr'><strong>dixit</strong></span> <span class='ocrx_word' id='word_1_822' title='bbox 3364 4863 3434 4916; x_wconf 86' lang='lat' dir='ltr'><strong>eis</strong></span> <span class='ocrx_word' id='word_1_823' title='bbox 3463 4879 3480 4916; x_wconf 92' lang='lat'><strong><em>:</em></strong></span> 
     </span>
    </p>
   </div>
   <div class='ocr_carea' id='block_1_112' title="bbox 1889 4953 3474 5035">
    <p class='ocr_par' dir='ltr' id='par_1_112' title="bbox 1889 4953 3474 5035">
     <span class='ocr_line' id='line_1_112' title="bbox 1889 4953 3474 5035; baseline -0.009 -16"><span class='ocrx_word' id='word_1_824' title='bbox 1889 4963 2226 5035; x_wconf 85' lang='lat' dir='ltr'><strong>lnterrogabo</strong></span> <span class='ocrx_word' id='word_1_825' title='bbox 2258 4978 2344 5016; x_wconf 83' lang='lat' dir='ltr'><strong>vos</strong></span> <span class='ocrx_word' id='word_1_826' title='bbox 2372 4969 2419 5014; x_wconf 91' lang='lat' dir='ltr'><strong>et</strong></span> <span class='ocrx_word' id='word_1_827' title='bbox 2448 4976 2542 5031; x_wconf 78' lang='lat' dir='ltr'><strong>ego</strong></span> <span class='ocrx_word' id='word_1_828' title='bbox 2571 4976 2730 5012; x_wconf 87' lang='lat' dir='ltr'><strong>unum</strong></span> <span class='ocrx_word' id='word_1_829' title='bbox 2757 4971 3062 5017; x_wconf 86' lang='lat' dir='ltr'><strong>sermonem,</strong></span> <span class='ocrx_word' id='word_1_830' title='bbox 3094 4955 3304 5026; x_wconf 86' lang='lat' dir='ltr'><strong>quemsi</strong></span> <span class='ocrx_word' id='word_1_831' title='bbox 3332 4953 3474 5007; x_wconf 76' lang='lat' dir='ltr'><strong>diate-</strong></span> 
     </span>
    </p>
   </div>
   <div class='ocr_carea' id='block_1_113' title="bbox 1889 5046 3479 5124">
    <p class='ocr_par' dir='ltr' id='par_1_113' title="bbox 1889 5046 3479 5124">
     <span class='ocr_line' id='line_1_113' title="bbox 1889 5046 3479 5124; baseline -0.011 -13"><span class='ocrx_word' id='word_1_832' title='bbox 1889 5059 2001 5113; x_wconf 84' lang='lat' dir='ltr'><strong>ritis</strong></span> <span class='ocrx_word' id='word_1_833' title='bbox 2030 5057 2176 5122; x_wconf 85' lang='lat' dir='ltr'><strong>mihi,</strong></span> <span class='ocrx_word' id='word_1_834' title='bbox 2207 5065 2255 5109; x_wconf 89' lang='lat' dir='ltr'><strong>et</strong></span> <span class='ocrx_word' id='word_1_835' title='bbox 2283 5070 2374 5124; x_wconf 82' lang='lat' dir='ltr'><strong>ego</strong></span> <span class='ocrx_word' id='word_1_836' title='bbox 2395 5053 2535 5107; x_wconf 82' lang='lat' dir='ltr'><strong>vobis</strong></span> <span class='ocrx_word' id='word_1_837' title='bbox 2571 5051 2740 5104; x_wconf 87' lang='lat' dir='ltr'><strong>dicam</strong></span> <span class='ocrx_word' id='word_1_838' title='bbox 2771 5051 2824 5103; x_wconf 84' lang='lat' dir='ltr'><strong>in</strong></span> <span class='ocrx_word' id='word_1_839' title='bbox 2855 5065 2958 5117; x_wconf 90' lang='lat' dir='ltr'><strong>qua</strong></span> <span class='ocrx_word' id='word_1_840' title='bbox 2985 5055 3240 5116; x_wconf 82' lang='lat' dir='ltr'><strong>potestate</strong></span> <span class='ocrx_word' id='word_1_841' title='bbox 3269 5046 3376 5098; x_wconf 77' lang='lat' dir='ltr'><strong>lucc</strong></span> <span class='ocrx_word' id='word_1_842' title='bbox 3399 5047 3479 5113; x_wconf 75' lang='lat' dir='ltr'><strong>{a-</strong></span> 
     </span>
    </p>
   </div>
   <div class='ocr_carea' id='block_1_114' title="bbox 1889 5135 3478 5219">
    <p class='ocr_par' dir='ltr' id='par_1_114' title="bbox 1889 5135 3478 5219">
     <span class='ocr_line' id='line_1_114' title="bbox 1889 5135 3478 5219; baseline -0.012 -15"><span class='ocrx_word' id='word_1_843' title='bbox 1889 5154 1989 5206; x_wconf 89' lang='lat' dir='ltr'><strong>cio.</strong></span> <span class='ocrx_word' id='word_1_844' title='bbox 2021 5149 2313 5219; x_wconf 72' lang='lat' dir='ltr'><strong>Baptiumus</strong></span> <span class='ocrx_word' id='word_1_845' title='bbox 2334 5147 2560 5200; x_wconf 82' lang='lat' dir='ltr'><strong>Joannis</strong></span> <span class='ocrx_word' id='word_1_846' title='bbox 2581 5143 2718 5198; x_wconf 90' lang='lat' dir='ltr'><strong>unde</strong></span> <span class='ocrx_word' id='word_1_847' title='bbox 2743 5152 2874 5210; x_wconf 88' lang='lat' dir='ltr'><strong>erat,</strong></span> <span class='ocrx_word' id='word_1_848' title='bbox 2911 5159 2937 5195; x_wconf 90' lang='lat' dir='ltr'><strong>e</strong></span> <span class='ocrx_word' id='word_1_849' title='bbox 2969 5140 3097 5195; x_wconf 74' lang='lat' dir='ltr'><strong>ctelo</strong></span> <span class='ocrx_word' id='word_1_850' title='bbox 3123 5155 3188 5191; x_wconf 91' lang='lat' dir='ltr'><strong>an</strong></span> <span class='ocrx_word' id='word_1_851' title='bbox 3217 5153 3282 5192; x_wconf 81' lang='lat' dir='ltr'><strong>ea:</strong></span> <span class='ocrx_word' id='word_1_852' title='bbox 3307 5135 3450 5188; x_wconf 87' lang='lat' dir='ltr'><strong>ltomi</strong></span> <span class='ocrx_word' id='word_1_853' title='bbox 3473 5165 3478 5170; x_wconf 89' lang='lat'><strong><em>-</em></strong></span> 
     </span>
    </p>
   </div>
   <div class='ocr_carea' id='block_1_115' title="bbox 1890 5231 3485 5312">
    <p class='ocr_par' dir='ltr' id='par_1_115' title="bbox 1890 5231 3485 5312">
     <span class='ocr_line' id='line_1_115' title="bbox 1890 5231 3485 5312; baseline -0.011 -13"><span class='ocrx_word' id='word_1_854' title='bbox 1890 5247 2039 5299; x_wconf 90' lang='lat' dir='ltr'><strong>nibus</strong></span> <span class='ocrx_word' id='word_1_855' title='bbox 2063 5243 2088 5296; x_wconf 83' lang='lat'><strong><em>?</em></strong></span> <span class='ocrx_word' id='word_1_856' title='bbox 2116 5245 2178 5297; x_wconf 75' lang='lat' dir='ltr'><strong>At</strong></span> <span class='ocrx_word' id='word_1_857' title='bbox 2208 5243 2285 5296; x_wconf 89' lang='lat' dir='ltr'><strong>illi</strong></span> <span class='ocrx_word' id='word_1_858' title='bbox 2313 5242 2606 5312; x_wconf 84' lang='lat' dir='ltr'><strong>cogitabant</strong></span> <span class='ocrx_word' id='word_1_859' title='bbox 2637 5242 2770 5292; x_wconf 90' lang='lat' dir='ltr'><strong>inter</strong></span> <span class='ocrx_word' id='word_1_860' title='bbox 2795 5255 2870 5302; x_wconf 84' lang='lat' dir='ltr'><strong>se,</strong></span> <span class='ocrx_word' id='word_1_861' title='bbox 2901 5239 3124 5290; x_wconf 81' lang='lat' dir='ltr'><strong>dicentes</strong></span> <span class='ocrx_word' id='word_1_862' title='bbox 3154 5251 3169 5287; x_wconf 91' lang='lat'><em>:</em></span> <span class='ocrx_word' id='word_1_863' title='bbox 3205 5233 3264 5288; x_wconf 90' lang='lat' dir='ltr'><strong>Si</strong></span> <span class='ocrx_word' id='word_1_864' title='bbox 3291 5231 3485 5284; x_wconf 74' lang='lat' dir='ltr'><strong>dixeri-</strong></span> 
     </span>
    </p>
   </div>
   <div class='ocr_carea' id='block_1_116' title="bbox 1889 5325 3485 5402">
    <p class='ocr_par' dir='ltr' id='par_1_116' title="bbox 1889 5325 3485 5402">
     <span class='ocr_line' id='line_1_116' title="bbox 1889 5325 3485 5402; baseline -0.009 -12"><span class='ocrx_word' id='word_1_865' title='bbox 1889 5355 2023 5400; x_wconf 87' lang='lat' dir='ltr'><strong>mus,</strong></span> <span class='ocrx_word' id='word_1_866' title='bbox 2057 5335 2103 5390; x_wconf 85' lang='lat' dir='ltr'><em>E</em></span> <span class='ocrx_word' id='word_1_867' title='bbox 2127 5337 2274 5400; x_wconf 80' lang='lat' dir='ltr'><strong>ctelo,</strong></span> <span class='ocrx_word' id='word_1_868' title='bbox 2300 5336 2433 5388; x_wconf 84' lang='lat' dir='ltr'><strong>dicet</strong></span> <span class='ocrx_word' id='word_1_869' title='bbox 2458 5334 2602 5389; x_wconf 89' lang='lat' dir='ltr'><strong>nobis</strong></span> <span class='ocrx_word' id='word_1_870' title='bbox 2634 5333 2851 5398; x_wconf 83' lang='lat' dir='ltr'><strong>:Quare</strong></span> <span class='ocrx_word' id='word_1_871' title='bbox 2877 5347 2996 5402; x_wconf 85' lang='lat' dir='ltr'><strong>ergo</strong></span> <span class='ocrx_word' id='word_1_872' title='bbox 3039 5346 3140 5384; x_wconf 89' lang='lat' dir='ltr'><strong>non</strong></span> <span class='ocrx_word' id='word_1_873' title='bbox 3194 5325 3485 5381; x_wconf 88' lang='lat' dir='ltr'><strong>credidistis</strong></span> 
     </span>
    </p>
   </div>
   <div class='ocr_carea' id='block_1_117' title="bbox 1881 5509 3028 5580">
    <p class='ocr_par' dir='ltr' id='par_1_117' title="bbox 1881 5509 3028 5580">
     <span class='ocr_line' id='line_1_117' title="bbox 1881 5509 3028 5580; baseline -0.009 -10"><span class='ocrx_word' id='word_1_874' title='bbox 1881 5515 2142 5570; x_wconf 86' lang='lat' dir='ltr'><strong>scribitur</strong></span> <span class='ocrx_word' id='word_1_875' title='bbox 2175 5530 2187 5567; x_wconf 94' lang='lat'>:</span> <span class='ocrx_word' id='word_1_876' title='bbox 2221 5513 2308 5567; x_wconf 90' lang='lat' dir='ltr'><strong>ubi</strong></span> <span class='ocrx_word' id='word_1_877' title='bbox 2341 5527 2444 5566; x_wconf 88' lang='lat' dir='ltr'><strong>nos</strong></span> <span class='ocrx_word' id='word_1_878' title='bbox 2469 5511 2759 5572; x_wconf 89' lang='lat' dir='ltr'><strong>habemus,</strong></span> <span class='ocrx_word' id='word_1_879' title='bbox 2793 5509 3028 5580; x_wconf 79' lang='lat' dir='ltr'><strong>pestifer.</strong></span> 
     </span>
    </p>
   </div>
   <div class='ocr_carea' id='block_1_118' title="bbox 1952 5571 3477 5648">
    <p class='ocr_par' dir='ltr' id='par_1_118' title="bbox 1952 5571 3477 5648">
     <span class='ocr_line' id='line_1_118' title="bbox 1952 5571 3477 5648; baseline -0.012 -7"><span class='ocrx_word' id='word_1_880' title='bbox 1952 5596 1975 5624; x_wconf 74' lang='grc' dir='ltr'>ε</span> <span class='ocrx_word' id='word_1_881' title='bbox 2013 5587 2222 5648; x_wconf 74' lang='lat' dir='ltr'><strong>Vulgati</strong></span> <span class='ocrx_word' id='word_1_882' title='bbox 2257 5584 2390 5638; x_wconf 78' lang='lat' dir='ltr'><strong>olim</strong></span> <span class='ocrx_word' id='word_1_883' title='bbox 2423 5582 2546 5637; x_wconf 91' lang='lat' dir='ltr'><strong>libri</strong></span> <span class='ocrx_word' id='word_1_884' title='bbox 2580 5571 2850 5634; x_wconf 69' lang='lat' dir='ltr'><strong>addebant</strong></span> <span class='ocrx_word' id='word_1_885' title='bbox 2873 5619 2886 5639; x_wconf 90' lang='lat'><strong>,</strong></span> <span class='ocrx_word' id='word_1_886' title='bbox 2919 5571 2967 5630; x_wconf 77' lang='lat' dir='ltr'><strong>et</strong></span> <span class='ocrx_word' id='word_1_887' title='bbox 2998 5571 3477 5648; x_wconf 78' lang='lat' dir='ltr'><strong>apttd_incr_ednlo-</strong></span> 
     </span>
    </p>
   </div>
   <div class='ocr_carea' id='block_1_119' title="bbox 1875 5643 3478 5722">
    <p class='ocr_par' dir='ltr' id='par_1_119' title="bbox 1875 5643 3478 5722">
     <span class='ocr_line' id='line_1_119' title="bbox 1875 5643 3478 5722; baseline -0.011 -10"><span class='ocrx_word' id='word_1_888' title='bbox 1875 5675 1991 5713; x_wconf 86' lang='lat' dir='ltr'><strong>rum</strong></span> <span class='ocrx_word' id='word_1_889' title='bbox 2042 5643 2289 5718; x_wconf 80' lang='lat' dir='ltr'><strong>mentem,</strong></span> <span class='ocrx_word' id='word_1_890' title='bbox 2317 5665 2370 5710; x_wconf 91' lang='lat' dir='ltr'><strong>ut</strong></span> <span class='ocrx_word' id='word_1_891' title='bbox 2403 5668 2675 5721; x_wconf 85' lang='lat' dir='ltr'><strong>porcorum</strong></span> <span class='ocrx_word' id='word_1_892' title='bbox 2706 5651 2808 5703; x_wconf 89' lang='lat' dir='ltr'><strong>duo</strong></span> <span class='ocrx_word' id='word_1_893' title='bbox 2837 5648 3005 5702; x_wconf 87' lang='lat' dir='ltr'><strong>millia</strong></span> <span class='ocrx_word' id='word_1_894' title='bbox 3035 5643 3320 5712; x_wconf 73' lang='lat' dir='ltr'><strong>suffocari,</strong></span> <span class='ocrx_word' id='word_1_895' title='bbox 3358 5659 3478 5722; x_wconf 70' lang='lat' dir='ltr'><strong>qum</strong></span> 
     </span>
    </p>
   </div>
   <div class='ocr_carea' id='block_1_120' title="bbox 1875 5722 3474 5787">
    <p class='ocr_par' dir='ltr' id='par_1_120' title="bbox 1875 5722 3474 5787">
     <span class='ocr_line' id='line_1_120' title="bbox 1875 5722 3474 5787; baseline -0.014 0"><span class='ocrx_word' id='word_1_896' title='bbox 1875 5743 2011 5787; x_wconf 86' lang='lat' dir='ltr'><strong>mss.</strong></span> <span class='ocrx_word' id='word_1_897' title='bbox 2037 5730 2287 5784; x_wconf 88' lang='lat' dir='ltr'><strong>codicum</strong></span> <span class='ocrx_word' id='word_1_898' title='bbox 2308 5726 2516 5783; x_wconf 84' lang='lat' dir='ltr'><strong>monitu</strong></span> <span class='ocrx_word' id='word_1_899' title='bbox 2539 5735 2668 5779; x_wconf 88' lang='lat' dir='ltr'><strong>ante</strong></span> <span class='ocrx_word' id='word_1_900' title='bbox 2686 5738 2785 5778; x_wconf 91' lang='lat' dir='ltr'><strong>nos</strong></span> <span class='ocrx_word' id='word_1_901' title='bbox 2808 5722 3154 5776; x_wconf 70' lang='lat' dir='ltr'><strong>Martiauaaus</strong></span> <span class='ocrx_word' id='word_1_902' title='bbox 3178 5723 3445 5783; x_wconf 67' lang='lat' dir='ltr'><strong>expuunt</strong></span> <span class='ocrx_word' id='word_1_903' title='bbox 3462 5753 3474 5767; x_wconf 93' lang='lat'><strong>.</strong></span> 
     </span>
    </p>
   </div>
  </div>
