3966 6342
495 337 601 396 155

1748 339 1808 394 S.
1853 334 2119 396 EUSEBII
2159 334 2545 394 HIEBONYMI

3694 338 3844 395 {56

498 460 579 517 illi
599 458 706 529 ?.Si
729 467 903 515 autem
927 458 1235 524 dixerimus,
1262 456 1341 513 Ex
1366 457 1685 523 hominibus,
1713 459 1951 513 timemus
1974 466 2090 514 tur-
2118 454 2174 522 Α
2195 456 2383 512 dixerit
2432 455 2685 512 Dominus
2718 454 2970 527 faciemus
2997 450 3200 525 (Exod.
3235 450 3407 523 sxw),
3431 458 3485 509 et
3533 466 3640 509 non
3696 452 3842 509 ivit

501 550 637 605 bam.
667 549 856 605 Omnes
886 549 1026 604 enim
1050 547 1299 605 habebant
1320 548 1580 605 Joannem
1610 550 1745 604 sicut
1766 549 2091 621 prophetam.

500 644 571 701 Et
609 642 979 715 respondentes
1025 641 1177 711 Iesu,
1212 643 1452 699 dixerunt
1489 659 1506 701 :
1536 644 1832 699 Nescimus.
1869 645 1983 700 lloc
2010 656 2095 700 est

500 738 645 809 quod
674 738 833 806 vulgo
860 736 1063 793 dicitur
1096 756 1108 791 :
1138 736 1280 792 Malo
1324 737 1541 794 arboris
1584 738 1750 805 nodo,
1780 737 1958 796 malus
1986 738 2095 796 cla-

500 845 600 888 vus
638 840 731 885 aut
766 844 974 886 cuneus
1022 828 1325 901 inftgendus
1369 840 1476 887 est.
1505 842 1532 871 η
1565 831 1794 890 Poterat
1836 832 2098 889 Dominus

501 931 684 994 aperta
719 921 1081 991 responsiOne
1120 932 1453 981 tentatorum
1489 927 1817 982 calumniam
1846 925 2100 982 confuta-

500 1033 582 1085 re,
609 1017 706 1074 sed
731 1017 1027 1086 prudenter
1048 1018 1366 1089 interrogat,
1388 1030 1446 1075 ut
1468 1035 1568 1075 suo
1591 1020 1717 1090 ipsi,
1744 1022 1829 1077 vel
1854 1021 2096 1084 silentio.

505 1112 592 1167 vel
635 1110 901 1166 sententia
933 1110 1391 1167 condemnentur.
1424 1113 1481 1168 Si
1511 1114 1659 1170 enim
1692 1115 2102 1184 respondissent

506 1202 775 1272 baptisma
801 1202 1031 1258 Joannis
1063 1218 1185 1259 esse
1215 1203 1283 1260 de
1314 1204 1454 1260 etelo
1486 1205 1568 1275 (ut
1596 1204 1698 1273 ipsi
1731 1205 2008 1275 sapientes
2044 1205 2101 1262 in

507 1294 714 1350 malitia
746 1295 1173 1367 pertractarunt)
1195 1340 1208 1361 ,
1233 1312 1575 1369 consequens
1605 1309 1719 1354 erat
1771 1303 2056 1370 responsio
2085 1318 2100 1358 :

517 1386 697 1453 Quare
726 1401 856 1458 ergo
901 1404 1007 1443 non
1035 1389 1170 1445 estis
1196 1390 1452 1459 baptizati
1483 1410 1511 1445 a
1542 1391 1791 1447 Joanne?
1818 1391 1874 1450 Si
1923 1394 2103 1450 dicere

507 1479 831 1545 voluissent,
869 1479 1105 1536 ltumana
1135 1481 1459 1552 deceptione
1483 1499 1607 1539 esse
1633 1485 2017 1554 compositum,
2048 1494 2108 1543 et

510 1572 645 1628 nihil
671 1572 925 1630 habuisse
957 1574 1228 1643 divinum,
1262 1577 1589 1634 seditionem
1631 1580 1812 1649 populi
1848 1579 2102 1637 formida-

512 1664 662 1721 bant.
681 1665 884 1722 Omnes
905 1667 1048 1722 enim
1077 1670 1341 1739 gregatim
1365 1671 1747 1728 multitudines
1770 1674 2000 1730 Joannis
2023 1690 2109 1730 re-

509 1769 769 1831 ceperant
796 1762 1061 1831 ltaptisma
1086 1803 1103 1829 ,
1132 1773 1187 1819 et
1214 1765 1293 1820 sic
1323 1780 1445 1821 eum
1480 1766 1756 1822 habebant
1795 1776 1853 1822 ut
1882 1767 2111 1838 prophe-

2198 548 2253 603 in
2271 550 2507 618 vineam,
2532 548 2681 618 quia,
2708 546 3003 605 interiecto
3024 544 3432 616 patrisfamilias
3454 543 3588 611 tilio,
3607 560 3673 602 se
3702 559 3843 615 pst-

2200 645 2332 698 tavit
2370 642 2666 699 haeredem.
2699 641 2805 698 Alii
2850 655 2983 697 vero
3023 655 3130 697 non
3171 646 3363 709 putant
3404 638 3726 697 Gentilium
3767 648 3845 696 et

2199 732 2512 789 Judazorum
2552 747 2675 788 esse
2704 732 3041 802 parabolam,
3070 731 3167 788 sed
3199 730 3525 802 simpliciter
3552 742 3853 802 peccato-

2201 841 2320 883 rum
2346 834 2401 881 et
2427 827 2703 894 iustorum
2736 842 2749 879 :
2784 824 2905 894 ipso
2932 838 3147 895 quoque
3189 823 3420 880 Domino
3462 823 3846 893 propositio-

2202 931 2325 973 nem
2355 931 2508 973 suam
2538 925 2729 987 postea
2751 916 3081 972 disserente.

2274 1008 2438 1065 Amen
2464 1008 2581 1064 dico
2604 1008 2763 1075 vobis,
2794 1009 2917 1077 quia
2944 1006 3208 1076 publicani
3238 1016 3288 1065 et
3328 1007 3618 1065 meretrices
3674 1023 3853 1081 prae-

2205 1113 2387 1167 cedent
2416 1127 2506 1168 vos
2551 1111 2607 1166 in
2646 1126 2806 1179 regno
2836 1108 2955 1165 Dei.
2985 1108 3071 1165 Eo
3108 1108 3252 1180 quod
3282 1107 3362 1165 illi
3404 1109 3626 1181 quizper
3666 1110 3852 1166 mala

2205 1222 2368 1277 opera
2401 1206 2513 1262 Deo
2546 1219 2607 1261 se
2633 1204 2841 1262 servire
2866 1212 3221 1275 negaverant,
3251 1216 3438 1275 postea
3467 1204 3850 1274 pmnitentim

2207 1300 2538 1368 baptismum
2561 1298 2877 1369 acceperint
2899 1314 2928 1351 a
2949 1297 3181 1353 Joanne.
3202 1295 3467 1353 Pharisaei
3486 1306 3677 1352 autem
3692 1342 3710 1367 ,
3736 1298 3853 1369 qui

2201 1392 2473 1463 justitiam
2503 1390 2883 1461 praeferebant,
2910 1399 2967 1446 et
2997 1389 3170 1460 legem
3200 1403 3261 1445 se
3289 1389 3384 1445 Dei
3420 1388 3603 1447 facere
3630 1390 3847 1459 jacta-

2209 1486 2359 1552 bant,
2381 1485 2609 1541 Joannis
2648 1492 2966 1554 contempto
3013 1483 3366 1555 baptismate,
3400 1484 3494 1540 Dei
3528 1496 3845 1555 praecepta

2183 1578 2474 1633 fecerunt.
2506 1576 2662 1634 Unde
2690 1576 2825 1632 dicit
2859 1595 2872 1631 :

2286 1669 2463 1742 (Vere.
2500 1668 2615 1741 52.)
2646 1668 2798 1724 Venit
2825 1670 2961 1725 enim
2982 1670 3055 1723 ad
3083 1685 3170 1724 vos
3198 1669 3431 1725 Joannes
3458 1671 3513 1724 in
3540 1672 3624 1725 via
3648 1674 3849 1747 justi-

2214 1765 2315 1830 τίω,
2350 1773 2398 1819 et
2428 1780 2531 1818 non
2558 1763 2851 1819 credidistis
2877 1764 2926 1819 ei
2959 1779 2976 1819 :
3006 1763 3273 1834 publicani
3300 1774 3475 1819 autem
3494 1773 3542 1820 et
3570 1768 3851 1821 meretri-

512 1863 644 1909 tam.
672 1855 970 1924 Respondit
1011 1857 1189 1926 itaque
1227 1859 1542 1929 impiissima
1574 1860 1757 1929 factio,
1789 1871 1847 1917 et
1883 1861 2105 1917 humili-
2137 1851 2186 1913 Β
2212 1873 2293 1911 ces
2315 1856 2643 1911 crediderunt
2665 1857 2712 1911 ei
2743 1871 2763 1912 :
2787 1872 2873 1912 vos
2926 1865 3100 1912 autem
3140 1857 3393 1925 videntes,
3422 1874 3513 1913 nec
3560 1861 3853 1930 pmniten—

512 1946 638 2002 tatis
665 1947 853 2015 verbo,
888 1963 997 2017 quo
1023 1949 1237 2005 nescire
1263 1966 1323 2008 se
1352 1950 1590 2019 diceret,
1616 1967 1711 2010 usa
1755 1962 1837 2008 est
1873 1954 1941 2009 ad
1973 1954 2107 2009 insi-

513 2038 630 2092 dias
658 2039 1012 2109 coaptandas.

587 2129 768 2202 (Vers.
791 2131 909 2204 27.)
935 2132 1022 2187 Ait
1049 2135 1160 2189 illis
1190 2146 1236 2190 et
1265 2138 1377 2205 ipse
1408 2151 1425 2190 :
1458 2136 1571 2191 Nec
1601 2153 1696 2208 ego
1731 2137 1845 2192 dico
1872 2138 2014 2194 vobis
2051 2139 2107 2193 in

511 2240 613 2295 qua
640 2235 892 2295 potestate
923 2226 1031 2282 haec
1062 2228 1216 2298 facio.
1249 2229 1326 2284 llli
1378 2230 1431 2285 in
1481 2246 1548 2285 eo
1594 2232 1740 2301 quod
1792 2233 2005 2287 nescire
2046 2247 2108 2289 se

512 2320 933 2390 responderant,
965 2324 1177 2379 mentiti
1217 2332 1380 2380 sunt:
1412 2339 1761 2396 consequens
1811 2342 1942 2397 ergo
1991 2338 2108 2384 erat

507 2412 659 2484 juxta
688 2414 1106 2483 responsionem
1136 2432 1325 2473 eorum
1348 2418 1635 2473 Dominum
1659 2434 1874 2491 quoque
1901 2420 2106 2489 dicere,

514 2506 626 2563 Nec
648 2522 750 2577 ego
776 2508 921 2575 scio;
951 2509 1045 2565 sed
1069 2511 1283 2567 mentiri
1312 2512 1528 2569 Veritas
1551 2530 1659 2571 non
1688 2523 1886 2586 potest,
1919 2525 1977 2573 et
1993 2519 2070 2573 ait
2091 2536 2106 2572 :

517 2598 631 2654 Nec
672 2616 764 2671 ego
793 2601 911 2655 dico
949 2602 1108 2657 vobis.
1134 2603 1219 2659 Ex
1271 2620 1378 2675 quo
1413 2607 1651 2663 ostendit
1680 2621 1734 2664 et
1774 2609 1903 2666 illos
1943 2611 2106 2678 scire,

513 2691 612 2748 sed
644 2693 980 2763 respondere
1006 2695 1170 2763 nolle,
1200 2706 1256 2753 et
1281 2712 1342 2753 se
1380 2714 1567 2767 nosse,
1599 2711 1652 2757 et
1678 2702 1798 2759 ideo
1826 2718 1934 2760 non
1966 2705 2112 2761 dice-
2142 2690 2145 2695 ⁴

514 2799 595 2852 re,
627 2789 751 2855 quia
775 2787 848 2842 illi
879 2788 1023 2858 quod
1052 2788 1229 2845 sciunt
1259 2799 1494 2860 taceant,
1518 2802 1575 2849 et
1599 2796 1784 2851 statim
1816 2796 1980 2854 infert
2008 2813 2107 2870 pa-

515 2877 780 2948 rabolam,
804 2896 927 2950 qua:
956 2890 1013 2938 et
1054 2881 1179 2939 illos
1210 2883 1506 2954 impietatis
1551 2898 1761 2959 arguat,
1790 2901 1847 2945 et
1877 2890 1945 2946 ad
1973 2906 2110 2963 gen—

516 2976 599 3024 tes
622 2985 846 3040 regnum
880 2972 971 3028 Dei
1004 2973 1200 3029 doceat
1229 2976 1689 3035 transferendum.

587 3062 770 3134 (Vers.
794 3064 864 3120 28
891 3066 1073 3136 seqq.)
1101 3068 1258 3140 17o
1290 3068 1430 3136 Quid
1473 3080 1647 3126 autem
1692 3073 1833 3128 vobis
1861 3074 2068 3130 videtur
2086 3077 2113 3132 7

518 3154 693 3211 Homo
720 3157 932 3228 quidam
958 3159 1172 3214 habebat
1199 3161 1332 3217 duos
1357 3164 1529 3233 ﬁlios;
1555 3174 1600 3221 et
1631 3167 1879 3222 accedens
1911 3169 1980 3222 ad
2002 3169 2112 3239 pri-

2210 1952 2334 2004 tiam
2364 1949 2613 2004 habuistis
2637 1960 2814 2021 postea
2834 1957 2890 2004 ut
2912 1950 3186 2004 crederetis
3210 1950 3278 2003 ei.
3303 1950 3475 2006 Porro
3502 1952 3657 2022 quod
3693 1951 3850 2009 dici-

2210 2054 2298 2098 tur
2329 2060 2345 2099 :
2374 2043 2503 2111 Quis
2531 2060 2596 2097 ea:
2639 2043 2842 2098 duobus
2890 2043 3012 2115 fecit
3052 2043 3367 2098 voluntatem
3398 2046 3604 2115 patris?
3640 2046 3720 2101 Et
3755 2047 3848 2102 illi

2209 2138 2399 2194 dicunt
2432 2157 2444 2192 :
2474 2136 2828 2193 Nouissimas.
2855 2136 3153 2193 Sciendum
3186 2146 3271 2192 est
3300 2137 3357 2191 itt
3394 2148 3416 2177 ο
3452 2137 3600 2193 veris
3634 2154 3850 2195 exem-

2210 2229 2451 2301 plaribus
2483 2244 2590 2283 non
2621 2228 2806 2283 ltaberi
2841 2229 2996 2300 171
3023 2225 3538 2297 novissimumﬂsed
3561 2231 3840 2300 primunt,

2211 2332 2270 2375 ut
2310 2321 2532 2392 proprio
2552 2319 2762 2390 judicio
2790 2322 3245 2377 condemnentur.
3278 2321 3335 2377 Si
3368 2329 3549 2377 autem
3578 2324 3847 2379 novissi-

2212 2431 2357 2472 mum
2382 2414 2714 2472 voluerimus
2736 2415 2942 2486 legere,
2966 2414 3256 2471 manifesta
3279 2424 3367 2471 est
3396 2415 3838 2485 interpretatio:

2209 2518 2272 2566 ut
2311 2510 2558 2565 dicamus
2590 2510 2901 2580 intelligere
2942 2510 3164 2580 quidem
3213 2511 3499 2566 veritatem
3539 2510 3836 2580 Judzeos;

2209 2603 2305 2659 sed
2333 2603 2720 2674 tergiversari,
2754 2612 2809 2657 et
2840 2602 2987 2658 nolle
3011 2603 3196 2658 dicere
3219 2605 3366 2673 quod
3392 2604 3654 2659 sentiunt
3688 2607 3845 2662 :sic-

2209 2704 2270 2751 ut
2297 2704 2352 2750 et
2378 2695 2705 2763 baptismum
2746 2694 2972 2751 Joannis
3003 2696 3239 2752 scientes
3267 2710 3392 2752 esse
3420 2696 3488 2752 de
3509 2698 3669 2753 coelo
3699 2742 3714 2766 ,
3748 2699 3841 2755 di-

2211 2804 2337 2845 cere
2368 2790 2679 2846 noluerunt.

2284 2880 2468 2952 (Vers.
2502 2880 2618 2954 55.)
2649 2879 2824 2936 Aliam
2868 2883 3173 2953 parabolam
3214 2880 3395 2937 audite
3439 2899 3457 2935 .'
3486 2882 3679 2939 llomo
3725 2895 3843 2941 erat

2211 2973 2613 3046 paterfamilias,
2638 2974 2726 3044 qui
2755 2972 3240 3043 plantavitvineam,
3267 2984 3314 3029 et
3331 2991 3500 3046 sepem
3520 2974 3841 3032 circumde-

2211 3067 2287 3121 dit
2315 3067 2383 3135 ei,
2417 3074 2466 3121 et
2507 3066 2640 3136 fodit
2676 3066 2731 3119 in
2768 3082 2829 3120 ea
2856 3066 3110 3131 torcular,
3140 3076 3190 3120 et
3217 3066 3495 3136 aedificavit
3524 3071 3751 3137 turrim,
3784 3079 3834 3125 et

2212 3159 2401 3213 locavit
2422 3173 2535 3212 eam
2556 3157 2825 3230 agricolis,
2852 3166 2897 3211 et
2924 3173 3138 3229 peregre
3155 3158 3422 3230 profectus
3446 3169 3545 3213 est.
3567 3160 3691 3216 Hoc
3716 3168 3828 3227 est,

517 3265 675 3317 mum,
701 3250 836 3306 dixit
872 3249 1049 3321 :Fili,
1086 3253 1215 3309 vade
1242 3254 1396 3310 hodie
1436 3273 1648 3326 operare
1695 3259 1749 3313 in
1795 3261 1944 3315 vinea

2216 3250 2359 3321 quod
2384 3251 2652 3304 Dominus
2696 3259 2969 3318 sumptum
3000 3250 3067 3305 de
3096 3250 3391 3319 proverbio
3439 3251 3826 3320 significavit:

517 3339 621 3396 Ille
655 3351 828 3397 autem
858 3345 1197 3415 respondens,
1229 3348 1347 3403 ait:
1382 3347 1538 3405 Nolo.
1571 3348 1766 3405 Postea
1812 3361 1986 3409 autem
2016 3366 2115 3422 ρω-

515 3434 732 3490 nitentia
787 3443 980 3504 motus,
1027 3438 1173 3495 abiit.
1219 3440 1477 3496 Accedens
1525 3453 1696 3497 autem
1746 3445 1816 3498 ad
1867 3447 2112 3514 alterum,

517 3524 652 3581 dixit
682 3528 941 3582 similiter.
972 3527 1038 3584 At
1061 3530 1152 3584 ille
1169 3535 1509 3601 respondens,
1538 3535 1612 3589 ait
1646 3552 1663 3589 :
1687 3533 1788 3606 Eo,
1815 3538 2043 3604 domine,
2066 3547 2115 3593 et

517 3634 619 3673 non
650 3618 761 3675 ivit.
800 3619 931 3687 Quis
951 3638 1017 3677 ea:
1057 3622 1256 3676 duobus
1309 3624 1428 3691 [erit
1457 3625 1779 3680 voluntatem
1815 3630 2026 3698 patris?
2048 3629 2115 3686 Et

519 3712 700 3766 dicunt
721 3712 766 3765 ei
793 3727 812 3766 :
838 3711 1068 3768 Primus.
1096 3714 1234 3767 Dicit
1255 3715 1361 3769 illis
1379 3715 1535 3770 Jesus
1567 3716 1727 3788 (Luc.
1751 3719 1871 3791 xv).
1891 3719 1955 3775 Hi
1986 3732 2116 3778 sunt

517 3802 626 3858 duo
654 3802 771 3868 ﬁlii,
793 3804 885 3873 qui
917 3816 972 3859 et
995 3805 1049 3860 in
1076 3807 1235 3862 Lucae
1257 3808 1517 3876 parabola
1547 3809 1951 3882 describuntur,
1974 3813 2113 3886 frugi

517 3902 576 3949 et
602 3893 941 3962 luxuriosus,
971 3906 1027 3952 et
1069 3896 1139 3953 de
1169 3898 1364 3964 quibus
1391 3900 1684 3957 Zacharias
1732 3906 2002 3975 propheta
2036 3909 2117 3963 lo-

519 3988 705 4058 quitur
735 4006 748 4043 :
781 3989 1051 4063 Assumpsi
1078 3993 1207 4047 mihi
1238 3994 1370 4049 duas
1400 3996 1567 4067 virgas
1598 4014 1615 4051 :
1642 4016 1805 4054 unam
1831 4005 2007 4057 vocavi
2027 4004 2117 4059 de-

519 4098 710 4147 corem,
738 4094 788 4138 et
825 4082 1042 4139 alterunt
1086 4088 1261 4141 vocavi
1294 4090 1606 4159 funiculum,
1649 4101 1697 4146 et
1739 4096 1861 4165 pavi
1912 4112 2115 4169 gregem

518 4176 709 4247 (Zaclt.
740 4192 818 4243 ιι,
851 4177 934 4250 7).
958 4179 1141 4234 Primo
1168 4180 1371 4237 dicitur
1393 4180 1420 4221 ιι
1444 4183 1744 4241 Gentilium
1784 4188 1987 4258 populo
2020 4204 2117 4259 per

520 4270 789 4326 naturalis
830 4271 967 4342 legis
997 4273 1245 4328 notitiam
1280 4292 1294 4328 :
1330 4274 1497 4344 Vade,
1527 4285 1578 4330 et
1607 4292 1827 4343 operare
1872 4278 1927 4333 in
1967 4282 2117 4337 vinea

519 4380 634 4421 mea
656 4380 677 4419 :
702 4365 805 4420 hoc
834 4376 941 4434 est,
970 4364 1116 4438 quod
1152 4367 1250 4423 tibi
1274 4383 1380 4423 non
1407 4370 1489 4425 vis
1518 4369 1659 4438 fieri,
1691 4371 1852 4426 alteri
1880 4387 1949 4427 ne
1975 4373 2118 4431 fece-

519 4459 596 4513 ris
630 4457 781 4529 (Tob.
811 4457 909 4530 tv).
933 4459 1037 4529 Qui
1085 4461 1317 4531 superbe
1355 4462 1680 4531 respondit:
1715 4462 1878 4522 Nolo.
1920 4466 2114 4527 Postea

519 4565 651 4605 vero
678 4552 731 4606 in
754 4551 988 4608 adventu
1031 4552 1350 4622 Salvatoris,
1382 4564 1504 4612 acta
1537 4558 1883 4628 poenitentia,
1920 4574 2114 4632 opera-

2217 3342 2416 3396 Durnm
2446 3351 2521 3396 est
2547 3341 2797 3407 adversus
2831 3339 3100 3395 stimulum
3138 3341 3416 3396 calcitrare
3441 3338 3586 3413 (Act.
3625 3359 3705 3409 Ix,
3742 3343 3826 3415 5).

2217 3435 2498 3505 Principes
2528 3434 2903 3497 sacerdotum,
2937 3441 2993 3488 et
3021 3433 3268 3489 seniores
3302 3433 3507 3503 populi,
3535 3436 3631 3504 qui
3658 3435 3830 3490 inter-

2217 3536 2543 3598 rogaveram
2576 3527 2887 3592 Dominum,
2912 3524 2979 3581 lu
3011 3542 3113 3598 qua
3152 3534 3404 3595 potestate
3427 3525 3707 3597 ha'cofacis
3735 3543 3757 3584 :
3783 3536 3833 3581 et

2213 3621 2331 3692 quis
2357 3620 2445 3674 tibi
2472 3618 2612 3674 dedit
2628 3618 2763 3673 Itane
2790 3619 3131 3689 potestatem?
3158 3628 3215 3673 et
3246 3618 3534 3674 voluerant
3560 3621 3615 3674 in
3649 3620 3821 3677 verbo

2215 3726 2413 3782 capere
2440 3710 2788 3782 sapientiam,
2820 3725 2917 3765 sua
2954 3720 3074 3765 arte
3098 3720 3463 3780 superantur;
3496 3718 3553 3766 et
3578 3712 3829 3774 ,audiunt

2217 3807 2273 3862 in
2302 3806 2600 3878 parabolis,
2630 3805 2777 3877 quod
2802 3815 2989 3874 aperta
3021 3804 3161 3862 facie
3191 3818 3303 3860 non
3337 3804 3702 3862 merebantur
3721 3821 3827 3861 att-

2215 3902 2355 3958 dire.
2390 3901 2564 3956 Homo
2594 3900 2700 3956 iste
2719 3898 3132 3970 paterfamilias,
3168 3900 3284 3970 ipse
3314 3908 3401 3955 est
3441 3900 3535 3970 qui
3587 3901 3828 3961 habebat

2217 3998 2355 4053 duos
2384 3997 2557 4062 filios;
2589 4006 2645 4051 et
2687 3996 2780 4066 qui
2812 3996 2864 4049 in
2897 3995 3001 4050 alia
3031 3995 3291 4065 parabole
3332 3995 3601 4051 conduxit
3626 4011 3826 4067 opera-

2216 4088 2332 4145 rios
2366 4088 2420 4145 in
2448 4090 2664 4144 vineam
2694 4102 2881 4152 suam;
2906 4088 2999 4157 qui
3031 4086 3295 4155 plantavit
3334 4086 3573 4157 vineam,
3608 4089 3679 4145 de
3719 4101 3825 4158 qua

2216 4195 2273 4240 et
2299 4182 2473 4239 lsaias
2503 4181 2823 4253 plenissime
2865 4194 2964 4250 per
3007 4180 3294 4235 Canticum
3340 4180 3607 4252 loquitur,
3633 4181 3702 4237 ad
3731 4196 3827 4237 ex-

2218 4286 2452 4334 tremum
2481 4275 2761 4331 inferens:
2795 4273 2961 4329 Vinea
3000 4272 3214 4328 Domini
3238 4274 3481 4342 sabaotlt,
3511 4275 3707 4330 domas
3730 4272 3823 4329 ls-

2215 4372 2327 4428 rael
2355 4380 2428 4426 est
2459 4370 2618 4443 (isai.
2654 4384 2710 4437 v,
2745 4368 2825 4439 7).
2848 4367 2914 4424 Et
2934 4368 2988 4423 in
3018 4367 3274 4424 Psalnto:
3318 4366 3535 4424 Vineam
3557 4369 3626 4423 de
3650 4366 3820 4439 {Egy-

2221 4474 2339 4535 pto.
2372 4464 2567 4534 inquit,
2600 4460 2914 4516 transtulisti
2944 4476 2964 4516 :
2994 4460 3191 4531 ejecisti
3240 4471 3445 4532 gentes,
3471 4472 3522 4516 et
3563 4459 3821 4531 plantusti

2218 4573 2331 4611 eam
2357 4553 2477 4628 (Ps.
2501 4567 2684 4621 Lxxtx,
2717 4552 2797 4621 9).
2827 4550 2895 4606 Et
2921 4567 3095 4624 sepem
3122 4552 3466 4608 circumdedit
3496 4554 3566 4618 ei,
3591 4553 3676 4608 vel
3703 4566 3821 4605 tutt-

520 4651 610 4699 tus
639 4650 721 4698 est
747 4644 800 4698 in
831 4644 985 4699 vinea
1019 4645 1133 4712 Dei,
1164 4654 1222 4701 et
1246 4649 1521 4704 sermonis
1537 4623 1943 4708 contumaciam
1958 4623 2120 4710 'labu-
2143 4623 2197 4685 D
2226 4663 2344 4705 rum
2367 4623 2543 4713 urbis,
2564 4645 2655 4702 vel
2678 4644 2999 4716 angelorum
3023 4643 3219 4699 auxilia
3252 4662 3264 4698 :
3296 4653 3342 4698 et
3367 4643 3506 4715 fodit
3535 4646 3590 4700 in
3614 4661 3676 4699 ea
3706 4653 3818 4697 tora-

521 4753 583 4796 re
607 4740 867 4795 correxit.
901 4740 1186 4797 Secundus
1224 4752 1409 4798 autem
1441 4744 1605 4809 illius,
1630 4748 1858 4816 populus
1893 4745 2114 4803 Iudaeo-

515 4848 633 4889 rum
674 4844 779 4901 est,
818 4833 911 4906 qui
955 4834 1237 4904 respondit
1286 4835 1455 4908 Moysi
1495 4835 1729 4893 :Omnia
1785 4853 2118 4911 quacumque

583 5021 604 5093 ξ
638 5021 878 5090 thabb.,
916 5023 1005 5077 sed
1033 5030 1303 5093 prapterea
1327 5021 1631 5093 interrogat,
1655 5020 1882 5079 rectius.

584 5092 613 5131 δ
645 5094 772 5150 iure
799 5095 928 5150 item
964 5092 1038 5150 es
1079 5093 1409 5150 Adamantio
1441 5092 1649 5164 repete,
1678 5109 1837 5163 quem
1880 5093 1969 5148 ltic
2008 5092 2105 5152 de-

516 5166 758 5221 scribere
790 5182 896 5220 non
927 5173 1100 5219 vacat.

587 5247 609 5274 ε
641 5235 876 5309 ltltabb.,
906 5236 960 5309 in
982 5236 1255 5309 veteribus.
1284 5234 1350 5290 Et
1380 5236 1629 5289 veteribus
1649 5235 1870 5305 quidem
1902 5250 1999 5309 pro
2016 5250 2104 5290 ve-

510 5309 582 5362 ris
626 5308 856 5378 positutn
900 5307 999 5361 abs
1048 5308 1383 5377 Hieronymo
1433 5322 1747 5378 persuasum
1796 5315 1884 5363 est
1907 5307 2099 5371 etiam,

516 5377 672 5446 mihi,
704 5391 761 5433 ut
788 5378 918 5449 quid
946 5378 1112 5445 enim,
1145 5380 1190 5434 si
1249 5394 1365 5433 vera
1400 5383 1512 5449 tum
1551 5377 1769 5434 demum
1810 5378 1902 5434 illa
1948 5383 2107 5434 erant

516 5447 849 5522 exemplaria
903 5465 1023 5520 quae
1066 5452 1291 5522 primum
1328 5447 1719 5522 praeferebant,
1749 5459 1911 5517 atque
1966 5450 2105 5522 adeo

514 5521 708 5590 [nisata
741 5524 824 5575 illa
865 5519 1023 5576 erant
1064 5519 1184 5589 quae
1216 5520 1466 5576 ferebant
1496 5520 1816 5577 novissimus.
1838 5522 1953 5589 ipse
1973 5519 2110 5590 gilie-

516 5589 776 5662 ronymns
800 5592 853 5646 in
880 5594 1150 5662 proposita
1181 5593 1432 5662 pericope
1456 5590 1615 5662 habet
1638 5589 1985 5645 novissimus!
2011 5604 2109 5662 cur

517 5660 847 5735 interpolata
878 5660 1206 5735 exemplaria
1253 5661 1505 5735 praefert?
1529 5672 1581 5715 et
1621 5663 1753 5715 veris
1784 5660 2107 5735 anteponit?

526 5730 794 5788 Veteribus
835 5745 1015 5788 autem
1040 5730 1110 5787 'si
1149 5730 1390 5803 scripsit,
1416 5742 1710 5801 utcumque
1739 5747 1797 5787 se
1838 5730 1927 5787 res
1966 5732 2108 5787 bene

519 5802 703 5865 habet,
732 5814 788 5857 et
809 5813 1035 5872 utraque
1058 5802 1450 5873 exponileCtio
1473 5811 1735 5869 meretur,
1759 5816 1988 5873 quantm
2026 5803 2109 5858 al-

519 5874 716 5948 terasi
757 5889 787 5929 a
817 5874 1086 5945 corruptis
1130 5872 1411 5934 codicibus
1440 5872 1874 5951 exprimeretur,
1901 5888 1999 5932 cur
2045 5886 2108 5935 se

2225 4744 2398 4811 calor,
2421 4752 2513 4797 aut
2542 4741 2739 4807 altare,
2763 4749 2856 4793 aut
2880 4737 2970 4793 illa
3005 4738 3322 4805 toreularia,
3353 4753 3586 4809 quorum
3619 4746 3676 4793 et
3705 4746 3817 4792 tres

2226 4834 2426 4894 Psalmi
2448 4833 2605 4888 titulo
2637 4835 3050 4901 praenotantur:
3075 4838 3302 4885 octavus
3330 4837 3386 4884 et
3416 4829 3812 4900 octogesimus,

2210 5021 2273 5076 S.
2302 5018 2463 5072 Pater
2491 5012 2570 5066 illi
2593 5008 2935 5080 explicandas
2958 5007 3131 5066 fusius
3157 5008 3491 5066 diffunderet
3517 5023 3624 5065 non
3648 5021 3811 5076 opor-

2205 5092 2376 5147 tebat.
2433 5084 2567 5139 Vide
2614 5082 2866 5137 Sabater.
2895 5110 2965 5120 ——
2994 5080 3148 5136 Nunc
3199 5080 3460 5152 legimus,
3501 5080 3811 5136 Pbarisaeos

2205 5161 2275 5218 de
2307 5161 2545 5219 seniore,
2577 5153 2695 5223 sive
2721 5152 2898 5223 primo
2926 5151 3519 5223 responsum’dedisse.
3553 5152 3697 5223 Sunt
3720 5164 3814 5205 au-

2208 5243 2317 5289 tem
2365 5245 2431 5285 ex
2479 5221 2732 5286 Antiquis
2779 5223 2866 5291 qui
2919 5221 2989 5276 de
3021 5221 3257 5292 'juttiore
3310 5223 3539 5292 legerint
3574 5221 3808 5275 dictum.

2207 5304 2265 5361 S.
2310 5300 2547 5357 Hilarius
2577 5297 2630 5348 in
2654 5294 2809 5368 _l_tttnc
2848 5293 3026 5368 locum
3066 5311 3078 5347 :
3112 5293 3301 5368 Dicunt
3342 5292 3599 5347 voluntati
3618 5292 3806 5368 junio-

2211 5392 2319 5429 rem
2361 5368 2611 5440 obtulisse.
2649 5363 2857 5434 Nempe
2899 5367 3111 5437 vulgata
3156 5365 3317 5420 lectio
3374 5376 3487 5420 tum
3555 5363 3813 5440 temporis

2212 5453 2333 5500 erat
2359 5438 2706 5507 novissimus:
2729 5430 2852 5507 qua:
2895 5445 2952 5491 et
2985 5430 3037 5490 i'n
3070 5442 3413 5506 pervetusto,
3445 5449 3605 5502 quem
3631 5430 3817 5507 subin-

2214 5516 2282 5571 de
2311 5515 2613 5569 laudamus.
2643 5502 2946 5563 Veronensi
2976 5502 3393 5579 Evangeliorutu
3413 5507 3601 5560 codice
3627 5502 3806 5555 durat.

2212 5587 2411 5642 Nescio
2434 5581 2554 5654 quis
2586 5578 2714 5654 huic
2747 5591 3238 5654 tatnen_consonus
3270 5578 3420 5631 locus
3441 5586 3719 5654 tamquam
3748 5581 3813 5654 ex

2216 5643 2547 5727 Hieronymo
2579 5652 2815 5727 refertur
2842 5651 2894 5703 in
2925 5648 3129 5704 Catena
3163 5655 3344 5727 aurea
3372 5649 3460 5727 qui
3499 5646 3624 5700 fecit
3651 5643 3807 5727 viras:

2224 5746 2314 5785 mo
2358 5717 2549 5795 de'nno
2578 5721 2965 5795 suSpicionetn,
2996 5734 3121 5795 cum
3172 5717 3810 5795 ill‘lli§_COnltttcnlfi.ril§

2216 5816 2323 5856 non
2372 5789 2703 5858 inveniatur,
2735 5791 2878 5862 quod
2924 5791 3126 5862 fuerint
3156 5808 3186 5845 a
3231 5789 3511 5862 fastidiose
3534 5789 3809 5862 quopiam

2214 5872 2345 5931 olim
2388 5857 2697 5930 decuriati.
2721 5857 3020 5925 Fratstabat
3059 5861 3225 5922 tidem
3265 5860 3489 5920 Catena:
3513 5857 3802 5925 denegare.
