4044 6312
116 284 189 335 157

524 278 1219 336 ὈΟΜΜΕΝΤΑΒΙΟΒΟΜ
1260 280 1325 335 IN
1368 279 1684 337 ιςνΑΝθει

1792 281 1821 335 ιι
1864 280 2373 355 ιιιττιιιειιωε.
2420 284 2508 339 ιιι.
2549 285 2705 342 car.
2754 285 2895 342 XXI.

3283 290 3388 346 158

114 410 150 450 et
186 395 541 467 octogesimus
576 398 809 454 tertius.
851 395 920 451 Et
959 396 1233 467 aediﬁcavit
1277 397 1462 451 turrim
1490 414 1508 450 :
1534 395 1678 452 haud
1704 399 1758 459 Α
1785 397 1894 467 det,
1924 410 1973 454 et
2001 401 2204 455 vincturi
2221 417 2371 455 suam
2397 400 2590 456 (orabit
2622 402 2745 457 aliis
2776 404 3027 476 agricolis
3053 407 3147 477 qui
3171 406 3389 462 reddent

118 489 290 544 dubium
319 490 447 559 quin
476 491 799 560 templum,
820 490 888 545 de
908 505 1014 557 quo
1034 490 1236 545 dicitur
1252 504 1353 554 per
1367 489 1676 547 llicbream:

115 582 161 638 Et
188 595 250 651 tu,
271 582 421 637 turris
443 582 746 648 nebulosa,
767 584 882 652 lilia
911 582 1039 639 Sion
1059 580 1249 654 (Mich.
1291 596 1372 650 tv,
1394 582 1475 653 8).
1508 580 1574 637 Et
1602 582 1682 636 lo-

115 681 214 733 m-it
247 695 353 733 eam
392 677 702 749 agricolis,
723 692 858 749 quos
886 677 1015 732 alibi
1053 677 1226 732 vincte
1255 676 1548 745 operarios
1586 692 1684 747 ap.

66 769 71 829 ἶ
115 772 328 845 pallavit:
365 771 463 842 qui
504 771 786 827 conducti
832 769 1049 826 fuerant
1090 770 1220 825 hora
1267 769 1464 839 prima,
1499 769 1680 835 tertia,

114 879 251 932 sexta,
276 881 416 922 nona
441 874 503 922 et
534 865 843 922 undecima
868 864 1083 937 (Matth.
1113 866 1193 936 x).
1220 862 1287 918 Et
1318 880 1533 936 peregre
1561 880 1683 933 pro-

116 964 319 1033 {eassest
345 977 362 1013 :
384 968 496 1027 est,
534 974 664 1014 non
704 959 803 1013 loci
853 958 1185 1022 mutatione;
1214 972 1338 1012 nam
1364 956 1512 1012 Deus
1540 955 1685 1011 unde

114 1057 266 1111 abesse
293 1064 494 1124 potest,
521 1070 647 1125 quo
692 1053 1036 1123 complentur
1063 1051 1279 1106 omnia?
1323 1062 1378 1105 et
1426 1052 1518 1121 qui
1554 1049 1686 1105 dicit

113 1165 187 1220 per
206 1147 488 1204 Jeremiam
521 1165 535 1199 :
588 1146 712 1218 Ego
743 1145 888 1200 Deus
926 1146 1356 1217 apprOpinquans
1394 1153 1444 1197 et
1483 1160 1585 1197 non
1621 1142 1685 1197 de

111 1243 369 1314 longinquo,
395 1242 531 1296 dicit
561 1239 836 1297 Dominus
868 1238 1084 1310 (lenm.
1117 1253 1271 1304 χχιιι,
1298 1237 1416 1307 23).
1440 1236 1547 1293 Sed
1577 1237 1688 1292 abi-

112 1352 156 1391 re
183 1336 376 1391 videtur
422 1349 454 1387 a
484 1335 666 1388 vinea
704 1342 763 1387 ut
800 1332 1128 1387 vinitoribus
1158 1331 1390 1385 liberum
1423 1331 1687 1402 operaudi

52 1424 55 1439 ”
110 1428 348 1482 arbitrium
379 1426 777 1496 derelinquat.

54 1564 55 1587 ι
162 1516 316 1589 (ιω.
330 1518 400 1573 54
419 1518 625 1587 seqq.)
644 1514 780 1571 Cum
793 1526 965 1570 autem
978 1525 1183 1587 tentpus
1211 1519 1476 1588 ﬂuctuum
1488 1531 1683 1587 appro-

112 1614 381 1681 pinquasset,
398 1612 548 1666 misit
583 1627 767 1665 servos
780 1627 904 1665 suos
923 1611 994 1664 ad
1010 1611 1291 1681 agricolas,
1307 1620 1364 1664 ut
1391 1612 1686 1683 acciperent

116 1704 275 1769 {ructus
298 1705 428 1774 ejus.
453 1700 531 1757 Et
561 1702 821 1775 agricola:
839 1704 1174 1773 apprehensis
1194 1705 1503 1777 servisejns,
1520 1702 1684 1758 alium

1786 494 1836 547 ei
1876 494 2100 563 fructum
2127 495 2446 566 temporibus
2482 498 2614 552 suis.
2658 497 2958 570 lnterrogat
2987 513 3086 556 eos
3124 500 3389 560 Dominus

1786 604 1896 642 non
1938 589 2083 658 quod
2115 590 2332 659 ignoret
2361 590 2487 659 quid
2518 592 2837 662 responsuri
2876 592 3007 661 sint,
3033 592 3131 649 sed
3172 602 3232 649 ut
3259 609 3387 666 pro-

1788 681 1901 750 pria
1933 682 2290 750 reSponsioue
2311 681 2664 737 damnentur.
2686 682 2888 738 Locata
2911 694 2997 739 est
3015 695 3199 740 autem
3224 686 3382 742 nobis

1787 774 1967 837 vinea,
1993 781 2049 829 et
2080 774 2254 829 locata
2275 787 2343 828 ea
2374 773 2712 840 conditione,
2735 784 2792 830 ut
2822 775 3116 831 reddamus
3140 776 3374 832 Domino

1788 865 2019 919 fructum
2077 865 2414 935 temporibus
2460 866 2613 933 suis,
2667 874 2725 922 et
2765 866 3005 923 sciamus
3056 882 3385 940 unoquoque

1790 967 2038 1023 tempore
2068 956 2194 1025 quid
2224 964 2476 1025 oporteat
2506 972 2610 1012 nos
2639 958 2723 1012 vel
2753 958 2920 1026 loqui,
2951 959 3036 1014 vel
3071 958 3274 1016 facere.

1859 1048 2042 1120 (Vers.
2070 1047 2191 1119 42.)
2216 1046 2359 1105 Dicit
2396 1048 2507 1103 illis
2531 1049 2690 1104 Iesus
2716 1067 2737 1105 .°
2770 1048 3075 1122 Numquam
3103 1052 3305 1124 legistis
3330 1053 3385 1109 in

1792 1141 2078 1213 Scripturis
2110 1158 2128 1195 :
2160 1140 2412 1212 Lepidum
2444 1158 2593 1211 quem
2624 1142 3385 1215 reprobaverunttediﬁcantes,

1786 1234 1871 1288 hic
1904 1237 2071 1305 [actus
2107 1245 2182 1289 est
2208 1236 2265 1288 in
2293 1243 2449 1307 caput
2464 1236 2666 1307 anguli.
2691 1235 2849 1308 173
2873 1236 2915 1290 Α
2941 1235 3168 1291 Domino
3187 1240 3387 1303 factum

1787 1340 1862 1384 est
1894 1330 2049 1396 illud,
2074 1338 2122 1383 et
2149 1339 2224 1383 est
2258 1330 2494 1384 mirabile
2536 1331 2591 1384 in
2631 1332 2800 1385 oculis
2843 1334 3036 1386 nostris
3063 1331 3180 1402 (Ps.
3210 1348 3377 1402 cxvu,

1786 1422 1878 1483 εἰ,
1928 1421 2043 1493 ‘23).
2096 1420 2273 1476 Variis
2319 1421 2593 1491 parabolis
2650 1421 2994 1492 diversisque
3041 1427 3387 1484 sermonibus

1790 1530 1879 1571 res
1900 1516 2106 1571 eaedem
2126 1524 2516 1570 contexuntur.
2542 1515 2693 1584 Quos
2713 1516 2857 1572 enim
2879 1530 3043 1587 supra
3076 1519 3383 1588 operarios,

1787 1620 1842 1664 et
1873 1609 2155 1676 vinitores,
2182 1618 2236 1662 et
2256 1606 2525 1678 agricolas
2550 1609 2871 1679 appellarat,
2907 1624 3053 1665 nunc
3082 1609 3386 1666 aedificato-

1789 1720 1899 1772 ree,
1933 1704 1985 1759 id
2017 1714 2125 1770 est,
2157 1704 2538 1761 carmentarios
2564 1715 2744 1762 vocat.
2769 1706 2925 1762 Unde
2976 1707 3106 1762 dicit
3152 1708 3386 1779 Aposto-

111 1794 380 1858 ceciderttnt,
429 1794 623 1847 alium
672 1794 1011 1859 occiderant,
1057 1794 1222 1847 alium
1259 1811 1376 1849 rero
1423 1795 1687 1864 lapidat‘c-
1712 1788 1765 1853 Β
1792 1797 1900 1852 lus:
1923 1796 2020 1851 Dei
2035 1799 2382 1868 agricultura,
2402 1798 2497 1853 Dei
2519 1800 2804 1867 a'di/icatio
2828 1801 2950 1855 estis
2981 1799 3026 1871 (l
3059 1800 3182 1855 Cor.
3204 1801 3380 1874 ttt,9).

112 1895 221 1939 rant.
244 1884 435 1941 Iterum
462 1886 615 1942 misit
653 1887 790 1941 alios
813 1902 985 1941 mos
1012 1887 1187 1958 plures
1216 1887 1497 1954 prioribus,
1530 1888 1687 1960 172

114 1988 151 2031 et
163 1981 366 2045 fecerunt
392 1980 504 2034 illis
534 1980 810 2035 similiter.
829 1979 1055 2035 Dederat
1076 1980 1158 2035 eis
1171 1980 1426 2049 Legem,a
1439 1989 1493 2034 et
1515 1981 1567 2034 in
1585 1980 1689 2035 hac

115 2087 185 2128 eos
208 2073 352 2128 vinea
375 2076 608 2144 operari
639 2074 902 2145 iusserat,
938 2085 995 2127 ut
1026 2074 1258 2129 fructum
1284 2073 1444 2145 Legis
1470 2074 1523 2128 in
1545 2088 1684 2143 ope-

121 2164 238 2221 ribus
262 2166 619 2223 esbiberent.
649 2166 848 2223 Postea
879 2168 1029 2223 misit
1050 2168 1116 2223 ad
1146 2183 1245 2223 eos
1295 2183 1514 2237 servos,
1547 2183 1687 2239 quos

120 2257 176 2311 illi
210 2260 587 2331 apprehensos
632 2261 725 2318 vel
755 2262 1100 2329 ceciderunt,
1135 2269 1194 2316 ut
1230 2261 1556 2328 Jeremiam;
1597 2261 1684 2318 vel

120 2351 412 2418 occiderunt,
444 2363 509 2410 ut
548 2355 787 2419 Isaiam;
820 2356 903 2408 vel
946 2354 1348 2425 lapidaverunt,
1381 2364 1441 2410 ut
1469 2355 1683 2410 Naboth

121 2441 185 2509 (ιιι
220 2441 338 2515 Reg.
368 2449 526 2517 χχι),
580 2458 643 2502 et
692 2446 1043 2509 Zachariam,
1076 2461 1237 2513 quem
1287 2446 1685 2502 interfecerunt

125 2537 231 2595 inter
269 2544 528 2614 templum
583 2551 646 2599 et
690 2543 863 2598 altare
906 2542 973 2611 (ll
1025 2541 1152 2597 Par.
1184 2543 1360 2612 χχιιι).
1413 2542 1684 2612 Legamus

125 2631 367 2697 epistolam
410 2634 571 2691 Pauli
626 2633 697 2689 ad
746 2633 1004 2688 Hatbreos
1052 2632 1244 2705 (Hebr.
1278 2633 1381 2705 χι);
1405 2644 1461 2688 ει
1506 2647 1571 2689 ex
1618 2647 1682 2689 ea

127 2718 146 2757 ιδ
168 2723 452 2791 plenissime
481 2728 773 2783 discemus
794 2727 883 2798 qui
913 2741 1206 2783 servorum
1238 2727 1454 2782 Domini
1482 2736 1680 2797 quanta

126 2819 324 2884 perpessi
352 2819 483 2876 sint.

180 2908 339 2978 (Vera.
366 2912 457 2980 37,
485 2913 616 2984 38.)
650 2912 947 2969 Novissime
968 2925 1140 2969 autem
1191 2914 1328 2969 misit
1373 2915 1442 2968 ad
1481 2931 1565 2969 eos
1612 2916 1680 2985 ﬁ-

128 2998 226 3054 lium
248 3019 411 3070 suum,
441 3006 633 3061 dicens
654 3021 672 3057 :
708 3004 1034 3060 Verebantur
1067 3006 1237 3077 filium
1285 3023 1478 3063 meum.
1526 3007 1685 3078 Agri-

132 3093 226 3147 cola
241 3106 402 3151 autem
431 3100 676 3153 ridentes
706 3098 902 3167 ﬁlium,
934 3098 1176 3153 dixerunt
1205 3100 1345 3154 intra
1367 3117 1420 3154 se
1452 3098 1577 3154 :hic
1608 3108 1683 3154 est

132 3182 279 3251 heres;
301 3191 482 3256 venite,
514 3191 826 3245 occidamus
847 3206 984 3258 eum,
1008 3201 1061 3247 et
1079 3191 1377 3247 habebimus
1406 3194 1684 3247 lueredita-
1709 3172 1756 3237 Ο

134 3285 209 3329 lem
241 3285 360 3354 ejus.
386 3283 440 3339 In
479 3301 553 3341 eo
582 3285 736 3356 quod
786 3298 950 3354 supra
984 3285 1211 3356 legimus
1250 3285 1493 3341 :Iterum
1542 3288 1680 3340 misit

128 3374 228 3429 alios
248 3393 407 3434 seruos
430 3382 614 3452 plures
642 3380 905 3450 prioribus
924 3426 938 3450 ,
963 3392 1012 3436 et
1039 3382 1265 3450 fecerunt
1292 3383 1397 3436 illis
1418 3381 1679 3450 similiter,

130 3469 394 3535 patientiam
421 3475 678 3531 ostendit
702 3473 1129 3545 patrisfamilias,
1160 3477 1303 3546 quod
1344 3476 1683 3547 frequentius

131 3562 325 3637 miserit,
356 3579 413 3624 ut
440 3570 626 3625 malos
651 3570 881 3625 colonos
910 3570 976 3625 ad
1000 3571 1378 3641 paenitentiam
1414 3586 1682 3641 provoca-

130 3664 193 3707 ret
213 3672 228 3710 :
252 3656 321 3713 illi
347 3673 541 3718 autem
569 3661 1072 3718 thesaurizaverunt
1096 3663 1202 3717 sibi
1232 3664 1367 3717 iram
1392 3664 1446 3718 in
1472 3664 1561 3719 die
1585 3664 1681 3719 ira:

134 3744 274 3814 (Rom.
301 3751 377 3824 ιι).
402 3755 581 3812 Porro
606 3755 749 3826 quod
776 3756 1063 3827 jungitur:
1097 3755 1422 3812 Verebantur
1456 3768 1476 3795 ο
1511 3757 1682 3827 ﬁliam

136 3852 286 3908 Mm,
307 3859 410 3903 non
438 3849 519 3904 de
544 3847 857 3917 ignorantia
898 3850 1069 3903 venit.
1094 3847 1233 3915 Quid
1276 3849 1421 3904 enim
1471 3850 1682 3905 nesciat

136 3933 509 4002 Paterfamilias,
538 3940 633 4011 qui
679 3940 785 3994 hoc
813 3939 931 3995 loco
961 3939 1104 3995 Deus
1133 3940 1296 3996 Pater
1323 3939 1681 4011 intelligitur?

50 4008 53 4065 έ
135 4020 213 4078 Sed
235 4040 433 4102 semper
460 4008 749 4103 ambigere
777 4031 979 4087 dicitur
1008 4032 1175 4101 Deus,
1207 4043 1262 4088 ut
1286 4033 1460 4089 libera
1489 4008 1681 4090 volun-

140 4120 200 4169 las
232 4119 418 4180 homini
442 4132 788 4182 reservetur.
820 4123 1223 4196 lnterrogemus
1246 4125 1436 4181 Arium
1479 4137 1533 4182 et
1569 4126 1680 4182 Eu-

141 4213 350 4272 nomium.
379 4219 525 4278 Ecce
543 4230 703 4291 pater
730 4219 932 4276 dicitur
958 4222 1232 4292 ignorare,
1257 4229 1313 4277 et
1351 4222 1680 4278 sententiam

141 4308 380 4379 temperat,
406 4323 464 4369 et
507 4319 774 4384 quantum
825 4311 879 4367 iu
922 4312 1078 4367 vobis
1123 4320 1231 4376 est,
1259 4313 1525 4383 probatur
1557 4327 1682 4371 esse

142 4400 365 4459 mentitus.
394 4404 674 4476 Quidquid
704 4420 803 4476 pro
830 4405 994 4461 Patre
1024 4404 1429 4475 responderint,
1459 4405 1562 4461 hoc
1593 4407 1680 4462 in-

144 4485 341 4560 telligaut
360 4511 459 4565 pro
478 4495 639 4562 Filio,
670 4495 764 4567 qui
791 4510 851 4552 se
873 4494 1002 4551 dicit
1033 4496 1287 4566 ignorare
1326 4510 1675 4553 consumma-

142 4576 268 4636 tionis
292 4585 448 4644 diem.

197 4670 346 4743 (νει-ε.
373 4682 488 4754 39.)
528 4680 597 4736 Et
641 4682 1019 4753 apprehensum
1056 4698 1203 4749 eum,
1242 4687 1505 4756 ejecerunt
1536 4695 1684 4741 extra

145 4763 321 4839 tineam,
344 4786 388 4830 et
432 4776 754 4832 occiderunt.
801 4778 862 4832 Et
901 4777 1200 4848 Apostolus
1246 4778 1502 4850 loquitur,
1537 4781 1684 4849 quod

147 4870 261 4918 extra
288 4881 482 4938 portant
510 4872 672 4929 Jesus
692 4872 988 4929 cruciﬁxus
1016 4874 1089 4929 sit
1113 4873 1274 4941 (Heb.
1309 4875 1448 4947 xm).
1481 4876 1682 4933 Possu-

146 4962 237 5009 mus
255 4967 302 5015 et
322 4963 473 5022 aliter
497 4964 840 5035 intelligere;
872 4962 1016 5036 quod
1062 4966 1270 5038 ejectus
1296 4968 1367 5023 sit
1398 4975 1553 5025 extra
1593 4970 1679 5024 vi-

54 5056 57 5075 '
148 5054 284 5116 “eam,
308 5067 351 5111 et
378 5058 448 5115 ibi
484 5059 700 5114 occisus
731 5066 832 5113 :ut
857 5059 1282 5129 suscipientibus
1310 5075 1370 5115 sc
1402 5061 1678 5131 gentibus,

54 5254 57 5339 Ι

52 5552 59 5677 ι

51 5756 59 5827 l

149 5134 238 5194 aliis
268 5146 409 5206 vinea
433 5152 734 5208 locaretur.

198 5230 345 5304 (Vers.
370 5245 461 5312 ιω,
483 5243 604 5318 Η.)
635 5243 763 5300 Cum
804 5262 924 5316 ergo
970 5248 1169 5302 uenerit
1202 5245 1458 5302 Dominus
1500 5248 1680 5317 vinem,

146 5322 240 5387 quid
259 5333 397 5399 faciet
422 5338 674 5411 agricolis
702 5336 815 5393 illis
828 5338 854 5391 ?
872 5339 1035 5393 Aiunt
1054 5339 1134 5394 illi
1160 5355 1177 5392 :
1202 5338 1258 5392 Η
1263 5340 1318 5393 al
1324 5357 1380 5394 os
1405 5341 1542 5396 male
1560 5359 1682 5415 per-

200 5440 437 5527 ‘nlluctor
480 5452 648 5524 hujus
687 5453 1045 5525 exp0sitionis
1094 5454 1472 5523 Adamantius,
1523 5457 1679 5527 cujus

147 5515 369 5594 ρτριίδὶριι
395 5515 675 5584 εοιιιεχιιιί
710 5515 883 5594 parcit
910 5537 1162 5581 notarum
1194 5528 1456 5582 brevitas.

149 5584 378 5721 [Jﬁfddit
420 5613 565 5655 unus
603 5584 750 5667 Pali,
783 5598 897 5669 quis
938 5614 1203 5654 servorum
1248 5598 1463 5654 Domini
1509 5598 1680 5654 exitus

203 5703 504 5798 c"interserit
528 5739 742 5796 Victor.
764 5732 853 5796 hic
884 5744 1037 5798 forte.

201 5798 220 5837 δ
239 5803 476 5886 Corrupto
505 5813 712 5871 lectum
741 5816 826 5869 est
851 5798 1186 5884 Martiattato,
1213 5806 1483 5884 habentes,
1517 5824 1681 5886 quam

1790 1889 1853 1943 Hi
1888 1905 2020 1960 ergo
2047 1891 2379 1945 caementarii
2409 1891 2685 1960 quomodo
2716 1900 2770 1946 et
2798 1892 3057 1947 vinitores
3107 1894 3383 1964 accipiunt

1787 1983 2027 2051 vineam,
2061 1984 2140 2037 sic
2182 1994 2513 2054 acceperunt
2552 1983 2811 2053 lapidem,
2845 2000 3003 2055 quem
3036 1985 3119 2040 vel
3167 1986 3219 2040 in
3252 1986 3380 2042 fun-

1787 2076 2060 2131 damentis
2082 2086 2303 2146 ponant,
2339 2077 2497 2147 juxta
2530 2079 2887 2133 architectum
2913 2072 3142 2135 Paulum
3162 2078 3381 2153 (Ibid);

1788 2168 1875 2223 vel
1908 2168 1960 2223 in
1998 2169 2231 2240 angulo,
2274 2179 2332 2225 ut
2372 2170 2511 2225 duos
2556 2173 2815 2241 parietes,
2863 2171 2916 2226 id
2955 2183 3059 2239 est,
3117 2174 3382 2244 populum

1788 2270 2077 2331 utrumque
2126 2262 2402 2318 consociet
2426 2261 2649 2335 (Ephes.
2684 2263 2766 2335 tt),
2804 2264 2891 2335 qui
2937 2265 3259 2335 reprobatus
3308 2265 3378 2321 ab

1788 2356 1889 2419 eis,
1920 2353 2091 2408 factus
2134 2364 2217 2410 est
2262 2354 2315 2408 in
2354 2364 2517 2424 caput
2552 2355 2755 2425 anguli.
2801 2354 2865 2409 Et
2910 2355 3013 2409 hoc
3062 2368 3095 2409 a
3139 2356 3372 2411 Domino

1788 2444 1987 2502 factum
2016 2454 2118 2512 est,
2146 2462 2256 2501 non
2286 2445 2535 2501 humanis
2566 2446 2795 2514 viribus,
2824 2446 2919 2502 sed
2968 2446 3061 2502 Dei
3115 2448 3381 2518 potentia.

1791 2539 1867 2595 De
1890 2539 1991 2593 hoc
2021 2539 2200 2609 lapide
2229 2538 2484 2609 adjutorii
2518 2538 2714 2594 Petrus
2743 2552 2960 2610 quoque
2989 2537 3226 2609 loquitur
3249 2554 3383 2595 con-

1789 2632 2020 2688 fidenter
2048 2650 2061 2686 :
2093 2632 2201 2687 Iste
2238 2633 2377 2701 lapis
2405 2633 2495 2704 qui
2529 2633 2839 2703 reprobatus
2877 2641 2956 2686 est
2981 2649 3012 2685 a
3042 2632 3185 2685 vobis
3212 2632 3384 2703 adiﬁ-

1787 2726 2041 2789 cantibus,
2064 2724 2148 2777 ltic
2174 2726 2342 2795 factus
2372 2732 2445 2778 est
2473 2726 2526 2778 in
2568 2735 2723 2796 caput
2748 2725 2929 2798 anguli
2951 2722 2994 2794 (1
3030 2722 3174 2778 Petr.
3207 2739 3265 2791 tt,
3296 2722 3377 2793 7).

1789 2817 1858 2871 Et
1900 2815 2065 2872 Isaias
2099 2834 2112 2870 :
2160 2816 2313 2881 Ecce,
2337 2817 2437 2882 ait,
2470 2817 2749 2871 immittam
2780 2817 2835 2871 in
2879 2817 3218 2888 fundamenta
3248 2814 3381 2870 Sion

1788 2910 2010 2981 lapidem
2033 2910 2272 2973 electum,
2301 2910 2605 2980 pretiosum,
2630 2912 2934 2982 angularem
2965 2920 3052 2966 :et
3094 2911 3183 2981 qui
3213 2910 3384 2964 credi-

1786 3002 1917 3056 drrit
1938 3003 1995 3057 in
2016 3018 2156 3068 eum,
2180 3017 2283 3054 non
2310 3001 2650 3069 confundetur
2677 2999 2831 3072 (Isai.
2858 3017 2915 3068 tt,
2949 3002 3060 3069 16).

1859 3096 2037 3166 (Vrrs.
2069 3095 2191 3166 45.)
2223 3091 2352 3149 Ideo
2383 3094 2502 3148 dico
2529 3095 2702 3161 vobis,
2735 3096 2859 3164 quia
2888 3099 3157 3166 auferetur
3180 3111 3213 3149 a
3241 3094 3381 3150 vobis

1788 3206 2001 3261 regnum
2037 3190 2166 3254 Dei,
2212 3202 2260 3244 et
2303 3191 2512 3244 dabitur
2553 3191 2694 3261 genti
2738 3191 2948 3259 facienti
2993 3190 3193 3260 fructus
3241 3194 3376 3263 ejus.

1786 3285 2087 3355 Aliquoties
2107 3285 2240 3346 dixi,
2263 3299 2487 3355 regnum
2520 3283 2616 3340 Dei
2640 3285 2950 3355 Scripturas
2977 3297 3189 3339 sanctas
3214 3285 3380 3341 intel-

1786 3380 1898 3451 ligi,
1932 3394 2066 3449 quas
2096 3379 2357 3434 Dominus
2379 3379 2602 3435 abstulit
2629 3396 2657 3434 a
2683 3379 2907 3448 Judads,
2938 3390 2991 3435 ct
3017 3381 3172 3435 nobis
3208 3381 3379 3437 tradi-

1785 3470 1892 3537 dit,
1943 3479 1999 3525 ιιι
2037 3470 2296 3525 faciamus
2327 3469 2532 3525 fructus
2564 3486 2771 3526 earum.
2808 3472 2910 3526 ista
2943 3480 3027 3526 est
3063 3472 3220 3527 vinea
3261 3489 3381 3543 qua:

1786 3563 2018 3620 traditur
2044 3562 2300 3635 agricolis
2339 3571 2398 3619 et
2439 3565 2761 3620 vinitoribus
2782 3609 2798 3633 ,
2831 3565 2882 3619 in
2915 3581 3019 3636 qua
3046 3563 3137 3636 qui
3169 3565 3383 3636 operati

1786 3673 1892 3711 non
1924 3656 2156 3723 fuerint,
2190 3670 2387 3711 nomen
2413 3663 2618 3711 tantum
2650 3656 2915 3712 habentes
2946 3656 3375 3727 Scripturarum,

1784 3752 1991 3806 fructus
2018 3752 2194 3807 vincte
2222 3751 2484 3821 perdituri
2514 3764 2658 3807 sum.

1859 3846 2040 3918 (Vers.
2068 3845 2185 3918 44.)
2219 3846 2282 3900 Ει
2326 3847 2417 3919 qui
2465 3847 2701 3901 ceciderit
2742 3862 2895 3916 super
2932 3845 3158 3919 lapidem
3188 3846 3379 3916 istum,

1785 3939 2176 4013 confringetur:
2203 3954 2359 4006 super
2388 3955 2536 4007 quem
2563 3955 2680 3993 vero
2709 3939 2967 4007 ceciderit,
2991 3948 3215 3995 conteret
3243 3956 3380 3997 eum.

1784 4035 1947 4091 Aliud
1978 4046 2060 4091 est
2092 4032 2370 4091 offendere
2402 4033 2681 4090 Christum
2716 4050 2811 4105 per
2839 4034 2977 4089 mala
3009 4048 3207 4105 opera,
3235 4032 3381 4091 aliud

1783 4143 2007 4200 negare.
2029 4127 2133 4198 Qui
2172 4139 2428 4199 peccator
2455 4136 2568 4194 est,
2607 4136 2662 4183 et
2695 4137 2871 4183 tamen
2903 4128 2954 4183 in
2981 4125 3131 4183 illum
3181 4128 3380 4198 credit,

1785 4223 1929 4280 cadit
1951 4222 2168 4295 quidem
2192 4237 2357 4292 super
2382 4220 2638 4293 lapidem,
2663 4226 2719 4277 et
2739 4219 3124 4293 confringitur,
3153 4221 3245 4276 sed
3273 4236 3380 4277 non

1785 4318 2007 4373 omnino
2024 4317 2357 4374 conteritur:
2381 4325 2693 4373 reservatur
2713 4314 2861 4371 enim
2884 4329 2982 4385 per
3006 4313 3379 4385 paenitentiam

1784 4411 1850 4466 ad
1878 4410 2130 4467 salutem.
2151 4409 2327 4481 Super
2351 4425 2513 4479 quem
2543 4423 2674 4465 vero
2704 4408 2801 4465 ille
2829 4408 3110 4475 ceciderit,
3137 4407 3243 4464 hoc
3273 4416 3377 4477 est,

1787 4506 1869 4562 cui
1901 4505 2038 4577 lapis
2073 4508 2189 4576 ipse
2224 4505 2480 4573 irruerit,
2522 4513 2576 4561 et
2607 4506 2698 4576 qui
2728 4502 3002 4560 Christum
3033 4504 3249 4573 penitus
3286 4518 3384 4560 ne-

1790 4599 1997 4672 gaverit
2020 4643 2035 4668 ,
2089 4599 2173 4652 sin
2198 4605 2448 4654 conteret
2474 4612 2629 4663 eum,
2659 4608 2716 4652 ut
2749 4611 2853 4653 nec
2883 4605 3021 4653 testa
3047 4595 3264 4669 quidem
3295 4611 3383 4653 re-

1791 4703 2027 4761 maneat,
2058 4691 2112 4747 in
2140 4704 2245 4761 qua
2274 4690 2560 4746 hauriatur
2588 4704 2745 4761 aqua:
2778 4690 3055 4760 pusillum.

1861 4783 2043 4855 (νει-8.
2069 4783 2162 4849 45,
2190 4781 2307 4853 46.)
2362 4781 2430 4835 Ει
2461 4798 2577 4836 cum
2604 4782 2871 4836 audissent
2919 4782 3179 4855 principes
3213 4798 3389 4838 sacer-

1789 4878 1969 4934 dotum
2008 4886 2057 4933 et
2093 4876 2353 4931 Pharistei
2382 4876 2660 4950 parabolas
2683 4879 2816 4948 ejus,
2851 4885 3196 4947 cognoverunt
3227 4876 3388 4948 174

1784 4970 1923 5040 quod
1949 4970 2013 5024 de
2038 4969 2163 5043 ipsis
2190 4967 2401 5022 diceret.
2436 4966 2507 5022 Et
2537 4978 2819 5038 quterenles
2846 4983 2961 5022 eum
2985 4977 3174 5035 tenere,
3202 4967 3387 5022 timue-

1783 5073 1906 5120 runt
1933 5063 2148 5119 turbas:
2184 5064 2429 5134 quoniam
2467 5061 2596 5117 sicut
2622 5060 2927 5133 prophetam
2959 5076 3076 5115 eum
3105 5060 3382 5117 habebant.

1785 5157 2039 5226 Quamvis
2070 5156 2206 5211 duro
2235 5155 2404 5211 corde
2437 5162 2651 5221 essent,
2692 5162 2745 5209 et
2775 5162 3002 5224 propter
3029 5151 3380 5210 incredulita-

1788 5260 1927 5318 tem,
1966 5259 2023 5304 et
2065 5249 2404 5319 impietatem
2442 5248 2494 5303 in
2524 5247 2718 5303 Filium
2749 5247 2844 5303 Dei
2874 5246 2900 5284 ἀ
2928 5246 3171 5315 hebetes,
3206 5257 3385 5303 tamen

1785 5352 2003 5413 apertas
2036 5340 2445 5413 propositiones
2466 5384 2482 5409 ,
2515 5354 2719 5411 negare
2750 5356 2857 5395 non
2899 5347 3188 5410 poterant:
3223 5350 3277 5393 et
3305 5340 3389 5393 ln-

1784 5471 1980 5513 vocem
2012 5452 2190 5510 inutili
2239 5469 2403 5509 sensu
2435 5453 2500 5507 ad
2530 5462 2738 5522 apertas
2777 5449 3163 5523 prapositiones
3183 5449 3387 5523 refero.

1786 5528 1900 5583 bat.
1940 5527 2051 5583 Nos
2085 5526 2336 5583 codicum
2389 5520 2575 5580 Palat.
2612 5540 2715 5591 ope
2762 5520 3098 5577 restituimus
3143 5520 3387 5575 hebetes:

1784 5599 1956 5655 Judtei
1984 5598 2191 5668 scilicet
2234 5605 2458 5668 pr0pter
2480 5591 2914 5668 incredulitatem
2944 5601 3104 5662 atque
3132 5591 3389 5668 impieta-

1786 5680 1895 5727 tem
1926 5667 2103 5726 obtusi
2131 5678 2186 5725 et
2203 5664 2556 5725 vecordchn
2584 5681 2693 5722 uno
2717 5667 2881 5724 etiam
2906 5679 3006 5721 ms.
3031 5664 3389 5734 responsiones

1787 5754 1889 5812 pro
1919 5741 2298 5813 propositiones
2327 5738 2661 5797 invenimus.
