  <div class='ocr_page' id='page_1' title='image "/cluster/home/n/w/nwhite01/storage/ocr_20150623/26/uva.x000826568/087.png"; bbox 0 0 4044 6326; ppageno 0'>
   <div class='ocr_carea' id='block_1_1' title="bbox 632 264 3997 331">
    <p class='ocr_par' dir='ltr' id='par_1_1' title="bbox 632 264 3997 331">
     <span class='ocr_line' id='line_1_1' title="bbox 632 264 3997 331; baseline -0.001 -1"><span class='ocrx_word' id='word_1_1' title='bbox 632 269 744 331; x_wconf 78' lang='lat' dir='ltr'><strong>I59</strong></span> <span class='ocrx_word' id='word_1_2' title='bbox 948 264 969 291; x_wconf 72' lang='grc'>⁸</span> <span class='ocrx_word' id='word_1_3' title='bbox 1905 269 1964 326; x_wconf 78' lang='lat'><strong>5.</strong></span> <span class='ocrx_word' id='word_1_4' title='bbox 2012 266 2283 327; x_wconf 78' lang='lat' dir='ltr'><strong>EUSEBII</strong></span> <span class='ocrx_word' id='word_1_5' title='bbox 2320 269 2703 327; x_wconf 76' lang='lat' dir='ltr'><strong>HIERONYMI</strong></span> <span class='ocrx_word' id='word_1_6' title='bbox 3852 271 3997 328; x_wconf 65' lang='lat'><strong>{60</strong></span> 
     </span>
    </p>
   </div>
   <div class='ocr_carea' id='block_1_2' title="bbox 639 385 4001 461">
    <p class='ocr_par' dir='ltr' id='par_1_2' title="bbox 639 385 4001 461">
     <span class='ocr_line' id='line_1_2' title="bbox 639 385 4001 461; baseline -0.001 -14"><span class='ocrx_word' id='word_1_7' title='bbox 639 389 961 461; x_wconf 86' lang='lat' dir='ltr'><strong>telligebant</strong></span> <span class='ocrx_word' id='word_1_8' title='bbox 982 396 1170 445; x_wconf 89' lang='lat' dir='ltr'><strong>contra</strong></span> <span class='ocrx_word' id='word_1_9' title='bbox 1191 402 1251 443; x_wconf 87' lang='lat' dir='ltr'><strong>se</strong></span> <span class='ocrx_word' id='word_1_10' title='bbox 1270 400 1459 443; x_wconf 85' lang='lat' dir='ltr'><strong>omnes</strong></span> <span class='ocrx_word' id='word_1_11' title='bbox 1481 386 1699 443; x_wconf 87' lang='lat' dir='ltr'><strong>Domini</strong></span> <span class='ocrx_word' id='word_1_12' title='bbox 1720 387 2022 442; x_wconf 74' lang='lat' dir='ltr'><strong>sententias</strong></span> <span class='ocrx_word' id='word_1_13' title='bbox 2044 385 2226 458; x_wconf 89' lang='lat' dir='ltr'><strong>dirigi.</strong></span> <span class='ocrx_word' id='word_1_14' title='bbox 2258 386 2314 448; x_wconf 77' lang='grc' dir='ltr'><strong>Α</strong></span> <span class='ocrx_word' id='word_1_15' title='bbox 2337 388 2567 443; x_wconf 83' lang='lat' dir='ltr'><strong>occisia:</strong></span> <span class='ocrx_word' id='word_1_16' title='bbox 2599 397 2650 442; x_wconf 91' lang='lat' dir='ltr'><strong>et</strong></span> <span class='ocrx_word' id='word_1_17' title='bbox 2682 402 2783 456; x_wconf 87' lang='lat' dir='ltr'><strong>per</strong></span> <span class='ocrx_word' id='word_1_18' title='bbox 2811 401 3091 442; x_wconf 81' lang='lat' dir='ltr'><strong>servorum</strong></span> <span class='ocrx_word' id='word_1_19' title='bbox 3122 395 3347 454; x_wconf 89' lang='lat' dir='ltr'><strong>mortes,</strong></span> <span class='ocrx_word' id='word_1_20' title='bbox 3371 396 3723 459; x_wconf 76' lang='lat' dir='ltr'><strong>contemptus</strong></span> <span class='ocrx_word' id='word_1_21' title='bbox 3750 396 4001 442; x_wconf 66' lang='lat' dir='ltr'><strong>omen-</strong></span> 
     </span>
    </p>
   </div>
   <div class='ocr_carea' id='block_1_3' title="bbox 639 479 2841 552">
    <p class='ocr_par' dir='ltr' id='par_1_3' title="bbox 639 479 2841 552">
     <span class='ocr_line' id='line_1_3' title="bbox 639 479 2841 552; baseline -0.004 -11"><span class='ocrx_word' id='word_1_22' title='bbox 639 482 800 542; x_wconf 81' lang='lat' dir='ltr'><strong>Unde</strong></span> <span class='ocrx_word' id='word_1_23' title='bbox 823 483 1078 538; x_wconf 88' lang='lat' dir='ltr'><strong>volebant</strong></span> <span class='ocrx_word' id='word_1_24' title='bbox 1096 480 1313 552; x_wconf 84' lang='lat' dir='ltr'><strong>quidem</strong></span> <span class='ocrx_word' id='word_1_25' title='bbox 1336 495 1461 537; x_wconf 88' lang='lat' dir='ltr'><strong>eum</strong></span> <span class='ocrx_word' id='word_1_26' title='bbox 1494 482 1824 545; x_wconf 78' lang='lat' dir='ltr'><strong>interﬁcere,</strong></span> <span class='ocrx_word' id='word_1_27' title='bbox 1852 481 1947 537; x_wconf 85' lang='lat' dir='ltr'><strong>sed</strong></span> <span class='ocrx_word' id='word_1_28' title='bbox 1973 482 2234 537; x_wconf 84' lang='lat' dir='ltr'><strong>timebant</strong></span> <span class='ocrx_word' id='word_1_29' title='bbox 2338 479 2484 534; x_wconf 90' lang='lat' dir='ltr'><strong>ditur</strong></span> <span class='ocrx_word' id='word_1_30' title='bbox 2514 481 2841 549; x_wconf 76' lang='lat' dir='ltr'><strong>nuptiarum.</strong></span> 
     </span>
    </p>
   </div>
   <div class='ocr_carea' id='block_1_4' title="bbox 639 572 3999 644">
    <p class='ocr_par' dir='ltr' id='par_1_4' title="bbox 639 572 3999 644">
     <span class='ocr_line' id='line_1_4' title="bbox 639 572 3999 644; baseline -0.001 -14"><span class='ocrx_word' id='word_1_31' title='bbox 639 575 855 630; x_wconf 89' lang='lat' dir='ltr'><strong>turbas:</strong></span> <span class='ocrx_word' id='word_1_32' title='bbox 878 575 1001 642; x_wconf 87' lang='lat' dir='ltr'><strong>quia</strong></span> <span class='ocrx_word' id='word_1_33' title='bbox 1025 574 1168 629; x_wconf 81' lang='lat' dir='ltr'><strong>sicut</strong></span> <span class='ocrx_word' id='word_1_34' title='bbox 1190 572 1512 644; x_wconf 82' lang='lat' dir='ltr'><strong>praphctam</strong></span> <span class='ocrx_word' id='word_1_35' title='bbox 1536 587 1660 626; x_wconf 89' lang='lat' dir='ltr'><strong>eum</strong></span> <span class='ocrx_word' id='word_1_36' title='bbox 1685 573 1979 628; x_wconf 90' lang='lat' dir='ltr'><strong>habebant.</strong></span> <span class='ocrx_word' id='word_1_37' title='bbox 2003 574 2234 643; x_wconf 85' lang='lat' dir='ltr'><strong>Semper</strong></span> <span class='ocrx_word' id='word_1_38' title='bbox 2408 573 2587 641; x_wconf 87' lang='lat' dir='ltr'><strong>(Vers.</strong></span> <span class='ocrx_word' id='word_1_39' title='bbox 2618 574 2700 640; x_wconf 77' lang='lat'><strong>7.)</strong></span> <span class='ocrx_word' id='word_1_40' title='bbox 2733 572 2847 628; x_wconf 75' lang='lat' dir='ltr'><strong>Rea:</strong></span> <span class='ocrx_word' id='word_1_41' title='bbox 2874 582 3048 627; x_wconf 87' lang='lat' dir='ltr'><strong>autem</strong></span> <span class='ocrx_word' id='word_1_42' title='bbox 3089 590 3206 628; x_wconf 89' lang='lat' dir='ltr'><strong>cum</strong></span> <span class='ocrx_word' id='word_1_43' title='bbox 3236 574 3500 641; x_wconf 86' lang='lat' dir='ltr'><strong>audisset,</strong></span> <span class='ocrx_word' id='word_1_44' title='bbox 3529 574 3699 627; x_wconf 86' lang='lat' dir='ltr'><strong>iratus</strong></span> <span class='ocrx_word' id='word_1_45' title='bbox 3726 584 3840 629; x_wconf 88' lang='lat' dir='ltr'><strong>est.</strong></span> <span class='ocrx_word' id='word_1_46' title='bbox 3889 573 3999 629; x_wconf 84' lang='lat' dir='ltr'><strong>De</strong></span> 
     </span>
    </p>
   </div>
   <div class='ocr_carea' id='block_1_5' title="bbox 633 646 3994 736">
    <p class='ocr_par' dir='ltr' id='par_1_5' title="bbox 633 646 3994 736">
     <span class='ocr_line' id='line_1_5' title="bbox 633 646 3994 736; baseline -0.001 -16"><span class='ocrx_word' id='word_1_47' title='bbox 633 666 792 720; x_wconf 90' lang='lat' dir='ltr'><strong>turba</strong></span> <span class='ocrx_word' id='word_1_48' title='bbox 819 663 1039 719; x_wconf 82' lang='lat' dir='ltr'><strong>mobilis</strong></span> <span class='ocrx_word' id='word_1_49' title='bbox 1067 672 1174 732; x_wconf 90' lang='lat' dir='ltr'><strong>est,</strong></span> <span class='ocrx_word' id='word_1_50' title='bbox 1208 678 1310 719; x_wconf 93' lang='lat' dir='ltr'><strong>nec</strong></span> <span class='ocrx_word' id='word_1_51' title='bbox 1359 663 1411 718; x_wconf 91' lang='lat' dir='ltr'><strong>in</strong></span> <span class='ocrx_word' id='word_1_52' title='bbox 1446 665 1720 735; x_wconf 87' lang='lat' dir='ltr'><strong>proposita</strong></span> <span class='ocrx_word' id='word_1_53' title='bbox 1755 665 2030 720; x_wconf 87' lang='lat' dir='ltr'><strong>voluntate</strong></span> <span class='ocrx_word' id='word_1_54' title='bbox 2060 666 2236 735; x_wconf 84' lang='lat' dir='ltr'><strong>persi-</strong></span> <span class='ocrx_word' id='word_1_55' title='bbox 2335 679 2445 734; x_wconf 91' lang='lat' dir='ltr'><strong>quo</strong></span> <span class='ocrx_word' id='word_1_56' title='bbox 2471 665 2675 718; x_wconf 77' lang='lat' dir='ltr'><strong>dictum</strong></span> <span class='ocrx_word' id='word_1_57' title='bbox 2722 679 2885 734; x_wconf 85' lang='lat' dir='ltr'><strong>supra</strong></span> <span class='ocrx_word' id='word_1_58' title='bbox 2918 664 3128 719; x_wconf 80' lang='lat' dir='ltr'><strong>fuerat:</strong></span> <span class='ocrx_word' id='word_1_59' title='bbox 3159 664 3347 720; x_wconf 83' lang='lat' dir='ltr'><strong>Simile</strong></span> <span class='ocrx_word' id='word_1_60' title='bbox 3388 646 3994 736; x_wconf 26' lang='lat' dir='ltr'><strong>factum‘Es’txregnum</strong></span> 
     </span>
    </p>
   </div>
   <div class='ocr_carea' id='block_1_6' title="bbox 632 752 3997 826">
    <p class='ocr_par' dir='ltr' id='par_1_6' title="bbox 632 752 3997 826">
     <span class='ocr_line' id='line_1_6' title="bbox 632 752 3997 826; baseline -0 -15"><span class='ocrx_word' id='word_1_61' title='bbox 632 764 819 811; x_wconf 86' lang='lat' dir='ltr'><strong>stens:</strong></span> <span class='ocrx_word' id='word_1_62' title='bbox 850 765 1013 821; x_wconf 88' lang='lat' dir='ltr'><strong>atque</strong></span> <span class='ocrx_word' id='word_1_63' title='bbox 1044 754 1099 808; x_wconf 91' lang='lat' dir='ltr'><strong>in</strong></span> <span class='ocrx_word' id='word_1_64' title='bbox 1132 768 1341 808; x_wconf 91' lang='lat' dir='ltr'><strong>morem</strong></span> <span class='ocrx_word' id='word_1_65' title='bbox 1373 754 1657 819; x_wconf 83' lang='lat' dir='ltr'><strong>ﬂuctuum.</strong></span> <span class='ocrx_word' id='word_1_66' title='bbox 1684 765 1712 793; x_wconf 71' lang='grc' dir='ltr'><strong>ι</strong></span> <span class='ocrx_word' id='word_1_67' title='bbox 1732 755 2074 811; x_wconf 87' lang='lat' dir='ltr'><strong>diversorum</strong></span> <span class='ocrx_word' id='word_1_68' title='bbox 2103 771 2235 812; x_wconf 85' lang='lat' dir='ltr'><strong>ven-</strong></span> <span class='ocrx_word' id='word_1_69' title='bbox 2335 752 2578 809; x_wconf 70' lang='lat' dir='ltr'><strong>caelorum</strong></span> <span class='ocrx_word' id='word_1_70' title='bbox 2602 754 2806 808; x_wconf 79' lang='lat' dir='ltr'><strong>homini</strong></span> <span class='ocrx_word' id='word_1_71' title='bbox 2834 756 2964 826; x_wconf 81' lang='lat' dir='ltr'><strong>regi,</strong></span> <span class='ocrx_word' id='word_1_72' title='bbox 2991 755 3211 826; x_wconf 84' lang='lat' dir='ltr'><strong>quando</strong></span> <span class='ocrx_word' id='word_1_73' title='bbox 3239 755 3502 810; x_wconf 82' lang='lat' dir='ltr'><strong>invitabat</strong></span> <span class='ocrx_word' id='word_1_74' title='bbox 3526 756 3593 809; x_wconf 90' lang='lat' dir='ltr'><strong>ad</strong></span> <span class='ocrx_word' id='word_1_75' title='bbox 3619 756 3885 826; x_wconf 82' lang='lat' dir='ltr'><strong>nuptias,</strong></span> <span class='ocrx_word' id='word_1_76' title='bbox 3919 764 3997 810; x_wconf 78' lang='lat' dir='ltr'><strong>et</strong></span> 
     </span>
    </p>
   </div>
   <div class='ocr_carea' id='block_1_7' title="bbox 634 846 3991 918">
    <p class='ocr_par' dir='ltr' id='par_1_7' title="bbox 634 846 3991 918">
     <span class='ocr_line' id='line_1_7' title="bbox 634 846 3991 918; baseline -0.001 -15"><span class='ocrx_word' id='word_1_77' title='bbox 634 858 815 903; x_wconf 85' lang='lat' dir='ltr'><strong>torum</strong></span> <span class='ocrx_word' id='word_1_78' title='bbox 836 846 1043 917; x_wconf 84' lang='lat' dir='ltr'><strong>impetu</strong></span> <span class='ocrx_word' id='word_1_79' title='bbox 1067 846 1172 902; x_wconf 86' lang='lat' dir='ltr'><strong>huc</strong></span> <span class='ocrx_word' id='word_1_80' title='bbox 1190 846 1427 918; x_wconf 88' lang='lat' dir='ltr'><strong>illucque</strong></span> <span class='ocrx_word' id='word_1_81' title='bbox 1451 847 1709 903; x_wconf 84' lang='lat' dir='ltr'><strong>trahitur.</strong></span> <span class='ocrx_word' id='word_1_82' title='bbox 1726 847 1896 916; x_wconf 85' lang='lat' dir='ltr'><strong>Quem</strong></span> <span class='ocrx_word' id='word_1_83' title='bbox 1918 865 2060 903; x_wconf 91' lang='lat' dir='ltr'><strong>nunc</strong></span> <span class='ocrx_word' id='word_1_84' title='bbox 2082 850 2232 918; x_wconf 89' lang='lat' dir='ltr'><strong>quasi</strong></span> <span class='ocrx_word' id='word_1_85' title='bbox 2335 846 2529 916; x_wconf 88' lang='lat' dir='ltr'><strong>agebat</strong></span> <span class='ocrx_word' id='word_1_86' title='bbox 2557 862 2721 914; x_wconf 82' lang='lat' dir='ltr'><strong>opera</strong></span> <span class='ocrx_word' id='word_1_87' title='bbox 2749 849 3054 903; x_wconf 75' lang='lat' dir='ltr'><strong>elementim</strong></span> <span class='ocrx_word' id='word_1_88' title='bbox 3074 889 3091 912; x_wconf 89' lang='lat'><strong>,</strong></span> <span class='ocrx_word' id='word_1_89' title='bbox 3119 847 3361 903; x_wconf 91' lang='lat' dir='ltr'><strong>hominis</strong></span> <span class='ocrx_word' id='word_1_90' title='bbox 3398 862 3594 903; x_wconf 89' lang='lat' dir='ltr'><strong>nomen</strong></span> <span class='ocrx_word' id='word_1_91' title='bbox 3625 850 3991 918; x_wconf 84' lang='lat' dir='ltr'><strong>appositum</strong></span> 
     </span>
    </p>
   </div>
   <div class='ocr_carea' id='block_1_8' title="bbox 632 940 3995 1014">
    <p class='ocr_par' dir='ltr' id='par_1_8' title="bbox 632 940 3995 1014">
     <span class='ocr_line' id='line_1_8' title="bbox 632 940 3995 1014; baseline 0 -19"><span class='ocrx_word' id='word_1_92' title='bbox 632 940 954 1014; x_wconf 82' lang='lat' dir='ltr'><strong>prophetam</strong></span> <span class='ocrx_word' id='word_1_93' title='bbox 1019 949 1354 996; x_wconf 84' lang='lat' dir='ltr'><strong>venerantur</strong></span> <span class='ocrx_word' id='word_1_94' title='bbox 1396 950 1451 997; x_wconf 90' lang='lat' dir='ltr'><strong>et</strong></span> <span class='ocrx_word' id='word_1_95' title='bbox 1495 941 1687 997; x_wconf 88' lang='lat' dir='ltr'><strong>colunt</strong></span> <span class='ocrx_word' id='word_1_96' title='bbox 1732 960 1746 995; x_wconf 91' lang='lat'><strong>:</strong></span> <span class='ocrx_word' id='word_1_97' title='bbox 1794 952 1982 1013; x_wconf 91' lang='lat' dir='ltr'><strong>postea</strong></span> <span class='ocrx_word' id='word_1_98' title='bbox 2041 951 2233 998; x_wconf 88' lang='lat' dir='ltr'><strong>contra</strong></span> <span class='ocrx_word' id='word_1_99' title='bbox 2337 949 2444 1008; x_wconf 86' lang='lat' dir='ltr'><strong>est,</strong></span> <span class='ocrx_word' id='word_1_100' title='bbox 2471 955 2613 994; x_wconf 90' lang='lat' dir='ltr'><strong>nunc</strong></span> <span class='ocrx_word' id='word_1_101' title='bbox 2635 940 2850 1010; x_wconf 89' lang='lat' dir='ltr'><strong>quando</strong></span> <span class='ocrx_word' id='word_1_102' title='bbox 2871 941 2938 994; x_wconf 88' lang='lat' dir='ltr'><strong>ad</strong></span> <span class='ocrx_word' id='word_1_103' title='bbox 2968 941 3228 995; x_wconf 78' lang='lat' dir='ltr'><strong>ultionem</strong></span> <span class='ocrx_word' id='word_1_104' title='bbox 3260 940 3429 1007; x_wconf 87' lang='lat' dir='ltr'><strong>venit,</strong></span> <span class='ocrx_word' id='word_1_105' title='bbox 3460 942 3623 995; x_wconf 85' lang='lat' dir='ltr'><strong>homo</strong></span> <span class='ocrx_word' id='word_1_106' title='bbox 3645 942 3892 1008; x_wconf 85' lang='lat' dir='ltr'><strong>siletur,</strong></span> <span class='ocrx_word' id='word_1_107' title='bbox 3916 950 3995 997; x_wconf 86' lang='lat' dir='ltr'><strong>et</strong></span> 
     </span>
    </p>
   </div>
   <div class='ocr_carea' id='block_1_9' title="bbox 629 1031 2929 1107">
    <p class='ocr_par' dir='ltr' id='par_1_9' title="bbox 629 1031 2929 1107">
     <span class='ocr_line' id='line_1_9' title="bbox 629 1031 2929 1107; baseline -0.001 -17"><span class='ocrx_word' id='word_1_108' title='bbox 629 1048 758 1090; x_wconf 85' lang='lat' dir='ltr'><strong>eum</strong></span> <span class='ocrx_word' id='word_1_109' title='bbox 807 1034 1095 1090; x_wconf 87' lang='lat' dir='ltr'><strong>clamant:</strong></span> <span class='ocrx_word' id='word_1_110' title='bbox 1152 1031 1453 1107; x_wconf 83' lang='lat' dir='ltr'><strong>Crucifige,</strong></span> <span class='ocrx_word' id='word_1_111' title='bbox 1513 1034 1760 1107; x_wconf 78' lang='lat' dir='ltr'><strong>cruci/ige</strong></span> <span class='ocrx_word' id='word_1_112' title='bbox 1815 1036 1971 1090; x_wconf 84' lang='lat' dir='ltr'><strong>talem</strong></span> <span class='ocrx_word' id='word_1_113' title='bbox 2022 1033 2230 1106; x_wconf 87' lang='lat' dir='ltr'><strong>(Joan.</strong></span> <span class='ocrx_word' id='word_1_114' title='bbox 2336 1048 2430 1087; x_wconf 80' lang='lat' dir='ltr'><strong>rex</strong></span> <span class='ocrx_word' id='word_1_115' title='bbox 2466 1042 2673 1087; x_wconf 90' lang='lat' dir='ltr'><strong>tantum</strong></span> <span class='ocrx_word' id='word_1_116' title='bbox 2709 1032 2929 1087; x_wconf 90' lang='lat' dir='ltr'><strong>dicitur.</strong></span> 
     </span>
    </p>
   </div>
   <div class='ocr_carea' id='block_1_10' title="bbox 633 1124 3983 1200">
    <p class='ocr_par' dir='ltr' id='par_1_10' title="bbox 633 1124 3983 1200">
     <span class='ocr_line' id='line_1_10' title="bbox 633 1124 3983 1200; baseline -0.001 -16"><span class='ocrx_word' id='word_1_117' title='bbox 633 1142 752 1194; x_wconf 70' lang='lat' dir='ltr'><strong>XIX,</strong></span> <span class='ocrx_word' id='word_1_118' title='bbox 785 1127 866 1200; x_wconf 88' lang='lat'><strong>6).</strong></span> <span class='ocrx_word' id='word_1_119' title='bbox 2410 1124 2476 1179; x_wconf 86' lang='lat' dir='ltr'><strong>Et</strong></span> <span class='ocrx_word' id='word_1_120' title='bbox 2504 1126 2677 1179; x_wconf 89' lang='lat' dir='ltr'><strong>missis</strong></span> <span class='ocrx_word' id='word_1_121' title='bbox 2704 1125 3008 1181; x_wconf 73' lang='lat' dir='ltr'><strong>exercitibus</strong></span> <span class='ocrx_word' id='word_1_122' title='bbox 3034 1127 3177 1192; x_wconf 89' lang='lat' dir='ltr'><strong>suis,</strong></span> <span class='ocrx_word' id='word_1_123' title='bbox 3211 1126 3436 1196; x_wconf 82' lang='lat' dir='ltr'><strong>perdidit</strong></span> <span class='ocrx_word' id='word_1_124' title='bbox 3469 1127 3768 1183; x_wconf 83' lang='lat' dir='ltr'><strong>homicidas</strong></span> <span class='ocrx_word' id='word_1_125' title='bbox 3803 1128 3983 1197; x_wconf 79' lang='lat' dir='ltr'><strong>illas,</strong></span> 
     </span>
    </p>
   </div>
   <div class='ocr_carea' id='block_1_11' title="bbox 707 1217 3986 1293">
    <p class='ocr_par' dir='ltr' id='par_1_11' title="bbox 707 1217 3986 1293">
     <span class='ocr_line' id='line_1_11' title="bbox 707 1217 3986 1293; baseline 0 -18"><span class='ocrx_word' id='word_1_126' title='bbox 707 1218 862 1291; x_wconf 90' lang='lat' dir='ltr'><strong>(Cap.</strong></span> <span class='ocrx_word' id='word_1_127' title='bbox 885 1217 1309 1275; x_wconf 80' lang='lat' dir='ltr'><strong>XXll.—Vers.</strong></span> <span class='ocrx_word' id='word_1_128' title='bbox 1343 1220 1395 1285; x_wconf 81' lang='lat' dir='ltr'><strong>l,</strong></span> <span class='ocrx_word' id='word_1_129' title='bbox 1418 1218 1503 1291; x_wconf 75' lang='lat'><strong>2.)</strong></span> <span class='ocrx_word' id='word_1_130' title='bbox 1522 1218 1591 1273; x_wconf 85' lang='lat' dir='ltr'><strong>Et</strong></span> <span class='ocrx_word' id='word_1_131' title='bbox 1609 1219 2088 1293; x_wconf 74' lang='lat' dir='ltr'><strong>respondenslesus</strong></span> <span class='ocrx_word' id='word_1_132' title='bbox 2103 1222 2233 1277; x_wconf 70' lang='lat' dir='ltr'><strong>dixit</strong></span> <span class='ocrx_word' id='word_1_133' title='bbox 2335 1228 2385 1273; x_wconf 88' lang='lat' dir='ltr'><strong>et</strong></span> <span class='ocrx_word' id='word_1_134' title='bbox 2412 1220 2666 1273; x_wconf 77' lang='lat' dir='ltr'><strong>civitatem</strong></span> <span class='ocrx_word' id='word_1_135' title='bbox 2694 1218 2911 1273; x_wconf 86' lang='lat' dir='ltr'><strong>illorum</strong></span> <span class='ocrx_word' id='word_1_136' title='bbox 2943 1220 3231 1274; x_wconf 77' lang='lat' dir='ltr'><strong>succendit.</strong></span> <span class='ocrx_word' id='word_1_137' title='bbox 3259 1221 3568 1287; x_wconf 79' lang='lat' dir='ltr'><strong>Exercitus,</strong></span> <span class='ocrx_word' id='word_1_138' title='bbox 3600 1237 3696 1277; x_wconf 90' lang='lat' dir='ltr'><strong>seu</strong></span> <span class='ocrx_word' id='word_1_139' title='bbox 3731 1224 3986 1277; x_wconf 86' lang='lat' dir='ltr'><strong>ultores</strong></span> 
     </span>
    </p>
   </div>
   <div class='ocr_carea' id='block_1_12' title="bbox 633 1310 3983 1389">
    <p class='ocr_par' dir='ltr' id='par_1_12' title="bbox 633 1310 3983 1389">
     <span class='ocr_line' id='line_1_12' title="bbox 633 1310 3983 1389; baseline 0 -23"><span class='ocrx_word' id='word_1_140' title='bbox 633 1311 824 1366; x_wconf 81' lang='lat' dir='ltr'><strong>iterum</strong></span> <span class='ocrx_word' id='word_1_141' title='bbox 852 1311 906 1364; x_wconf 86' lang='lat' dir='ltr'><strong>in</strong></span> <span class='ocrx_word' id='word_1_142' title='bbox 939 1311 1201 1376; x_wconf 80' lang='lat' dir='ltr'><strong>parabolis</strong></span> <span class='ocrx_word' id='word_1_143' title='bbox 1228 1311 1323 1375; x_wconf 87' lang='lat' dir='ltr'><strong>eis,</strong></span> <span class='ocrx_word' id='word_1_144' title='bbox 1357 1310 1533 1389; x_wconf 77' lang='lat' dir='ltr'><strong>dicens</strong></span> <span class='ocrx_word' id='word_1_145' title='bbox 1555 1328 1574 1366; x_wconf 91' lang='lat'><strong><em>:</em></strong></span> <span class='ocrx_word' id='word_1_146' title='bbox 1607 1310 1794 1367; x_wconf 86' lang='lat' dir='ltr'><strong>Simile</strong></span> <span class='ocrx_word' id='word_1_147' title='bbox 1832 1316 2025 1385; x_wconf 83' lang='lat' dir='ltr'><strong>factum</strong></span> <span class='ocrx_word' id='word_1_148' title='bbox 2050 1323 2124 1368; x_wconf 88' lang='lat' dir='ltr'><strong>est</strong></span> <span class='ocrx_word' id='word_1_149' title='bbox 2154 1331 2236 1368; x_wconf 89' lang='lat' dir='ltr'><strong>re-</strong></span> <span class='ocrx_word' id='word_1_150' title='bbox 2336 1310 2581 1381; x_wconf 83' lang='lat' dir='ltr'><strong>angelos,</strong></span> <span class='ocrx_word' id='word_1_151' title='bbox 2605 1312 2671 1365; x_wconf 89' lang='lat' dir='ltr'><strong>de</strong></span> <span class='ocrx_word' id='word_1_152' title='bbox 2695 1312 2888 1380; x_wconf 82' lang='lat' dir='ltr'><strong>quibus</strong></span> <span class='ocrx_word' id='word_1_153' title='bbox 2912 1314 2963 1365; x_wconf 88' lang='lat' dir='ltr'><strong>in</strong></span> <span class='ocrx_word' id='word_1_154' title='bbox 2997 1311 3235 1367; x_wconf 84' lang='lat' dir='ltr'><strong>Psalmis</strong></span> <span class='ocrx_word' id='word_1_155' title='bbox 3262 1313 3551 1368; x_wconf 87' lang='lat' dir='ltr'><strong>scribitur:</strong></span> <span class='ocrx_word' id='word_1_156' title='bbox 3578 1311 3983 1368; x_wconf 74' lang='lat' dir='ltr'><strong>Immissioncs</strong></span> 
     </span>
    </p>
   </div>
   <div class='ocr_carea' id='block_1_13' title="bbox 634 1403 3975 1481">
    <p class='ocr_par' dir='ltr' id='par_1_13' title="bbox 634 1403 3975 1481">
     <span class='ocr_line' id='line_1_13' title="bbox 634 1403 3975 1481; baseline 0.002 -24"><span class='ocrx_word' id='word_1_157' title='bbox 634 1420 797 1476; x_wconf 83' lang='lat' dir='ltr'><strong>guunt</strong></span> <span class='ocrx_word' id='word_1_158' title='bbox 822 1403 1066 1457; x_wconf 74' lang='lat' dir='ltr'><strong>caelorum</strong></span> <span class='ocrx_word' id='word_1_159' title='bbox 1097 1404 1294 1457; x_wconf 88' lang='lat' dir='ltr'><strong>homini</strong></span> <span class='ocrx_word' id='word_1_160' title='bbox 1322 1404 1453 1475; x_wconf 83' lang='lat' dir='ltr'><strong>regi,</strong></span> <span class='ocrx_word' id='word_1_161' title='bbox 1485 1405 1574 1475; x_wconf 90' lang='lat' dir='ltr'><strong>qui</strong></span> <span class='ocrx_word' id='word_1_162' title='bbox 1599 1405 1718 1475; x_wconf 78' lang='lat' dir='ltr'><strong>fecit</strong></span> <span class='ocrx_word' id='word_1_163' title='bbox 1743 1407 1950 1477; x_wconf 75' lang='lat' dir='ltr'><strong>nuptias</strong></span> <span class='ocrx_word' id='word_1_164' title='bbox 1980 1406 2090 1476; x_wconf 80' lang='lat' dir='ltr'><strong>ﬁlio</strong></span> <span class='ocrx_word' id='word_1_165' title='bbox 2116 1423 2232 1460; x_wconf 88' lang='lat' dir='ltr'><strong>suo.</strong></span> <span class='ocrx_word' id='word_1_166' title='bbox 2336 1421 2428 1474; x_wconf 88' lang='lat' dir='ltr'><strong>per</strong></span> <span class='ocrx_word' id='word_1_167' title='bbox 2463 1406 2677 1475; x_wconf 84' lang='lat' dir='ltr'><strong>angelos</strong></span> <span class='ocrx_word' id='word_1_168' title='bbox 2715 1409 2961 1474; x_wconf 82' lang='lat' dir='ltr'><strong>pessimos</strong></span> <span class='ocrx_word' id='word_1_169' title='bbox 2991 1405 3102 1478; x_wconf 81' lang='lat' dir='ltr'><strong>[AL</strong></span> <span class='ocrx_word' id='word_1_170' title='bbox 3138 1405 3321 1478; x_wconf 83' lang='lat' dir='ltr'><strong>malos]</strong></span> <span class='ocrx_word' id='word_1_171' title='bbox 3362 1406 3538 1474; x_wconf 88' lang='lat' dir='ltr'><strong>(Psal.</strong></span> <span class='ocrx_word' id='word_1_172' title='bbox 3572 1424 3792 1473; x_wconf 73' lang='lat' dir='ltr'><strong>Lsxvn,</strong></span> <span class='ocrx_word' id='word_1_173' title='bbox 3830 1409 3975 1481; x_wconf 68' lang='lat'><strong>49);</strong></span> 
     </span>
    </p>
   </div>
   <div class='ocr_carea' id='block_1_14' title="bbox 635 1495 3983 1570">
    <p class='ocr_par' dir='ltr' id='par_1_14' title="bbox 635 1495 3983 1570">
     <span class='ocr_line' id='line_1_14' title="bbox 635 1495 3983 1570; baseline 0.001 -19"><span class='ocrx_word' id='word_1_174' title='bbox 635 1495 899 1552; x_wconf 66' lang='lat' dir='ltr'><strong>Pharisaei</strong></span> <span class='ocrx_word' id='word_1_175' title='bbox 944 1496 1317 1567; x_wconf 85' lang='lat' dir='ltr'><strong>intelligentes</strong></span> <span class='ocrx_word' id='word_1_176' title='bbox 1340 1497 1407 1552; x_wconf 93' lang='lat' dir='ltr'><strong>de</strong></span> <span class='ocrx_word' id='word_1_177' title='bbox 1447 1513 1508 1551; x_wconf 89' lang='lat' dir='ltr'><strong>se</strong></span> <span class='ocrx_word' id='word_1_178' title='bbox 1535 1497 1644 1552; x_wconf 90' lang='lat' dir='ltr'><strong>dici</strong></span> <span class='ocrx_word' id='word_1_179' title='bbox 1687 1498 1997 1568; x_wconf 86' lang='lat' dir='ltr'><strong>parabolas,</strong></span> <span class='ocrx_word' id='word_1_180' title='bbox 2028 1516 2237 1569; x_wconf 76' lang='lat' dir='ltr'><strong>quaerc-</strong></span> <span class='ocrx_word' id='word_1_181' title='bbox 2336 1512 2432 1552; x_wconf 86' lang='lat' dir='ltr'><strong>seu</strong></span> <span class='ocrx_word' id='word_1_182' title='bbox 2465 1498 2740 1553; x_wconf 79' lang='lat' dir='ltr'><strong>Romanos</strong></span> <span class='ocrx_word' id='word_1_183' title='bbox 2765 1507 2789 1535; x_wconf 75' lang='grc' dir='ltr'>ε</span> <span class='ocrx_word' id='word_1_184' title='bbox 2822 1497 3333 1565; x_wconf 71' lang='lat' dir='ltr'><strong>iutelligamus,suh</strong></span> <span class='ocrx_word' id='word_1_185' title='bbox 3359 1499 3497 1555; x_wconf 91' lang='lat' dir='ltr'><strong>duce</strong></span> <span class='ocrx_word' id='word_1_186' title='bbox 3523 1500 3879 1570; x_wconf 85' lang='lat' dir='ltr'><strong>Vespasiano</strong></span> <span class='ocrx_word' id='word_1_187' title='bbox 3913 1512 3983 1556; x_wconf 86' lang='lat' dir='ltr'><strong>et</strong></span> 
     </span>
    </p>
   </div>
   <div class='ocr_carea' id='block_1_15' title="bbox 635 1583 3977 1663">
    <p class='ocr_par' dir='ltr' id='par_1_15' title="bbox 635 1583 3977 1663">
     <span class='ocr_line' id='line_1_15' title="bbox 635 1583 3977 1663; baseline 0.001 -18"><span class='ocrx_word' id='word_1_188' title='bbox 635 1587 771 1645; x_wconf 83' lang='lat' dir='ltr'><strong>bant</strong></span> <span class='ocrx_word' id='word_1_189' title='bbox 817 1604 941 1643; x_wconf 91' lang='lat' dir='ltr'><strong>eum</strong></span> <span class='ocrx_word' id='word_1_190' title='bbox 994 1598 1183 1645; x_wconf 51' lang='lat' dir='ltr'><strong>teni-re</strong></span> <span class='ocrx_word' id='word_1_191' title='bbox 1220 1583 1277 1645; x_wconf 82' lang='lat' dir='ltr'><strong>et</strong></span> <span class='ocrx_word' id='word_1_192' title='bbox 1307 1590 1581 1647; x_wconf 90' lang='lat' dir='ltr'><strong>occidere.</strong></span> <span class='ocrx_word' id='word_1_193' title='bbox 1625 1591 1773 1646; x_wconf 75' lang='lat' dir='ltr'><strong>Hanc</strong></span> <span class='ocrx_word' id='word_1_194' title='bbox 1818 1607 2009 1647; x_wconf 89' lang='lat' dir='ltr'><strong>eorum</strong></span> <span class='ocrx_word' id='word_1_195' title='bbox 2052 1594 2236 1648; x_wconf 90' lang='lat' dir='ltr'><strong>sciens</strong></span> <span class='ocrx_word' id='word_1_196' title='bbox 2336 1590 2501 1658; x_wconf 88' lang='lat' dir='ltr'><strong>Tito,</strong></span> <span class='ocrx_word' id='word_1_197' title='bbox 2535 1592 2625 1659; x_wconf 81' lang='lat' dir='ltr'><strong>qui</strong></span> <span class='ocrx_word' id='word_1_198' title='bbox 2656 1592 2852 1646; x_wconf 82' lang='lat' dir='ltr'><strong>occisis</strong></span> <span class='ocrx_word' id='word_1_199' title='bbox 2898 1592 3102 1647; x_wconf 72' lang='lat' dir='ltr'><strong>Judmze</strong></span> <span class='ocrx_word' id='word_1_200' title='bbox 3153 1592 3396 1662; x_wconf 88' lang='lat' dir='ltr'><strong>populis,</strong></span> <span class='ocrx_word' id='word_1_201' title='bbox 3439 1594 3977 1663; x_wconf 56' lang='lat' dir='ltr'><strong>praevaricatricem</strong></span> 
     </span>
    </p>
   </div>
   <div class='ocr_carea' id='block_1_16' title="bbox 638 1680 3050 1755">
    <p class='ocr_par' dir='ltr' id='par_1_16' title="bbox 638 1680 3050 1755">
     <span class='ocr_line' id='line_1_16' title="bbox 638 1680 3050 1755; baseline 0 -18"><span class='ocrx_word' id='word_1_202' title='bbox 638 1680 901 1737; x_wconf 85' lang='lat' dir='ltr'><strong>Dominus</strong></span> <span class='ocrx_word' id='word_1_203' title='bbox 929 1681 1261 1739; x_wconf 79' lang='lat' dir='ltr'><strong>voluntatem</strong></span> <span class='ocrx_word' id='word_1_204' title='bbox 1285 1725 1300 1746; x_wconf 86' lang='lat'><strong>.</strong></span> <span class='ocrx_word' id='word_1_205' title='bbox 1320 1683 1688 1741; x_wconf 82' lang='lat' dir='ltr'><strong>nihilominus</strong></span> <span class='ocrx_word' id='word_1_206' title='bbox 1732 1685 1977 1755; x_wconf 87' lang='lat' dir='ltr'><strong>increpat</strong></span> <span class='ocrx_word' id='word_1_207' title='bbox 2006 1688 2230 1741; x_wconf 85' lang='lat' dir='ltr'><strong>saevien-</strong></span> <span class='ocrx_word' id='word_1_208' title='bbox 2337 1684 2717 1739; x_wconf 88' lang='lat' dir='ltr'><strong>succenderint</strong></span> <span class='ocrx_word' id='word_1_209' title='bbox 2747 1685 3050 1739; x_wconf 82' lang='lat' dir='ltr'><strong>civitatem.</strong></span> 
     </span>
    </p>
   </div>
   <div class='ocr_carea' id='block_1_17' title="bbox 639 1769 3961 1849">
    <p class='ocr_par' dir='ltr' id='par_1_17' title="bbox 639 1769 3961 1849">
     <span class='ocr_line' id='line_1_17' title="bbox 639 1769 3961 1849; baseline -0 -19"><span class='ocrx_word' id='word_1_210' title='bbox 639 1784 745 1840; x_wconf 85' lang='lat' dir='ltr'><strong>tes,</strong></span> <span class='ocrx_word' id='word_1_211' title='bbox 777 1790 879 1830; x_wconf 88' lang='lat' dir='ltr'><strong>nec</strong></span> <span class='ocrx_word' id='word_1_212' title='bbox 919 1774 1112 1831; x_wconf 89' lang='lat' dir='ltr'><strong>timore</strong></span> <span class='ocrx_word' id='word_1_213' title='bbox 1140 1785 1449 1846; x_wconf 81' lang='lat' dir='ltr'><strong>superatur,</strong></span> <span class='ocrx_word' id='word_1_214' title='bbox 1476 1792 1584 1846; x_wconf 89' lang='lat' dir='ltr'><strong>quo</strong></span> <span class='ocrx_word' id='word_1_215' title='bbox 1617 1778 1794 1832; x_wconf 89' lang='lat' dir='ltr'><strong>minus</strong></span> <span class='ocrx_word' id='word_1_216' title='bbox 1822 1789 2011 1848; x_wconf 82' lang='lat' dir='ltr'><strong>arguat</strong></span> <span class='ocrx_word' id='word_1_217' title='bbox 2040 1794 2231 1847; x_wconf 87' lang='lat' dir='ltr'><strong>pecca-</strong></span> <span class='ocrx_word' id='word_1_218' title='bbox 2261 1769 2312 1830; x_wconf 87' lang='lat' dir='ltr'><strong>B</strong></span> <span class='ocrx_word' id='word_1_219' title='bbox 2410 1776 2592 1845; x_wconf 86' lang='lat' dir='ltr'><strong>(Vers.</strong></span> <span class='ocrx_word' id='word_1_220' title='bbox 2615 1778 2649 1831; x_wconf 86' lang='lat'>8</span> <span class='ocrx_word' id='word_1_221' title='bbox 2672 1778 2853 1848; x_wconf 88' lang='lat' dir='ltr'><strong>seqq.)</strong></span> <span class='ocrx_word' id='word_1_222' title='bbox 2877 1776 3021 1830; x_wconf 85' lang='lat' dir='ltr'><strong>Tunc</strong></span> <span class='ocrx_word' id='word_1_223' title='bbox 3042 1778 3116 1831; x_wconf 89' lang='lat' dir='ltr'><strong>ait</strong></span> <span class='ocrx_word' id='word_1_224' title='bbox 3135 1776 3293 1831; x_wconf 87' lang='lat' dir='ltr'><strong>servis</strong></span> <span class='ocrx_word' id='word_1_225' title='bbox 3319 1779 3460 1832; x_wconf 84' lang='lat' dir='ltr'><strong>suis:</strong></span> <span class='ocrx_word' id='word_1_226' title='bbox 3487 1777 3703 1847; x_wconf 66' lang='lat' dir='ltr'><strong>Nuptiis</strong></span> <span class='ocrx_word' id='word_1_227' title='bbox 3721 1777 3961 1849; x_wconf 70' lang='lat' dir='ltr'><strong>quidem</strong></span> 
     </span>
    </p>
   </div>
   <div class='ocr_carea' id='block_1_18' title="bbox 637 1845 3970 1952">
    <p class='ocr_par' dir='ltr' id='par_1_18' title="bbox 637 1845 3970 1952">
     <span class='ocr_line' id='line_1_18' title="bbox 637 1845 3970 1952; baseline -0.001 -27"><span class='ocrx_word' id='word_1_228' title='bbox 637 1876 806 1925; x_wconf 89' lang='lat' dir='ltr'><strong>tores.</strong></span> <span class='ocrx_word' id='word_1_229' title='bbox 839 1867 866 1907; x_wconf 69' lang='grc' dir='ltr'>ι)</span> <span class='ocrx_word' id='word_1_230' title='bbox 900 1868 1016 1952; x_wconf 76' lang='lat' dir='ltr'><strong>Rex</strong></span> <span class='ocrx_word' id='word_1_231' title='bbox 1065 1869 1166 1923; x_wconf 85' lang='lat' dir='ltr'><strong>iste</strong></span> <span class='ocrx_word' id='word_1_232' title='bbox 1206 1870 1296 1939; x_wconf 90' lang='lat' dir='ltr'><strong>qui</strong></span> <span class='ocrx_word' id='word_1_233' title='bbox 1347 1845 1504 1924; x_wconf 11' lang='lat' dir='ltr'><strong>fecit,</strong></span> <span class='ocrx_word' id='word_1_234' title='bbox 1526 1871 1745 1941; x_wconf 85' lang='lat' dir='ltr'><strong>nuptias</strong></span> <span class='ocrx_word' id='word_1_235' title='bbox 1785 1845 1906 1925; x_wconf 74' lang='lat' dir='ltr'><strong>lilio</strong></span> <span class='ocrx_word' id='word_1_236' title='bbox 1926 1845 2062 1938; x_wconf 65' lang='lat' dir='ltr'><strong>suo,</strong></span> <span class='ocrx_word' id='word_1_237' title='bbox 2096 1873 2235 1927; x_wconf 89' lang='lat' dir='ltr'><strong>Deus</strong></span> <span class='ocrx_word' id='word_1_238' title='bbox 2338 1879 2535 1941; x_wconf 77' lang='lat' dir='ltr'><strong>parque</strong></span> <span class='ocrx_word' id='word_1_239' title='bbox 2562 1878 2678 1921; x_wconf 88' lang='lat' dir='ltr'><strong>sunt</strong></span> <span class='ocrx_word' id='word_1_240' title='bbox 2704 1845 2841 1933; x_wconf 27' lang='lat' dir='ltr'><strong>,‘s—ed&#39;</strong></span> <span class='ocrx_word' id='word_1_241' title='bbox 2858 1869 2946 1938; x_wconf 84' lang='lat' dir='ltr'><strong>qui</strong></span> <span class='ocrx_word' id='word_1_242' title='bbox 2982 1869 3195 1941; x_wconf 58' lang='lat' dir='ltr'><strong>inuitati</strong></span> <span class='ocrx_word' id='word_1_243' title='bbox 3225 1878 3371 1922; x_wconf 84' lang='lat' dir='ltr'><strong>erant</strong></span> <span class='ocrx_word' id='word_1_244' title='bbox 3401 1845 3745 1950; x_wconf 12' lang='lat' dir='ltr'><strong>nonilﬂ&#39;uerunl</strong></span> <span class='ocrx_word' id='word_1_245' title='bbox 3775 1845 3970 1939; x_wconf 74' lang='lat' dir='ltr'><strong>digni.</strong></span> 
     </span>
    </p>
   </div>
   <div class='ocr_carea' id='block_1_19' title="bbox 635 1962 2235 2032">
    <p class='ocr_par' dir='ltr' id='par_1_19' title="bbox 635 1962 2235 2032">
     <span class='ocr_line' id='line_1_19' title="bbox 635 1962 2235 2032; baseline -0.001 -12"><span class='ocrx_word' id='word_1_246' title='bbox 635 1964 984 2030; x_wconf 88' lang='lat' dir='ltr'><strong>omnipotens</strong></span> <span class='ocrx_word' id='word_1_247' title='bbox 1009 1970 1114 2017; x_wconf 91' lang='lat' dir='ltr'><strong>est.</strong></span> <span class='ocrx_word' id='word_1_248' title='bbox 1139 1962 1231 2018; x_wconf 67' lang='lat' dir='ltr'><strong>Fac</strong></span> <span class='ocrx_word' id='word_1_249' title='bbox 1251 1962 1296 2017; x_wconf 87' lang='lat' dir='ltr'><strong>it</strong></span> <span class='ocrx_word' id='word_1_250' title='bbox 1321 1975 1503 2018; x_wconf 91' lang='lat' dir='ltr'><strong>autem</strong></span> <span class='ocrx_word' id='word_1_251' title='bbox 1534 1964 1750 2032; x_wconf 88' lang='lat' dir='ltr'><strong>nuptias</strong></span> <span class='ocrx_word' id='word_1_252' title='bbox 1791 1964 2020 2020; x_wconf 91' lang='lat' dir='ltr'><strong>Domino</strong></span> <span class='ocrx_word' id='word_1_253' title='bbox 2046 1975 2235 2020; x_wconf 90' lang='lat' dir='ltr'><strong>nostro</strong></span> 
     </span>
    </p>
   </div>
   <div class='ocr_carea' id='block_1_20' title="bbox 633 2051 2234 2128">
    <p class='ocr_par' dir='ltr' id='par_1_20' title="bbox 633 2051 2234 2128">
     <span class='ocr_line' id='line_1_20' title="bbox 633 2051 2234 2128; baseline 0.001 -17"><span class='ocrx_word' id='word_1_254' title='bbox 633 2053 762 2111; x_wconf 80' lang='lat' dir='ltr'><strong>Jesn</strong></span> <span class='ocrx_word' id='word_1_255' title='bbox 792 2051 1013 2110; x_wconf 86' lang='lat' dir='ltr'><strong>Christo</strong></span> <span class='ocrx_word' id='word_1_256' title='bbox 1043 2063 1097 2109; x_wconf 92' lang='lat' dir='ltr'><strong>et</strong></span> <span class='ocrx_word' id='word_1_257' title='bbox 1128 2054 1413 2119; x_wconf 68' lang='lat' dir='ltr'><strong>Ecclesiae,</strong></span> <span class='ocrx_word' id='word_1_258' title='bbox 1445 2070 1569 2126; x_wconf 69' lang='lat' dir='ltr'><strong>qua:</strong></span> <span class='ocrx_word' id='word_1_259' title='bbox 1592 2064 1702 2110; x_wconf 86' lang='lat' dir='ltr'><strong>tam</strong></span> <span class='ocrx_word' id='word_1_260' title='bbox 1732 2071 1799 2110; x_wconf 82' lang='lat' dir='ltr'><strong>ex</strong></span> <span class='ocrx_word' id='word_1_261' title='bbox 1820 2054 2044 2124; x_wconf 68' lang='lat' dir='ltr'><strong>Judmis,</strong></span> <span class='ocrx_word' id='word_1_262' title='bbox 2074 2073 2234 2128; x_wconf 89' lang='lat' dir='ltr'><strong>quam</strong></span> 
     </span>
    </p>
   </div>
   <div class='ocr_carea' id='block_1_21' title="bbox 635 2146 1505 2217">
    <p class='ocr_par' dir='ltr' id='par_1_21' title="bbox 635 2146 1505 2217">
     <span class='ocr_line' id='line_1_21' title="bbox 635 2146 1505 2217; baseline -0.005 -12"><span class='ocrx_word' id='word_1_263' title='bbox 635 2161 706 2205; x_wconf 80' lang='lat' dir='ltr'><strong>ex</strong></span> <span class='ocrx_word' id='word_1_264' title='bbox 733 2146 1011 2217; x_wconf 73' lang='lat' dir='ltr'><strong>gentibus,</strong></span> <span class='ocrx_word' id='word_1_265' title='bbox 1039 2153 1366 2217; x_wconf 83' lang='lat' dir='ltr'><strong>congregata</strong></span> <span class='ocrx_word' id='word_1_266' title='bbox 1401 2156 1505 2202; x_wconf 89' lang='lat' dir='ltr'><strong>est.</strong></span> 
     </span>
    </p>
   </div>
   <div class='ocr_carea' id='block_1_22' title="bbox 708 2236 2237 2311">
    <p class='ocr_par' dir='ltr' id='par_1_22' title="bbox 708 2236 2237 2311">
     <span class='ocr_line' id='line_1_22' title="bbox 708 2236 2237 2311; baseline 0.006 -24"><span class='ocrx_word' id='word_1_267' title='bbox 708 2238 891 2311; x_wconf 80' lang='lat' dir='ltr'><strong>(\‘ers.</strong></span> <span class='ocrx_word' id='word_1_268' title='bbox 921 2238 1002 2309; x_wconf 77' lang='lat'><strong>5.)</strong></span> <span class='ocrx_word' id='word_1_269' title='bbox 1030 2236 1097 2293; x_wconf 87' lang='lat' dir='ltr'><strong>Et</strong></span> <span class='ocrx_word' id='word_1_270' title='bbox 1122 2237 1262 2293; x_wconf 86' lang='lat' dir='ltr'><strong>misit</strong></span> <span class='ocrx_word' id='word_1_271' title='bbox 1286 2254 1489 2294; x_wconf 82' lang='lat' dir='ltr'><strong>servum</strong></span> <span class='ocrx_word' id='word_1_272' title='bbox 1517 2255 1666 2293; x_wconf 89' lang='lat' dir='ltr'><strong>suum</strong></span> <span class='ocrx_word' id='word_1_273' title='bbox 1693 2255 1874 2294; x_wconf 81' lang='lat' dir='ltr'><strong>vocare</strong></span> <span class='ocrx_word' id='word_1_274' title='bbox 1900 2240 2142 2296; x_wconf 81' lang='lat' dir='ltr'><strong>invitatos</strong></span> <span class='ocrx_word' id='word_1_275' title='bbox 2169 2243 2237 2296; x_wconf 94' lang='lat' dir='ltr'><strong>ad</strong></span> 
     </span>
    </p>
   </div>
   <div class='ocr_carea' id='block_1_23' title="bbox 634 2330 2234 2406">
    <p class='ocr_par' dir='ltr' id='par_1_23' title="bbox 634 2330 2234 2406">
     <span class='ocr_line' id='line_1_23' title="bbox 634 2330 2234 2406; baseline 0.003 -20"><span class='ocrx_word' id='word_1_276' title='bbox 634 2333 866 2404; x_wconf 82' lang='lat' dir='ltr'><strong>nuptias,</strong></span> <span class='ocrx_word' id='word_1_277' title='bbox 883 2331 1185 2386; x_wconf 76' lang='lat' dir='ltr'><strong>etualrbant</strong></span> <span class='ocrx_word' id='word_1_278' title='bbox 1204 2333 1396 2387; x_wconf 85' lang='lat' dir='ltr'><strong>venire.</strong></span> <span class='ocrx_word' id='word_1_279' title='bbox 1414 2331 1570 2387; x_wconf 80' lang='lat' dir='ltr'><strong>Hand</strong></span> <span class='ocrx_word' id='word_1_280' title='bbox 1589 2330 1812 2387; x_wconf 90' lang='lat' dir='ltr'><strong>dubium</strong></span> <span class='ocrx_word' id='word_1_281' title='bbox 1839 2333 1969 2404; x_wconf 92' lang='lat' dir='ltr'><strong>quin</strong></span> <span class='ocrx_word' id='word_1_282' title='bbox 1991 2334 2234 2406; x_wconf 83' lang='lat' dir='ltr'><strong>Moysen,</strong></span> 
     </span>
    </p>
   </div>
   <div class='ocr_carea' id='block_1_24' title="bbox 634 2422 2237 2496">
    <p class='ocr_par' dir='ltr' id='par_1_24' title="bbox 634 2422 2237 2496">
     <span class='ocr_line' id='line_1_24' title="bbox 634 2422 2237 2496; baseline 0.002 -18"><span class='ocrx_word' id='word_1_283' title='bbox 634 2440 730 2496; x_wconf 92' lang='lat' dir='ltr'><strong>per</strong></span> <span class='ocrx_word' id='word_1_284' title='bbox 764 2439 923 2493; x_wconf 81' lang='lat' dir='ltr'><strong>quem</strong></span> <span class='ocrx_word' id='word_1_285' title='bbox 961 2423 1159 2493; x_wconf 87' lang='lat' dir='ltr'><strong>Legem</strong></span> <span class='ocrx_word' id='word_1_286' title='bbox 1208 2424 1452 2479; x_wconf 87' lang='lat' dir='ltr'><strong>invitatis</strong></span> <span class='ocrx_word' id='word_1_287' title='bbox 1491 2422 1663 2479; x_wconf 89' lang='lat' dir='ltr'><strong>dedit.</strong></span> <span class='ocrx_word' id='word_1_288' title='bbox 1694 2424 1752 2480; x_wconf 91' lang='lat' dir='ltr'><strong>Si</strong></span> <span class='ocrx_word' id='word_1_289' title='bbox 1787 2434 1969 2480; x_wconf 92' lang='lat' dir='ltr'><strong>autem</strong></span> <span class='ocrx_word' id='word_1_290' title='bbox 2000 2437 2021 2463; x_wconf 77' lang='grc' dir='ltr'>ο</span> <span class='ocrx_word' id='word_1_291' title='bbox 2050 2442 2237 2482; x_wconf 86' lang='lat' dir='ltr'><strong>servos</strong></span> 
     </span>
    </p>
   </div>
   <div class='ocr_carea' id='block_1_25' title="bbox 634 2506 2238 2588">
    <p class='ocr_par' dir='ltr' id='par_1_25' title="bbox 634 2506 2238 2588">
     <span class='ocr_line' id='line_1_25' title="bbox 634 2506 2238 2588; baseline 0 -15"><span class='ocrx_word' id='word_1_292' title='bbox 634 2515 948 2588; x_wconf 76' lang='lat' dir='ltr'><strong>legerimus,</strong></span> <span class='ocrx_word' id='word_1_293' title='bbox 997 2525 1055 2571; x_wconf 89' lang='lat' dir='ltr'><strong>ut</strong></span> <span class='ocrx_word' id='word_1_294' title='bbox 1106 2516 1362 2587; x_wconf 89' lang='lat' dir='ltr'><strong>pleraque</strong></span> <span class='ocrx_word' id='word_1_295' title='bbox 1393 2515 1599 2572; x_wconf 84' lang='lat' dir='ltr'><strong>habent</strong></span> <span class='ocrx_word' id='word_1_296' title='bbox 1626 2517 1983 2587; x_wconf 78' lang='lat' dir='ltr'><strong>exemplaria,</strong></span> <span class='ocrx_word' id='word_1_297' title='bbox 2014 2518 2080 2573; x_wconf 92' lang='lat' dir='ltr'><strong>ad</strong></span> <span class='ocrx_word' id='word_1_298' title='bbox 2114 2506 2238 2588; x_wconf 86' lang='lat' dir='ltr'><strong>pro-</strong></span> 
     </span>
    </p>
   </div>
   <div class='ocr_carea' id='block_1_26' title="bbox 634 2610 2237 2685">
    <p class='ocr_par' dir='ltr' id='par_1_26' title="bbox 634 2610 2237 2685">
     <span class='ocr_line' id='line_1_26' title="bbox 634 2610 2237 2685; baseline 0.002 -20"><span class='ocrx_word' id='word_1_299' title='bbox 634 2611 831 2683; x_wconf 90' lang='lat' dir='ltr'><strong>phetas</strong></span> <span class='ocrx_word' id='word_1_300' title='bbox 856 2611 1207 2667; x_wconf 80' lang='lat' dir='ltr'><strong>referendum</strong></span> <span class='ocrx_word' id='word_1_301' title='bbox 1233 2625 1316 2668; x_wconf 85' lang='lat' dir='ltr'><strong>est</strong></span> <span class='ocrx_word' id='word_1_302' title='bbox 1342 2652 1357 2678; x_wconf 95' lang='lat'><strong>,</strong></span> <span class='ocrx_word' id='word_1_303' title='bbox 1386 2610 1532 2683; x_wconf 88' lang='lat' dir='ltr'><strong>quod</strong></span> <span class='ocrx_word' id='word_1_304' title='bbox 1559 2610 1771 2668; x_wconf 90' lang='lat' dir='ltr'><strong>invitati</strong></span> <span class='ocrx_word' id='word_1_305' title='bbox 1803 2627 1900 2685; x_wconf 88' lang='lat' dir='ltr'><strong>per</strong></span> <span class='ocrx_word' id='word_1_306' title='bbox 1928 2627 2023 2667; x_wconf 93' lang='lat' dir='ltr'><strong>eos</strong></span> <span class='ocrx_word' id='word_1_307' title='bbox 2047 2615 2237 2668; x_wconf 88' lang='lat' dir='ltr'><strong>venire</strong></span> 
     </span>
    </p>
   </div>
   <div class='ocr_carea' id='block_1_27' title="bbox 636 2708 1093 2775">
    <p class='ocr_par' dir='ltr' id='par_1_27' title="bbox 636 2708 1093 2775">
     <span class='ocr_line' id='line_1_27' title="bbox 636 2708 1093 2775; baseline -0.009 -12"><span class='ocrx_word' id='word_1_308' title='bbox 636 2708 1093 2775; x_wconf 79' lang='lat' dir='ltr'><strong>contempserint.</strong></span> 
     </span>
    </p>
   </div>
   <div class='ocr_carea' id='block_1_28' title="bbox 710 2795 2239 2869">
    <p class='ocr_par' dir='ltr' id='par_1_28' title="bbox 710 2795 2239 2869">
     <span class='ocr_line' id='line_1_28' title="bbox 710 2795 2239 2869; baseline 0.001 -17"><span class='ocrx_word' id='word_1_309' title='bbox 710 2798 890 2865; x_wconf 87' lang='lat' dir='ltr'><strong>(Vers.</strong></span> <span class='ocrx_word' id='word_1_310' title='bbox 909 2798 964 2857; x_wconf 72' lang='grc'><strong>4.</strong></span> <span class='ocrx_word' id='word_1_311' title='bbox 989 2796 1069 2869; x_wconf 69' lang='lat' dir='ltr'><strong>ii.)</strong></span> <span class='ocrx_word' id='word_1_312' title='bbox 1095 2795 1294 2852; x_wconf 84' lang='lat' dir='ltr'><strong>lterum</strong></span> <span class='ocrx_word' id='word_1_313' title='bbox 1313 2799 1452 2853; x_wconf 85' lang='lat' dir='ltr'><strong>misit</strong></span> <span class='ocrx_word' id='word_1_314' title='bbox 1474 2797 1606 2854; x_wconf 86' lang='lat' dir='ltr'><strong>alios</strong></span> <span class='ocrx_word' id='word_1_315' title='bbox 1629 2813 1821 2861; x_wconf 85' lang='lat' dir='ltr'><strong>servos,</strong></span> <span class='ocrx_word' id='word_1_316' title='bbox 1845 2799 2049 2853; x_wconf 88' lang='lat' dir='ltr'><strong>dicens:</strong></span> <span class='ocrx_word' id='word_1_317' title='bbox 2070 2797 2239 2853; x_wconf 86' lang='lat' dir='ltr'><strong>Dicite</strong></span> 
     </span>
    </p>
   </div>
   <div class='ocr_carea' id='block_1_29' title="bbox 633 2887 2239 2962">
    <p class='ocr_par' dir='ltr' id='par_1_29' title="bbox 633 2887 2239 2962">
     <span class='ocr_line' id='line_1_29' title="bbox 633 2887 2239 2962; baseline -0.001 -15"><span class='ocrx_word' id='word_1_318' title='bbox 633 2889 909 2947; x_wconf 84' lang='lat' dir='ltr'><strong>invitatis:</strong></span> <span class='ocrx_word' id='word_1_319' title='bbox 939 2887 1074 2944; x_wconf 83' lang='lat' dir='ltr'><strong>Ecce</strong></span> <span class='ocrx_word' id='word_1_320' title='bbox 1102 2890 1378 2962; x_wconf 87' lang='lat' dir='ltr'><strong>prandium</strong></span> <span class='ocrx_word' id='word_1_321' title='bbox 1413 2907 1583 2945; x_wconf 89' lang='lat' dir='ltr'><strong>meum</strong></span> <span class='ocrx_word' id='word_1_322' title='bbox 1613 2891 1794 2960; x_wconf 80' lang='lat' dir='ltr'><strong>paravi</strong></span> <span class='ocrx_word' id='word_1_323' title='bbox 1816 2907 1835 2945; x_wconf 91' lang='lat'><strong><em>:</em></strong></span> <span class='ocrx_word' id='word_1_324' title='bbox 1875 2893 2011 2945; x_wconf 89' lang='lat' dir='ltr'><strong>tauri</strong></span> <span class='ocrx_word' id='word_1_325' title='bbox 2038 2893 2159 2953; x_wconf 78' lang='lat' dir='ltr'><strong>mei.</strong></span> <span class='ocrx_word' id='word_1_326' title='bbox 2192 2901 2239 2946; x_wconf 87' lang='lat' dir='ltr'><strong>et</strong></span> 
     </span>
    </p>
   </div>
   <div class='ocr_carea' id='block_1_30' title="bbox 638 2983 2233 3056">
    <p class='ocr_par' dir='ltr' id='par_1_30' title="bbox 638 2983 2233 3056">
     <span class='ocr_line' id='line_1_30' title="bbox 638 2983 2233 3056; baseline 0.001 -19"><span class='ocrx_word' id='word_1_327' title='bbox 638 2983 811 3037; x_wconf 86' lang='lat' dir='ltr'><strong>altilia</strong></span> <span class='ocrx_word' id='word_1_328' title='bbox 840 2984 1012 3037; x_wconf 82' lang='lat' dir='ltr'><strong>occisa</strong></span> <span class='ocrx_word' id='word_1_329' title='bbox 1037 2992 1184 3044; x_wconf 86' lang='lat' dir='ltr'><strong>sunt,</strong></span> <span class='ocrx_word' id='word_1_330' title='bbox 1208 2993 1255 3036; x_wconf 88' lang='lat' dir='ltr'><strong>et</strong></span> <span class='ocrx_word' id='word_1_331' title='bbox 1282 2984 1457 3036; x_wconf 87' lang='lat' dir='ltr'><strong>omnia</strong></span> <span class='ocrx_word' id='word_1_332' title='bbox 1486 2992 1703 3055; x_wconf 87' lang='lat' dir='ltr'><strong>parata:</strong></span> <span class='ocrx_word' id='word_1_333' title='bbox 1730 2984 1893 3037; x_wconf 84' lang='lat' dir='ltr'><strong>venite</strong></span> <span class='ocrx_word' id='word_1_334' title='bbox 1914 2984 1982 3036; x_wconf 90' lang='lat' dir='ltr'><strong>ad</strong></span> <span class='ocrx_word' id='word_1_335' title='bbox 2008 2984 2233 3056; x_wconf 84' lang='lat' dir='ltr'><strong>nuptias.</strong></span> 
     </span>
    </p>
   </div>
   <div class='ocr_carea' id='block_1_31' title="bbox 640 3075 2236 3148">
    <p class='ocr_par' dir='ltr' id='par_1_31' title="bbox 640 3075 2236 3148">
     <span class='ocr_line' id='line_1_31' title="bbox 640 3075 2236 3148; baseline 0 -17"><span class='ocrx_word' id='word_1_336' title='bbox 640 3075 734 3131; x_wconf 84' lang='lat' dir='ltr'><strong>Illi</strong></span> <span class='ocrx_word' id='word_1_337' title='bbox 761 3084 929 3129; x_wconf 86' lang='lat' dir='ltr'><strong>autem</strong></span> <span class='ocrx_word' id='word_1_338' title='bbox 960 3075 1318 3147; x_wconf 74' lang='lat' dir='ltr'><strong>neglexerunt.</strong></span> <span class='ocrx_word' id='word_1_339' title='bbox 1340 3075 1491 3132; x_wconf 80' lang='lat' dir='ltr'><strong>Servi</strong></span> <span class='ocrx_word' id='word_1_340' title='bbox 1514 3077 1603 3148; x_wconf 86' lang='lat' dir='ltr'><strong>qui</strong></span> <span class='ocrx_word' id='word_1_341' title='bbox 1636 3076 1877 3131; x_wconf 85' lang='lat' dir='ltr'><strong>secundo</strong></span> <span class='ocrx_word' id='word_1_342' title='bbox 1907 3078 2059 3131; x_wconf 87' lang='lat' dir='ltr'><strong>missi</strong></span> <span class='ocrx_word' id='word_1_343' title='bbox 2090 3086 2236 3143; x_wconf 90' lang='lat' dir='ltr'><strong>sunt,</strong></span> 
     </span>
    </p>
   </div>
   <div class='ocr_carea' id='block_1_32' title="bbox 639 3148 2312 3254">
    <p class='ocr_par' dir='ltr' id='par_1_32' title="bbox 639 3148 2312 3254">
     <span class='ocr_line' id='line_1_32' title="bbox 639 3148 2312 3254; baseline 0 -28"><span class='ocrx_word' id='word_1_344' title='bbox 639 3170 837 3226; x_wconf 87' lang='lat' dir='ltr'><strong>melius</strong></span> <span class='ocrx_word' id='word_1_345' title='bbox 858 3177 1036 3254; x_wconf 58' lang='lat' dir='ltr'><strong>estut.</strong></span> <span class='ocrx_word' id='word_1_346' title='bbox 1061 3168 1758 3241; x_wconf 74' lang='lat' dir='ltr'><strong>prophctzeintelligantur,</strong></span> <span class='ocrx_word' id='word_1_347' title='bbox 1784 3186 1945 3241; x_wconf 87' lang='lat' dir='ltr'><strong>quam</strong></span> <span class='ocrx_word' id='word_1_348' title='bbox 1971 3156 2233 3241; x_wconf 75' lang='lat' dir='ltr'><strong>apostoli:</strong></span> <span class='ocrx_word' id='word_1_349' title='bbox 2264 3148 2312 3213; x_wconf 66' lang='grc' dir='ltr'>Ο</span> 
     </span>
    </p>
   </div>
   <div class='ocr_carea' id='block_1_33' title="bbox 645 3261 2235 3331">
    <p class='ocr_par' dir='ltr' id='par_1_33' title="bbox 645 3261 2235 3331">
     <span class='ocr_line' id='line_1_33' title="bbox 645 3261 2235 3331; baseline -0.001 -13"><span class='ocrx_word' id='word_1_350' title='bbox 645 3262 721 3318; x_wconf 85' lang='lat' dir='ltr'><strong>ita</strong></span> <span class='ocrx_word' id='word_1_351' title='bbox 747 3271 925 3317; x_wconf 90' lang='lat' dir='ltr'><strong>tamen</strong></span> <span class='ocrx_word' id='word_1_352' title='bbox 958 3262 1001 3316; x_wconf 86' lang='lat' dir='ltr'><strong>si</strong></span> <span class='ocrx_word' id='word_1_353' title='bbox 1028 3276 1212 3331; x_wconf 88' lang='lat' dir='ltr'><strong>supra,</strong></span> <span class='ocrx_word' id='word_1_354' title='bbox 1242 3278 1440 3327; x_wconf 86' lang='lat' dir='ltr'><strong>servus,</strong></span> <span class='ocrx_word' id='word_1_355' title='bbox 1463 3262 1698 3331; x_wconf 75' lang='lat' dir='ltr'><strong>Scriptus</strong></span> <span class='ocrx_word' id='word_1_356' title='bbox 1721 3261 1904 3317; x_wconf 83' lang='lat' dir='ltr'><strong>fuerit.</strong></span> <span class='ocrx_word' id='word_1_357' title='bbox 1937 3261 2031 3319; x_wconf 90' lang='lat' dir='ltr'><strong>Sin</strong></span> <span class='ocrx_word' id='word_1_358' title='bbox 2056 3272 2235 3317; x_wconf 83' lang='lat' dir='ltr'><strong>autem</strong></span> 
     </span>
    </p>
   </div>
   <div class='ocr_carea' id='block_1_34' title="bbox 636 3351 2237 3424">
    <p class='ocr_par' dir='ltr' id='par_1_34' title="bbox 636 3351 2237 3424">
     <span class='ocr_line' id='line_1_34' title="bbox 636 3351 2237 3424; baseline -0.002 -13"><span class='ocrx_word' id='word_1_359' title='bbox 636 3370 842 3419; x_wconf 86' lang='lat' dir='ltr'><strong>servos,</strong></span> <span class='ocrx_word' id='word_1_360' title='bbox 884 3353 1083 3409; x_wconf 88' lang='lat' dir='ltr'><strong>ibidem</strong></span> <span class='ocrx_word' id='word_1_361' title='bbox 1117 3353 1296 3422; x_wconf 86' lang='lat' dir='ltr'><strong>legas,</strong></span> <span class='ocrx_word' id='word_1_362' title='bbox 1339 3355 1425 3409; x_wconf 83' lang='lat' dir='ltr'><strong>hic</strong></span> <span class='ocrx_word' id='word_1_363' title='bbox 1466 3354 1689 3409; x_wconf 91' lang='lat' dir='ltr'><strong>secundi</strong></span> <span class='ocrx_word' id='word_1_364' title='bbox 1734 3355 1909 3422; x_wconf 85' lang='lat' dir='ltr'><strong>servi,</strong></span> <span class='ocrx_word' id='word_1_365' title='bbox 1937 3351 1964 3391; x_wconf 74' lang='grc' dir='ltr'>ἀ</span> <span class='ocrx_word' id='word_1_366' title='bbox 2004 3355 2237 3424; x_wconf 85' lang='lat' dir='ltr'><strong>apostoli</strong></span> 
     </span>
    </p>
   </div>
   <div class='ocr_carea' id='block_1_35' title="bbox 636 3445 2242 3518">
    <p class='ocr_par' dir='ltr' id='par_1_35' title="bbox 636 3445 2242 3518">
     <span class='ocr_line' id='line_1_35' title="bbox 636 3445 2242 3518; baseline -0.002 -14"><span class='ocrx_word' id='word_1_367' title='bbox 636 3446 971 3518; x_wconf 88' lang='lat' dir='ltr'><strong>intelligendi</strong></span> <span class='ocrx_word' id='word_1_368' title='bbox 1019 3456 1167 3501; x_wconf 89' lang='lat' dir='ltr'><strong>sunt.</strong></span> <span class='ocrx_word' id='word_1_369' title='bbox 1205 3445 1497 3501; x_wconf 84' lang='lat' dir='ltr'><strong>Prandium</strong></span> <span class='ocrx_word' id='word_1_370' title='bbox 1546 3456 1830 3514; x_wconf 89' lang='lat' dir='ltr'><strong>paratum.</strong></span> <span class='ocrx_word' id='word_1_371' title='bbox 1870 3455 1927 3501; x_wconf 88' lang='lat' dir='ltr'><strong>et</strong></span> <span class='ocrx_word' id='word_1_372' title='bbox 1973 3447 2145 3511; x_wconf 90' lang='lat' dir='ltr'><strong>tauri,</strong></span> <span class='ocrx_word' id='word_1_373' title='bbox 2187 3455 2242 3502; x_wconf 89' lang='lat' dir='ltr'><strong>et</strong></span> 
     </span>
    </p>
   </div>
   <div class='ocr_carea' id='block_1_36' title="bbox 634 3538 2241 3613">
    <p class='ocr_par' dir='ltr' id='par_1_36' title="bbox 634 3538 2241 3613">
     <span class='ocr_line' id='line_1_36' title="bbox 634 3538 2241 3613; baseline -0.001 -16"><span class='ocrx_word' id='word_1_374' title='bbox 634 3541 809 3597; x_wconf 83' lang='lat' dir='ltr'><strong>altilia</strong></span> <span class='ocrx_word' id='word_1_375' title='bbox 840 3541 1043 3607; x_wconf 89' lang='lat' dir='ltr'><strong>occisa,</strong></span> <span class='ocrx_word' id='word_1_376' title='bbox 1069 3539 1157 3596; x_wconf 81' lang='lat' dir='ltr'><strong>v&#39;el</strong></span> <span class='ocrx_word' id='word_1_377' title='bbox 1189 3554 1284 3606; x_wconf 87' lang='lat' dir='ltr'><strong>per</strong></span> <span class='ocrx_word' id='word_1_378' title='bbox 1312 3538 1688 3609; x_wconf 86' lang='lat' dir='ltr'><strong>metaphoram</strong></span> <span class='ocrx_word' id='word_1_379' title='bbox 1724 3542 1883 3613; x_wconf 78' lang='lat'><strong>175</strong></span> <span class='ocrx_word' id='word_1_380' title='bbox 1913 3554 2047 3608; x_wconf 86' lang='lat' dir='ltr'><strong>opes</strong></span> <span class='ocrx_word' id='word_1_381' title='bbox 2076 3541 2241 3611; x_wconf 69' lang='lat' dir='ltr'><strong>regite</strong></span> 
     </span>
    </p>
   </div>
   <div class='ocr_carea' id='block_1_37' title="bbox 640 3630 2259 3700">
    <p class='ocr_par' dir='ltr' id='par_1_37' title="bbox 640 3630 2259 3700">
     <span class='ocr_line' id='line_1_37' title="bbox 640 3630 2259 3700; baseline -0.002 -11"><span class='ocrx_word' id='word_1_382' title='bbox 640 3631 1058 3694; x_wconf 86' lang='lat' dir='ltr'><strong>describuntur,</strong></span> <span class='ocrx_word' id='word_1_383' title='bbox 1105 3641 1167 3685; x_wconf 92' lang='lat' dir='ltr'><strong>ut</strong></span> <span class='ocrx_word' id='word_1_384' title='bbox 1196 3644 1263 3685; x_wconf 82' lang='lat' dir='ltr'><strong>ex</strong></span> <span class='ocrx_word' id='word_1_385' title='bbox 1295 3630 1607 3685; x_wconf 89' lang='lat' dir='ltr'><strong>carnalibus</strong></span> <span class='ocrx_word' id='word_1_386' title='bbox 1660 3631 2031 3700; x_wconf 86' lang='lat' dir='ltr'><strong>intelligantur</strong></span> <span class='ocrx_word' id='word_1_387' title='bbox 2078 3632 2259 3698; x_wconf 85' lang='lat' dir='ltr'><strong>spiri-.</strong></span> 
     </span>
    </p>
   </div>
   <div class='ocr_carea' id='block_1_38' title="bbox 643 3721 2239 3792">
    <p class='ocr_par' dir='ltr' id='par_1_38' title="bbox 643 3721 2239 3792">
     <span class='ocr_line' id='line_1_38' title="bbox 643 3721 2239 3792; baseline 0 -14"><span class='ocrx_word' id='word_1_388' title='bbox 643 3723 847 3788; x_wconf 80' lang='lat' dir='ltr'><strong>tnalia;</strong></span> <span class='ocrx_word' id='word_1_389' title='bbox 888 3722 972 3777; x_wconf 86' lang='lat' dir='ltr'><strong>vel</strong></span> <span class='ocrx_word' id='word_1_390' title='bbox 1010 3730 1160 3776; x_wconf 89' lang='lat' dir='ltr'><strong>certe</strong></span> <span class='ocrx_word' id='word_1_391' title='bbox 1200 3721 1513 3791; x_wconf 89' lang='lat' dir='ltr'><strong>dogmatum</strong></span> <span class='ocrx_word' id='word_1_392' title='bbox 1545 3722 1883 3792; x_wconf 88' lang='lat' dir='ltr'><strong>magnitudo,</strong></span> <span class='ocrx_word' id='word_1_393' title='bbox 1912 3730 1969 3778; x_wconf 91' lang='lat' dir='ltr'><strong>et</strong></span> <span class='ocrx_word' id='word_1_394' title='bbox 1995 3722 2239 3778; x_wconf 82' lang='lat' dir='ltr'><strong>doctrina</strong></span> 
     </span>
    </p>
   </div>
   <div class='ocr_carea' id='block_1_39' title="bbox 643 3812 1680 3883">
    <p class='ocr_par' dir='ltr' id='par_1_39' title="bbox 643 3812 1680 3883">
     <span class='ocr_line' id='line_1_39' title="bbox 643 3812 1680 3883; baseline -0.002 -15"><span class='ocrx_word' id='word_1_395' title='bbox 643 3812 739 3869; x_wconf 74' lang='lat' dir='ltr'><strong>Dei.</strong></span> <span class='ocrx_word' id='word_1_396' title='bbox 770 3813 888 3883; x_wconf 81' lang='lat' dir='ltr'><strong>lege</strong></span> <span class='ocrx_word' id='word_1_397' title='bbox 918 3813 1232 3878; x_wconf 85' lang='lat' dir='ltr'><strong>plenissima</strong></span> <span class='ocrx_word' id='word_1_398' title='bbox 1257 3812 1447 3867; x_wconf 89' lang='lat' dir='ltr'><strong>sentiri</strong></span> <span class='ocrx_word' id='word_1_399' title='bbox 1477 3821 1680 3882; x_wconf 86' lang='lat' dir='ltr'><strong>potest.</strong></span> 
     </span>
    </p>
   </div>
   <div class='ocr_carea' id='block_1_40' title="bbox 720 3903 2244 3974">
    <p class='ocr_par' dir='ltr' id='par_1_40' title="bbox 720 3903 2244 3974">
     <span class='ocr_line' id='line_1_40' title="bbox 720 3903 2244 3974; baseline 0.003 -16"><span class='ocrx_word' id='word_1_400' title='bbox 720 3903 904 3974; x_wconf 80' lang='lat' dir='ltr'><strong>(Vers.</strong></span> <span class='ocrx_word' id='word_1_401' title='bbox 937 3904 1019 3974; x_wconf 87' lang='lat'><strong>6.)</strong></span> <span class='ocrx_word' id='word_1_402' title='bbox 1059 3903 1128 3958; x_wconf 87' lang='lat' dir='ltr'><strong>Et</strong></span> <span class='ocrx_word' id='word_1_403' title='bbox 1155 3904 1421 3967; x_wconf 84' lang='lat' dir='ltr'><strong>abierunt.</strong></span> <span class='ocrx_word' id='word_1_404' title='bbox 1454 3904 1590 3959; x_wconf 88' lang='lat' dir='ltr'><strong>alius</strong></span> <span class='ocrx_word' id='word_1_405' title='bbox 1614 3907 1667 3960; x_wconf 88' lang='lat' dir='ltr'><strong>in</strong></span> <span class='ocrx_word' id='word_1_406' title='bbox 1695 3906 1869 3961; x_wconf 80' lang='lat' dir='ltr'><strong>villam</strong></span> <span class='ocrx_word' id='word_1_407' title='bbox 1900 3925 2076 3973; x_wconf 87' lang='lat' dir='ltr'><strong>suam,</strong></span> <span class='ocrx_word' id='word_1_408' title='bbox 2108 3909 2244 3963; x_wconf 86' lang='lat' dir='ltr'><strong>alius</strong></span> 
     </span>
    </p>
   </div>
   <div class='ocr_carea' id='block_1_41' title="bbox 645 3995 2243 4068">
    <p class='ocr_par' dir='ltr' id='par_1_41' title="bbox 645 3995 2243 4068">
     <span class='ocr_line' id='line_1_41' title="bbox 645 3995 2243 4068; baseline 0 -16"><span class='ocrx_word' id='word_1_409' title='bbox 645 4012 767 4052; x_wconf 74' lang='lat' dir='ltr'><strong>vero</strong></span> <span class='ocrx_word' id='word_1_410' title='bbox 805 3997 875 4051; x_wconf 87' lang='lat' dir='ltr'><strong>ad</strong></span> <span class='ocrx_word' id='word_1_411' title='bbox 917 3998 1314 4068; x_wconf 86' lang='lat' dir='ltr'><strong>negotiationem</strong></span> <span class='ocrx_word' id='word_1_412' title='bbox 1353 4012 1521 4051; x_wconf 83' lang='lat' dir='ltr'><strong>suam.</strong></span> <span class='ocrx_word' id='word_1_413' title='bbox 1560 3995 1763 4068; x_wconf 78' lang='lat' dir='ltr'><strong>Reliqui</strong></span> <span class='ocrx_word' id='word_1_414' title='bbox 1803 4014 1924 4052; x_wconf 80' lang='lat' dir='ltr'><strong>vero</strong></span> <span class='ocrx_word' id='word_1_415' title='bbox 1971 4010 2243 4053; x_wconf 87' lang='lat' dir='ltr'><strong>tenuerunt</strong></span> 
     </span>
    </p>
   </div>
   <div class='ocr_carea' id='block_1_42' title="bbox 648 4088 2245 4163">
    <p class='ocr_par' dir='ltr' id='par_1_42' title="bbox 648 4088 2245 4163">
     <span class='ocr_line' id='line_1_42' title="bbox 648 4088 2245 4163; baseline 0.003 -21"><span class='ocrx_word' id='word_1_416' title='bbox 648 4104 821 4144; x_wconf 79' lang='lat' dir='ltr'><strong>servos</strong></span> <span class='ocrx_word' id='word_1_417' title='bbox 846 4093 988 4163; x_wconf 82' lang='lat' dir='ltr'><strong>ejus.</strong></span> <span class='ocrx_word' id='word_1_418' title='bbox 1021 4100 1070 4145; x_wconf 87' lang='lat' dir='ltr'><strong>et</strong></span> <span class='ocrx_word' id='word_1_419' title='bbox 1097 4088 1421 4144; x_wconf 84' lang='lat' dir='ltr'><strong>contumeliis</strong></span> <span class='ocrx_word' id='word_1_420' title='bbox 1448 4089 1661 4157; x_wconf 71' lang='lat' dir='ltr'><strong>a/feclos</strong></span> <span class='ocrx_word' id='word_1_421' title='bbox 1681 4131 1698 4154; x_wconf 86' lang='lat'><strong>,</strong></span> <span class='ocrx_word' id='word_1_422' title='bbox 1747 4091 2061 4146; x_wconf 84' lang='lat' dir='ltr'><strong>occiderunt.</strong></span> <span class='ocrx_word' id='word_1_423' title='bbox 2096 4093 2245 4147; x_wconf 73' lang='lat' dir='ltr'><strong>Inter</strong></span> 
     </span>
    </p>
   </div>
   <div class='ocr_carea' id='block_1_43' title="bbox 649 4182 2242 4252">
    <p class='ocr_par' dir='ltr' id='par_1_43' title="bbox 649 4182 2242 4252">
     <span class='ocr_line' id='line_1_43' title="bbox 649 4182 2242 4252; baseline 0.001 -15"><span class='ocrx_word' id='word_1_424' title='bbox 649 4196 781 4248; x_wconf 86' lang='lat' dir='ltr'><strong>eos,</strong></span> <span class='ocrx_word' id='word_1_425' title='bbox 826 4183 917 4252; x_wconf 91' lang='lat' dir='ltr'><strong>qui</strong></span> <span class='ocrx_word' id='word_1_426' title='bbox 952 4198 1059 4238; x_wconf 93' lang='lat' dir='ltr'><strong>non</strong></span> <span class='ocrx_word' id='word_1_427' title='bbox 1101 4182 1368 4252; x_wconf 88' lang='lat' dir='ltr'><strong>recipiunt</strong></span> <span class='ocrx_word' id='word_1_428' title='bbox 1399 4182 1680 4252; x_wconf 85' lang='lat' dir='ltr'><strong>Evangelii</strong></span> <span class='ocrx_word' id='word_1_429' title='bbox 1721 4184 2001 4238; x_wconf 80' lang='lat' dir='ltr'><strong>veritatem</strong></span> <span class='ocrx_word' id='word_1_430' title='bbox 2030 4226 2043 4245; x_wconf 87' lang='lat'><strong>,</strong></span> <span class='ocrx_word' id='word_1_431' title='bbox 2078 4187 2242 4245; x_wconf 81' lang='lat' dir='ltr'><strong>multa</strong></span> 
     </span>
    </p>
   </div>
   <div class='ocr_carea' id='block_1_44' title="bbox 649 4277 2247 4350">
    <p class='ocr_par' dir='ltr' id='par_1_44' title="bbox 649 4277 2247 4350">
     <span class='ocr_line' id='line_1_44' title="bbox 649 4277 2247 4350; baseline 0.001 -16"><span class='ocrx_word' id='word_1_432' title='bbox 649 4278 941 4334; x_wconf 85' lang='lat' dir='ltr'><strong>diversitas</strong></span> <span class='ocrx_word' id='word_1_433' title='bbox 967 4286 1075 4332; x_wconf 87' lang='lat' dir='ltr'><strong>est.</strong></span> <span class='ocrx_word' id='word_1_434' title='bbox 1102 4277 1322 4333; x_wconf 80' lang='lat' dir='ltr'><strong>Minoris</strong></span> <span class='ocrx_word' id='word_1_435' title='bbox 1348 4278 1495 4333; x_wconf 92' lang='lat' dir='ltr'><strong>enim</strong></span> <span class='ocrx_word' id='word_1_436' title='bbox 1524 4279 1768 4334; x_wconf 89' lang='lat' dir='ltr'><strong>criminis</strong></span> <span class='ocrx_word' id='word_1_437' title='bbox 1808 4289 1933 4334; x_wconf 91' lang='lat' dir='ltr'><strong>sunt</strong></span> <span class='ocrx_word' id='word_1_438' title='bbox 1962 4281 2055 4350; x_wconf 89' lang='lat' dir='ltr'><strong>qui</strong></span> <span class='ocrx_word' id='word_1_439' title='bbox 2085 4296 2247 4335; x_wconf 79' lang='lat' dir='ltr'><strong>orcu-</strong></span> 
     </span>
    </p>
   </div>
   <div class='ocr_carea' id='block_1_45' title="bbox 652 4366 2257 4441">
    <p class='ocr_par' dir='ltr' id='par_1_45' title="bbox 652 4366 2257 4441">
     <span class='ocr_line' id='line_1_45' title="bbox 652 4366 2257 4441; baseline 0.002 -18"><span class='ocrx_word' id='word_1_440' title='bbox 652 4370 762 4439; x_wconf 86' lang='lat' dir='ltr'><strong>pati</strong></span> <span class='ocrx_word' id='word_1_441' title='bbox 788 4369 910 4424; x_wconf 78' lang='lat' dir='ltr'><strong>aliis</strong></span> <span class='ocrx_word' id='word_1_442' title='bbox 940 4370 1102 4424; x_wconf 81' lang='lat' dir='ltr'><strong>rebus</strong></span> <span class='ocrx_word' id='word_1_443' title='bbox 1135 4370 1327 4424; x_wconf 90' lang='lat' dir='ltr'><strong>venire</strong></span> <span class='ocrx_word' id='word_1_444' title='bbox 1354 4369 1903 4439; x_wconf 85' lang='lat' dir='ltr'><strong>noluerunt,hisqui,</strong></span> <span class='ocrx_word' id='word_1_445' title='bbox 1930 4366 2257 4441; x_wconf 80' lang='lat' dir='ltr'><strong>contempto</strong></span> 
     </span>
    </p>
   </div>
   <div class='ocr_carea' id='block_1_46' title="bbox 654 4460 2247 4529">
    <p class='ocr_par' dir='ltr' id='par_1_46' title="bbox 654 4460 2247 4529">
     <span class='ocr_line' id='line_1_46' title="bbox 654 4460 2247 4529; baseline 0.001 -13"><span class='ocrx_word' id='word_1_446' title='bbox 654 4460 936 4517; x_wconf 84' lang='lat' dir='ltr'><strong>invitantis</strong></span> <span class='ocrx_word' id='word_1_447' title='bbox 961 4460 1179 4529; x_wconf 82' lang='lat' dir='ltr'><strong>all‘ectu,</strong></span> <span class='ocrx_word' id='word_1_448' title='bbox 1210 4470 1485 4517; x_wconf 82' lang='lat' dir='ltr'><strong>verterunt</strong></span> <span class='ocrx_word' id='word_1_449' title='bbox 1529 4460 1921 4517; x_wconf 87' lang='lat' dir='ltr'><strong>humanitatem</strong></span> <span class='ocrx_word' id='word_1_450' title='bbox 1973 4463 2023 4517; x_wconf 94' lang='lat' dir='ltr'><strong>in</strong></span> <span class='ocrx_word' id='word_1_451' title='bbox 2051 4463 2247 4518; x_wconf 86' lang='lat' dir='ltr'><strong>crude-</strong></span> 
     </span>
    </p>
   </div>
   <div class='ocr_carea' id='block_1_47' title="bbox 2339 1950 3968 2032">
    <p class='ocr_par' dir='ltr' id='par_1_47' title="bbox 2339 1950 3968 2032">
     <span class='ocr_line' id='line_1_47' title="bbox 2339 1950 3968 2032; baseline 0 -18"><span class='ocrx_word' id='word_1_452' title='bbox 2339 1959 2422 2014; x_wconf 89' lang='lat' dir='ltr'><strong>lte</strong></span> <span class='ocrx_word' id='word_1_453' title='bbox 2448 1975 2570 2032; x_wconf 85' lang='lat' dir='ltr'><strong>ergo</strong></span> <span class='ocrx_word' id='word_1_454' title='bbox 2599 1960 2667 2014; x_wconf 88' lang='lat' dir='ltr'><strong>ad</strong></span> <span class='ocrx_word' id='word_1_455' title='bbox 2695 1963 2863 2014; x_wconf 75' lang='lat' dir='ltr'><strong>exitus</strong></span> <span class='ocrx_word' id='word_1_456' title='bbox 2901 1962 3129 2027; x_wconf 81' lang='lat' dir='ltr'><strong>viarum,</strong></span> <span class='ocrx_word' id='word_1_457' title='bbox 3165 1971 3211 2015; x_wconf 91' lang='lat' dir='ltr'><strong>et</strong></span> <span class='ocrx_word' id='word_1_458' title='bbox 3239 1950 3589 2032; x_wconf 76' lang='lat' dir='ltr'><strong>quoscumque</strong></span> <span class='ocrx_word' id='word_1_459' title='bbox 3617 1963 3968 2030; x_wconf 77' lang='lat' dir='ltr'><strong>inveneritis,</strong></span> 
     </span>
    </p>
   </div>
   <div class='ocr_carea' id='block_1_48' title="bbox 2338 2054 3974 2130">
    <p class='ocr_par' dir='ltr' id='par_1_48' title="bbox 2338 2054 3974 2130">
     <span class='ocr_line' id='line_1_48' title="bbox 2338 2054 3974 2130; baseline 0 -20"><span class='ocrx_word' id='word_1_460' title='bbox 2338 2065 2511 2110; x_wconf 82' lang='lat' dir='ltr'><strong>vocate</strong></span> <span class='ocrx_word' id='word_1_461' title='bbox 2548 2056 2617 2110; x_wconf 90' lang='lat' dir='ltr'><strong>ad</strong></span> <span class='ocrx_word' id='word_1_462' title='bbox 2660 2056 2889 2126; x_wconf 88' lang='lat' dir='ltr'><strong>nuptias.</strong></span> <span class='ocrx_word' id='word_1_463' title='bbox 2935 2054 3004 2109; x_wconf 85' lang='lat' dir='ltr'><strong>Et</strong></span> <span class='ocrx_word' id='word_1_464' title='bbox 3032 2057 3225 2129; x_wconf 80' lang='lat' dir='ltr'><strong>egressi</strong></span> <span class='ocrx_word' id='word_1_465' title='bbox 3254 2057 3383 2111; x_wconf 87' lang='lat' dir='ltr'><strong>servi</strong></span> <span class='ocrx_word' id='word_1_466' title='bbox 3428 2060 3542 2130; x_wconf 84' lang='lat' dir='ltr'><strong>ejus</strong></span> <span class='ocrx_word' id='word_1_467' title='bbox 3568 2057 3623 2110; x_wconf 88' lang='lat' dir='ltr'><strong>in</strong></span> <span class='ocrx_word' id='word_1_468' title='bbox 3653 2061 3789 2124; x_wconf 78' lang='lat' dir='ltr'><strong>uias,</strong></span> <span class='ocrx_word' id='word_1_469' title='bbox 3829 2073 3974 2110; x_wconf 83' lang='lat' dir='ltr'><strong>con-</strong></span> 
     </span>
    </p>
   </div>
   <div class='ocr_carea' id='block_1_49' title="bbox 2338 2148 3971 2220">
    <p class='ocr_par' dir='ltr' id='par_1_49' title="bbox 2338 2148 3971 2220">
     <span class='ocr_line' id='line_1_49' title="bbox 2338 2148 3971 2220; baseline -0.001 -18"><span class='ocrx_word' id='word_1_470' title='bbox 2338 2158 2680 2220; x_wconf 79' lang='lat' dir='ltr'><strong>gregaverant</strong></span> <span class='ocrx_word' id='word_1_471' title='bbox 2709 2164 2885 2201; x_wconf 86' lang='lat' dir='ltr'><strong>omnes</strong></span> <span class='ocrx_word' id='word_1_472' title='bbox 2911 2163 3040 2215; x_wconf 88' lang='lat' dir='ltr'><strong>quos</strong></span> <span class='ocrx_word' id='word_1_473' title='bbox 3067 2149 3391 2217; x_wconf 85' lang='lat' dir='ltr'><strong>invenerunt,</strong></span> <span class='ocrx_word' id='word_1_474' title='bbox 3415 2148 3580 2202; x_wconf 86' lang='lat' dir='ltr'><strong>malos</strong></span> <span class='ocrx_word' id='word_1_475' title='bbox 3604 2155 3650 2199; x_wconf 80' lang='lat' dir='ltr'><strong>et</strong></span> <span class='ocrx_word' id='word_1_476' title='bbox 3682 2148 3879 2211; x_wconf 84' lang='lat' dir='ltr'><strong>bonos,</strong></span> <span class='ocrx_word' id='word_1_477' title='bbox 3908 2156 3971 2201; x_wconf 75' lang='lat' dir='ltr'><strong>et</strong></span> 
     </span>
    </p>
   </div>
   <div class='ocr_carea' id='block_1_50' title="bbox 2338 2237 3972 2309">
    <p class='ocr_par' dir='ltr' id='par_1_50' title="bbox 2338 2237 3972 2309">
     <span class='ocr_line' id='line_1_50' title="bbox 2338 2237 3972 2309; baseline 0.001 -17"><span class='ocrx_word' id='word_1_478' title='bbox 2338 2239 2565 2307; x_wconf 76' lang='lat' dir='ltr'><strong>impleta:</strong></span> <span class='ocrx_word' id='word_1_479' title='bbox 2592 2248 2711 2293; x_wconf 87' lang='lat' dir='ltr'><strong>sunt</strong></span> <span class='ocrx_word' id='word_1_480' title='bbox 2736 2238 2934 2307; x_wconf 67' lang='lat' dir='ltr'><strong>nuptiae</strong></span> <span class='ocrx_word' id='word_1_481' title='bbox 2958 2237 3419 2294; x_wconf 80' lang='lat' dir='ltr'><strong>discumbentium.</strong></span> <span class='ocrx_word' id='word_1_482' title='bbox 3443 2238 3740 2294; x_wconf 85' lang='lat' dir='ltr'><strong>Gentilium</strong></span> <span class='ocrx_word' id='word_1_483' title='bbox 3770 2253 3972 2309; x_wconf 73' lang='lat' dir='ltr'><strong>puon</strong></span> 
     </span>
    </p>
   </div>
   <div class='ocr_carea' id='block_1_51' title="bbox 2341 2331 3968 2400">
    <p class='ocr_par' dir='ltr' id='par_1_51' title="bbox 2341 2331 3968 2400">
     <span class='ocr_line' id='line_1_51' title="bbox 2341 2331 3968 2400; baseline 0 -14"><span class='ocrx_word' id='word_1_484' title='bbox 2341 2334 2423 2387; x_wconf 89' lang='lat' dir='ltr'><strong>lus</strong></span> <span class='ocrx_word' id='word_1_485' title='bbox 2453 2348 2561 2387; x_wconf 90' lang='lat' dir='ltr'><strong>non</strong></span> <span class='ocrx_word' id='word_1_486' title='bbox 2590 2344 2707 2389; x_wconf 83' lang='lat' dir='ltr'><strong>erat</strong></span> <span class='ocrx_word' id='word_1_487' title='bbox 2739 2336 2788 2386; x_wconf 92' lang='lat' dir='ltr'><strong>in</strong></span> <span class='ocrx_word' id='word_1_488' title='bbox 2823 2335 2946 2392; x_wconf 89' lang='lat' dir='ltr'><strong>viis.</strong></span> <span class='ocrx_word' id='word_1_489' title='bbox 2977 2332 3071 2389; x_wconf 89' lang='lat' dir='ltr'><strong>sed</strong></span> <span class='ocrx_word' id='word_1_490' title='bbox 3106 2333 3157 2387; x_wconf 94' lang='lat' dir='ltr'><strong>iu</strong></span> <span class='ocrx_word' id='word_1_491' title='bbox 3194 2333 3430 2388; x_wconf 77' lang='lat' dir='ltr'><strong>exitibus</strong></span> <span class='ocrx_word' id='word_1_492' title='bbox 3458 2333 3690 2388; x_wconf 86' lang='lat' dir='ltr'><strong>viarum.</strong></span> <span class='ocrx_word' id='word_1_493' title='bbox 3724 2331 3968 2400; x_wconf 69' lang='lat' dir='ltr'><strong>Quaeri-</strong></span> 
     </span>
    </p>
   </div>
   <div class='ocr_carea' id='block_1_52' title="bbox 2341 2423 3968 2495">
    <p class='ocr_par' dir='ltr' id='par_1_52' title="bbox 2341 2423 3968 2495">
     <span class='ocr_line' id='line_1_52' title="bbox 2341 2423 3968 2495; baseline -0.001 -15"><span class='ocrx_word' id='word_1_494' title='bbox 2341 2434 2429 2480; x_wconf 90' lang='lat' dir='ltr'><strong>tur</strong></span> <span class='ocrx_word' id='word_1_495' title='bbox 2481 2434 2664 2480; x_wconf 88' lang='lat' dir='ltr'><strong>autem</strong></span> <span class='ocrx_word' id='word_1_496' title='bbox 2705 2424 2979 2494; x_wconf 87' lang='lat' dir='ltr'><strong>quomodo</strong></span> <span class='ocrx_word' id='word_1_497' title='bbox 3025 2424 3079 2479; x_wconf 89' lang='lat' dir='ltr'><strong>in</strong></span> <span class='ocrx_word' id='word_1_498' title='bbox 3130 2424 3213 2479; x_wconf 91' lang='lat' dir='ltr'><strong>his</strong></span> <span class='ocrx_word' id='word_1_499' title='bbox 3264 2426 3356 2495; x_wconf 89' lang='lat' dir='ltr'><strong>qni</strong></span> <span class='ocrx_word' id='word_1_500' title='bbox 3409 2423 3542 2479; x_wconf 82' lang='lat' dir='ltr'><strong>foris</strong></span> <span class='ocrx_word' id='word_1_501' title='bbox 3585 2435 3741 2479; x_wconf 87' lang='lat' dir='ltr'><strong>erant</strong></span> <span class='ocrx_word' id='word_1_502' title='bbox 3796 2426 3968 2479; x_wconf 85' lang='lat' dir='ltr'><strong>inter</strong></span> 
     </span>
    </p>
   </div>
   <div class='ocr_carea' id='block_1_53' title="bbox 2338 2516 3970 2589">
    <p class='ocr_par' dir='ltr' id='par_1_53' title="bbox 2338 2516 3970 2589">
     <span class='ocr_line' id='line_1_53' title="bbox 2338 2516 3970 2589; baseline -0.001 -14"><span class='ocrx_word' id='word_1_503' title='bbox 2338 2520 2533 2586; x_wconf 83' lang='lat' dir='ltr'><strong>malos,</strong></span> <span class='ocrx_word' id='word_1_504' title='bbox 2559 2527 2617 2575; x_wconf 90' lang='lat' dir='ltr'><strong>et</strong></span> <span class='ocrx_word' id='word_1_505' title='bbox 2638 2520 2765 2574; x_wconf 87' lang='lat' dir='ltr'><strong>boni</strong></span> <span class='ocrx_word' id='word_1_506' title='bbox 2793 2519 2959 2589; x_wconf 87' lang='lat' dir='ltr'><strong>aliqui</strong></span> <span class='ocrx_word' id='word_1_507' title='bbox 2982 2520 3096 2573; x_wconf 91' lang='lat' dir='ltr'><strong>sint</strong></span> <span class='ocrx_word' id='word_1_508' title='bbox 3117 2519 3353 2588; x_wconf 81' lang='lat' dir='ltr'><strong>reperti?</strong></span> <span class='ocrx_word' id='word_1_509' title='bbox 3383 2518 3534 2574; x_wconf 86' lang='lat' dir='ltr'><strong>llunc</strong></span> <span class='ocrx_word' id='word_1_510' title='bbox 3559 2518 3740 2574; x_wconf 90' lang='lat' dir='ltr'><strong>locum</strong></span> <span class='ocrx_word' id='word_1_511' title='bbox 3778 2516 3797 2555; x_wconf 70' lang='grc' dir='ltr'><strong>ί</strong></span> <span class='ocrx_word' id='word_1_512' title='bbox 3835 2519 3970 2588; x_wconf 86' lang='lat' dir='ltr'><strong>ple-</strong></span> 
     </span>
    </p>
   </div>
   <div class='ocr_carea' id='block_1_54' title="bbox 2340 2609 3961 2682">
    <p class='ocr_par' dir='ltr' id='par_1_54' title="bbox 2340 2609 3961 2682">
     <span class='ocr_line' id='line_1_54' title="bbox 2340 2609 3961 2682; baseline -0.001 -16"><span class='ocrx_word' id='word_1_513' title='bbox 2340 2613 2461 2666; x_wconf 88' lang='lat' dir='ltr'><strong>nius</strong></span> <span class='ocrx_word' id='word_1_514' title='bbox 2489 2621 2685 2666; x_wconf 87' lang='lat' dir='ltr'><strong>tractat</strong></span> <span class='ocrx_word' id='word_1_515' title='bbox 2726 2611 3018 2680; x_wconf 79' lang='lat' dir='ltr'><strong>Apostolus</strong></span> <span class='ocrx_word' id='word_1_516' title='bbox 3052 2611 3119 2666; x_wconf 90' lang='lat' dir='ltr'><strong>ad</strong></span> <span class='ocrx_word' id='word_1_517' title='bbox 3152 2610 3428 2665; x_wconf 79' lang='lat' dir='ltr'><strong>Romanos</strong></span> <span class='ocrx_word' id='word_1_518' title='bbox 3468 2609 3575 2682; x_wconf 82' lang='grc' dir='ltr'><strong>[ΑΙ.</strong></span> <span class='ocrx_word' id='word_1_519' title='bbox 3608 2609 3827 2664; x_wconf 85' lang='lat' dir='ltr'><strong>additur</strong></span> <span class='ocrx_word' id='word_1_520' title='bbox 3859 2610 3961 2664; x_wconf 67' lang='lat' dir='ltr'><strong>dio</strong></span> 
     </span>
    </p>
   </div>
   <div class='ocr_carea' id='block_1_55' title="bbox 2337 2700 3961 2778">
    <p class='ocr_par' dir='ltr' id='par_1_55' title="bbox 2337 2700 3961 2778">
     <span class='ocr_line' id='line_1_55' title="bbox 2337 2700 3961 2778; baseline -0.003 -17"><span class='ocrx_word' id='word_1_521' title='bbox 2337 2705 2491 2778; x_wconf 85' lang='lat' dir='ltr'><strong>cens]</strong></span> <span class='ocrx_word' id='word_1_522' title='bbox 2520 2704 2697 2775; x_wconf 82' lang='lat' dir='ltr'><strong>(Rom.</strong></span> <span class='ocrx_word' id='word_1_523' title='bbox 2723 2721 2783 2769; x_wconf 85' lang='lat' dir='ltr'><strong>tt,</strong></span> <span class='ocrx_word' id='word_1_524' title='bbox 2816 2703 2927 2777; x_wconf 77' lang='lat' dir='ltr'><strong>M):</strong></span> <span class='ocrx_word' id='word_1_525' title='bbox 2950 2704 3097 2776; x_wconf 87' lang='lat' dir='ltr'><strong>quod</strong></span> <span class='ocrx_word' id='word_1_526' title='bbox 3120 2715 3313 2773; x_wconf 86' lang='lat' dir='ltr'><strong>gentes</strong></span> <span class='ocrx_word' id='word_1_527' title='bbox 3336 2703 3659 2759; x_wconf 81' lang='lat' dir='ltr'><strong>naturaliter</strong></span> <span class='ocrx_word' id='word_1_528' title='bbox 3682 2700 3961 2756; x_wconf 81' lang='lat' dir='ltr'><strong>lacieutes</strong></span> 
     </span>
    </p>
   </div>
   <div class='ocr_carea' id='block_1_56' title="bbox 2337 2794 3961 2868">
    <p class='ocr_par' dir='ltr' id='par_1_56' title="bbox 2337 2794 3961 2868">
     <span class='ocr_line' id='line_1_56' title="bbox 2337 2794 3961 2868; baseline -0.002 -14"><span class='ocrx_word' id='word_1_529' title='bbox 2337 2813 2401 2854; x_wconf 91' lang='lat' dir='ltr'><strong>ea</strong></span> <span class='ocrx_word' id='word_1_530' title='bbox 2423 2813 2544 2868; x_wconf 72' lang='lat' dir='ltr'><strong>qute</strong></span> <span class='ocrx_word' id='word_1_531' title='bbox 2570 2798 2707 2866; x_wconf 82' lang='lat' dir='ltr'><strong>legis</strong></span> <span class='ocrx_word' id='word_1_532' title='bbox 2738 2806 2887 2858; x_wconf 83' lang='lat' dir='ltr'><strong>sunt,</strong></span> <span class='ocrx_word' id='word_1_533' title='bbox 2905 2798 3279 2852; x_wconf 86' lang='lat' dir='ltr'><strong>condemnent</strong></span> <span class='ocrx_word' id='word_1_534' title='bbox 3298 2795 3536 2863; x_wconf 68' lang='lat' dir='ltr'><strong>Judaeos,</strong></span> <span class='ocrx_word' id='word_1_535' title='bbox 3560 2794 3649 2865; x_wconf 91' lang='lat' dir='ltr'><strong>qui</strong></span> <span class='ocrx_word' id='word_1_536' title='bbox 3679 2794 3961 2863; x_wconf 80' lang='lat' dir='ltr'><strong>scriptam</strong></span> 
     </span>
    </p>
   </div>
   <div class='ocr_carea' id='block_1_57' title="bbox 2338 2884 3961 2960">
    <p class='ocr_par' dir='ltr' id='par_1_57' title="bbox 2338 2884 3961 2960">
     <span class='ocr_line' id='line_1_57' title="bbox 2338 2884 3961 2960; baseline -0.003 -16"><span class='ocrx_word' id='word_1_537' title='bbox 2338 2890 2514 2960; x_wconf 89' lang='lat' dir='ltr'><strong>legem</strong></span> <span class='ocrx_word' id='word_1_538' title='bbox 2552 2905 2660 2944; x_wconf 92' lang='lat' dir='ltr'><strong>non</strong></span> <span class='ocrx_word' id='word_1_539' title='bbox 2708 2887 2955 2944; x_wconf 81' lang='lat' dir='ltr'><strong>iecerint.</strong></span> <span class='ocrx_word' id='word_1_540' title='bbox 2986 2888 3136 2943; x_wconf 91' lang='lat' dir='ltr'><strong>luter</strong></span> <span class='ocrx_word' id='word_1_541' title='bbox 3167 2888 3313 2957; x_wconf 87' lang='lat' dir='ltr'><strong>ipsos</strong></span> <span class='ocrx_word' id='word_1_542' title='bbox 3343 2901 3562 2959; x_wconf 89' lang='lat' dir='ltr'><strong>quoque</strong></span> <span class='ocrx_word' id='word_1_543' title='bbox 3579 2884 3831 2940; x_wconf 89' lang='lat' dir='ltr'><strong>ethnicos</strong></span> <span class='ocrx_word' id='word_1_544' title='bbox 3863 2893 3961 2939; x_wconf 87' lang='lat' dir='ltr'><strong>est</strong></span> 
     </span>
    </p>
   </div>
   <div class='ocr_carea' id='block_1_58' title="bbox 2338 2978 3959 3047">
    <p class='ocr_par' dir='ltr' id='par_1_58' title="bbox 2338 2978 3959 3047">
     <span class='ocr_line' id='line_1_58' title="bbox 2338 2978 3959 3047; baseline -0.003 -9"><span class='ocrx_word' id='word_1_545' title='bbox 2338 2982 2627 3038; x_wconf 54' lang='lat' dir='ltr'><strong>diversitas</strong></span> <span class='ocrx_word' id='word_1_546' title='bbox 2662 2982 2872 3036; x_wconf 81' lang='lat' dir='ltr'><strong>inﬁnita</strong></span> <span class='ocrx_word' id='word_1_547' title='bbox 2899 2998 2914 3047; x_wconf 92' lang='lat'><strong>;</strong></span> <span class='ocrx_word' id='word_1_548' title='bbox 2946 2997 3069 3037; x_wconf 86' lang='lat' dir='ltr'><strong>cum</strong></span> <span class='ocrx_word' id='word_1_549' title='bbox 3096 2984 3333 3036; x_wconf 87' lang='lat' dir='ltr'><strong>sciamus</strong></span> <span class='ocrx_word' id='word_1_550' title='bbox 3353 2981 3489 3035; x_wconf 84' lang='lat' dir='ltr'><strong>alios</strong></span> <span class='ocrx_word' id='word_1_551' title='bbox 3514 2993 3639 3035; x_wconf 77' lang='lat' dir='ltr'><strong>esse</strong></span> <span class='ocrx_word' id='word_1_552' title='bbox 3670 2978 3959 3047; x_wconf 78' lang='lat' dir='ltr'><strong>praclives</strong></span> 
     </span>
    </p>
   </div>
   <div class='ocr_carea' id='block_1_59' title="bbox 2339 3072 3955 3149">
    <p class='ocr_par' dir='ltr' id='par_1_59' title="bbox 2339 3072 3955 3149">
     <span class='ocr_line' id='line_1_59' title="bbox 2339 3072 3955 3149; baseline -0.004 -16"><span class='ocrx_word' id='word_1_553' title='bbox 2339 3077 2408 3133; x_wconf 86' lang='lat' dir='ltr'><strong>ad</strong></span> <span class='ocrx_word' id='word_1_554' title='bbox 2442 3077 2570 3132; x_wconf 89' lang='lat' dir='ltr'><strong>vitia</strong></span> <span class='ocrx_word' id='word_1_555' title='bbox 2589 3086 2644 3132; x_wconf 90' lang='lat' dir='ltr'><strong>ct</strong></span> <span class='ocrx_word' id='word_1_556' title='bbox 2675 3077 2834 3149; x_wconf 75' lang='lat'><strong>176</strong></span> <span class='ocrx_word' id='word_1_557' title='bbox 2864 3084 3083 3131; x_wconf 88' lang='lat' dir='ltr'><strong>ruentes</strong></span> <span class='ocrx_word' id='word_1_558' title='bbox 3112 3074 3181 3129; x_wconf 89' lang='lat' dir='ltr'><strong>ad</strong></span> <span class='ocrx_word' id='word_1_559' title='bbox 3210 3074 3385 3128; x_wconf 89' lang='lat' dir='ltr'><strong>mala:</strong></span> <span class='ocrx_word' id='word_1_560' title='bbox 3415 3073 3551 3128; x_wconf 89' lang='lat' dir='ltr'><strong>alios</strong></span> <span class='ocrx_word' id='word_1_561' title='bbox 3580 3072 3650 3127; x_wconf 88' lang='lat' dir='ltr'><strong>ob</strong></span> <span class='ocrx_word' id='word_1_562' title='bbox 3679 3072 3955 3126; x_wconf 81' lang='lat' dir='ltr'><strong>honesta-</strong></span> 
     </span>
    </p>
   </div>
   <div class='ocr_carea' id='block_1_60' title="bbox 2344 3169 3283 3228">
    <p class='ocr_par' dir='ltr' id='par_1_60' title="bbox 2344 3169 3283 3228">
     <span class='ocr_line' id='line_1_60' title="bbox 2344 3169 3283 3228; baseline -0.007 0"><span class='ocrx_word' id='word_1_563' title='bbox 2344 3181 2453 3228; x_wconf 87' lang='lat' dir='ltr'><strong>tem</strong></span> <span class='ocrx_word' id='word_1_564' title='bbox 2482 3186 2696 3227; x_wconf 90' lang='lat' dir='ltr'><strong>morum</strong></span> <span class='ocrx_word' id='word_1_565' title='bbox 2730 3170 3021 3225; x_wconf 89' lang='lat' dir='ltr'><strong>virtutibus</strong></span> <span class='ocrx_word' id='word_1_566' title='bbox 3049 3169 3283 3224; x_wconf 84' lang='lat' dir='ltr'><strong>deditos.</strong></span> 
     </span>
    </p>
   </div>
   <div class='ocr_carea' id='block_1_61' title="bbox 2415 3257 3957 3336">
    <p class='ocr_par' dir='ltr' id='par_1_61' title="bbox 2415 3257 3957 3336">
     <span class='ocr_line' id='line_1_61' title="bbox 2415 3257 3957 3336; baseline -0.003 -20"><span class='ocrx_word' id='word_1_567' title='bbox 2415 3264 2597 3336; x_wconf 84' lang='lat' dir='ltr'><strong>(Vers.</strong></span> <span class='ocrx_word' id='word_1_568' title='bbox 2635 3263 2723 3329; x_wconf 79' lang='grc'><strong>11,</strong></span> <span class='ocrx_word' id='word_1_569' title='bbox 2762 3262 2875 3326; x_wconf 72' lang='grc'><strong>12.)</strong></span> <span class='ocrx_word' id='word_1_570' title='bbox 2916 3261 3135 3316; x_wconf 84' lang='lat' dir='ltr'><strong>Intravit</strong></span> <span class='ocrx_word' id='word_1_571' title='bbox 3179 3269 3348 3314; x_wconf 88' lang='lat' dir='ltr'><strong>autem</strong></span> <span class='ocrx_word' id='word_1_572' title='bbox 3371 3276 3491 3325; x_wconf 75' lang='lat' dir='ltr'><strong>rex,</strong></span> <span class='ocrx_word' id='word_1_573' title='bbox 3524 3267 3578 3311; x_wconf 85' lang='lat' dir='ltr'><strong>ut</strong></span> <span class='ocrx_word' id='word_1_574' title='bbox 3605 3257 3803 3312; x_wconf 87' lang='lat' dir='ltr'><strong>videret</strong></span> <span class='ocrx_word' id='word_1_575' title='bbox 3835 3257 3957 3312; x_wconf 86' lang='lat' dir='ltr'><strong>dis-</strong></span> 
     </span>
    </p>
   </div>
   <div class='ocr_carea' id='block_1_62' title="bbox 2344 3351 3959 3412">
    <p class='ocr_par' dir='ltr' id='par_1_62' title="bbox 2344 3351 3959 3412">
     <span class='ocr_line' id='line_1_62' title="bbox 2344 3351 3959 3412; baseline -0.005 -1"><span class='ocrx_word' id='word_1_576' title='bbox 2344 3356 2672 3412; x_wconf 87' lang='lat' dir='ltr'><strong>cumbentes:</strong></span> <span class='ocrx_word' id='word_1_577' title='bbox 2720 3364 2766 3409; x_wconf 91' lang='lat' dir='ltr'><strong>et</strong></span> <span class='ocrx_word' id='word_1_578' title='bbox 2806 3355 2935 3409; x_wconf 87' lang='lat' dir='ltr'><strong>vidit</strong></span> <span class='ocrx_word' id='word_1_579' title='bbox 2968 3355 3042 3408; x_wconf 91' lang='lat' dir='ltr'><strong>ibi</strong></span> <span class='ocrx_word' id='word_1_580' title='bbox 3071 3354 3329 3408; x_wconf 86' lang='lat' dir='ltr'><strong>hominem</strong></span> <span class='ocrx_word' id='word_1_581' title='bbox 3371 3368 3474 3405; x_wconf 88' lang='lat' dir='ltr'><strong>non</strong></span> <span class='ocrx_word' id='word_1_582' title='bbox 3516 3351 3754 3404; x_wconf 80' lang='lat' dir='ltr'><strong>vestitum</strong></span> <span class='ocrx_word' id='word_1_583' title='bbox 3794 3359 3959 3403; x_wconf 81' lang='lat' dir='ltr'><strong>veste</strong></span> 
     </span>
    </p>
   </div>
   <div class='ocr_carea' id='block_1_63' title="bbox 2345 3441 3955 3520">
    <p class='ocr_par' dir='ltr' id='par_1_63' title="bbox 2345 3441 3955 3520">
     <span class='ocr_line' id='line_1_63' title="bbox 2345 3441 3955 3520; baseline -0.006 -16"><span class='ocrx_word' id='word_1_584' title='bbox 2345 3450 2593 3520; x_wconf 84' lang='lat' dir='ltr'><strong>nuptiali.</strong></span> <span class='ocrx_word' id='word_1_585' title='bbox 2628 3458 2673 3502; x_wconf 88' lang='lat' dir='ltr'><strong>et</strong></span> <span class='ocrx_word' id='word_1_586' title='bbox 2703 3448 2778 3501; x_wconf 90' lang='lat' dir='ltr'><strong>ait</strong></span> <span class='ocrx_word' id='word_1_587' title='bbox 2805 3447 2889 3500; x_wconf 87' lang='lat' dir='ltr'><strong>illi</strong></span> <span class='ocrx_word' id='word_1_588' title='bbox 2913 3462 2932 3501; x_wconf 92' lang='lat'><strong><em>:</em></strong></span> <span class='ocrx_word' id='word_1_589' title='bbox 2964 3446 3162 3513; x_wconf 84' lang='lat' dir='ltr'><strong>Amice,</strong></span> <span class='ocrx_word' id='word_1_590' title='bbox 3193 3443 3449 3515; x_wconf 83' lang='lat' dir='ltr'><strong>quomodo</strong></span> <span class='ocrx_word' id='word_1_591' title='bbox 3474 3442 3572 3497; x_wconf 89' lang='lat' dir='ltr'><strong>huc</strong></span> <span class='ocrx_word' id='word_1_592' title='bbox 3603 3441 3806 3496; x_wconf 85' lang='lat' dir='ltr'><strong>intrasti</strong></span> <span class='ocrx_word' id='word_1_593' title='bbox 3837 3457 3955 3494; x_wconf 86' lang='lat' dir='ltr'><strong>non</strong></span> 
     </span>
    </p>
   </div>
   <div class='ocr_carea' id='block_1_64' title="bbox 2347 3532 3959 3611">
    <p class='ocr_par' dir='ltr' id='par_1_64' title="bbox 2347 3532 3959 3611">
     <span class='ocr_line' id='line_1_64' title="bbox 2347 3532 3959 3611; baseline -0.005 -17"><span class='ocrx_word' id='word_1_594' title='bbox 2347 3540 2540 3594; x_wconf 82' lang='lat' dir='ltr'><strong>habens</strong></span> <span class='ocrx_word' id='word_1_595' title='bbox 2564 3550 2754 3593; x_wconf 83' lang='lat' dir='ltr'><strong>vestem</strong></span> <span class='ocrx_word' id='word_1_596' title='bbox 2783 3535 3116 3611; x_wconf 82' lang='lat' dir='ltr'><strong>nuptialem?</strong></span> <span class='ocrx_word' id='word_1_597' title='bbox 3144 3535 3321 3590; x_wconf 82' lang='lat' dir='ltr'><strong>Atille</strong></span> <span class='ocrx_word' id='word_1_598' title='bbox 3345 3534 3618 3590; x_wconf 82' lang='lat' dir='ltr'><strong>obmutuit.</strong></span> <span class='ocrx_word' id='word_1_599' title='bbox 3645 3533 3707 3587; x_wconf 82' lang='lat' dir='ltr'><strong>Hi</strong></span> <span class='ocrx_word' id='word_1_600' title='bbox 3736 3532 3827 3604; x_wconf 88' lang='lat' dir='ltr'><strong>qui</strong></span> <span class='ocrx_word' id='word_1_601' title='bbox 3865 3533 3959 3587; x_wconf 87' lang='lat' dir='ltr'><strong>in—</strong></span> 
     </span>
    </p>
   </div>
   <div class='ocr_carea' id='block_1_65' title="bbox 2346 3625 3961 3699">
    <p class='ocr_par' dir='ltr' id='par_1_65' title="bbox 2346 3625 3961 3699">
     <span class='ocr_line' id='line_1_65' title="bbox 2346 3625 3961 3699; baseline -0.006 -10"><span class='ocrx_word' id='word_1_602' title='bbox 2346 3634 2500 3689; x_wconf 88' lang='lat' dir='ltr'><strong>vitati</strong></span> <span class='ocrx_word' id='word_1_603' title='bbox 2538 3633 2748 3688; x_wconf 87' lang='lat' dir='ltr'><strong>fuerant</strong></span> <span class='ocrx_word' id='word_1_604' title='bbox 2786 3632 2852 3686; x_wconf 88' lang='lat' dir='ltr'><strong>ad</strong></span> <span class='ocrx_word' id='word_1_605' title='bbox 2896 3632 3136 3699; x_wconf 81' lang='lat' dir='ltr'><strong>nuptias,</strong></span> <span class='ocrx_word' id='word_1_606' title='bbox 3171 3629 3240 3685; x_wconf 93' lang='lat' dir='ltr'><strong>de</strong></span> <span class='ocrx_word' id='word_1_607' title='bbox 3280 3628 3504 3697; x_wconf 84' lang='lat' dir='ltr'><strong>sepihus</strong></span> <span class='ocrx_word' id='word_1_608' title='bbox 3529 3636 3584 3683; x_wconf 89' lang='lat' dir='ltr'><strong>et</strong></span> <span class='ocrx_word' id='word_1_609' title='bbox 3614 3625 3864 3696; x_wconf 88' lang='lat' dir='ltr'><strong>angulis.</strong></span> <span class='ocrx_word' id='word_1_610' title='bbox 3899 3634 3961 3681; x_wconf 87' lang='lat' dir='ltr'><strong>et</strong></span> 
     </span>
    </p>
   </div>
   <div class='ocr_carea' id='block_1_66' title="bbox 2349 3719 3953 3797">
    <p class='ocr_par' dir='ltr' id='par_1_66' title="bbox 2349 3719 3953 3797">
     <span class='ocr_line' id='line_1_66' title="bbox 2349 3719 3953 3797; baseline -0.005 -18"><span class='ocrx_word' id='word_1_611' title='bbox 2349 3725 2564 3797; x_wconf 63' lang='lat' dir='ltr'><strong>plateis,</strong></span> <span class='ocrx_word' id='word_1_612' title='bbox 2596 3733 2654 3779; x_wconf 91' lang='lat' dir='ltr'><strong>et</strong></span> <span class='ocrx_word' id='word_1_613' title='bbox 2681 3724 2916 3778; x_wconf 86' lang='lat' dir='ltr'><strong>diversis</strong></span> <span class='ocrx_word' id='word_1_614' title='bbox 2942 3723 3095 3789; x_wconf 90' lang='lat' dir='ltr'><strong>locis,</strong></span> <span class='ocrx_word' id='word_1_615' title='bbox 3139 3736 3350 3777; x_wconf 71' lang='lat' dir='ltr'><strong>coenam</strong></span> <span class='ocrx_word' id='word_1_616' title='bbox 3386 3721 3530 3788; x_wconf 81' lang='lat' dir='ltr'><strong>regis</strong></span> <span class='ocrx_word' id='word_1_617' title='bbox 3559 3719 3953 3788; x_wconf 78' lang='lat' dir='ltr'><strong>impleverant.</strong></span> 
     </span>
    </p>
   </div>
   <div class='ocr_carea' id='block_1_67' title="bbox 2350 3810 3963 3887">
    <p class='ocr_par' dir='ltr' id='par_1_67' title="bbox 2350 3810 3963 3887">
     <span class='ocr_line' id='line_1_67' title="bbox 2350 3810 3963 3887; baseline -0.004 -13"><span class='ocrx_word' id='word_1_618' title='bbox 2350 3818 2459 3874; x_wconf 80' lang='lat' dir='ltr'><strong>Sed</strong></span> <span class='ocrx_word' id='word_1_619' title='bbox 2492 3829 2681 3887; x_wconf 78' lang='lat' dir='ltr'><strong>poSIea</strong></span> <span class='ocrx_word' id='word_1_620' title='bbox 2713 3832 2835 3871; x_wconf 89' lang='lat' dir='ltr'><strong>cum</strong></span> <span class='ocrx_word' id='word_1_621' title='bbox 2865 3817 3112 3872; x_wconf 88' lang='lat' dir='ltr'><strong>venisset</strong></span> <span class='ocrx_word' id='word_1_622' title='bbox 3141 3830 3259 3878; x_wconf 79' lang='lat' dir='ltr'><strong>rex,</strong></span> <span class='ocrx_word' id='word_1_623' title='bbox 3284 3824 3340 3869; x_wconf 93' lang='lat' dir='ltr'><strong>ut</strong></span> <span class='ocrx_word' id='word_1_624' title='bbox 3371 3813 3580 3869; x_wconf 90' lang='lat' dir='ltr'><strong>videret</strong></span> <span class='ocrx_word' id='word_1_625' title='bbox 3606 3810 3963 3867; x_wconf 79' lang='lat' dir='ltr'><strong>discumben-</strong></span> 
     </span>
    </p>
   </div>
   <div class='ocr_carea' id='block_1_68' title="bbox 2350 3902 3962 3976">
    <p class='ocr_par' dir='ltr' id='par_1_68' title="bbox 2350 3902 3962 3976">
     <span class='ocr_line' id='line_1_68' title="bbox 2350 3902 3962 3976; baseline -0.004 -12"><span class='ocrx_word' id='word_1_626' title='bbox 2350 3922 2431 3966; x_wconf 85' lang='lat' dir='ltr'><strong>tes</strong></span> <span class='ocrx_word' id='word_1_627' title='bbox 2461 3911 2516 3965; x_wconf 93' lang='lat' dir='ltr'><strong>in</strong></span> <span class='ocrx_word' id='word_1_628' title='bbox 2540 3910 2792 3973; x_wconf 64' lang='lat' dir='ltr'><strong>curtvivio</strong></span> <span class='ocrx_word' id='word_1_629' title='bbox 2813 3923 2913 3962; x_wconf 92' lang='lat' dir='ltr'><strong>suo</strong></span> <span class='ocrx_word' id='word_1_630' title='bbox 2942 3906 3070 3976; x_wconf 88' lang='lat' dir='ltr'><strong>(hoc</strong></span> <span class='ocrx_word' id='word_1_631' title='bbox 3090 3905 3265 3971; x_wconf 80' lang='lat' dir='ltr'><strong>eSt,in</strong></span> <span class='ocrx_word' id='word_1_632' title='bbox 3291 3920 3388 3960; x_wconf 90' lang='lat' dir='ltr'><strong>sua</strong></span> <span class='ocrx_word' id='word_1_633' title='bbox 3416 3904 3565 3973; x_wconf 75' lang='lat' dir='ltr'><strong>quasi</strong></span> <span class='ocrx_word' id='word_1_634' title='bbox 3597 3902 3700 3957; x_wconf 87' lang='lat' dir='ltr'><strong>lide</strong></span> <span class='ocrx_word' id='word_1_635' title='bbox 3732 3904 3962 3970; x_wconf 89' lang='lat' dir='ltr'><strong>requie-</strong></span> 
     </span>
    </p>
   </div>
   <div class='ocr_carea' id='block_1_69' title="bbox 2347 3993 3961 4069">
    <p class='ocr_par' dir='ltr' id='par_1_69' title="bbox 2347 3993 3961 4069">
     <span class='ocr_line' id='line_1_69' title="bbox 2347 3993 3961 4069; baseline -0.007 -10"><span class='ocrx_word' id='word_1_636' title='bbox 2347 4014 2603 4062; x_wconf 83' lang='lat' dir='ltr'><strong>scentes;</strong></span> <span class='ocrx_word' id='word_1_637' title='bbox 2631 4010 2688 4054; x_wconf 89' lang='grc' dir='ltr'><strong>ιιι</strong></span> <span class='ocrx_word' id='word_1_638' title='bbox 2718 4003 2769 4055; x_wconf 83' lang='grc' dir='ltr'>ἰιι</span> <span class='ocrx_word' id='word_1_639' title='bbox 2795 4000 2881 4054; x_wconf 83' lang='lat' dir='ltr'><strong>die</strong></span> <span class='ocrx_word' id='word_1_640' title='bbox 2905 3999 3096 4069; x_wconf 81' lang='lat' dir='ltr'><strong>jmlicii</strong></span> <span class='ocrx_word' id='word_1_641' title='bbox 3122 3999 3342 4052; x_wconf 87' lang='lat' dir='ltr'><strong>visitare</strong></span> <span class='ocrx_word' id='word_1_642' title='bbox 3361 4000 3648 4061; x_wconf 73' lang='lat' dir='ltr'><strong>convivas,</strong></span> <span class='ocrx_word' id='word_1_643' title='bbox 3674 4003 3730 4048; x_wconf 83' lang='lat' dir='ltr'><strong>et</strong></span> <span class='ocrx_word' id='word_1_644' title='bbox 3753 3993 3961 4049; x_wconf 58' lang='lat' dir='ltr'><strong>discor-</strong></span> 
     </span>
    </p>
   </div>
   <div class='ocr_carea' id='block_1_70' title="bbox 2348 4086 3961 4161">
    <p class='ocr_par' dir='ltr' id='par_1_70' title="bbox 2348 4086 3961 4161">
     <span class='ocr_line' id='line_1_70' title="bbox 2348 4086 3961 4161; baseline -0.007 -9"><span class='ocrx_word' id='word_1_645' title='bbox 2348 4104 2502 4152; x_wconf 87' lang='lat' dir='ltr'><strong>neret</strong></span> <span class='ocrx_word' id='word_1_646' title='bbox 2547 4094 2737 4147; x_wconf 89' lang='lat' dir='ltr'><strong>merita</strong></span> <span class='ocrx_word' id='word_1_647' title='bbox 2765 4092 3179 4161; x_wconf 80' lang='lat' dir='ltr'><strong>singulorum),</strong></span> <span class='ocrx_word' id='word_1_648' title='bbox 3232 4090 3439 4143; x_wconf 84' lang='lat' dir='ltr'><strong>invenit</strong></span> <span class='ocrx_word' id='word_1_649' title='bbox 3479 4102 3648 4141; x_wconf 90' lang='lat' dir='ltr'><strong>unum</strong></span> <span class='ocrx_word' id='word_1_650' title='bbox 3675 4086 3765 4157; x_wconf 86' lang='lat' dir='ltr'><strong>qui</strong></span> <span class='ocrx_word' id='word_1_651' title='bbox 3799 4098 3961 4141; x_wconf 88' lang='lat' dir='ltr'><strong>veste</strong></span> 
     </span>
    </p>
   </div>
   <div class='ocr_carea' id='block_1_71' title="bbox 2350 4181 3959 4255">
    <p class='ocr_par' dir='ltr' id='par_1_71' title="bbox 2350 4181 3959 4255">
     <span class='ocr_line' id='line_1_71' title="bbox 2350 4181 3959 4255; baseline -0.006 -12"><span class='ocrx_word' id='word_1_652' title='bbox 2350 4188 2567 4243; x_wconf 87' lang='lat' dir='ltr'><strong>indutus</strong></span> <span class='ocrx_word' id='word_1_653' title='bbox 2609 4202 2715 4242; x_wconf 91' lang='lat' dir='ltr'><strong>non</strong></span> <span class='ocrx_word' id='word_1_654' title='bbox 2748 4197 2861 4242; x_wconf 85' lang='lat' dir='ltr'><strong>erat</strong></span> <span class='ocrx_word' id='word_1_655' title='bbox 2912 4184 3159 4255; x_wconf 85' lang='lat' dir='ltr'><strong>nuptiali.</strong></span> <span class='ocrx_word' id='word_1_656' title='bbox 3188 4182 3339 4239; x_wconf 78' lang='lat' dir='ltr'><strong>Unus</strong></span> <span class='ocrx_word' id='word_1_657' title='bbox 3388 4183 3526 4249; x_wconf 90' lang='lat' dir='ltr'><strong>iste,</strong></span> <span class='ocrx_word' id='word_1_658' title='bbox 3568 4190 3593 4227; x_wconf 74' lang='grc' dir='ltr'>ε</span> <span class='ocrx_word' id='word_1_659' title='bbox 3625 4194 3817 4233; x_wconf 90' lang='lat' dir='ltr'><strong>omnes</strong></span> <span class='ocrx_word' id='word_1_660' title='bbox 3861 4181 3959 4249; x_wconf 85' lang='lat' dir='ltr'><strong>qui</strong></span> 
     </span>
    </p>
   </div>
   <div class='ocr_carea' id='block_1_72' title="bbox 2350 4275 3962 4349">
    <p class='ocr_par' dir='ltr' id='par_1_72' title="bbox 2350 4275 3962 4349">
     <span class='ocr_line' id='line_1_72' title="bbox 2350 4275 3962 4349; baseline -0.006 -11"><span class='ocrx_word' id='word_1_661' title='bbox 2350 4282 2543 4338; x_wconf 86' lang='lat' dir='ltr'><strong>snciati</strong></span> <span class='ocrx_word' id='word_1_662' title='bbox 2571 4291 2701 4333; x_wconf 82' lang='lat' dir='ltr'><strong>sunt</strong></span> <span class='ocrx_word' id='word_1_663' title='bbox 2730 4279 2937 4334; x_wconf 85' lang='lat' dir='ltr'><strong>malitia</strong></span> <span class='ocrx_word' id='word_1_664' title='bbox 2973 4279 3370 4349; x_wconf 89' lang='lat' dir='ltr'><strong>intelliguntur.</strong></span> <span class='ocrx_word' id='word_1_665' title='bbox 3410 4275 3591 4331; x_wconf 73' lang='lat' dir='ltr'><strong>Vesus</strong></span> <span class='ocrx_word' id='word_1_666' title='bbox 3620 4282 3799 4328; x_wconf 89' lang='lat' dir='ltr'><strong>autem</strong></span> <span class='ocrx_word' id='word_1_667' title='bbox 3857 4290 3962 4328; x_wconf 89' lang='lat' dir='ltr'><strong>nu-</strong></span> 
     </span>
    </p>
   </div>
   <div class='ocr_carea' id='block_1_73' title="bbox 2354 4364 3961 4444">
    <p class='ocr_par' dir='ltr' id='par_1_73' title="bbox 2354 4364 3961 4444">
     <span class='ocr_line' id='line_1_73' title="bbox 2354 4364 3961 4444; baseline -0.006 -17"><span class='ocrx_word' id='word_1_668' title='bbox 2354 4374 2555 4444; x_wconf 88' lang='lat' dir='ltr'><strong>ptialis,</strong></span> <span class='ocrx_word' id='word_1_669' title='bbox 2572 4380 2841 4442; x_wconf 58' lang='lat' dir='ltr'><strong>praecepta</strong></span> <span class='ocrx_word' id='word_1_670' title='bbox 2864 4382 2991 4426; x_wconf 91' lang='lat' dir='ltr'><strong>sunt</strong></span> <span class='ocrx_word' id='word_1_671' title='bbox 3013 4370 3251 4433; x_wconf 86' lang='lat' dir='ltr'><strong>Domini,</strong></span> <span class='ocrx_word' id='word_1_672' title='bbox 3269 4380 3325 4425; x_wconf 90' lang='lat' dir='ltr'><strong>et</strong></span> <span class='ocrx_word' id='word_1_673' title='bbox 3348 4383 3513 4438; x_wconf 84' lang='lat' dir='ltr'><strong>opera</strong></span> <span class='ocrx_word' id='word_1_674' title='bbox 3533 4382 3653 4434; x_wconf 74' lang='lat' dir='ltr'><strong>qnze</strong></span> <span class='ocrx_word' id='word_1_675' title='bbox 3669 4364 3961 4435; x_wconf 81' lang='lat' dir='ltr'><strong>cornplen-</strong></span> 
     </span>
    </p>
   </div>
   <div class='ocr_carea' id='block_1_74' title="bbox 2355 4455 3960 4534">
    <p class='ocr_par' dir='ltr' id='par_1_74' title="bbox 2355 4455 3960 4534">
     <span class='ocr_line' id='line_1_74' title="bbox 2355 4455 3960 4534; baseline -0.006 -13"><span class='ocrx_word' id='word_1_676' title='bbox 2355 4475 2442 4521; x_wconf 92' lang='lat' dir='ltr'><strong>tur</strong></span> <span class='ocrx_word' id='word_1_677' title='bbox 2470 4481 2537 4520; x_wconf 78' lang='lat' dir='ltr'><strong>cx</strong></span> <span class='ocrx_word' id='word_1_678' title='bbox 2575 4465 2692 4534; x_wconf 90' lang='lat' dir='ltr'><strong>lege</strong></span> <span class='ocrx_word' id='word_1_679' title='bbox 2722 4476 2776 4520; x_wconf 89' lang='lat' dir='ltr'><strong>et</strong></span> <span class='ocrx_word' id='word_1_680' title='bbox 2812 4464 3112 4534; x_wconf 79' lang='lat' dir='ltr'><strong>Evangelio</strong></span> <span class='ocrx_word' id='word_1_681' title='bbox 3132 4507 3147 4531; x_wconf 89' lang='lat'><strong>,</strong></span> <span class='ocrx_word' id='word_1_682' title='bbox 3183 4461 3418 4532; x_wconf 87' lang='lat' dir='ltr'><strong>novique</strong></span> <span class='ocrx_word' id='word_1_683' title='bbox 3447 4458 3683 4512; x_wconf 89' lang='lat' dir='ltr'><strong>hominis</strong></span> <span class='ocrx_word' id='word_1_684' title='bbox 3711 4455 3831 4511; x_wconf 81' lang='lat' dir='ltr'><strong>eflic</strong></span> <span class='ocrx_word' id='word_1_685' title='bbox 3860 4467 3960 4512; x_wconf 90' lang='lat' dir='ltr'><strong>unt</strong></span> 
     </span>
    </p>
   </div>
   <div class='ocr_carea' id='block_1_75' title="bbox 652 4536 3960 4628">
    <p class='ocr_par' dir='ltr' id='par_1_75' title="bbox 652 4536 3960 4628">
     <span class='ocr_line' id='line_1_75' title="bbox 652 4536 3960 4628; baseline -0.002 -18"><span class='ocrx_word' id='word_1_686' title='bbox 652 4554 860 4611; x_wconf 89' lang='lat' dir='ltr'><strong>litatem</strong></span> <span class='ocrx_word' id='word_1_687' title='bbox 883 4598 896 4621; x_wconf 89' lang='lat'><strong>,</strong></span> <span class='ocrx_word' id='word_1_688' title='bbox 924 4566 976 4609; x_wconf 91' lang='lat' dir='ltr'><strong>et</strong></span> <span class='ocrx_word' id='word_1_689' title='bbox 1005 4566 1184 4610; x_wconf 87' lang='lat' dir='ltr'><strong>lentos</strong></span> <span class='ocrx_word' id='word_1_690' title='bbox 1206 4569 1391 4611; x_wconf 86' lang='lat' dir='ltr'><strong>servos</strong></span> <span class='ocrx_word' id='word_1_691' title='bbox 1423 4556 1570 4628; x_wconf 88' lang='lat' dir='ltr'><strong>regis</strong></span> <span class='ocrx_word' id='word_1_692' title='bbox 1589 4597 1604 4622; x_wconf 91' lang='lat'><strong>,</strong></span> <span class='ocrx_word' id='word_1_693' title='bbox 1633 4556 1717 4611; x_wconf 91' lang='lat' dir='ltr'><strong>vel</strong></span> <span class='ocrx_word' id='word_1_694' title='bbox 1749 4557 2090 4612; x_wconf 90' lang='lat' dir='ltr'><strong>contumeliis</strong></span> <span class='ocrx_word' id='word_1_695' title='bbox 2113 4558 2246 4613; x_wconf 83' lang='lat' dir='ltr'><strong>all&#39;e-</strong></span> <span class='ocrx_word' id='word_1_696' title='bbox 2279 4536 2328 4597; x_wconf 74' lang='grc' dir='ltr'><strong>ί)</strong></span> <span class='ocrx_word' id='word_1_697' title='bbox 2355 4558 2759 4615; x_wconf 90' lang='lat' dir='ltr'><strong>vestimentum.</strong></span> <span class='ocrx_word' id='word_1_698' title='bbox 2786 4556 2844 4613; x_wconf 89' lang='lat' dir='ltr'><strong>Si</strong></span> <span class='ocrx_word' id='word_1_699' title='bbox 2876 4556 2997 4627; x_wconf 86' lang='lat' dir='ltr'><strong>quis</strong></span> <span class='ocrx_word' id='word_1_700' title='bbox 3021 4556 3182 4627; x_wconf 85' lang='lat' dir='ltr'><strong>igitur</strong></span> <span class='ocrx_word' id='word_1_701' title='bbox 3208 4556 3259 4610; x_wconf 93' lang='lat' dir='ltr'><strong>in</strong></span> <span class='ocrx_word' id='word_1_702' title='bbox 3290 4565 3534 4624; x_wconf 90' lang='lat' dir='ltr'><strong>tempore</strong></span> <span class='ocrx_word' id='word_1_703' title='bbox 3549 4550 3743 4621; x_wconf 85' lang='lat' dir='ltr'><strong>judicii</strong></span> <span class='ocrx_word' id='word_1_704' title='bbox 3773 4554 3960 4607; x_wconf 77' lang='lat' dir='ltr'><strong>inven-</strong></span> 
     </span>
    </p>
   </div>
   <div class='ocr_carea' id='block_1_76' title="bbox 647 4647 2248 4721">
    <p class='ocr_par' dir='ltr' id='par_1_76' title="bbox 647 4647 2248 4721">
     <span class='ocr_line' id='line_1_76' title="bbox 647 4647 2248 4721; baseline 0.001 -18"><span class='ocrx_word' id='word_1_705' title='bbox 647 4656 861 4715; x_wconf 90' lang='lat' dir='ltr'><strong>cerunt,</strong></span> <span class='ocrx_word' id='word_1_706' title='bbox 878 4647 964 4703; x_wconf 88' lang='lat' dir='ltr'><strong>vel</strong></span> <span class='ocrx_word' id='word_1_707' title='bbox 988 4647 1324 4704; x_wconf 87' lang='lat' dir='ltr'><strong>occiderunt.</strong></span> <span class='ocrx_word' id='word_1_708' title='bbox 1350 4648 1407 4705; x_wconf 91' lang='lat' dir='ltr'><strong>lu</strong></span> <span class='ocrx_word' id='word_1_709' title='bbox 1435 4648 1535 4705; x_wconf 88' lang='lat' dir='ltr'><strong>hac</strong></span> <span class='ocrx_word' id='word_1_710' title='bbox 1561 4649 1816 4719; x_wconf 90' lang='lat' dir='ltr'><strong>parabola</strong></span> <span class='ocrx_word' id='word_1_711' title='bbox 1848 4650 2035 4721; x_wconf 90' lang='lat' dir='ltr'><strong>sponsi</strong></span> <span class='ocrx_word' id='word_1_712' title='bbox 2054 4650 2248 4705; x_wconf 89' lang='lat' dir='ltr'><strong>siletur</strong></span> 
     </span>
    </p>
   </div>
   <div class='ocr_carea' id='block_1_77' title="bbox 721 4913 2239 4989">
    <p class='ocr_par' dir='ltr' id='par_1_77' title="bbox 721 4913 2239 4989">
     <span class='ocr_line' id='line_1_77' title="bbox 721 4913 2239 4989; baseline -0.004 -14"><span class='ocrx_word' id='word_1_713' title='bbox 721 4929 747 4957; x_wconf 79' lang='grc' dir='ltr'><strong>ι</strong></span> <span class='ocrx_word' id='word_1_714' title='bbox 773 4918 976 4975; x_wconf 80' lang='lat' dir='ltr'><strong>Vocem</strong></span> <span class='ocrx_word' id='word_1_715' title='bbox 1022 4918 1218 4989; x_wconf 81' lang='lat' dir='ltr'><strong>impetu</strong></span> <span class='ocrx_word' id='word_1_716' title='bbox 1259 4930 1389 4973; x_wconf 86' lang='lat' dir='ltr'><strong>mss.</strong></span> <span class='ocrx_word' id='word_1_717' title='bbox 1420 4915 1596 4971; x_wconf 90' lang='lat' dir='ltr'><strong>nostri</strong></span> <span class='ocrx_word' id='word_1_718' title='bbox 1627 4913 1925 4989; x_wconf 77' lang='lat' dir='ltr'><strong>sufﬁciunt.</strong></span> <span class='ocrx_word' id='word_1_719' title='bbox 1959 4913 2134 4969; x_wconf 83' lang='lat' dir='ltr'><strong>Antea</strong></span> <span class='ocrx_word' id='word_1_720' title='bbox 2167 4914 2239 4970; x_wconf 89' lang='lat' dir='ltr'><strong>Ie-</strong></span> 
     </span>
    </p>
   </div>
   <div class='ocr_carea' id='block_1_78' title="bbox 645 4986 2006 5064">
    <p class='ocr_par' dir='ltr' id='par_1_78' title="bbox 645 4986 2006 5064">
     <span class='ocr_line' id='line_1_78' title="bbox 645 4986 2006 5064; baseline -0.003 -20"><span class='ocrx_word' id='word_1_721' title='bbox 645 4991 877 5064; x_wconf 74' lang='lat' dir='ltr'><strong>gebatur</strong></span> <span class='ocrx_word' id='word_1_722' title='bbox 904 4986 1319 5064; x_wconf 68' lang='lat' dir='ltr'><strong>diversorumque</strong></span> <span class='ocrx_word' id='word_1_723' title='bbox 1345 4998 1613 5064; x_wconf 72' lang='lat' dir='ltr'><strong>ventorum</strong></span> <span class='ocrx_word' id='word_1_724' title='bbox 1635 4988 1736 5064; x_wconf 74' lang='lat' dir='ltr'><strong>huc</strong></span> <span class='ocrx_word' id='word_1_725' title='bbox 1762 4986 2006 5053; x_wconf 84' lang='lat' dir='ltr'><strong>illucque.</strong></span> 
     </span>
    </p>
   </div>
   <div class='ocr_carea' id='block_1_79' title="bbox 721 5056 2246 5132">
    <p class='ocr_par' dir='ltr' id='par_1_79' title="bbox 721 5056 2246 5132">
     <span class='ocr_line' id='line_1_79' title="bbox 721 5056 2246 5132; baseline -0.005 -15"><span class='ocrx_word' id='word_1_726' title='bbox 721 5061 748 5101; x_wconf 73' lang='grc' dir='ltr'>ι’</span> <span class='ocrx_word' id='word_1_727' title='bbox 779 5061 1074 5132; x_wconf 67' lang='lat' dir='ltr'><strong>Origenes,</strong></span> <span class='ocrx_word' id='word_1_728' title='bbox 1118 5056 1415 5132; x_wconf 46' lang='lat' dir='ltr'><strong>Nimirum,</strong></span> <span class='ocrx_word' id='word_1_729' title='bbox 1468 5058 1675 5132; x_wconf 77' lang='lat' dir='ltr'><strong>inquit,</strong></span> <span class='ocrx_word' id='word_1_730' title='bbox 1713 5056 1870 5132; x_wconf 85' lang='lat' dir='ltr'><strong>homo</strong></span> <span class='ocrx_word' id='word_1_731' title='bbox 1914 5073 2006 5110; x_wconf 72' lang='lat' dir='ltr'><strong>rex</strong></span> <span class='ocrx_word' id='word_1_732' title='bbox 2052 5057 2246 5132; x_wconf 72' lang='lat' dir='ltr'><strong>tronice</strong></span> 
     </span>
    </p>
   </div>
   <div class='ocr_carea' id='block_1_80' title="bbox 651 5127 2248 5194">
    <p class='ocr_par' dir='ltr' id='par_1_80' title="bbox 651 5127 2248 5194">
     <span class='ocr_line' id='line_1_80' title="bbox 651 5127 2248 5194; baseline -0.005 -5"><span class='ocrx_word' id='word_1_733' title='bbox 651 5133 794 5189; x_wconf 85' lang='lat' dir='ltr'><strong>Deus</strong></span> <span class='ocrx_word' id='word_1_734' title='bbox 828 5127 1103 5186; x_wconf 56' lang='lat' dir='ltr'><strong>et&#39;Christi</strong></span> <span class='ocrx_word' id='word_1_735' title='bbox 1131 5129 1288 5183; x_wconf 84' lang='lat' dir='ltr'><strong>Pater</strong></span> <span class='ocrx_word' id='word_1_736' title='bbox 1314 5145 1419 5184; x_wconf 87' lang='lat' dir='ltr'><strong>esse</strong></span> <span class='ocrx_word' id='word_1_737' title='bbox 1463 5129 1685 5191; x_wconf 87' lang='lat' dir='ltr'><strong>dicitur,</strong></span> <span class='ocrx_word' id='word_1_738' title='bbox 1718 5128 1917 5194; x_wconf 70' lang='lat' dir='ltr'><strong>nuptiar</strong></span> <span class='ocrx_word' id='word_1_739' title='bbox 1944 5138 2118 5181; x_wconf 82' lang='lat' dir='ltr'><strong>autem</strong></span> <span class='ocrx_word' id='word_1_740' title='bbox 2152 5127 2248 5193; x_wconf 76' lang='lat' dir='ltr'><strong>ﬁlii</strong></span> 
     </span>
    </p>
   </div>
   <div class='ocr_carea' id='block_1_81' title="bbox 645 5197 2245 5274">
    <p class='ocr_par' dir='ltr' id='par_1_81' title="bbox 645 5197 2245 5274">
     <span class='ocr_line' id='line_1_81' title="bbox 645 5197 2245 5274; baseline -0.006 -16"><span class='ocrx_word' id='word_1_741' title='bbox 645 5205 808 5274; x_wconf 81' lang='lat' dir='ltr'><strong>regis,</strong></span> <span class='ocrx_word' id='word_1_742' title='bbox 831 5201 1062 5257; x_wconf 76' lang='lat' dir='ltr'><strong>Ecclesia</strong></span> <span class='ocrx_word' id='word_1_743' title='bbox 1086 5199 1286 5274; x_wconf 83' lang='lat' dir='ltr'><strong>Christi</strong></span> <span class='ocrx_word' id='word_1_744' title='bbox 1308 5215 1511 5274; x_wconf 59' lang='lat' dir='ltr'><strong>sponsa;</strong></span> <span class='ocrx_word' id='word_1_745' title='bbox 1523 5214 1717 5269; x_wconf 88' lang='lat' dir='ltr'><strong>sponso</strong></span> <span class='ocrx_word' id='word_1_746' title='bbox 1748 5199 1907 5274; x_wconf 66' lang='lat' dir='ltr'><strong>ipsius</strong></span> <span class='ocrx_word' id='word_1_747' title='bbox 1934 5197 2136 5274; x_wconf 78' lang='lat' dir='ltr'><strong>Christo</strong></span> <span class='ocrx_word' id='word_1_748' title='bbox 2166 5217 2245 5250; x_wconf 70' lang='lat' dir='ltr'><strong>re-</strong></span> 
     </span>
    </p>
   </div>
   <div class='ocr_carea' id='block_1_82' title="bbox 650 5269 2254 5336">
    <p class='ocr_par' dir='ltr' id='par_1_82' title="bbox 650 5269 2254 5336">
     <span class='ocr_line' id='line_1_82' title="bbox 650 5269 2254 5336; baseline 0.002 -16"><span class='ocrx_word' id='word_1_749' title='bbox 650 5269 887 5336; x_wconf 69' lang='lat' dir='ltr'><strong>uitalia;</strong></span> <span class='ocrx_word' id='word_1_750' title='bbox 915 5274 1047 5327; x_wconf 84' lang='lat' dir='ltr'><strong>servi</strong></span> <span class='ocrx_word' id='word_1_751' title='bbox 1075 5288 1192 5326; x_wconf 80' lang='lat' dir='ltr'><strong>vero</strong></span> <span class='ocrx_word' id='word_1_752' title='bbox 1219 5272 1287 5324; x_wconf 89' lang='lat' dir='ltr'><strong>ad</strong></span> <span class='ocrx_word' id='word_1_753' title='bbox 1314 5269 1571 5324; x_wconf 75' lang='lat' dir='ltr'><strong>vocandas</strong></span> <span class='ocrx_word' id='word_1_754' title='bbox 1616 5285 1701 5321; x_wconf 86' lang='lat' dir='ltr'><strong>eos</strong></span> <span class='ocrx_word' id='word_1_755' title='bbox 1746 5269 1911 5333; x_wconf 77' lang='lat' dir='ltr'><strong>missi,</strong></span> <span class='ocrx_word' id='word_1_756' title='bbox 1945 5270 2033 5335; x_wconf 85' lang='lat' dir='ltr'><strong>qui</strong></span> <span class='ocrx_word' id='word_1_757' title='bbox 2057 5270 2126 5323; x_wconf 85' lang='lat' dir='ltr'><strong>ad</strong></span> <span class='ocrx_word' id='word_1_758' title='bbox 2158 5287 2254 5323; x_wconf 90' lang='lat' dir='ltr'><strong>nu-</strong></span> 
     </span>
    </p>
   </div>
   <div class='ocr_carea' id='block_1_83' title="bbox 651 5340 2251 5419">
    <p class='ocr_par' dir='ltr' id='par_1_83' title="bbox 651 5340 2251 5419">
     <span class='ocr_line' id='line_1_83' title="bbox 651 5340 2251 5419; baseline -0.003 -22"><span class='ocrx_word' id='word_1_759' title='bbox 651 5347 788 5419; x_wconf 74' lang='lat' dir='ltr'><strong>ptias</strong></span> <span class='ocrx_word' id='word_1_760' title='bbox 832 5345 1037 5419; x_wconf 78' lang='lat' dir='ltr'><strong>fuerant</strong></span> <span class='ocrx_word' id='word_1_761' title='bbox 1076 5342 1303 5419; x_wconf 76' lang='lat' dir='ltr'><strong>invitati,</strong></span> <span class='ocrx_word' id='word_1_762' title='bbox 1342 5341 1380 5394; x_wconf 88' lang='lat' dir='ltr'><strong>ii</strong></span> <span class='ocrx_word' id='word_1_763' title='bbox 1408 5352 1526 5419; x_wconf 76' lang='lat' dir='ltr'><strong>sunt</strong></span> <span class='ocrx_word' id='word_1_764' title='bbox 1553 5340 1827 5419; x_wconf 70' lang='lat' dir='ltr'><strong>propheta:</strong></span> <span class='ocrx_word' id='word_1_765' title='bbox 1855 5340 2113 5419; x_wconf 73' lang='lat' dir='ltr'><strong>vaticiniis</strong></span> <span class='ocrx_word' id='word_1_766' title='bbox 2145 5343 2251 5393; x_wconf 90' lang='lat' dir='ltr'><strong>suis</strong></span> 
     </span>
    </p>
   </div>
   <div class='ocr_carea' id='block_1_84' title="bbox 653 5411 2258 5487">
    <p class='ocr_par' dir='ltr' id='par_1_84' title="bbox 653 5411 2258 5487">
     <span class='ocr_line' id='line_1_84' title="bbox 653 5411 2258 5487; baseline -0.004 -15"><span class='ocrx_word' id='word_1_767' title='bbox 653 5411 762 5483; x_wconf 77' lang='lat' dir='ltr'><strong>eos,</strong></span> <span class='ocrx_word' id='word_1_768' title='bbox 791 5411 882 5487; x_wconf 79' lang='lat' dir='ltr'><strong>qui</strong></span> <span class='ocrx_word' id='word_1_769' title='bbox 908 5432 938 5470; x_wconf 86' lang='lat' dir='ltr'><strong>e</strong></span> <span class='ocrx_word' id='word_1_770' title='bbox 972 5414 1166 5487; x_wconf 85' lang='lat' dir='ltr'><strong>populo</strong></span> <span class='ocrx_word' id='word_1_771' title='bbox 1205 5422 1327 5467; x_wconf 85' lang='lat' dir='ltr'><strong>sunt</strong></span> <span class='ocrx_word' id='word_1_772' title='bbox 1363 5412 1433 5467; x_wconf 88' lang='lat' dir='ltr'><strong>ad</strong></span> <span class='ocrx_word' id='word_1_773' title='bbox 1460 5411 1694 5466; x_wconf 72' lang='lat' dir='ltr'><strong>laetitiam</strong></span> <span class='ocrx_word' id='word_1_774' title='bbox 1726 5411 2021 5483; x_wconf 74' lang='lat' dir='ltr'><strong>teMpestive</strong></span> <span class='ocrx_word' id='word_1_775' title='bbox 2046 5427 2258 5465; x_wconf 78' lang='lat' dir='ltr'><strong>convcr-</strong></span> 
     </span>
    </p>
   </div>
   <div class='ocr_carea' id='block_1_85' title="bbox 654 5495 963 5543">
    <p class='ocr_par' dir='ltr' id='par_1_85' title="bbox 654 5495 963 5543">
     <span class='ocr_line' id='line_1_85' title="bbox 654 5495 963 5543; baseline -0.01 0"><span class='ocrx_word' id='word_1_776' title='bbox 654 5495 840 5543; x_wconf 83' lang='lat' dir='ltr'><strong>tentes.</strong></span> <span class='ocrx_word' id='word_1_777' title='bbox 854 5498 963 5540; x_wconf 89' lang='lat' dir='ltr'><strong>etc.</strong></span> 
     </span>
    </p>
   </div>
   <div class='ocr_carea' id='block_1_86' title="bbox 729 5530 2255 5624">
    <p class='ocr_par' dir='ltr' id='par_1_86' title="bbox 729 5530 2255 5624">
     <span class='ocr_line' id='line_1_86' title="bbox 729 5530 2255 5624; baseline -0.003 -14"><span class='ocrx_word' id='word_1_778' title='bbox 729 5530 964 5624; x_wconf 46' lang='lat' dir='ltr'><strong>ﬁniit;</strong></span> <span class='ocrx_word' id='word_1_779' title='bbox 995 5556 1067 5609; x_wconf 93' lang='lat' dir='ltr'><strong>ita</strong></span> <span class='ocrx_word' id='word_1_780' title='bbox 1107 5554 1326 5624; x_wconf 85' lang='lat' dir='ltr'><strong>quidem</strong></span> <span class='ocrx_word' id='word_1_781' title='bbox 1364 5554 1595 5616; x_wconf 85' lang='lat' dir='ltr'><strong>plurium</strong></span> <span class='ocrx_word' id='word_1_782' title='bbox 1631 5567 1858 5608; x_wconf 89' lang='lat' dir='ltr'><strong>nmnero</strong></span> <span class='ocrx_word' id='word_1_783' title='bbox 1890 5567 2057 5624; x_wconf 75' lang='lat' dir='ltr'><strong>servos</strong></span> <span class='ocrx_word' id='word_1_784' title='bbox 2086 5550 2255 5606; x_wconf 82' lang='lat' dir='ltr'><strong>Vero-</strong></span> 
     </span>
    </p>
   </div>
   <div class='ocr_carea' id='block_1_87' title="bbox 658 5621 2150 5696">
    <p class='ocr_par' dir='ltr' id='par_1_87' title="bbox 658 5621 2150 5696">
     <span class='ocr_line' id='line_1_87' title="bbox 658 5621 2150 5696; baseline -0.005 -13"><span class='ocrx_word' id='word_1_785' title='bbox 658 5629 850 5696; x_wconf 65' lang='lat' dir='ltr'><strong>nensis</strong></span> <span class='ocrx_word' id='word_1_786' title='bbox 877 5621 1222 5696; x_wconf 79' lang='lat' dir='ltr'><strong>Evangelior.</strong></span> <span class='ocrx_word' id='word_1_787' title='bbox 1256 5626 1425 5681; x_wconf 79' lang='lat' dir='ltr'><strong>codex</strong></span> <span class='ocrx_word' id='word_1_788' title='bbox 1458 5625 1880 5696; x_wconf 61' lang='lat' dir='ltr'><strong>antiquissimus</strong></span> <span class='ocrx_word' id='word_1_789' title='bbox 1909 5621 2150 5696; x_wconf 63' lang='lat' dir='ltr'><strong>praefert.</strong></span> 
     </span>
    </p>
   </div>
   <div class='ocr_carea' id='block_1_88' title="bbox 737 5693 2262 5765">
    <p class='ocr_par' dir='ltr' id='par_1_88' title="bbox 737 5693 2262 5765">
     <span class='ocr_line' id='line_1_88' title="bbox 737 5693 2262 5765; baseline -0.003 -12"><span class='ocrx_word' id='word_1_790' title='bbox 737 5693 767 5735; x_wconf 71' lang='grc' dir='ltr'><em>δ</em></span> <span class='ocrx_word' id='word_1_791' title='bbox 792 5695 967 5753; x_wconf 69' lang='lat' dir='ltr'><strong>Sectis</strong></span> <span class='ocrx_word' id='word_1_792' title='bbox 996 5693 1258 5765; x_wconf 72' lang='lat' dir='ltr'><strong>Origenes</strong></span> <span class='ocrx_word' id='word_1_793' title='bbox 1282 5696 1471 5765; x_wconf 84' lang='lat' dir='ltr'><strong>sensit,</strong></span> <span class='ocrx_word' id='word_1_794' title='bbox 1490 5693 1641 5751; x_wconf 76' lang='lat' dir='ltr'><strong>Missi</strong></span> <span class='ocrx_word' id='word_1_795' title='bbox 1670 5698 1800 5751; x_wconf 80' lang='lat' dir='ltr'><strong>servi</strong></span> <span class='ocrx_word' id='word_1_796' title='bbox 1826 5693 2000 5762; x_wconf 86' lang='lat' dir='ltr'><strong>alteri,</strong></span> <span class='ocrx_word' id='word_1_797' title='bbox 2029 5693 2166 5749; x_wconf 89' lang='lat' dir='ltr'><strong>alius</strong></span> <span class='ocrx_word' id='word_1_798' title='bbox 2187 5702 2262 5749; x_wconf 84' lang='lat' dir='ltr'><strong>est</strong></span> 
     </span>
    </p>
   </div>
   <div class='ocr_carea' id='block_1_89' title="bbox 658 5768 1267 5838">
    <p class='ocr_par' dir='ltr' id='par_1_89' title="bbox 658 5768 1267 5838">
     <span class='ocr_line' id='line_1_89' title="bbox 658 5768 1267 5838; baseline 0.007 -18"><span class='ocrx_word' id='word_1_799' title='bbox 658 5768 1063 5838; x_wconf 67' lang='lat' dir='ltr'><strong>prophartarum</strong></span> <span class='ocrx_word' id='word_1_800' title='bbox 1092 5777 1267 5823; x_wconf 71' lang='lat' dir='ltr'><strong>catus.</strong></span> 
     </span>
    </p>
   </div>
   <div class='ocr_carea' id='block_1_90' title="bbox 2355 4644 3955 4705">
    <p class='ocr_par' dir='ltr' id='par_1_90' title="bbox 2355 4644 3955 4705">
     <span class='ocr_line' id='line_1_90' title="bbox 2355 4644 3955 4705; baseline -0.003 0"><span class='ocrx_word' id='word_1_801' title='bbox 2355 4659 2442 4705; x_wconf 89' lang='lat' dir='ltr'><strong>tus</strong></span> <span class='ocrx_word' id='word_1_802' title='bbox 2474 4647 2638 4705; x_wconf 84' lang='lat' dir='ltr'><strong>fuerit</strong></span> <span class='ocrx_word' id='word_1_803' title='bbox 2664 4649 2765 4704; x_wconf 88' lang='lat' dir='ltr'><strong>sub</strong></span> <span class='ocrx_word' id='word_1_804' title='bbox 2797 4648 3019 4705; x_wconf 90' lang='lat' dir='ltr'><strong>nomine</strong></span> <span class='ocrx_word' id='word_1_805' title='bbox 3039 4646 3351 4703; x_wconf 76' lang='lat' dir='ltr'><strong>Chrisriano</strong></span> <span class='ocrx_word' id='word_1_806' title='bbox 3381 4661 3487 4701; x_wconf 90' lang='lat' dir='ltr'><strong>non</strong></span> <span class='ocrx_word' id='word_1_807' title='bbox 3518 4644 3722 4700; x_wconf 81' lang='lat' dir='ltr'><strong>habere</strong></span> <span class='ocrx_word' id='word_1_808' title='bbox 3743 4653 3955 4700; x_wconf 81' lang='lat' dir='ltr'><strong>vestem</strong></span> 
     </span>
    </p>
   </div>
   <div class='ocr_carea' id='block_1_91' title="bbox 2424 4911 3959 4985">
    <p class='ocr_par' dir='ltr' id='par_1_91' title="bbox 2424 4911 3959 4985">
     <span class='ocr_line' id='line_1_91' title="bbox 2424 4911 3959 4985; baseline 0.003 -19"><span class='ocrx_word' id='word_1_809' title='bbox 2424 4923 2447 4952; x_wconf 73' lang='grc' dir='ltr'><strong>ο</strong></span> <span class='ocrx_word' id='word_1_810' title='bbox 2483 4912 2680 4985; x_wconf 88' lang='lat' dir='ltr'><strong>lterum</strong></span> <span class='ocrx_word' id='word_1_811' title='bbox 2713 4928 2780 4968; x_wconf 81' lang='lat' dir='ltr'><strong>ex</strong></span> <span class='ocrx_word' id='word_1_812' title='bbox 2809 4912 3036 4984; x_wconf 81' lang='lat' dir='ltr'><strong>Origine</strong></span> <span class='ocrx_word' id='word_1_813' title='bbox 3063 4911 3202 4985; x_wconf 43' lang='lat' dir='ltr'><strong>{Ira</strong></span> <span class='ocrx_word' id='word_1_814' title='bbox 3230 4914 3366 4985; x_wconf 85' lang='lat' dir='ltr'><strong>regis</strong></span> <span class='ocrx_word' id='word_1_815' title='bbox 3402 4930 3461 4967; x_wconf 86' lang='lat' dir='ltr'><strong>ea</strong></span> <span class='ocrx_word' id='word_1_816' title='bbox 3498 4911 3828 4985; x_wconf 81' lang='lat' dir='ltr'><strong>intelligitur,</strong></span> <span class='ocrx_word' id='word_1_817' title='bbox 3862 4932 3959 4970; x_wconf 85' lang='lat' dir='ltr'><strong>cn-</strong></span> 
     </span>
    </p>
   </div>
   <div class='ocr_carea' id='block_1_92' title="bbox 2317 4975 3958 5056">
    <p class='ocr_par' dir='ltr' id='par_1_92' title="bbox 2317 4975 3958 5056">
     <span class='ocr_line' id='line_1_92' title="bbox 2317 4975 3958 5056; baseline 0.002 -16"><span class='ocrx_word' id='word_1_818' title='bbox 2317 4975 2433 5054; x_wconf 59' lang='grc' dir='ltr'>’ἰιιε</span> <span class='ocrx_word' id='word_1_819' title='bbox 2472 4985 2535 5038; x_wconf 84' lang='lat' dir='ltr'><strong>de</strong></span> <span class='ocrx_word' id='word_1_820' title='bbox 2570 4984 2773 5038; x_wconf 75' lang='lat' dir='ltr'><strong>.ludteis</strong></span> <span class='ocrx_word' id='word_1_821' title='bbox 2820 4975 3030 5052; x_wconf 65' lang='lat' dir='ltr'><strong>loquens</strong></span> <span class='ocrx_word' id='word_1_822' title='bbox 3059 4981 3095 5051; x_wconf 77' lang='grc'><strong>,’</strong></span> <span class='ocrx_word' id='word_1_823' title='bbox 3124 4975 3405 5056; x_wconf 67' lang='lat' dir='ltr'><strong>Apostolus</strong></span> <span class='ocrx_word' id='word_1_824' title='bbox 3454 4975 3762 5056; x_wconf 64' lang='lat' dir='ltr'><strong>mentionem</strong></span> <span class='ocrx_word' id='word_1_825' title='bbox 3804 4975 3958 5056; x_wconf 74' lang='lat' dir='ltr'><strong>facit.</strong></span> 
     </span>
    </p>
   </div>
   <div class='ocr_carea' id='block_1_93' title="bbox 2351 5054 3957 5123">
    <p class='ocr_par' dir='ltr' id='par_1_93' title="bbox 2351 5054 3957 5123">
     <span class='ocr_line' id='line_1_93' title="bbox 2351 5054 3957 5123; baseline 0.001 -14"><span class='ocrx_word' id='word_1_826' title='bbox 2351 5056 2609 5112; x_wconf 87' lang='lat' dir='ltr'><strong>Pervenit</strong></span> <span class='ocrx_word' id='word_1_827' title='bbox 2656 5063 2832 5110; x_wconf 83' lang='lat' dir='ltr'><strong>autem</strong></span> <span class='ocrx_word' id='word_1_828' title='bbox 2881 5057 2956 5109; x_wconf 82' lang='lat' dir='ltr'><strong>ira</strong></span> <span class='ocrx_word' id='word_1_829' title='bbox 3011 5054 3177 5123; x_wconf 76' lang='lat' dir='ltr'><strong>super</strong></span> <span class='ocrx_word' id='word_1_830' title='bbox 3220 5057 3341 5109; x_wconf 84' lang='lat' dir='ltr'><strong>illos</strong></span> <span class='ocrx_word' id='word_1_831' title='bbox 3375 5069 3544 5123; x_wconf 82' lang='lat' dir='ltr'><strong>usque</strong></span> <span class='ocrx_word' id='word_1_832' title='bbox 3574 5054 3844 5123; x_wconf 73' lang='lat' dir='ltr'><strong>inlinunt.</strong></span> <span class='ocrx_word' id='word_1_833' title='bbox 3879 5060 3957 5113; x_wconf 69' lang='lat' dir='ltr'><strong>Ad</strong></span> 
     </span>
    </p>
   </div>
   <div class='ocr_carea' id='block_1_94' title="bbox 2354 5122 3955 5197">
    <p class='ocr_par' dir='ltr' id='par_1_94' title="bbox 2354 5122 3955 5197">
     <span class='ocr_line' id='line_1_94' title="bbox 2354 5122 3955 5197; baseline -0.004 -16"><span class='ocrx_word' id='word_1_834' title='bbox 2354 5128 2465 5181; x_wconf 66' lang='lat' dir='ltr'><strong>haec</strong></span> <span class='ocrx_word' id='word_1_835' title='bbox 2487 5126 2678 5181; x_wconf 87' lang='lat' dir='ltr'><strong>bellum</strong></span> <span class='ocrx_word' id='word_1_836' title='bbox 2705 5126 2950 5181; x_wconf 74' lang='lat' dir='ltr'><strong>adversus</strong></span> <span class='ocrx_word' id='word_1_837' title='bbox 2968 5126 3185 5180; x_wconf 80' lang='lat' dir='ltr'><strong>.lndteos</strong></span> <span class='ocrx_word' id='word_1_838' title='bbox 3203 5122 3528 5190; x_wconf 68' lang='lat' dir='ltr'><strong>movendum,</strong></span> <span class='ocrx_word' id='word_1_839' title='bbox 3554 5134 3599 5178; x_wconf 90' lang='lat' dir='ltr'><strong>et</strong></span> <span class='ocrx_word' id='word_1_840' title='bbox 3617 5122 3955 5197; x_wconf 71' lang='lat' dir='ltr'><strong>erosolgmi.</strong></span> 
     </span>
    </p>
   </div>
   <div class='ocr_carea' id='block_1_95' title="bbox 2354 5194 3957 5270">
    <p class='ocr_par' dir='ltr' id='par_1_95' title="bbox 2354 5194 3957 5270">
     <span class='ocr_line' id='line_1_95' title="bbox 2354 5194 3957 5270; baseline 0.001 -17"><span class='ocrx_word' id='word_1_841' title='bbox 2354 5208 2532 5253; x_wconf 85' lang='lat' dir='ltr'><strong>tonum</strong></span> <span class='ocrx_word' id='word_1_842' title='bbox 2575 5198 2831 5270; x_wconf 60' lang='lat' dir='ltr'><strong>excidium</strong></span> <span class='ocrx_word' id='word_1_843' title='bbox 2869 5197 3153 5270; x_wconf 78' lang='lat' dir='ltr'><strong>populique</strong></span> <span class='ocrx_word' id='word_1_844' title='bbox 3197 5207 3311 5266; x_wconf 88' lang='lat' dir='ltr'><strong>post</strong></span> <span class='ocrx_word' id='word_1_845' title='bbox 3352 5197 3545 5250; x_wconf 81' lang='lat' dir='ltr'><strong>Christi</strong></span> <span class='ocrx_word' id='word_1_846' title='bbox 3575 5194 3845 5251; x_wconf 77' lang='lat' dir='ltr'><strong>adventum</strong></span> <span class='ocrx_word' id='word_1_847' title='bbox 3877 5202 3957 5254; x_wconf 87' lang='lat' dir='ltr'><strong>his</strong></span> 
     </span>
    </p>
   </div>
   <div class='ocr_carea' id='block_1_96' title="bbox 2354 5269 2951 5338">
    <p class='ocr_par' dir='ltr' id='par_1_96' title="bbox 2354 5269 2951 5338">
     <span class='ocr_line' id='line_1_96' title="bbox 2354 5269 2951 5338; baseline 0.003 -16"><span class='ocrx_word' id='word_1_848' title='bbox 2354 5270 2519 5325; x_wconf 82' lang='lat' dir='ltr'><strong>verbis</strong></span> <span class='ocrx_word' id='word_1_849' title='bbox 2548 5269 2951 5338; x_wconf 78' lang='lat' dir='ltr'><strong>prmuuntiatur.</strong></span> 
     </span>
    </p>
   </div>
   <div class='ocr_carea' id='block_1_97' title="bbox 2435 5336 3955 5411">
    <p class='ocr_par' dir='ltr' id='par_1_97' title="bbox 2435 5336 3955 5411">
     <span class='ocr_line' id='line_1_97' title="bbox 2435 5336 3955 5411; baseline 0.001 -18"><span class='ocrx_word' id='word_1_850' title='bbox 2435 5338 2453 5411; x_wconf 60' lang='grc' dir='ltr'>ζ</span> <span class='ocrx_word' id='word_1_851' title='bbox 2506 5336 2865 5411; x_wconf 72' lang='lat' dir='ltr'><strong>continenter</strong></span> <span class='ocrx_word' id='word_1_852' title='bbox 2923 5340 3230 5411; x_wconf 65' lang='lat' dir='ltr'><strong>Acluntantii</strong></span> <span class='ocrx_word' id='word_1_853' title='bbox 3278 5336 3522 5411; x_wconf 76' lang='lat' dir='ltr'><strong>vestigiis</strong></span> <span class='ocrx_word' id='word_1_854' title='bbox 3570 5336 3829 5411; x_wconf 72' lang='lat' dir='ltr'><strong>insistit,</strong></span> <span class='ocrx_word' id='word_1_855' title='bbox 3864 5341 3955 5411; x_wconf 91' lang='lat' dir='ltr'><strong>qui</strong></span> 
     </span>
    </p>
   </div>
   <div class='ocr_carea' id='block_1_98' title="bbox 2360 5408 3957 5482">
    <p class='ocr_par' dir='ltr' id='par_1_98' title="bbox 2360 5408 3957 5482">
     <span class='ocr_line' id='line_1_98' title="bbox 2360 5408 3957 5482; baseline -0.001 -17"><span class='ocrx_word' id='word_1_856' title='bbox 2360 5421 2410 5465; x_wconf 90' lang='lat' dir='ltr'><strong>et</strong></span> <span class='ocrx_word' id='word_1_857' title='bbox 2444 5410 2567 5464; x_wconf 82' lang='lat' dir='ltr'><strong>hoc.</strong></span> <span class='ocrx_word' id='word_1_858' title='bbox 2598 5410 2775 5479; x_wconf 89' lang='lat' dir='ltr'><strong>ipsum</strong></span> <span class='ocrx_word' id='word_1_859' title='bbox 2829 5411 3030 5482; x_wconf 84' lang='lat' dir='ltr'><strong>allegat</strong></span> <span class='ocrx_word' id='word_1_860' title='bbox 3083 5410 3231 5465; x_wconf 64' lang='lat' dir='ltr'><strong>Pauli</strong></span> <span class='ocrx_word' id='word_1_861' title='bbox 3279 5410 3345 5464; x_wconf 91' lang='lat' dir='ltr'><strong>ad</strong></span> <span class='ocrx_word' id='word_1_862' title='bbox 3400 5408 3676 5462; x_wconf 76' lang='lat' dir='ltr'><strong>Romanos</strong></span> <span class='ocrx_word' id='word_1_863' title='bbox 3713 5408 3957 5464; x_wconf 82' lang='lat' dir='ltr'><strong>testimo-</strong></span> 
     </span>
    </p>
   </div>
   <div class='ocr_carea' id='block_1_99' title="bbox 2362 5496 2535 5536">
    <p class='ocr_par' dir='ltr' id='par_1_99' title="bbox 2362 5496 2535 5536">
     <span class='ocr_line' id='line_1_99' title="bbox 2362 5496 2535 5536; baseline -0.012 0"><span class='ocrx_word' id='word_1_864' title='bbox 2362 5496 2535 5536; x_wconf 87' lang='lat' dir='ltr'><strong>mum.</strong></span> 
     </span>
    </p>
   </div>
   <div class='ocr_carea' id='block_1_100' title="bbox 2437 5549 3952 5620">
    <p class='ocr_par' dir='ltr' id='par_1_100' title="bbox 2437 5549 3952 5620">
     <span class='ocr_line' id='line_1_100' title="bbox 2437 5549 3952 5620; baseline 0.003 -20"><span class='ocrx_word' id='word_1_865' title='bbox 2437 5562 2462 5600; x_wconf 75' lang='grc' dir='ltr'><strong><em>ε</em></strong></span> <span class='ocrx_word' id='word_1_866' title='bbox 2486 5553 2749 5620; x_wconf 70' lang='lat' dir='ltr'><strong>Origenes</strong></span> <span class='ocrx_word' id='word_1_867' title='bbox 2772 5568 2785 5605; x_wconf 87' lang='lat'><strong>:</strong></span> <span class='ocrx_word' id='word_1_868' title='bbox 2810 5551 2983 5606; x_wconf 88' lang='lat' dir='ltr'><strong>Unum</strong></span> <span class='ocrx_word' id='word_1_869' title='bbox 3012 5561 3327 5604; x_wconf 79' lang='lat' dir='ltr'><strong>autemveste</strong></span> <span class='ocrx_word' id='word_1_870' title='bbox 3354 5549 3573 5615; x_wconf 84' lang='lat' dir='ltr'><strong>nuptiali</strong></span> <span class='ocrx_word' id='word_1_871' title='bbox 3596 5565 3695 5601; x_wconf 86' lang='lat' dir='ltr'><strong>non</strong></span> <span class='ocrx_word' id='word_1_872' title='bbox 3720 5550 3952 5605; x_wconf 79' lang='lat' dir='ltr'><strong>indutum</strong></span> 
     </span>
    </p>
   </div>
   <div class='ocr_carea' id='block_1_101' title="bbox 2366 5622 3954 5689">
    <p class='ocr_par' dir='ltr' id='par_1_101' title="bbox 2366 5622 3954 5689">
     <span class='ocr_line' id='line_1_101' title="bbox 2366 5622 3954 5689; baseline -0.001 -12"><span class='ocrx_word' id='word_1_873' title='bbox 2366 5624 2515 5688; x_wconf 78' lang='lat' dir='ltr'><strong>vidit,</strong></span> <span class='ocrx_word' id='word_1_874' title='bbox 2538 5624 2632 5678; x_wconf 86' lang='lat' dir='ltr'><strong>sub</strong></span> <span class='ocrx_word' id='word_1_875' title='bbox 2660 5623 2809 5676; x_wconf 86' lang='lat' dir='ltr'><strong>unico</strong></span> <span class='ocrx_word' id='word_1_876' title='bbox 2831 5640 3036 5689; x_wconf 80' lang='lat' dir='ltr'><strong>genere,</strong></span> <span class='ocrx_word' id='word_1_877' title='bbox 3056 5622 3133 5675; x_wconf 81' lang='lat' dir='ltr'><strong>vel</strong></span> <span class='ocrx_word' id='word_1_878' title='bbox 3153 5623 3320 5689; x_wconf 74' lang='lat' dir='ltr'><strong>specie</strong></span> <span class='ocrx_word' id='word_1_879' title='bbox 3346 5623 3604 5681; x_wconf 76' lang='lat' dir='ltr'><strong>universo,</strong></span> <span class='ocrx_word' id='word_1_880' title='bbox 3632 5624 3954 5687; x_wconf 80' lang='lat' dir='ltr'><strong>comprehen-</strong></span> 
     </span>
    </p>
   </div>
   <div class='ocr_carea' id='block_1_102' title="bbox 2366 5689 3952 5763">
    <p class='ocr_par' dir='ltr' id='par_1_102' title="bbox 2366 5689 3952 5763">
     <span class='ocr_line' id='line_1_102' title="bbox 2366 5689 3952 5763; baseline -0.001 -15"><span class='ocrx_word' id='word_1_881' title='bbox 2366 5697 2515 5759; x_wconf 81' lang='lat' dir='ltr'><strong>dens,</strong></span> <span class='ocrx_word' id='word_1_882' title='bbox 2545 5696 2632 5762; x_wconf 87' lang='lat' dir='ltr'><strong>qui</strong></span> <span class='ocrx_word' id='word_1_883' title='bbox 2660 5696 2940 5763; x_wconf 86' lang='lat' dir='ltr'><strong>nequitiam</strong></span> <span class='ocrx_word' id='word_1_884' title='bbox 2970 5694 3069 5749; x_wconf 88' lang='lat' dir='ltr'><strong>sibi</strong></span> <span class='ocrx_word' id='word_1_885' title='bbox 3093 5703 3213 5747; x_wconf 86' lang='lat' dir='ltr'><strong>ante</strong></span> <span class='ocrx_word' id='word_1_886' title='bbox 3240 5691 3396 5762; x_wconf 75' lang='lat' dir='ltr'><strong>ﬁdem</strong></span> <span class='ocrx_word' id='word_1_887' title='bbox 3422 5689 3848 5747; x_wconf 65' lang='lat' dir='ltr'><strong>adherescentem</strong></span> <span class='ocrx_word' id='word_1_888' title='bbox 3871 5707 3952 5746; x_wconf 82' lang='lat' dir='ltr'><strong>re-</strong></span> 
     </span>
    </p>
   </div>
   <div class='ocr_carea' id='block_1_103' title="bbox 2369 5765 3419 5836">
    <p class='ocr_par' dir='ltr' id='par_1_103' title="bbox 2369 5765 3419 5836">
     <span class='ocr_line' id='line_1_103' title="bbox 2369 5765 3419 5836; baseline -0.006 -16"><span class='ocrx_word' id='word_1_889' title='bbox 2369 5765 2651 5836; x_wconf 81' lang='lat' dir='ltr'><strong>tinuerunt,</strong></span> <span class='ocrx_word' id='word_1_890' title='bbox 2675 5780 2890 5831; x_wconf 88' lang='lat' dir='ltr'><strong>eamque</strong></span> <span class='ocrx_word' id='word_1_891' title='bbox 2914 5765 3121 5820; x_wconf 86' lang='lat' dir='ltr'><strong>minime</strong></span> <span class='ocrx_word' id='word_1_892' title='bbox 3148 5769 3419 5819; x_wconf 70' lang='lat' dir='ltr'><strong>exuerunt.</strong></span> 
     </span>
    </p>
   </div>
  </div>
