4044 6340
618 274 724 338 tes
1859 269 1918 330 s.
1958 260 2226 329 EUSEBII
2265 262 2641 325 HIERUNYnt
3879 270 3994 330 mi

618 399 787 459 meat,
816 397 870 447 et
892 389 1037 445 dicat
1062 401 1169 441 non
1196 386 1399 442 debere
1424 385 1625 442 tributa
1649 384 1807 453 solvi,
1829 393 1892 439 ut
1911 384 2093 440 statim
2123 398 2217 438 au—
2243 381 2294 440 Δ
2322 388 2432 436 tum
2459 398 2473 435 :
2501 390 2794 453 sequentes
2819 381 2988 453 (juxta
3019 384 3151 441 Acta
3179 387 3578 458 apostolorum)
3598 386 3825 443 omnia
3879 388 3994 443 dc~

618 483 837 539 dientes
864 478 1178 543 llerodiani,
1209 476 1495 534 seditionis
1526 486 1719 534 contra
1755 476 2035 533 Romanos
2064 477 2215 544 prin-
2323 473 2595 544 negabant
2620 473 2758 545 (Act.
2784 472 2888 551 tv).
2920 474 3040 532 Istae
3067 486 3194 533 sunt
3222 476 3345 534 dum
3374 476 3400 515 ά
3423 477 3620 535 domus
3644 520 3661 547 ,
3690 478 3782 536 de
3849 480 3994 551 qui-

622 576 803 646 οηκηη
832 583 856 610 ο
887 580 1129 627 (emam,
2321 566 2424 622 bus
2448 565 2613 623 lSaias
2647 548 2985 624 manifestius
3007 565 3188 634 docet,
3212 568 3358 642 quod
3386 568 3687 628 oﬁ‘ensura:
3740 548 3889 628 sint
3935 572 3994 627 in

687 665 1003 737 (Vers.18.)
1026 664 1245 737 Cognita
1271 670 1443 719 autem
1468 662 1621 719 Iesus
1647 663 1875 733 nequitia
1902 662 2221 731 eorum,ait:
2322 657 2554 729 lapidem
2580 657 2823 715 scandaii
2853 657 3012 734 (lsai.
3039 660 3183 732 vm).

621 756 764 826 Quid
785 770 866 811 ms
884 756 1117 823 teutatis,
1137 756 1463 828 hypocrita?
1487 755 1667 811 Prima
1697 755 1870 811 virtus
1893 764 1979 811 est
1998 769 2222 823 respou—
2396 748 2581 824 (Vcrs.
2612 750 2685 806 24
2716 752 2899 824 seqq.)
2938 753 3007 808 Et
3028 756 3475 830 interrogaverunt
3492 772 3634 825 eum,
3663 756 3957 813 dicentes
3980 775 3994 814 λ

616 848 831 915 dentis,
867 849 1327 920 interrogantiutn
1356 861 1597 906 mentem
1624 863 1960 922 cognoscere
1979 889 1996 915 ,
2028 856 2082 904 ot
2116 862 2221 902 non
2331 843 2602 917 Magister,
2631 844 2841 919 Moyses
2868 848 3044 903 dixit:
3073 847 3137 906 Si
3164 851 3281 923 quis
3312 859 3550 906 mortuus
3580 851 3758 921 fuerit
3797 851 3994 926 180

616 943 925 1012 discipulos
952 985 966 1009 ,
1016 943 1112 1000 sed
1145 952 1443 999 tontatores
1472 957 1695 999 vocare.
1745 942 2039 1014 Hypocrita
2089 953 2224 1009 ergo
2326 954 2427 994 non
2455 940 2645 995 habens
2673 936 2864 1011 ﬁlium,
2888 950 2943 996 ut
2968 941 3125 998 ducat
3147 946 3311 1015 frater
3346 945 3461 1016 ejus
3501 961 3726 1000 uxorem
3782 944 3994 1014 illius,

619 1035 928 1107 appellatur
956 1077 972 1105 ,
1008 1038 1099 1108 qui
1139 1036 1284 1091 aliud
1315 1045 1402 1093 est
1425 1079 1441 1104 ,
1473 1045 1529 1092 et
1567 1036 1715 1092 aliud
1742 1035 1983 1105 simulat,
2027 1034 2082 1090 id
2115 1040 2222 1100 est,
2328 1041 2376 1087 et
2398 1033 2606 1088 suscitet
2635 1050 2806 1087 semen
2837 1033 2990 1103 fratri
3013 1050 3128 1090 suo.
3166 1031 3329 1091 Erant
3366 1046 3538 1092 autem
3564 1036 3717 1110 apud
3753 1055 3867 1093 nos
3892 1056 3994 1093 se-

617 1129 768 1186 alittd
792 1145 961 1202 opere
988 1130 1120 1201 agit,
1155 1139 1211 1185 et
1240 1129 1391 1184 aliud
1422 1143 1558 1186 voce
1590 1128 1901 1201 praetendit.
2328 1138 2465 1197 ptem
2496 1131 2722 1199 fratres:
2747 1138 2794 1183 et
2812 1130 3033 1199 primus,
3058 1146 3221 1186 uxore
3239 1131 3416 1200 ducta,
3446 1130 3737 1203 defunctus
3785 1143 3904 1198 est,
3936 1138 3994 1187 et

693 1222 880 1296 (Vers.
919 1221 1039 1295 i9.)
1074 1222 1346 1279 Ostendite
1375 1224 1502 1278 mihi
1526 1222 1786 1278 numisma
1811 1236 2015 1277 census.
2048 1219 2115 1275 At
2149 1218 2228 1274 illi
2329 1236 2433 1274 non
2480 1220 2673 1276 habens
2708 1238 2901 1289 semen,
2943 1222 3151 1295 reliquit
3195 1240 3409 1279 uxorem
3444 1242 3603 1281 suam
3630 1224 3814 1295 fratri
3840 1243 3989 1281 suo.

623 1320 923 1373 obtulerunt
955 1314 1003 1373 ei
1035 1316 1329 1372 denarium.
1363 1315 1643 1389 Sapientia
1684 1330 1911 1387 semper
1950 1314 2230 1385 sapienter
2334 1314 2589 1371 Similiter
2606 1313 2865 1371 secundus
2892 1327 2941 1371 et
2955 1316 3135 1371 tertius
3156 1318 3395 1389 usquead
3417 1319 3721 1392 septimana.
3742 1318 3985 1375 Novis-

623 1407 755 1480 agtt,
789 1418 849 1465 ut
871 1410 984 1465 suis
1009 1409 1357 1480 potissimum
1387 1416 1691 1465 tentatores
1717 1404 2078 1465 sermonibus
2100 1420 2232 1461 con—
2331 1408 2459 1461 sime
2486 1419 2657 1463 autem
2684 1406 2912 1463 omnium
2933 1419 2981 1463 et
3014 1411 3200 1464 mulier
3217 1411 3461 1484 defuncta
3492 1420 3587 1468 est.
3613 1408 3726 1482 Qui
3759 1426 3989 1469 resur-

620 1499 889 1557 futentur.
923 1500 1217 1568 Ostendite,
1250 1502 1466 1573 inquit,
1497 1500 1627 1556 mihi
1659 1501 1961 1568 denarium,
1990 1500 2091 1554 hoc
2122 1505 2229 1564 ρει,
2335 1499 2635 1556 rectionem
2664 1517 2953 1572 corporum
2995 1518 3102 1557 non
3123 1501 3445 1571 credebant,
3484 1514 3541 1560 et
3564 1501 3827 1559 animam
3865 1520 3983 1575 pu-

628 1609 806 1668 genus
843 1596 1082 1663 nummi,
1114 1595 1260 1667 quod
1290 1609 1388 1667 pro
1426 1594 1616 1652 decem
1661 1593 1898 1650 nummis
1930 1592 2234 1664 imputaba—
2342 1590 2529 1647 labant
2552 1593 2779 1649 interire
2805 1608 2929 1649 cum
2954 1595 3301 1666 corporibus,
3335 1597 3837 1655 recteistiusmodi
3871 1598 3993 1653 ﬁn-

628 1695 743 1760 tur,
778 1687 1087 1745 etbabebat
1118 1688 1412 1758 imaginem
1444 1686 1695 1743 Ctesaris.
2334 1691 2468 1752 gunt
2528 1682 2782 1749 fabulam,
2826 1700 2949 1755 qum
2988 1684 3338 1743 deliramenti
3378 1698 3570 1759 arguat
3637 1704 3781 1757 eos,
3869 1691 3987 1763 qui

696 1783 880 1857 (Vers.
902 1782 1026 1853 20.)
1062 1779 1315 1855 179m
1338 1784 1411 1836 ait
1442 1780 1548 1836 illis
1572 1780 1729 1836 Iesus
1752 1776 1952 1853 :Cujus
1968 1790 2043 1834 est
2064 1778 2237 1851 imago
2267 1766 2314 1830 Β
2344 1776 2805 1833 resurreCtionem
2834 1788 3084 1833 asserunt
3113 1789 3477 1835 mortuorum.
3527 1778 3726 1837 Potest
3759 1788 3983 1837 autem

634 1877 783 1947 hac,
831 1887 879 1930 et
913 1874 1457 1948 superscriptio?Qui
1508 1881 1702 1945 putant
1748 1873 2226 1944 interrogationem
2336 1869 2480 1937 ﬁeri,
2531 1881 2590 1926 ut
2636 1886 2763 1927 vere
2792 1870 2843 1927 in
2872 1881 3036 1943 gente
3060 1888 3252 1929 eorum
3300 1871 3593 1945 aliquando
3644 1873 3757 1931 hoc
3814 1875 3978 1931 acci-

625 1967 936 2028 Salvstoris
963 1968 1328 2041 ignorantiam
1352 1983 1499 2032 esse,
1530 1972 1588 2024 et
1609 1980 1715 2021 non
1739 1964 2229 2037 dispensationem,
2336 1962 2496 2020 derit.

626 2060 846 2119 discant
872 2076 938 2116 ex
970 2059 1229 2131 praesenti
1258 2060 1414 2128 loco,
1436 2059 1585 2132 quod
1618 2059 1803 2131 utique
1831 2058 2062 2129 puluerit
2082 2059 2236 2114 .scire
2410 2056 2591 2129 (Vers.
2616 2058 2733 2131 28.)
2779 2058 2843 2113 In
2866 2060 3243 2115 resurrectione
3267 2077 3391 2134 ergo
3421 2058 3572 2133 cujus
3626 2060 3730 2117 erit
3770 2061 3843 2115 de
3874 2079 3973 2115 sc-

624 2153 786 2213 Jesus
813 2154 969 2224 cujus
1003 2155 1182 2223 imago
1224 2162 1373 2209 esset
1402 2154 1456 2207 in
1492 2166 1746 2219 nummo;
1780 2152 1876 2207 sed
1910 2151 2231 2222 interrogat,
2339 2160 2475 2222 ptem
2502 2154 2680 2208 uxor?
2710 2152 2900 2207 Omnes
2941 2153 3076 2208 enim
3118 2152 3409 2208 habuerunt
3439 2170 3571 2208 eam.
3618 2150 3977 2226 Turpitudi-

631 2252 691 2302 ut
715 2247 780 2300 ad
808 2259 1121 2301 sermonem
1152 2258 1342 2299 eorum
1369 2252 1748 2313 competenter
1773 2241 2125 2313 respondeat.
2337 2261 2461 2299 nent
2493 2242 2688 2301 fabula:
2718 2257 3031 2317 Opponttnt,
3082 2255 3142 2302 ut
3186 2245 3607 2303 resurrectionis
3654 2246 3973 2319 dcnegent

694 2340 881 2413 (Vera.
923 2338 1042 2410 2|.)
1096 2335 1286 2392 Dicunt
1326 2338 1371 2391 ei
1417 2350 1436 2392 :
1480 2335 1724 2393 Cwsaris.
1766 2335 1911 2389 Tunc
1952 2333 2023 2389 ait
2072 2332 2178 2388 illis
2217 2346 2238 2388 :
2339 2335 2652 2391 veritatem.

629 2434 862 2491 Reddite
907 2447 1033 2506 ergo
1061 2446 1175 2503 qua:
1203 2439 1323 2486 sunt
1346 2428 1571 2487 Cwsaris
1614 2429 1807 2486 Ctesari
1821 2446 1841 2496 ;
1895 2438 1941 2483 et
1970 2442 2084 2499 qua?
2118 2436 2238 2482 sunt
2412 2428 2596 2499 (Vers.
2626 2428 2749 2503 9.9.)
2793 2431 3128 2503 Respondeas
3150 2441 3321 2488 autem
3349 2435 3531 2503 Jesns,
3554 2433 3628 2488 ait
3659 2432 3773 2488 illis
3808 2450 3828 2489 :
3850 2430 3973 2487 Er-

628 2522 728 2582 Dei
776 2525 907 2581 Deo.
938 2523 1216 2581 Caesarem
1248 2538 1355 2579 non
1383 2534 1636 2595 putemus
1666 2522 1990 2594 Augustum,
2023 2520 2117 2576 sed
2140 2518 2236 2574 Ti-
2340 2524 2492 2593 ralis,
2529 2526 2811 2580 nescientes
2844 2525 3170 2599 Scripturas,
3204 2546 3364 2600 neque
3387 2530 3627 2583 t'irtulem
3660 2528 3781 2586 Dei.
3815 2528 3968 2587 Pro.

627 2617 845 2675 borium
872 2616 1190 2689 .signiticari
1234 2615 1547 2687 privignum
1601 2613 1718 2685 ejus
1751 2658 1766 2682 ,
1808 2612 1900 2685 qui
1953 2614 2005 2668 in
2057 2613 2236 2668 locum
2339 2627 2527 2687 pterea
2580 2628 2807 2685 errant,
2860 2619 2984 2688 quia
3025 2619 3337 2690 Scripturas
3386 2617 3635 2677 nesciunt
3667 2639 3679 2675 :
3709 2630 3765 2678 et
3815 2624 3955 2694 quia

630 2710 903 2767 successit
931 2708 960 2748 ι’
981 2710 1183 2779 ipsius,
1216 2707 1319 2763 sub
1340 2724 1449 2779 qun
1476 2720 1670 2777 passus
1689 2715 1774 2761 est
1800 2704 2076 2761 Dominus.
2101 2702 2237 2759 Otn-
2335 2705 2643 2781 Scriptttras
2675 2710 2945 2780 ignorant,
2974 2724 3379 2783 consequenter
3402 2712 3958 2771 ncsciuntvirtutem

628 2818 730 2859 nes
761 2814 943 2857 autem
974 2816 1131 2873 reges
1165 2800 1397 2856 Romani
1426 2816 1456 2855 a
1493 2798 1667 2868 primo
1695 2796 1829 2853 Caio
1854 2795 2075 2853 Cmsare
2098 2841 2112 2865 ,
2146 2798 2234 2866 qui
2342 2800 2459 2865 Dei,
2495 2801 2596 2857 hoc
2625 2812 2730 2868 est,
2762 2802 3064 2871 Christum,
3092 2804 3295 2876 quiest
3327 2804 3424 2861 Dei
3471 2805 3671 2872 virtus,
3726 2814 3785 2862 et
3846 2806 3959 2863 Dei

630 2892 921 2968 imperium
968 2896 1308 2966 arripuerat,
1355 2892 1603 2950 Gtt-sares
1648 2891 1912 2963 appellati
1954 2901 2083 2947 sunt
2122 2889 2233 2963 [ΑΙ.
2338 2894 2600 2963 sapientia
2629 2893 2674 2966 (Ι
2705 2891 2823 2949 Cor.
2853 2895 2913 2966 ι).

633 2986 1028 3060 appellantur].
1058 2988 1230 3044 Porro
1256 2986 1404 3059 quod
1434 2987 1509 3041 ait
1541 3002 1556 3041 :
1593 2986 1816 3041 Reddite
1839 3000 1953 3055 quas
1973 2992 2093 3038 sunt
2131 2982 2235 3037 (ἔων
2415 2984 2598 3057 (Vcrs.
2626 2985 2749 3057 ‘50.)
2788 2984 2855 3041 In
2915 2988 3285 3045 resurrectione
3331 2990 3469 3045 enim
3514 3004 3678 3061 neque
3722 2992 3949 3063 nubent,

628 3084 762 3140 saris
794 3082 989 3140 Παιδατὶ
1015 3125 1028 3149 ,
1062 3080 1116 3138 id
1148 3094 1265 3149 cst,
1323 3094 1606 3137 nummum
1644 3081 1946 3148 tributum,
1986 3090 2041 3135 et
2069 3093 2233 3151 pecu-
2273 3150 2311 3157 _
2360 3089 2383 3116 ε’
2412 3096 2571 3150 neque
2616 3080 2872 3135 nubentur
2893 3099 2912 3147 ;
2946 3084 3036 3138 sed
3086 3093 3203 3137 sunt
3226 3085 3355 3138 sicut
3378 3085 3550 3157 angeli
3575 3084 3670 3139 Dei
3708 3086 3761 3139 in
3790 3086 3950 3145 calo.

627 3180 771 3236 niam
802 3197 816 3235 :
845 3188 894 3235 et
922 3195 1038 3251 qua:
1063 3187 1180 3233 sunt
1238 3174 1336 3233 Dei
1382 3176 1513 3243 Deo,
1560 3175 1802 3232 decimas
1847 3174 2138 3245 primitias.
2181 3184 2235 3229 et
2266 3150 2312 3212 ο
2345 3169 2533 3224 Latina
2557 3172 2896 3227 consuetudo
2925 3172 3125 3229 Grrrco
3156 3174 3396 3229 idiomati
3449 3150 3561 3230 non
3600 3175 3943 3247 respondet.

570 3310 571 3313 η
625 3273 951 3339 oblationes,
976 3287 1040 3327 ac
1063 3270 1312 3326 victimas
1354 3272 1657 3326 sentiamus
1684 3267 1995 3340 :qnomodo
2033 3277 2089 3323 et
2118 3268 2236 3337 ipse
2343 3260 2567 3318 Nubere
2592 3264 2738 3318 enim
2767 3264 2986 3335 proprie
3015 3265 3270 3322 dicuntur
3294 3265 3569 3334 mulieres,
3600 3279 3653 3324 et
3674 3270 3775 3324 viri
3804 3284 3949 3326 uxo-

626 3363 861 3421 reddidit
911 3363 1113 3419 tributa
1170 3376 1270 3435 pro
1313 3376 1372 3418 se
1406 3372 1463 3417 ct
1511 3362 1673 3416 Petro
1724 3358 1943 3427 (Matth.
1976 3360 2147 3429 xvn);
2182 3367 2237 3413 et
2344 3369 2434 3410 res
2465 3354 2694 3422 ducere;
2724 3356 2817 3410 sed
2842 3371 2942 3412 nos
2971 3358 3296 3430 simpliciter
3314 3358 3522 3415 dictum
3551 3360 3942 3433 intelligamus,

627 3458 742 3515 Deo
764 3456 998 3515 reddidit
1019 3472 1143 3529 quae
1173 3457 1266 3513 Dei
1294 3466 1442 3523 sunt,
1458 3454 1638 3512 Patris
1662 3456 1874 3511 iaciens
1895 3453 2235 3510 voluntatem
2342 3449 2485 3518 quod
2519 3449 2729 3505 nubere
2753 3448 2824 3505 de
2855 3448 3009 3515 viris,
3039 3460 3095 3508 et
3131 3453 3259 3507 nubi
3289 3453 3357 3509 de
3380 3453 3649 3508 uxoribus
3673 3454 3939 3525 scriptum

627 3548 809 3621 (1m,
832 3551 933 3621 γι),
2342 3540 2435 3595 sit.
2465 3538 2525 3596 Si
2555 3540 2610 3595 in
2638 3543 3044 3599 resurrectione
3067 3559 3178 3599 non
3204 3544 3434 3613 nubent,
3467 3560 3643 3618 neque
3665 3546 3939 3603 nubentur

697 3642 886 3715 (Vers.
916 3640 1038 3713 22.)
1081 3640 1148 3695 Et
1170 3641 1461 3705 audientes,
1484 3639 1660 3693 mirati
1687 3649 1829 3696 sunt.
1862 3638 1970 3708 Qui
2010 3639 2239 3698 credere
2346 3642 2633 3705 resllrgeni
2673 3648 2803 3705 ergo
2853 3650 3106 3705 corpora,
3148 3633 3313 3709 iquee
3362 3650 3591 3709 possunt
3625 3639 3825 3698 nubere
3878 3646 3936 3699 et

636 3736 942 3792 debuerant
963 3734 1032 3788 ad
1072 3743 1275 3788 tantam
1299 3731 1647 3803 sapientiam,
1682 3732 1859 3788 mirati
1883 3744 2011 3789 sunt
2042 3746 2062 3772 ο
2092 3732 2235 3804 quod
2345 3726 2495 3781 nubi-
2522 3724 2694 3782 Nemo
2716 3728 2915 3797 quippe
2962 3725 3094 3783 dieit
3120 3728 3189 3783 de
3218 3716 3399 3799 lapide
3424 3739 3480 3785 ct
3506 3730 3721 3797 arbore.
3767 3738 3821 3787 ct
3846 3732 3933 3791 bis

636 3824 907 3884 calliditas
929 3840 1119 3883 eorum
1153 3825 1446 3882 insidiandi
1471 3841 1578 3880 non
1607 3826 1906 3883 invenisset
1960 3828 2158 3883 toctnn.
2345 3818 2530 3885 rcbnS,
2565 3833 2686 3890 quae
2716 3833 2821 3874 non
2846 3820 3047 3876 habent
3066 3820 3315 3876 membra
3339 3822 3617 3892 genitalia,
3648 3823 3786 3893 quod
3815 3838 3925 3881 non

706 3924 775 3980 Et
803 3923 986 3979 relicto
1008 3938 1091 3989 eo,
1120 3922 1379 3978 abierunt.
1409 3922 1793 3981 lniidelitatem
1821 3941 1942 3982 cum
1971 3925 2237 3984 miraculo
2344 3911 2571 3976 “ulla”:
2608 3925 2785 3983 neque
2815 3913 3117 3981 "libanu";
3168 3915 3263 3970 50d
3288 3912 3358 3971 de
3393 3912 3479 3970 his
3515 3931 3636 3986 (μιίὲ
3663 3929 3778 3972 cum
3805 3930 3928 3988 POS-

631 4018 840 4090 ρπίιετ
872 4026 1242 4088 reputantes,
2344 4015 2471 4061 sunt
2491 4004 2718 4073 nubere,
2752 4015 2933 4063 tamen
2963 4006 3066 4061 alia
3098 4006 3313 4064 ratione
3343 4022 3449 4064 non
3497 4007 3723 4063 nubunt.
3765 4007 3918 4078 Quod

704 4109 889 4180 (Vers.
911 4110 1031 4183 25.)
1053 4109 1120 4167 In
1141 4110 1234 4166 illo
1253 4112 1341 4166 die
1364 4114 1773 4169 aceesserantud
1790 4130 1906 4169 eum
1926 4114 2228 4187 Sadduceei,
2335 4118 2517 4163 autem
2568 4106 2798 4163 infertur
2826 4124 2838 4160 ε
2872 4107 2980 4163 Sed
3002 4116 3125 4161 Iuni
3174 4109 3309 4163 sic“
3344 4108 3520 4179 angeli
3565 4104 3660 4162 Dei
3686 4107 3738 4162 in
3763 4107 3909 4164 οοΙο.

632 4205 721 4277 qui
742 4204 1042 4260 dicuntnon
1062 4207 1630 4261 esseresnrrectionent.
1659 4206 1787 4261 Dum
1818 4205 2055 4264 haereses
2075 4218 2237 4266 erant
2335 4202 2633 4273 Spiritualis
2663 4199 3064 4273 repromittitur
3095 4201 3465 4258 conversatio.

630 4299 688 4356 in
718 4296 924 4355 Jndrets
957 4314 971 4353 :
1008 4314 1111 4352 una
1136 4298 1561 4365 Pharisaeorum,
1592 4299 1763 4355 altera
1785 4297 2229 4359 Sadduczeorum.
2266 4368 2288 4370 _
2407 4296 2592 4370 (Vers.
2628 4297 2689 4351 51
2743 4295 2925 4367 seqq.)
2966 4296 3044 4350 De
3072 4297 3447 4352 resurrectione
3486 4307 3657 4351 autem
3703 4308 3917 4353 nwrtuo-

636 4390 900 4447 Pbaristei
940 4390 1290 4445 traditionum
1344 4400 1402 4446 et
1447 4391 1921 4461 obseruationum,
1980 4409 2114 4465 quas
2154 4395 2229 4450 illi
2256 4368 2314 4430 Β
2336 4368 2452 4446 rum
2479 4407 2583 4447 non
2602 4392 2797 4466 legistis
2825 4393 2964 4463 quod
2987 4393 3277 4447 dictumest
3296 4408 3329 4447 α
3359 4393 3489 4462 Deo,
3526 4394 3724 4448 dicente
3741 4393 3870 4449 tabis
3896 4412 3914 4452 :

634 4480 973 4561 διυτερώσεις
1016 4489 1232 4548 vocant,
1259 4482 1525 4552 justitiam
1564 4484 1952 4553 pra-ferebant;
1988 4488 2129 4543 unde
2175 4495 2232 4543 ct
2340 4486 2455 4557 Ego
2496 4504 2609 4542 sum
2645 4485 2785 4542 Deus
2843 4485 3124 4554 Abraham,
3155 4498 3201 4542 et
3232 4486 3370 4543 Deus
3399 4484 3641 4556 Isaac,st
3670 4486 3804 4544 Deus
3818 4488 3912 4544 Ja-

635 4574 791 4629 divisi
808 4573 1146 4631 vocabantur
1173 4587 1200 4628 a
1237 4574 1458 4645 p0pulo.
1482 4570 1770 4633 Sadductei
1788 4586 1991 4645 autem,
2024 4580 2113 4650 qui
2148 4582 2228 4636 in-
2335 4581 2430 4636 colt
2458 4597 2477 4635 :
2499 4578 2622 4635 Non
2646 4589 2721 4635 est
2749 4578 2891 4635 Deus
2913 4589 3258 4647 mortuorum,
3285 4581 3375 4635 sed
3404 4581 3700 4635 viventium.
3732 4579 3795 4635 Et
3816 4596 3910 4635 eu-

628 4676 1000 4739 terpretantur
1014 4666 1171 4737 justi,
1203 4675 1262 4724 et
1283 4667 1385 4739 ipsi
1414 4667 1768 4725 vindicabant
1793 4671 1899 4725 sibi
1932 4673 2080 4742 quod
2112 4688 2224 4731 non
2333 4676 2534 4731 dientes
2562 4675 2727 4729 turba:
2761 4672 3087 4728 mirabantur
3132 4674 3201 4729 de
3228 4674 3467 4730 doctrina
3495 4677 3628 4747 ejus.
3659 4674 3734 4731 Ad
3762 4688 3904 4732 cum

627 4775 820 4820 crant:
846 4762 1122 4833 prioribus
1142 4772 1199 4818 et
1218 4764 1470 4832 corporis
1484 4764 1747 4819 etanimte
1769 4766 2225 4823 resurrectionem
2335 4767 2671 4841 probandam
2719 4768 3153 4825 resurrectionis
3202 4769 3511 4835 veritatem,
3536 4777 3561 4816 8
3592 4768 3750 4825 multo
3795 4768 3907 4826 aliis

624 4853 999 4923 credentibus,
1045 4852 1575 4927 conﬂtentibusque,
1618 4864 1673 4913 et
1714 4857 1959 4929 angelos,
1989 4867 2046 4915 et
2067 4860 2228 4931 spiri-
2336 4860 2801 4920 manifestioribus
2858 4863 3016 4935 131
3062 4859 3330 4935 exemplis
3356 4862 3435 4919 uti
3465 4861 3653 4935 potuit,
3679 4864 3906 4935 equibus

623 5012 741 5051 runt
769 5004 870 5051 ειη
890 4998 1049 5069 juxta
1078 4993 1465 5069 Pharisteorum
1489 4997 1794 5069 sententiam
1825 4997 2070 5053 tributum
2112 4999 2224 5055 ειε-
2328 5000 2646 5055 occasionem
2688 4999 2953 5055 demirati.

624 5068 732 5123 snri
752 5082 856 5121 non
883 5064 1005 5141 esse
1018 5067 1321 5122 solvendum
1346 5069 1642 5141 afﬁrmans,
1664 5067 1984 5141 Heradinnis
2011 5071 2074 5124 ab
2096 5070 2224 5137 ipsis
2403 5070 2428 5111 ἀ
2471 5070 2674 5127 Confer
2696 5072 2758 5128 S.
2792 5073 3081 5127 Doctoretst
3132 5071 3199 5141 in
3242 5064 3661 5141 Commentariis
3688 5068 3737 5125 iu
3764 5066 3899 5126 hunc

626 5140 935 5194 tradentur.
966 5139 1036 5195 Et.
1066 5141 1223 5214 paulo
1248 5136 1527 5214 superius:
1561 5137 1650 5193 Ita
1681 5138 1985 5214 impediente
2012 5157 2090 5208 eo,
2118 5136 2225 5214 quo
2328 5143 2481 5200 Isaia:
2502 5144 2704 5214 locum,
2729 5153 2785 5199 et
2806 5144 2858 5198 iu
2894 5143 3067 5214 Epist.
3098 5142 3165 5197 ad
3194 5140 3396 5214 Titum.
3428 5136 3899 5214 Epistolamqno-

625 5216 798 5265 minus
848 5224 1029 5264 census
1066 5207 1292 5285 ’Cn'sari‘
1318 5209 1562 5285 duretur_J
1605 5207 1891 5285 cumquasi
1914 5207 2224 5285 defectionis
2328 5212 2557 5285 quoad
2596 5207 2869 5285 Algasiam
2924 5207 3129 5283 Qutest.
3167 5214 3252 5283 to,
3276 5226 3333 5269 et
3380 5207 3659 5282 DialOgttm
3698 5207 3897 5271 aduers.

626 5230 798 5265 πιιηιη
848 5230 1029 5264 census
1084 5230 1278 5263 ωηατ-ι
1318 5230 1562 5271 ααῐειιιτ,
1605 5230 1718 5262 ιίιηι
1744 5230 1889 5280 quast
1921 5230 2224 5283 αειεειιοηιδ
2368 5231 2433 5270 uc
2472 5230 2538 5270 aa
2596 5230 2869 5285 Algasmm
2924 5230 3129 5283 υιιωδι.
3167 5230 3252 5283 Ιυ,
3276 5230 3333 5269 (ξι
3380 5230 3497 5267 "li"

626 5293 889 5355 auctorem
935 5291 1089 5355 atque
1116 5281 1462 5354 impulsorem
1509 5276 1758 5335 Romanis
1806 5282 2051 5338 tradituri
2090 5283 2223 5355 fuis-
2328 5230 2722 5350 ancilerianos,
2749 5300 2900 5341 nunt.
2928 5286 2986 5341 8.
3160 5352 3189 5355 ,Α

626 5361 736 5408 sent
765 5349 1079 5424 Herodiani.
1118 5349 1125 5353 ⁷
1152 5422 1165 5424 _
1200 5349 1210 5354 ⁷
2090 5349 2101 5355 ’
2405 5366 2427 5393 ε
2466 5354 2574 5410 Pro
2597 5349 2757 5424 neque
2777 5359 3052 5423 nubentur,
3082 5356 3138 5412 in
3159 5352 3466 5412 Veronensi
3494 5349 3890 5423 Evangeliorum

699 5432 727 5497 ξι
776 5424 893 5497 Ι)ῃο
941 5422 1169 5497 Palatini
1222 5436 1362 5479 mss.
1390 5466 1409 5490 ,
1464 5424 1759 5497 principem
1811 5436 1924 5497 eum
1964 5432 2223 5497 teneant;
2329 5422 2697 5483 vetustissimo
2751 5422 3072 5497 exemplari,
3114 5429 3285 5497 magis
3329 5428 3394 5481 ad
3442 5424 3619 5481 Latini
3651 5422 3891 5483 Sermonis

627 5493 716 5549 alii
774 5495 958 5549 minus
1005 5495 1182 5560 bene,
1231 5504 1410 5550 contra
1455 5493 1752 5551 Romanum
1798 5496 2095 5569 principem
2143 5506 2221 5552 te-
2331 5500 2721 5571 proprietatem
2750 5493 3045 5570 est,:uque
3094 5493 3283 5553 uxores
3310 5498 3522 5571 ducent.

627 5528 716 5549 -ΙΙΙ
778 5528 958 5549 Ιῑιιπυδ
1006 5528 1182 5560 υπυῧο
1231 5528 1410 5550 ιυηυα
1455 5528 1752 5551 ιιυπιιυιιυη
1798 5528 2095 5569 μιιηωμσυι
2143 5528 2221 5552 ῑΰ“
2331 5528 2721 5571 γιυμιιυωιυιιι
2750 5528 2853 5568 cat,
2880 5528 3045 5570 1(4un
3094 5528 3283 5553 ιιίυυιω
3310 5528 3522 5551 ιιιιιωηο
3734 5528 3739 5535 ’

627 5574 807 5641 I091.
825 5572 937 5641 cie;
1032 5636 1045 5641 _
1349 5638 1359 5641 _
1608 5636 1624 5641 ι
1680 5637 1691 5641 Α
1867 5638 1875 5641 _
1944 5638 1953 5641 _
2187 5639 2193 5641 _
2338 5639 2345 5641 Α
2403 5566 2422 5607 ί
2466 5569 2601 5628 Tres
2626 5570 2860 5627 Palatini
2899 5587 3064 5639 mss.,
3107 5585 3324 5641 corpora
3354 5569 3559 5640 quicum
3586 5567 3771 5638 possint
3799 5585 3885 5625 nu-

698 5635 741 5709 bi
766 5636 987 5709 Rectius
1014 5636 1121 5693 duo
1141 5655 1170 5693 c
1191 5638 1393 5695 nostris
1420 5651 1555 5697 mss.
1607 5636 1833 5709 habent,
1856 5638 1913 5693 in
1935 5638 2105 5693 locum
2147 5639 2223 5692 υἰ-
2328 5639 2463 5709 bere,
2484 5652 2591 5699 etc.

630 5704 747 5760 triti
766 5685 1170 5783 $3.3;
1184 5685 1391 5783 ’⁷
1421 5685 1555 5783 κέ
1610 5685 1913 5783 "fu-"ii
2149 5685 2193 5692 Π
2328 5685 2657 5768 Νίῖέεἶὲιη
2688 5710 2938 5783 Origenis
2966 5710 3161 5769 nedum
3186 5710 3493 5783 responsio,
3516 5705 3612 5764 sed
3644 5709 3747 5783 fere
3768 5721 3879 5783 sunt

703 5783 726 5814 ε
760 5772 1026 5846 Origines
1050 5779 1149 5848 ait,
1179 5777 1400 5836 Nullam
1420 5781 1519 5837 sibi
1544 5781 1815 5853 prabitam
1834 5780 1916 5837 illi
1937 5780 2220 5837 insidiandi
2326 5783 2487 5840 verba
2520 5800 2533 5839 :
2566 5783 2643 5838 Ad
2666 5783 2721 5836 id
2744 5772 2913 5839 autem
2942 5785 3187 5852 dicemus,
3218 5772 3334 5837 cu'm
3365 5772 3681 5852 depromptis
3717 5797 3741 5836 e
3765 5780 3881 5837 Pro‘
