4044 6312
104 208 213 269 εδδ
628 217 1308 278 COMMENTARIORUM
1349 202 1414 275 LV
1457 216 1909 279 EVANCELIUM
1949 218 2287 279 MATTIUEI
2332 224 2457 280 LIB.
2502 222 2593 280 IV.
2637 222 2791 281 CAP.
2838 218 2999 283 XXII.
3377 230 3483 289 166

108 340 185 386 est
203 326 350 385 illud
380 347 397 385 :
444 331 896 392 Suscitabuntur
915 337 1123 404 mortui,
1148 344 1196 392 et
1226 344 1487 408 resurgent
1513 330 1601 403 qui
1625 334 1679 391 in
1702 352 1784 392 se—
1806 332 1864 403 Α
1958 334 2140 411 (Vers.
2166 338 2237 395 δι
2267 340 2448 412 seqq.)
2492 337 2649 414 182
2682 338 2939 399 Phariscei
2969 342 2995 381 δ
3026 351 3197 399 autem
3214 343 3484 400 audientes

114 424 309 494 pulcris
346 437 485 480 sunt
534 424 716 499 (Isai.
752 447 905 497 xx",
956 426 1068 503 l9).
1097 428 1163 485 Et
1192 429 1244 485 in
1296 430 1402 486 alio
1426 429 1590 486 loco:
1626 422 1783 484 Multi
1886 430 2023 504 quod
2048 432 2307 487 silentium
2335 434 2659 504 imposuisset
2691 434 3021 503 Sadrlucuris,
3050 448 3398 492 cont'cnerutt!
3428 442 3480 491 in

121 518 515 574 dormientium
558 522 635 576 de
658 532 817 578 terra:
836 522 1050 595 pulvere
1077 531 1389 595 consurgent
1416 538 1436 576 :
1469 522 1563 576 alii
1607 522 1662 576 in
1692 518 1772 575 υἱ·
1894 541 2085 580 unum:
2138 533 2186 581 et
2230 527 2566 599 interrogavit
2606 544 2725 581 cum
2763 545 2897 583 unus
2926 546 2991 584 ea:
3018 529 3092 585 eis
3124 530 3248 602 legis
3280 531 3483 598 doctor,

128 620 252 677 tant,
285 617 333 665 et
358 609 465 666 alii
536 615 599 669 in
654 612 1001 688 opprobrium
1040 625 1085 669 et
1130 616 1482 684 confusionem
1534 624 1780 670 retentam
1886 622 2088 673 lentam
2113 628 2270 673 eum:
2300 614 2582 690 Magister,
2616 620 2754 692 quod
2784 629 2857 675 est
2888 620 3197 675 mandatum
3237 638 3485 693 magnum

129 700 296 769 (Dan.
324 718 436 768 xu,
468 703 569 776 2).
595 705 1111 779 Qumrituritaque,
1144 706 1273 779 qaid
1295 707 1398 763 sibi
1426 708 1656 764 voluerit
1679 708 1783 764 Do~

1894 708 1938 762 in
1965 706 2122 779 lege?
2158 708 2241 763 Ait
2266 706 2347 763 illi
2375 702 2528 766 Iesus
2557 726 2576 765 :
2603 707 2803 784 Diliges
2832 710 3115 767 Dominum
3142 710 3307 767 Deum
3339 721 3485 767 tuum

134 796 318 851 minus
351 796 470 853 hoc
508 796 798 870 prmfene
826 798 1218 866 testimoztium,
1249 797 1395 870 quod
1421 800 1635 856 videtur
1664 814 1781 853 am-

136 891 391 963 biguum,
418 893 519 950 vel
546 908 667 949 non
691 897 827 949 satis
848 894 916 949 ad
933 892 1355 950 resurrectionis
1379 890 1660 963 pertinens
1687 904 1782 947 ve—

137 988 369 1043 ritatem
405 1002 419 1039 :
452 982 583 1060 Ego
609 1004 730 1043 sum
762 985 901 1042 Deus
930 988 1214 1055 Abraham,
1247 994 1291 1041 et
1331 984 1471 1041 Deus
1515 983 1694 1051 Isaac,
1735 990 1782 1039 et

144 1078 293 1133 Deus
326 1076 546 1146 Iacob;
572 1088 631 1137 et
652 1083 833 1152 quasi,
866 1078 971 1138 hoc
1002 1082 1237 1152 prolato,
1278 1076 1597 1151 probaret-lt
1637 1072 1781 1149 quod

144 1173 400 1240 volebat,
465 1172 664 1229 statim
690 1173 940 1229 intulerit
965 1194 976 1228 ε
1007 1168 1129 1229 Non
1152 1184 1225 1229 est
1255 1166 1398 1229 Deus
1431 1179 1776 1240 mortuorum,

147 1264 239 1322 sed
258 1266 581 1322 ﬂuentium.
607 1266 785 1331 Cujus
796 1267 876 1323 rei
899 1267 1072 1323 turba:
1100 1274 1316 1339 quoque
1341 1266 1779 1329 circumstantes,

146 1358 492 1431 mysterium
524 1367 958 1430 cognoscentes,
984 1358 1267 1415 admirata:
1295 1367 1422 1414 sunt
1443 1359 1511 1414 de
1533 1357 1780 1413 doctrina

148 1460 172 1487 ⁸
204 1460 263 1506 et
287 1450 592 1521 responsis
622 1452 795 1508 illius.
826 1451 1001 1520 Supra
1029 1451 1265 1507 diximus
1294 1446 1648 1518 Sadduczros,
1684 1463 1783 1505 nec

145 1548 443 1620 angelum,
471 1563 579 1604 nec
608 1549 889 1619 Spiritum,
934 1562 1033 1603 nec
1079 1548 1538 1603 resurrectionem
1588 1559 1783 1612 corpo-

148 1655 281 1695 rum
301 1639 671 1705 conﬁtentes,
698 1640 1004 1696 animarum
1034 1656 1251 1711 quoque
1279 1639 1561 1694 interitum
1584 1635 1782 1707 praedi-

1884 812 1947 854 ex
1968 808 2075 855 toto
2104 803 2260 855 corde
2286 811 2395 869 tuo,
2428 808 2476 856 et
2506 801 2677 857 intota
2690 805 2868 858 anima
2888 813 2999 872 tua,
3031 815 3079 860 et
3109 805 3162 858 in
3189 813 3295 859 tota
3321 813 3486 859 mente

1884 901 1975 947 tua
2001 910 2017 947 :
2050 892 2148 949 hoc
2172 906 2246 950 est
2275 895 2555 949 maximum
2604 906 2651 950 et
2670 897 2895 968 primum
2918 899 3241 951 martdatum.
3284 897 3487 953 Secun-

1884 986 2009 1041 dum
2036 998 2209 1043 autem
2239 984 2408 1043 simile
2435 998 2508 1044 est
2539 989 2660 1043 huic
2690 1006 2704 1043 :
2746 984 2944 1063 Diliges
2995 992 3292 1060 proximum
3338 1002 3485 1045 tuum

1882 1079 2012 1133 sicut
2054 1088 2291 1152 terpsum.
2334 1077 2403 1135 In
2442 1080 2521 1135 his
2566 1080 2768 1137 duobus
2812 1084 3072 1139 mandatis
3118 1085 3357 1140 universa
3404 1085 3488 1140 lea:

1884 1168 2068 1242 pendet
2085 1178 2131 1225 et
2159 1171 2441 1244 ρτορΙιειω.
2474 1171 2629 1239 Quod
2657 1172 2726 1228 de
2756 1170 2968 1229 Herode
2998 1184 3054 1229 et
3086 1174 3280 1231 Pontio
3306 1174 3480 1232 Pilato

1886 1262 2137 1334 legimus,
2166 1263 2221 1319 in
2252 1264 2463 1319 Domini
2485 1281 2617 1321 nece
2646 1278 2739 1320 eos
2762 1264 2956 1321 fecisse
2978 1267 3347 1332 concordiam,
3376 1266 3480 1323 hoc

1883 1355 2045 1412 etiam
2077 1370 2218 1413 nunc
2240 1357 2307 1414 de
2327 1356 2614 1414 Pltarismis
2646 1360 2923 1415 cernimus
2952 1368 3008 1415 et
3028 1359 3359 1429 Sadducasis,
3388 1363 3478 1432 qui

1884 1445 2096 1507 interse
2122 1451 2381 1506 contrarii
2409 1461 2555 1520 sunt,
2581 1450 2674 1507 sed
2709 1453 2774 1507 ad
2807 1452 3123 1508 tentandum
3151 1452 3338 1509 Jesum
3365 1453 3477 1521 pari

1886 1554 2066 1599 mente
2088 1542 2454 1600 consentiunt.
2497 1544 2743 1616 Quiergo
2761 1544 2873 1616 jam
2903 1562 3065 1617 supra
3088 1545 3142 1600 in
3166 1547 3479 1602 ostensione

1883 1633 2092 1690 denarii
2113 1632 2325 1691 fuerant
2346 1636 2629 1701 confutati,
2653 1644 2706 1692 et
2733 1637 2977 1693 adversm
2993 1639 3163 1706 partis
3186 1636 3476 1694 factionem

150 1747 332 1788 casse.
371 1731 441 1787 lli
463 1733 713 1803 quinque
742 1740 953 1787 tantum
982 1730 1149 1787 libros
1195 1730 1393 1802 .‘lioysis
1425 1724 1775 1805 recipiebant,
1810 1730 1858 1794 Β
1885 1728 2129 1785 viderant
2156 1730 2459 1797 subrutam,
2486 1726 2786 1786 debuerant
2816 1742 2836 1770 θ
2867 1732 3118 1801 exemplo
3150 1732 3382 1795 moneri,
3417 1749 3483 1787 ne

150 1824 569 1895 prophetarum
599 1823 855 1879 vaticinia
885 1826 1223 1893 respuentes.
1252 1824 1485 1879 Stultum
1511 1836 1640 1892 ergo
1665 1827 1785 1877 erat

152 1916 283 1972 inde
304 1917 570 1987 proferre
598 1916 931 1982 testimonia,
970 1914 1125 1986 cujus
1165 1916 1541 1972 auctoritatem
1572 1926 1681 1970 non
1704 1929 1782 1968 se-

153 2012 502 2080 quebantur.
533 2008 707 2067 Porro
736 2010 802 2066 ad
826 2010 1183 2067 mternitatem
1223 2010 1524 2065 animarum
1555 2009 1786 2081 proban-

154 2104 281 2160 dam
335 2106 413 2161 de
471 2104 664 2176 Moyse
724 2106 879 2175 ponit
939 2104 1245 2175 exemplum
1278 2123 1292 2159 :
1322 2103 1439 2177 Ego
1489 2118 1606 2159 sum
1645 2101 1782 2157 Deus

156 2198 457 2264 Abraham,
486 2206 535 2252 et
568 2194 711 2252 Deus
736 2194 912 2264 Isaac,
941 2206 989 2252 et
1019 2194 1159 2252 Deus
1176 2192 1339 2251 Iacob
1371 2194 1567 2268 (Exod.
1592 2210 1672 2263 tn,
1703 2196 1782 2265 ti).

158 2296 467 2362 statimque
496 2292 702 2348 infert:
735 2290 858 2348 Non
904 2300 976 2347 est
1016 2302 1341 2347 mortuorum
1368 2290 1530 2359 Deus,
1585 2291 1672 2346 sed
1710 2290 1785 2346 vi-

160 2387 445 2452 rentium;
480 2397 687 2441 utcum
715 2384 1025 2454 probaverit
1061 2385 1271 2440 animas
1314 2399 1631 2455 permanere
1664 2388 1787 2453 post

161 2490 399 2536 mortem
428 2478 447 2550 (
480 2494 661 2550 neque
714 2478 859 2533 enim
908 2484 1117 2548 poterat
1166 2478 1302 2541 lleri,
1336 2488 1391 2532 ut
1416 2493 1606 2532 eorum
1641 2487 1786 2531 esset

165 2572 339 2642 Deus,
384 2573 480 2645 qui
525 2588 874 2644 nequaquam
914 2568 1342 2642 subsisterent),
1379 2578 1785 2641 Consequenter

167 2667 629 2724 introduceretur
675 2671 734 2721 et
781 2679 1073 2735 corporum
1116 2662 1471 2726 resurrectio,
1502 2672 1621 2733 Qua:
1658 2676 1780 2715 cum

168 2761 460 2817 animabus
488 2760 633 2815 bona
659 2758 873 2814 malave
900 2764 1206 2828 gesserunt.
1258 2755 1414 2809 Hunc
1458 2750 1637 2809 locum
1675 2754 1780 2822 ple-

169 2854 289 2909 nius
321 2855 377 2909 in
405 2862 656 2909 extrema
689 2860 845 2921 parte
889 2851 1076 2919 prima:
1103 2846 1361 2919 Epistola:
1387 2846 1454 2902 ad
1477 2846 1789 2903 Corinthios

170 2944 372 3001 Paulus
393 2945 689 3017 apestolus
714 2942 1032 3014 exsequitur
1060 2936 1102 3013 (Ι
1129 2938 1252 2996 Cor.
1280 2938 1397 3009 xv).

1887 1819 2026 1875 ultra
2056 1820 2380 1876 molirentur
2410 1818 2633 1876 insidias
2664 1838 2675 1875 :
2722 1820 2816 1878 sed
2845 1823 3223 1878 malevolentia
3258 1837 3312 1879 et
3345 1825 3482 1879 livor

1884 1913 2051 1968 nutrit
2072 1908 2482 1984 impudentiam.
2525 1912 2828 1985 Interrogat
2855 1928 2994 1970 unus
3022 1926 3087 1968 ex
3123 1914 3258 1986 legis
3290 1915 3479 1971 doctu-

1886 2004 2037 2063 ribus
2061 2048 2077 2075 ,
2128 2022 2234 2062 non
2268 2006 2409 2063 scire
2435 1998 2777 2074 desiderans,
2817 2006 2912 2064 sed
2944 2017 3184 2073 tentans,
3214 2025 3280 2066 an
3312 2012 3483 2066 inter-

1886 2110 2104 2171 rogatus
2136 2110 2324 2156 nossct
2352 2101 2494 2172 quod
2522 2102 2959 2172 interrogabatur
2984 2144 2999 2169 ,
3042 2103 3186 2172 quod
3217 2103 3289 2157 sit
3314 2108 3487 2174 majus

1890 2194 2202 2249 mandatum
2230 2213 2241 2248 :
2286 2210 2391 2249 non
2420 2190 2489 2250 de
2519 2194 2789 2251 mandatis
2821 2196 3185 2267 interrogans,
3223 2194 3318 2250 sed
3344 2196 3485 2266 quod

1886 2290 1956 2343 sit
1980 2290 2212 2360 primum
2257 2298 2617 2360 magnumque
2644 2286 2995 2353 mandatum;
3053 2299 3113 2345 ut
3157 2303 3280 2345 cum
3306 2291 3485 2344 omnia

1888 2394 2009 2449 qua:
2063 2381 2206 2436 Deus
2255 2380 2595 2437 mandaverit
2648 2394 2839 2453 magna
2885 2382 3033 2437 sint:
3081 2382 3341 2454 quidquid
3392 2383 3487 2439 ille

1886 2472 2257 2546 responderit,
2289 2478 2633 2532 occasionem
2666 2474 2866 2532 lubeat
2895 2476 3259 2533 calumniandi
3287 2521 3302 2546 ,
3335 2477 3484 2533 aliud

1888 2580 2139 2625 asserens
2168 2584 2421 2640 magnum
2453 2586 2575 2625 esse
2619 2569 2687 2624 de
2709 2570 2972 2640 pluribus.
3015 2566 3355 2642 Quicumque
3385 2571 3484 2641 igi-

1890 2668 1976 2714 tur
2005 2659 2153 2716 novit
2184 2670 2238 2715 et
2262 2661 2559 2733 interrOgat
2588 2676 2695 2717 non
2719 2673 2848 2719 voto
2884 2662 3154 2733 discendi,
3180 2664 3277 2720 sed
3308 2661 3487 2719 studio

1889 2752 2252 2823 cegnoscendi
2280 2795 2296 2821 ,
2347 2771 2415 2809 an
2450 2754 2661 2811 noverit
2704 2754 2798 2812 ille
2848 2758 2939 2827 qui
2990 2768 3354 2829 responsurus
3383 2767 3487 2823 est,

1891 2848 1945 2903 in
1978 2844 2391 2902 similitudinem
2421 2847 2823 2904 Pharisaeorum
2854 2866 2961 2906 non
2987 2851 3142 2922 quasi
3165 2850 3490 2923 discipulus,

1892 2937 1988 2993 sed
2015 2936 2169 3009 quasi
2193 2946 2433 2993 tentatur
2459 2939 2692 2995 accedit.

173 3108 337 3181 phetis
367 3108 626 3185 sexcentis
650 3104 963 3185 testimoniis
987 3103 1201 3185 probare
1214 3102 1383 3185 possit
1396 3100 1671 3185 “servator,
1694 3101 1785 3185 fu:
1810 3099 1855 3163 C
1888 3100 1977 3171 qui
2005 3112 2148 3185 sum,
2180 3098 2232 3155 id
2258 3100 2393 3185 mihi
2412 3117 2622 3185 nomen
2647 3112 2733 3159 est
2752 3149 2765 3173 ,
2801 3105 2987 3185 horum
3017 3120 3128 3185 esse
3160 3104 3326 3185 Deum
3362 3122 3490 3185 pros

174 3172 341 3236 turam
368 3183 527 3234 ruam
557 3179 785 3235 hominis
814 3172 1042 3245 manere,
1073 3177 1129 3230 id
1154 3172 1361 3228 unum
1387 3173 1618 3245 fecisse:
1643 3172 1785 3245 quod

173 3254 366 3308 scilicet
399 3269 561 3305 unam
588 3250 792 3321 Hoysis
826 3244 1153 3321 Scriptura»:
1193 3246 1549 3321 admitterent-
1569 3244 1784 3300 Sadtlu-

176 3326 286 3389 rei,
304 3342 339 3376 a
366 3341 473 3393 qua
498 3317 725 3396 deducta
755 3320 1172 3396 ratiocinatione,
1196 3317 1497 3396 convincere
1526 3317 1674 3396 ipsos
1694 3330 1777 3396 ro:

176 3387 580 3449 luitésicautem
599 3393 700 3447 illa
718 3408 773 3446 se
791 3391 981 3445 habere
1003 3392 1234 3444 videtur:
1260 3390 1400 3442 Deus
1432 3387 1567 3441 dixit
1589 3387 1782 3456 Moysi,

176 3467 288 3536 Ego
317 3480 441 3520 sum
478 3468 622 3520 Deus
650 3464 1030 3536 Abrabarn,et
1061 3462 1204 3536 Deus
1232 3460 1403 3536 istaec,
1437 3468 1491 3513 ct
1522 3458 1663 3536 Deus
1689 3456 1789 3536 ,τιε-

177 3528 297 3605 colt,
326 3555 448 3591 cum
489 3537 766 3590 oraculum
810 3535 911 3604 ipsi
954 3534 1006 3605 in
1036 3532 1160 3588 rubo
1201 3531 1467 3585 reddidit:
1510 3542 1599 3583 aut
1626 3528 1790 3605 igitur

180 3601 337 3673 Deus,
369 3624 557 3663 eorum
584 3605 731 3661 Deus
761 3601 857 3671 est,
890 3604 979 3676 qui
996 3614 1152 3676 _sunt,
1194 3612 1285 3676 aut
1329 3601 1635 3676 eor_um__qui
1684 3614 1787 3655 non

179 3691 311 3748 sunt,
339 3680 630 3735 absurdum
664 3685 741 3733 est
762 3674 958 3743 autem,
985 3674 1177 3743 Deum,
1200 3675 1289 3746 qui
1309 3674 1446 3728 dixit
1468 3689 1486 3727 :
1510 3674 1620 3742 Ego
1640 3686 1785 3737 sunt,

1892 3175 2156 3237 nuntiare,
2178 3175 2267 3242 qui
2303 3174 2601 3246 neutiqugm
2638 3186 2801 3231 sunt:
2825 3179 2963 3246 quod
2985 3179 3028 3232 si
3048 3178 3179 3231 illud
3213 3174 3493 3232 absurdum

1893 3254 1988 3306 est.
2028 3260 2206 3318 eorum
2234 3247 2485 3318 profecto
2506 3244 2647 3318 Deus
2670 3256 2765 3314 est,
2799 3244 2887 3313 qui
2930 3256 3069 3318 sunt,
3113 3259 3160 3301 et
3187 3251 3277 3318 qui
3303 3250 3494 3317 vivunt,

1893 3327 1938 3400 et
1967 3317 2055 3387 qui
2102 3312 2347 3400 existunt,
2396 3316 2589 3400 quique
2633 3312 2937 3400 bene/icium
2977 3336 3008 3371 a
3034 3316 3145 3400 Deo
3175 3312 3227 3372 in
3254 3336 3307 3372 se
3332 3312 3493 3400 colla;

1895 3395 2003 3459 tum
2028 3394 2413 3455 ngnoscunt....
2450 3386 2795 3457 Vivuntergo,
2826 3387 3016 3454 Deum,
3045 3391 3145 3459 ipsi
3168 3404 3329 3459 usque
3347 3388 3498 3444 bene-

1897 3455 2074 3527 ﬁcium
2112 3466 2449 3528 agnoscentes
2489 3455 2776 3521 Abraham,
2806 3470 2853 3514 et
2880 3455 3130 3526 Isaac,“
3159 3455 3347 3525 Jacob,
3379 3470 3487 3517 etc.

1967 3538 1993 3604 ξι
2022 3528 2256 3604 Palatio.
2291 3545 2445 3604 mss._,
2468 3531 2533 3604 de
2556 3530 2797 3604 doctrina
2826 3534 3177 3604 responsionis
3206 3531 3373 3587 illius.

1969 3597 1996 3637 ι)
2022 3596 2192 3673 [idem
2222 3616 2378 3673 mss”
2409 3571 2665 3673 i’ltariswi
2694 3602 2871 3657 audito
2904 3571 3041 3673 qugd
3065 3571 3493 3669 silentiunt,'etc.

1976 3682 1998 3710 ο
2030 3670 2087 3725 In
2117 3684 2225 3725 uno
2250 3668 2625 3738 Cislercicnsi,
2653 3674 2889 3744 erantpto
2915 3668 3134 3743 nioverl,
3164 3692 3253 3743 ne,
3276 3668 3386 3729 etc.

1160 3914 1651 4031 LIBER
1740 3917 2529 4047 QUARTUS.

255 4234 434 4305 (νει-ε.
458 4232 526 4290 lt
553 4232 738 4305 seqq.)
766 4226 925 4305 183
945 4224 1278 4306 Congregntis
1300 4239 1471 4284 autem
1490 4218 1795 4296 Pharisrcis,
1823 4225 1879 4286 D
1903 4224 2306 4297 lnterrogemus
2339 4236 2471 4298 ergo
2514 4240 2614 4282 eos
2643 4226 2789 4283 docti
2814 4243 2843 4281 a
2875 4229 3104 4286 Domino
3130 4250 3143 4286 :
3197 4235 3241 4289 si
3268 4234 3498 4307 simplex

194 4324 521 4397 interrogavit
549 4338 636 4380 eos
663 4320 697 4376 J
703 4340 820 4377 esus
846 4366 861 4389 ,
893 4323 1067 4378 dicens
1092 4340 1108 4375 :
1160 4320 1299 4390 Quid
1330 4316 1468 4375 vobis
1506 4320 1709 4375 videtur
1732 4318 1795 4373 de

197 4416 413 4482 Christo,
447 4420 597 4489 cujus
627 4416 771 4487 [ilius
804 4416 921 4471 est!
966 4414 1262 4471 Dicuntei:
1294 4412 1479 4469 David.
1532 4413 1618 4468 Ait
1646 4412 1793 4468 illis:

204 4511 460 4578 Quomodo
491 4529 618 4585 ergo
653 4511 823 4565 David
854 4512 907 4564 in
935 4510 1136 4583 Spiritu
1165 4519 1311 4563 uocat
1343 4524 1461 4563 eum
1492 4507 1791 4570 Dominum,

200 4604 362 4661 dicens
385 4623 405 4660 :
448 4598 598 4660 Dixit
630 4604 887 4660 Dominus
915 4600 1134 4660 Domino
1166 4618 1276 4659 meo
1303 4647 1318 4671 ,
1354 4601 1491 4659 Sede
1529 4621 1557 4654 α
1598 4601 1795 4655 dextris

200 4700 353 4764 meis,
404 4701 572 4754 donec
621 4710 812 4772 ponam
860 4700 1096 4754 inimicos
1126 4708 1241 4752 tuos
1290 4698 1571 4753 scabellum
1605 4696 1793 4769 pedum

204 4788 435 4845 tuorum?
468 4790 531 4847 Si
557 4808 678 4863 ergo
704 4790 873 4846 David
902 4800 1047 4846 vocat
1071 4804 1189 4846 eum
1208 4789 1507 4855 Dominum,
1538 4788 1797 4855 quomodo

210 4882 338 4950 ﬁlius
363 4890 476 4959 ejus
504 4886 617 4941 est?
643 4885 745 4955 Qui
774 4880 842 4942 ad
875 4886 1192 4942 tentandum
1207 4885 1393 4941 Jesum
1424 4884 1640 4940 fuerant
1667 4897 1798 4938 con-

210 4980 438 5047 gregati,
518 4991 577 5035 et
623 4980 913 5035 veritatem
968 4978 1307 5035 fraudulenta
1369 4976 1796 5047 interrogatione

211 5076 233 5105 ⁸
257 5082 444 5141 capere
480 5071 796 5129 nitebantur
821 5113 837 5139 ,
862 5072 1204 5128 occasionem
1234 5071 1585 5142 prrcltucrunt
1608 5066 1799 5124 confu-

212 5162 415 5219 tatiunis
438 5172 570 5219 sua}.
612 5165 1131 5238 luterroganturque
1157 5162 1268 5241 [ΑΙ.
1303 5162 1700 5236 interrogatur]
1728 5164 1795 5219 de

211 5251 412 5311 Christo
438 5259 598 5329 cujus
630 5258 778 5313 filius
807 5259 899 5314 sit.
937 5259 1297 5330 Interrogatio
1326 5259 1455 5315 Jesu
1489 5258 1643 5313 nobis
1664 5273 1793 5328 pro-

210 5344 499 5422 licitasque
524 5348 908 5406 bodiecOutra
934 5351 1177 5408 Judaaos.
1206 5351 1277 5407 Et
1302 5351 1357 5407 bi
1382 5353 1523 5409 enim
1542 5353 1630 5424 qui
1656 5364 1796 5407 con-

213 5438 414 5498 fitentur
441 5440 726 5500 Christum
761 5456 883 5498 esse
921 5453 1235 5510 venturum,
1261 5436 1541 5500 hominem
1581 5441 1797 5513 simpli-

212 5547 312 5593 cem
348 5548 402 5594 et
440 5547 704 5595 sanctum
737 5535 910 5593 virum
945 5547 1199 5596 asserunt
1245 5538 1315 5596 de
1356 5550 1557 5610 genere
1599 5535 1793 5592 David.

265 5735 286 5765 ⁸
308 5728 489 5789 Penes
517 5727 856 5795 Victorium,
883 5744 1089 5803 carpere
1120 5726 1438 5798 nitebantur,
1474 5734 1584 5784 etc.

1902 4318 2066 4375 homo
2093 4329 2213 4387 est,
2260 4326 2315 4373 et
2345 4318 2487 4374 filius
2521 4328 2731 4376 tantum
2758 4318 2933 4377 David
2960 4338 2974 4378 :
3024 4327 3300 4396 quomodo
3332 4328 3501 4387 David

1901 4416 2057 4466 vocet
2086 4422 2209 4467 eum
2236 4408 2525 4467 Dominum
2573 4426 2780 4467 suum:
2840 4430 2950 4471 non
3005 4419 3215 4473 erroris
3262 4421 3496 4492 incerto,

1902 4518 2002 4558 nec
2033 4505 2249 4573 propria
2276 4507 2552 4562 voluntate
2587 4525 2599 4559 :
2631 4506 2725 4561 sed
2764 4509 2814 4562 in
2844 4508 2967 4581 [Αι.
2998 4519 3130 4567 tacet
3161 4512 3254 4585 in]
3295 4516 3500 4587 Spiritu

1899 4607 2110 4651 saneto.
2155 4596 2547 4651 Testimonium
2578 4610 2758 4653 autem
2789 4600 2933 4670 quod
2991 4606 3172 4673 posmt
3205 4647 3221 4674 ,
3259 4605 3331 4661 de
3372 4623 3502 4665 οεη-

1903 4688 2099 4743 tesinto
2130 4703 2272 4743 nono
2318 4688 2537 4743 Psalmo
2579 4700 2854 4760 surruptum
2886 4702 2991 4748 est.
3036 4694 3300 4752 Dominus
3338 4700 3505 4769 igitur

1904 4780 2075 4835 David
2104 4789 2329 4836 vocatur
2349 4822 2364 4846 ,
2415 4795 2521 4836 non
2554 4782 2858 4837 secundum
2904 4783 2956 4839 id
2982 4786 3126 4855 quod
3159 4789 3226 4843 de
3248 4803 3319 4842 eo
3345 4801 3504 4847 natus

1904 4885 1987 4931 est
2010 4918 2025 4943 ,
2070 4875 2166 4931 sed
2192 4876 2343 4943 juxta
2376 4872 2428 4929 id
2456 4868 2598 4945 quod
2632 4888 2790 4932 natus
2828 4892 2893 4933 ex
2925 4876 3085 4934 Patre
3115 4895 3337 4953 semper
3378 4884 3501 4952 fuit,

1904 4969 2241 5040 praveniens
2268 4968 2448 5038 ipsum
2474 4968 2653 5024 carnis
2684 4982 2797 5024 suae
2824 4970 3064 5027 Patrem.
3106 4972 3281 5029 Judaei
3312 4974 3380 5031 ad
3408 4978 3502 5032 des

1904 5065 2194 5120 ludendum
2248 5062 2693 5134 interrogationis
2742 5064 3025 5121 Veritatem
3082 5063 3275 5124 frivola
3331 5070 3499 5128 multa

1904 5160 2214 5231 οοηίίηϐυιη
2242 5200 2258 5227 9
2308 5157 2660 5213 Vernaculum
2687 5155 2923 5213 Abrahae
2951 5173 3285 5230 asserentes,
3345 5162 3501 5234 cujus

1904 5255 2066 5311 fuerit
2096 5253 2238 5308 filius
2267 5253 2560 5308 Damascus
2588 5252 2802 5306 Elieser
2827 5270 2840 5306 :
2882 5262 2938 5309 et
2967 5270 3033 5309 ex
3066 5255 3242 5324 ipsius
3271 5272 3502 5326 persona

1906 5346 2164 5417 scriptum
2198 5346 2464 5418 psalmum
2492 5385 2508 5411 ,
2560 5343 2708 5413 quod
2739 5353 2865 5413 post
2908 5345 3114 5400 caedem
3144 5348 3387 5419 quinque
3410 5366 3503 5406 res

1904 5454 2029 5514 gum
2050 5484 2064 5506 ,
2119 5438 2383 5494 Dominus
2412 5434 2556 5493 Deus
2580 5434 2813 5490 Domino
2866 5447 2967 5491 suo
2997 5436 3196 5495 dixerit
3222 5440 3455 5496 Ain-alue
3485 5461 3499 5500 :

1910 5534 2045 5592 Sede
2073 5532 2140 5589 ad
2161 5534 2423 5589 dexteram
2452 5545 2618 5587 meam
2646 5572 2659 5596 ,
2712 5529 2875 5585 donec
2899 5546 3093 5604 penam
3117 5534 3356 5590 inimicos
3389 5544 3504 5593 tuos
