  <div class='ocr_page' id='page_1' title='image "/cluster/home/n/w/nwhite01/storage/ocr_20150623/26/uva.x000826568/091.png"; bbox 0 0 3966 6340; ppageno 0'>
   <div class='ocr_carea' id='block_1_1' title="bbox 514 263 615 317">
    <p class='ocr_par' dir='ltr' id='par_1_1' title="bbox 514 263 615 317">
     <span class='ocr_line' id='line_1_1' title="bbox 514 263 615 317; baseline -0.01 0"><span class='ocrx_word' id='word_1_1' title='bbox 514 263 615 317; x_wconf 76' lang='lat' dir='ltr'><strong>lb&#39;l</strong></span> 
     </span>
    </p>
   </div>
   <div class='ocr_carea' id='block_1_2' title="bbox 1772 252 2567 311">
    <p class='ocr_par' dir='ltr' id='par_1_2' title="bbox 1772 252 2567 311">
     <span class='ocr_line' id='line_1_2' title="bbox 1772 252 2567 311; baseline -0.005 0"><span class='ocrx_word' id='word_1_2' title='bbox 1772 256 1829 311; x_wconf 93' lang='lat' dir='ltr'><strong>S.</strong></span> <span class='ocrx_word' id='word_1_3' title='bbox 1874 252 2142 311; x_wconf 80' lang='lat' dir='ltr'><strong>EUSEBII</strong></span> <span class='ocrx_word' id='word_1_4' title='bbox 2184 252 2567 309; x_wconf 66' lang='lat' dir='ltr'><strong>IIIILRONYMI</strong></span> 
     </span>
    </p>
   </div>
   <div class='ocr_carea' id='block_1_3' title="bbox 3712 249 3848 306">
    <p class='ocr_par' dir='ltr' id='par_1_3' title="bbox 3712 249 3848 306">
     <span class='ocr_line' id='line_1_3' title="bbox 3712 249 3848 306; baseline -0.029 0"><span class='ocrx_word' id='word_1_5' title='bbox 3712 249 3848 306; x_wconf 71' lang='grc'><strong>168</strong></span> 
     </span>
    </p>
   </div>
   <div class='ocr_carea' id='block_1_4' title="bbox 506 364 3847 447">
    <p class='ocr_par' dir='ltr' id='par_1_4' title="bbox 506 364 3847 447">
     <span class='ocr_line' id='line_1_4' title="bbox 506 364 3847 447; baseline -0.003 -16"><span class='ocrx_word' id='word_1_6' title='bbox 506 375 791 431; x_wconf 82' lang='lat' dir='ltr'><strong>scubellum</strong></span> <span class='ocrx_word' id='word_1_7' title='bbox 810 376 995 446; x_wconf 84' lang='lat' dir='ltr'><strong>pedum</strong></span> <span class='ocrx_word' id='word_1_8' title='bbox 1019 382 1222 428; x_wconf 86' lang='lat' dir='ltr'><strong>tuorum</strong></span> <span class='ocrx_word' id='word_1_9' title='bbox 1244 371 1458 441; x_wconf 79' lang='lat' dir='ltr'><strong>(Cenes.</strong></span> <span class='ocrx_word' id='word_1_10' title='bbox 1486 370 1619 441; x_wconf 73' lang='lat' dir='ltr'><strong>xxv).</strong></span> <span class='ocrx_word' id='word_1_11' title='bbox 1645 370 2109 441; x_wconf 78' lang='lat' dir='ltr'><strong>Quosinterroge-</strong></span> <span class='ocrx_word' id='word_1_12' title='bbox 2135 386 2192 447; x_wconf 66' lang='grc' dir='ltr'><strong>Δ</strong></span> <span class='ocrx_word' id='word_1_13' title='bbox 2214 370 2276 424; x_wconf 88' lang='lat' dir='ltr'><strong>ab</strong></span> <span class='ocrx_word' id='word_1_14' title='bbox 2308 369 2623 425; x_wconf 88' lang='lat' dir='ltr'><strong>hominibus.</strong></span> <span class='ocrx_word' id='word_1_15' title='bbox 2648 368 2985 441; x_wconf 85' lang='lat' dir='ltr'><strong>Quicumque</strong></span> <span class='ocrx_word' id='word_1_16' title='bbox 3016 366 3177 439; x_wconf 77' lang='lat' dir='ltr'><strong>igitur</strong></span> <span class='ocrx_word' id='word_1_17' title='bbox 3206 368 3279 421; x_wconf 89' lang='lat' dir='ltr'><strong>ita</strong></span> <span class='ocrx_word' id='word_1_18' title='bbox 3322 364 3449 422; x_wconf 83' lang='lat' dir='ltr'><strong>lacit</strong></span> <span class='ocrx_word' id='word_1_19' title='bbox 3496 366 3801 437; x_wconf 86' lang='lat' dir='ltr'><strong>quodlibet</strong></span> <span class='ocrx_word' id='word_1_20' title='bbox 3825 405 3847 430; x_wconf 88' lang='lat'><strong>,</strong></span> 
     </span>
    </p>
   </div>
   <div class='ocr_carea' id='block_1_5' title="bbox 515 465 2112 540">
    <p class='ocr_par' dir='ltr' id='par_1_5' title="bbox 515 465 2112 540">
     <span class='ocr_line' id='line_1_5' title="bbox 515 465 2112 540; baseline -0.007 -15"><span class='ocrx_word' id='word_1_21' title='bbox 515 487 635 526; x_wconf 79' lang='lat' dir='ltr'><strong>mus</strong></span> <span class='ocrx_word' id='word_1_22' title='bbox 661 491 672 526; x_wconf 89' lang='lat'>:</span> <span class='ocrx_word' id='word_1_23' title='bbox 703 470 986 540; x_wconf 76' lang='lat' dir='ltr'><strong>Quomodo</strong></span> <span class='ocrx_word' id='word_1_24' title='bbox 1014 465 1622 524; x_wconf 74' lang='lat' dir='ltr'><strong>DeusdixeritAbrahze</strong></span> <span class='ocrx_word' id='word_1_25' title='bbox 1652 480 1715 519; x_wconf 84' lang='lat' dir='ltr'><strong>ea</strong></span> <span class='ocrx_word' id='word_1_26' title='bbox 1732 479 1851 533; x_wconf 69' lang='lat' dir='ltr'><strong>quae</strong></span> <span class='ocrx_word' id='word_1_27' title='bbox 1876 479 2112 531; x_wconf 84' lang='lat' dir='ltr'><strong>sequun-</strong></span> 
     </span>
    </p>
   </div>
   <div class='ocr_carea' id='block_1_6' title="bbox 510 558 2113 635">
    <p class='ocr_par' dir='ltr' id='par_1_6' title="bbox 510 558 2113 635">
     <span class='ocr_line' id='line_1_6' title="bbox 510 558 2113 635; baseline -0.005 -18"><span class='ocrx_word' id='word_1_28' title='bbox 510 573 602 618; x_wconf 90' lang='lat' dir='ltr'><strong>tur</strong></span> <span class='ocrx_word' id='word_1_29' title='bbox 632 580 646 619; x_wconf 89' lang='lat'><strong>:</strong></span> <span class='ocrx_word' id='word_1_30' title='bbox 680 562 867 617; x_wconf 83' lang='lat' dir='ltr'><strong>Tecum</strong></span> <span class='ocrx_word' id='word_1_31' title='bbox 892 561 1202 635; x_wconf 77' lang='lat' dir='ltr'><strong>principium</strong></span> <span class='ocrx_word' id='word_1_32' title='bbox 1226 560 1281 613; x_wconf 85' lang='lat' dir='ltr'><strong>in</strong></span> <span class='ocrx_word' id='word_1_33' title='bbox 1309 559 1393 613; x_wconf 89' lang='lat' dir='ltr'><strong>die</strong></span> <span class='ocrx_word' id='word_1_34' title='bbox 1420 558 1619 612; x_wconf 85' lang='lat' dir='ltr'><strong>virtutis</strong></span> <span class='ocrx_word' id='word_1_35' title='bbox 1650 567 1751 611; x_wconf 79' lang='lat' dir='ltr'><strong>tua:</strong></span> <span class='ocrx_word' id='word_1_36' title='bbox 1784 558 1835 611; x_wconf 88' lang='lat' dir='ltr'><strong>in</strong></span> <span class='ocrx_word' id='word_1_37' title='bbox 1865 559 2113 625; x_wconf 76' lang='lat' dir='ltr'><strong>splendo-</strong></span> 
     </span>
    </p>
   </div>
   <div class='ocr_carea' id='block_1_7' title="bbox 513 650 2108 722">
    <p class='ocr_par' dir='ltr' id='par_1_7' title="bbox 513 650 2108 722">
     <span class='ocr_line' id='line_1_7' title="bbox 513 650 2108 722; baseline -0.004 -12"><span class='ocrx_word' id='word_1_38' title='bbox 513 656 657 710; x_wconf 86' lang='lat' dir='ltr'><strong>ribus</strong></span> <span class='ocrx_word' id='word_1_39' title='bbox 682 663 999 719; x_wconf 87' lang='lat' dir='ltr'><strong>sanctorum,</strong></span> <span class='ocrx_word' id='word_1_40' title='bbox 1026 670 1089 707; x_wconf 80' lang='lat' dir='ltr'><strong>ea:</strong></span> <span class='ocrx_word' id='word_1_41' title='bbox 1118 662 1394 706; x_wconf 88' lang='lat' dir='ltr'><strong>uteroante</strong></span> <span class='ocrx_word' id='word_1_42' title='bbox 1410 650 1714 722; x_wconf 80' lang='lat' dir='ltr'><strong>Luciferum</strong></span> <span class='ocrx_word' id='word_1_43' title='bbox 1731 650 1884 721; x_wconf 81' lang='lat' dir='ltr'><strong><em>genui</em></strong></span> <span class='ocrx_word' id='word_1_44' title='bbox 1910 660 1954 703; x_wconf 86' lang='lat' dir='ltr'><strong>te</strong></span> <span class='ocrx_word' id='word_1_45' title='bbox 1977 666 1995 715; x_wconf 89' lang='lat'><em>;</em></span> <span class='ocrx_word' id='word_1_46' title='bbox 2022 658 2108 703; x_wconf 89' lang='lat' dir='ltr'><strong>et:</strong></span> 
     </span>
    </p>
   </div>
   <div class='ocr_carea' id='block_1_8' title="bbox 512 740 2113 815">
    <p class='ocr_par' dir='ltr' id='par_1_8' title="bbox 512 740 2113 815">
     <span class='ocr_line' id='line_1_8' title="bbox 512 740 2113 815; baseline -0.006 -13"><span class='ocrx_word' id='word_1_47' title='bbox 512 747 719 802; x_wconf 75' lang='lat' dir='ltr'><strong>Iuravit</strong></span> <span class='ocrx_word' id='word_1_48' title='bbox 746 742 1022 810; x_wconf 79' lang='lat' dir='ltr'><strong>Dominus,</strong></span> <span class='ocrx_word' id='word_1_49' title='bbox 1040 753 1089 798; x_wconf 86' lang='lat' dir='ltr'><strong>et</strong></span> <span class='ocrx_word' id='word_1_50' title='bbox 1114 760 1217 798; x_wconf 91' lang='lat' dir='ltr'><strong>non</strong></span> <span class='ocrx_word' id='word_1_51' title='bbox 1240 742 1503 815; x_wconf 68' lang='lat' dir='ltr'><strong>paenitebit</strong></span> <span class='ocrx_word' id='word_1_52' title='bbox 1525 758 1641 796; x_wconf 89' lang='lat' dir='ltr'><strong>eum</strong></span> <span class='ocrx_word' id='word_1_53' title='bbox 1660 759 1679 807; x_wconf 90' lang='lat'><em>;</em></span> <span class='ocrx_word' id='word_1_54' title='bbox 1700 753 1754 795; x_wconf 91' lang='lat' dir='ltr'><strong>tu</strong></span> <span class='ocrx_word' id='word_1_55' title='bbox 1782 757 1837 795; x_wconf 88' lang='lat' dir='ltr'><strong>es</strong></span> <span class='ocrx_word' id='word_1_56' title='bbox 1867 740 2113 795; x_wconf 80' lang='lat' dir='ltr'><strong>sacerdos</strong></span> 
     </span>
    </p>
   </div>
   <div class='ocr_carea' id='block_1_9' title="bbox 515 832 2117 909">
    <p class='ocr_par' dir='ltr' id='par_1_9' title="bbox 515 832 2117 909">
     <span class='ocr_line' id='line_1_9' title="bbox 515 832 2117 909; baseline -0.003 -18"><span class='ocrx_word' id='word_1_57' title='bbox 515 838 570 892; x_wconf 92' lang='lat' dir='ltr'><strong>in</strong></span> <span class='ocrx_word' id='word_1_58' title='bbox 598 846 847 893; x_wconf 65' lang='lat' dir='ltr'><strong>internum</strong></span> <span class='ocrx_word' id='word_1_59' title='bbox 872 878 889 904; x_wconf 91' lang='lat'><strong>,</strong></span> <span class='ocrx_word' id='word_1_60' title='bbox 951 834 1111 909; x_wconf 65' lang='grc'><strong>184</strong></span> <span class='ocrx_word' id='word_1_61' title='bbox 1135 836 1420 890; x_wconf 89' lang='lat' dir='ltr'><strong>secundum</strong></span> <span class='ocrx_word' id='word_1_62' title='bbox 1466 836 1696 889; x_wconf 83' lang='lat' dir='ltr'><strong>ordinem</strong></span> <span class='ocrx_word' id='word_1_63' title='bbox 1733 832 2071 888; x_wconf 77' lang='lat' dir='ltr'><strong>Melchisedec</strong></span> <span class='ocrx_word' id='word_1_64' title='bbox 2092 835 2117 886; x_wconf 73' lang='grc' dir='ltr'><strong>ἱ)</strong></span> 
     </span>
    </p>
   </div>
   <div class='ocr_carea' id='block_1_10' title="bbox 515 927 2115 1001">
    <p class='ocr_par' dir='ltr' id='par_1_10' title="bbox 515 927 2115 1001">
     <span class='ocr_line' id='line_1_10' title="bbox 515 927 2115 1001; baseline -0.003 -17"><span class='ocrx_word' id='word_1_65' title='bbox 515 929 581 984; x_wconf 77' lang='lat' dir='ltr'><strong>Et</strong></span> <span class='ocrx_word' id='word_1_66' title='bbox 632 928 963 1000; x_wconf 51' lang='lat' dir='ltr'><strong>respondere</strong></span> <span class='ocrx_word' id='word_1_67' title='bbox 1006 943 1267 1001; x_wconf 81' lang='lat' dir='ltr'><strong>cogamus</strong></span> <span class='ocrx_word' id='word_1_68' title='bbox 1294 972 1308 997; x_wconf 88' lang='lat'><strong>,</strong></span> <span class='ocrx_word' id='word_1_69' title='bbox 1360 928 1636 1000; x_wconf 90' lang='lat' dir='ltr'><strong>quomodo</strong></span> <span class='ocrx_word' id='word_1_70' title='bbox 1667 927 1936 982; x_wconf 82' lang='lat' dir='ltr'><strong>Abraham</strong></span> <span class='ocrx_word' id='word_1_71' title='bbox 1987 933 2115 981; x_wconf 88' lang='lat' dir='ltr'><strong>ante</strong></span> 
     </span>
    </p>
   </div>
   <div class='ocr_carea' id='block_1_11' title="bbox 513 1017 2113 1093">
    <p class='ocr_par' dir='ltr' id='par_1_11' title="bbox 513 1017 2113 1093">
     <span class='ocr_line' id='line_1_11' title="bbox 513 1017 2113 1093; baseline -0.004 -15"><span class='ocrx_word' id='word_1_72' title='bbox 513 1021 815 1079; x_wconf 77' lang='lat' dir='ltr'><strong>Luciferum</strong></span> <span class='ocrx_word' id='word_1_73' title='bbox 845 1021 1059 1093; x_wconf 85' lang='lat' dir='ltr'><strong>genitus</strong></span> <span class='ocrx_word' id='word_1_74' title='bbox 1095 1020 1204 1087; x_wconf 83' lang='lat' dir='ltr'><strong>sit;</strong></span> <span class='ocrx_word' id='word_1_75' title='bbox 1232 1031 1289 1077; x_wconf 92' lang='lat' dir='ltr'><strong>et</strong></span> <span class='ocrx_word' id='word_1_76' title='bbox 1315 1022 1574 1076; x_wconf 84' lang='lat' dir='ltr'><strong>sacerdos</strong></span> <span class='ocrx_word' id='word_1_77' title='bbox 1601 1018 1766 1074; x_wconf 82' lang='lat' dir='ltr'><strong>fuerit</strong></span> <span class='ocrx_word' id='word_1_78' title='bbox 1804 1017 2113 1074; x_wconf 81' lang='lat' dir='ltr'><strong>secundum</strong></span> 
     </span>
    </p>
   </div>
   <div class='ocr_carea' id='block_1_12' title="bbox 513 1110 2117 1187">
    <p class='ocr_par' dir='ltr' id='par_1_12' title="bbox 513 1110 2117 1187">
     <span class='ocr_line' id='line_1_12' title="bbox 513 1110 2117 1187; baseline -0.004 -16"><span class='ocrx_word' id='word_1_79' title='bbox 513 1115 759 1171; x_wconf 88' lang='lat' dir='ltr'><strong>ordinem</strong></span> <span class='ocrx_word' id='word_1_80' title='bbox 792 1113 1192 1170; x_wconf 78' lang='lat' dir='ltr'><strong>Melchisedec:</strong></span> <span class='ocrx_word' id='word_1_81' title='bbox 1231 1129 1330 1185; x_wconf 88' lang='lat' dir='ltr'><strong>pro</strong></span> <span class='ocrx_word' id='word_1_82' title='bbox 1358 1129 1469 1187; x_wconf 92' lang='lat' dir='ltr'><strong>quo</strong></span> <span class='ocrx_word' id='word_1_83' title='bbox 1500 1111 1869 1168; x_wconf 82' lang='lat' dir='ltr'><strong>Melchisedec</strong></span> <span class='ocrx_word' id='word_1_84' title='bbox 1898 1110 2117 1166; x_wconf 88' lang='lat' dir='ltr'><strong>obtule-</strong></span> 
     </span>
    </p>
   </div>
   <div class='ocr_carea' id='block_1_13' title="bbox 512 1202 2113 1279">
    <p class='ocr_par' dir='ltr' id='par_1_13' title="bbox 512 1202 2113 1279">
     <span class='ocr_line' id='line_1_13' title="bbox 512 1202 2113 1279; baseline -0.004 -16"><span class='ocrx_word' id='word_1_85' title='bbox 512 1209 585 1263; x_wconf 92' lang='lat' dir='ltr'><strong>rit</strong></span> <span class='ocrx_word' id='word_1_86' title='bbox 620 1224 814 1279; x_wconf 88' lang='lat' dir='ltr'><strong>panem</strong></span> <span class='ocrx_word' id='word_1_87' title='bbox 857 1218 914 1263; x_wconf 90' lang='lat' dir='ltr'><strong>et</strong></span> <span class='ocrx_word' id='word_1_88' title='bbox 954 1208 1137 1262; x_wconf 89' lang='lat' dir='ltr'><strong>vinum</strong></span> <span class='ocrx_word' id='word_1_89' title='bbox 1166 1248 1181 1271; x_wconf 92' lang='lat'><strong>,</strong></span> <span class='ocrx_word' id='word_1_90' title='bbox 1230 1216 1283 1262; x_wconf 88' lang='lat' dir='ltr'><strong>et</strong></span> <span class='ocrx_word' id='word_1_91' title='bbox 1320 1221 1351 1260; x_wconf 93' lang='lat' dir='ltr'><strong>a</strong></span> <span class='ocrx_word' id='word_1_92' title='bbox 1378 1222 1486 1276; x_wconf 90' lang='lat' dir='ltr'><strong>quo</strong></span> <span class='ocrx_word' id='word_1_93' title='bbox 1511 1205 1751 1262; x_wconf 85' lang='lat' dir='ltr'><strong>decimas</strong></span> <span class='ocrx_word' id='word_1_94' title='bbox 1798 1202 1994 1274; x_wconf 68' lang='lat' dir='ltr'><strong>praedae</strong></span> <span class='ocrx_word' id='word_1_95' title='bbox 2024 1218 2113 1257; x_wconf 88' lang='lat' dir='ltr'><strong>ac-</strong></span> 
     </span>
    </p>
   </div>
   <div class='ocr_carea' id='block_1_14' title="bbox 514 1307 774 1376">
    <p class='ocr_par' dir='ltr' id='par_1_14' title="bbox 514 1307 774 1376">
     <span class='ocr_line' id='line_1_14' title="bbox 514 1307 774 1376; baseline -0.012 -15"><span class='ocrx_word' id='word_1_96' title='bbox 514 1307 739 1376; x_wconf 75' lang='lat' dir='ltr'><strong>ceperit.</strong></span> <span class='ocrx_word' id='word_1_97' title='bbox 754 1335 774 1358; x_wconf 72' lang='grc' dir='ltr'><strong><em>ο</em></strong></span> 
     </span>
    </p>
   </div>
   <div class='ocr_carea' id='block_1_15' title="bbox 589 1388 2116 1469">
    <p class='ocr_par' dir='ltr' id='par_1_15' title="bbox 589 1388 2116 1469">
     <span class='ocr_line' id='line_1_15' title="bbox 589 1388 2116 1469; baseline -0.007 -17"><span class='ocrx_word' id='word_1_98' title='bbox 589 1397 773 1467; x_wconf 85' lang='lat' dir='ltr'><strong>(Vers.</strong></span> <span class='ocrx_word' id='word_1_99' title='bbox 793 1394 913 1469; x_wconf 74' lang='grc'><strong>46.)</strong></span> <span class='ocrx_word' id='word_1_100' title='bbox 936 1394 1000 1449; x_wconf 85' lang='lat' dir='ltr'><strong>Et</strong></span> <span class='ocrx_word' id='word_1_101' title='bbox 1018 1409 1165 1449; x_wconf 86' lang='lat' dir='ltr'><strong>nemo</strong></span> <span class='ocrx_word' id='word_1_102' title='bbox 1181 1401 1380 1466; x_wconf 89' lang='lat' dir='ltr'><strong>poterat</strong></span> <span class='ocrx_word' id='word_1_103' title='bbox 1394 1392 1438 1445; x_wconf 87' lang='lat' dir='ltr'><strong>ei</strong></span> <span class='ocrx_word' id='word_1_104' title='bbox 1458 1391 1769 1462; x_wconf 89' lang='lat' dir='ltr'><strong>respondere</strong></span> <span class='ocrx_word' id='word_1_105' title='bbox 1782 1388 2022 1445; x_wconf 90' lang='lat' dir='ltr'><strong>verbum:</strong></span> <span class='ocrx_word' id='word_1_106' title='bbox 2034 1403 2116 1442; x_wconf 86' lang='lat' dir='ltr'><strong>ne-</strong></span> 
     </span>
    </p>
   </div>
   <div class='ocr_carea' id='block_1_16' title="bbox 513 1484 2118 1562">
    <p class='ocr_par' dir='ltr' id='par_1_16' title="bbox 513 1484 2118 1562">
     <span class='ocr_line' id='line_1_16' title="bbox 513 1484 2118 1562; baseline -0.006 -17"><span class='ocrx_word' id='word_1_107' title='bbox 513 1508 613 1562; x_wconf 87' lang='lat' dir='ltr'><strong>que</strong></span> <span class='ocrx_word' id='word_1_108' title='bbox 628 1507 784 1545; x_wconf 86' lang='lat' dir='ltr'><strong>ausus</strong></span> <span class='ocrx_word' id='word_1_109' title='bbox 806 1488 1187 1557; x_wconf 77' lang='lat' dir='ltr'><strong>fuitquisquam</strong></span> <span class='ocrx_word' id='word_1_110' title='bbox 1206 1503 1269 1541; x_wconf 82' lang='lat' dir='ltr'><strong>ea:</strong></span> <span class='ocrx_word' id='word_1_111' title='bbox 1281 1486 1375 1540; x_wconf 88' lang='lat' dir='ltr'><strong>illa</strong></span> <span class='ocrx_word' id='word_1_112' title='bbox 1400 1486 1484 1540; x_wconf 89' lang='lat' dir='ltr'><strong>die</strong></span> <span class='ocrx_word' id='word_1_113' title='bbox 1507 1501 1624 1539; x_wconf 90' lang='lat' dir='ltr'><strong>eum</strong></span> <span class='ocrx_word' id='word_1_114' title='bbox 1646 1484 1871 1556; x_wconf 75' lang='lat' dir='ltr'><strong>amplius</strong></span> <span class='ocrx_word' id='word_1_115' title='bbox 1892 1484 2118 1537; x_wconf 87' lang='lat' dir='ltr'><strong>interro-</strong></span> 
     </span>
    </p>
   </div>
   <div class='ocr_carea' id='block_1_17' title="bbox 511 1576 2113 1655">
    <p class='ocr_par' dir='ltr' id='par_1_17' title="bbox 511 1576 2113 1655">
     <span class='ocr_line' id='line_1_17' title="bbox 511 1576 2113 1655; baseline -0.005 -17"><span class='ocrx_word' id='word_1_116' title='bbox 511 1598 654 1655; x_wconf 85' lang='lat' dir='ltr'><strong>gare.</strong></span> <span class='ocrx_word' id='word_1_117' title='bbox 709 1581 969 1637; x_wconf 58' lang='lat' dir='ltr'><strong>Pharisaei</strong></span> <span class='ocrx_word' id='word_1_118' title='bbox 1020 1592 1074 1636; x_wconf 90' lang='lat' dir='ltr'><strong>et</strong></span> <span class='ocrx_word' id='word_1_119' title='bbox 1101 1579 1389 1636; x_wconf 72' lang='lat' dir='ltr'><strong>Sadducrei</strong></span> <span class='ocrx_word' id='word_1_120' title='bbox 1427 1588 1736 1649; x_wconf 71' lang='lat' dir='ltr'><strong>quaerentes</strong></span> <span class='ocrx_word' id='word_1_121' title='bbox 1764 1576 2113 1631; x_wconf 84' lang='lat' dir='ltr'><strong>occasionem</strong></span> 
     </span>
    </p>
   </div>
   <div class='ocr_carea' id='block_1_18' title="bbox 511 1671 2116 1743">
    <p class='ocr_par' dir='ltr' id='par_1_18' title="bbox 511 1671 2116 1743">
     <span class='ocr_line' id='line_1_18' title="bbox 511 1671 2116 1743; baseline -0.004 -13"><span class='ocrx_word' id='word_1_122' title='bbox 511 1675 822 1738; x_wconf 61' lang='lat' dir='ltr'><strong>calumniae,</strong></span> <span class='ocrx_word' id='word_1_123' title='bbox 848 1684 903 1730; x_wconf 92' lang='lat' dir='ltr'><strong>et</strong></span> <span class='ocrx_word' id='word_1_124' title='bbox 930 1673 1154 1729; x_wconf 85' lang='lat' dir='ltr'><strong>verbum</strong></span> <span class='ocrx_word' id='word_1_125' title='bbox 1186 1673 1404 1743; x_wconf 87' lang='lat' dir='ltr'><strong>aliquod</strong></span> <span class='ocrx_word' id='word_1_126' title='bbox 1435 1672 1703 1737; x_wconf 89' lang='lat' dir='ltr'><strong>invenire,</strong></span> <span class='ocrx_word' id='word_1_127' title='bbox 1737 1671 1878 1740; x_wconf 87' lang='lat' dir='ltr'><strong>quod</strong></span> <span class='ocrx_word' id='word_1_128' title='bbox 1905 1679 2116 1740; x_wconf 89' lang='lat' dir='ltr'><strong>pateret</strong></span> 
     </span>
    </p>
   </div>
   <div class='ocr_carea' id='block_1_19' title="bbox 2219 457 3849 524">
    <p class='ocr_par' dir='ltr' id='par_1_19' title="bbox 2219 457 3849 524">
     <span class='ocr_line' id='line_1_19' title="bbox 2219 457 3849 524; baseline -0.001 -9"><span class='ocrx_word' id='word_1_129' title='bbox 2219 473 2276 516; x_wconf 91' lang='lat' dir='ltr'><strong>ut</strong></span> <span class='ocrx_word' id='word_1_130' title='bbox 2326 462 2570 516; x_wconf 78' lang='lat' dir='ltr'><strong>videatur</strong></span> <span class='ocrx_word' id='word_1_131' title='bbox 2619 463 2688 516; x_wconf 88' lang='lat' dir='ltr'><strong>ab</strong></span> <span class='ocrx_word' id='word_1_132' title='bbox 2740 460 3083 524; x_wconf 86' lang='lat' dir='ltr'><strong>hominibus,</strong></span> <span class='ocrx_word' id='word_1_133' title='bbox 3147 457 3340 514; x_wconf 81' lang='lat' dir='ltr'><strong>Scriba</strong></span> <span class='ocrx_word' id='word_1_134' title='bbox 3387 466 3444 513; x_wconf 87' lang='lat' dir='ltr'><strong>et</strong></span> <span class='ocrx_word' id='word_1_135' title='bbox 3502 457 3849 513; x_wconf 73' lang='lat' dir='ltr'><strong>Pbarismus</strong></span> 
     </span>
    </p>
   </div>
   <div class='ocr_carea' id='block_1_20' title="bbox 2216 565 2319 611">
    <p class='ocr_par' dir='ltr' id='par_1_20' title="bbox 2216 565 2319 611">
     <span class='ocr_line' id='line_1_20' title="bbox 2216 565 2319 611; baseline 0.01 -1"><span class='ocrx_word' id='word_1_136' title='bbox 2216 565 2319 611; x_wconf 73' lang='grc' dir='ltr'><strong>εει.</strong></span> 
     </span>
    </p>
   </div>
   <div class='ocr_carea' id='block_1_21' title="bbox 2289 648 3850 723">
    <p class='ocr_par' dir='ltr' id='par_1_21' title="bbox 2289 648 3850 723">
     <span class='ocr_line' id='line_1_21' title="bbox 2289 648 3850 723; baseline -0.004 -18"><span class='ocrx_word' id='word_1_137' title='bbox 2289 652 2309 722; x_wconf 90' lang='grc'>(</span> <span class='ocrx_word' id='word_1_138' title='bbox 2330 650 2485 707; x_wconf 82' lang='lat' dir='ltr'><strong>Vers.</strong></span> <span class='ocrx_word' id='word_1_139' title='bbox 2517 650 2605 723; x_wconf 79' lang='lat' dir='ltr'><strong>li.)</strong></span> <span class='ocrx_word' id='word_1_140' title='bbox 2647 650 2882 705; x_wconf 89' lang='lat' dir='ltr'><strong>Dilatant</strong></span> <span class='ocrx_word' id='word_1_141' title='bbox 2911 649 3045 705; x_wconf 88' lang='lat' dir='ltr'><strong>enim</strong></span> <span class='ocrx_word' id='word_1_142' title='bbox 3073 648 3399 721; x_wconf 87' lang='lat' dir='ltr'><strong>phylacteria</strong></span> <span class='ocrx_word' id='word_1_143' title='bbox 3448 663 3572 713; x_wconf 87' lang='lat' dir='ltr'><strong>sua,</strong></span> <span class='ocrx_word' id='word_1_144' title='bbox 3619 655 3668 700; x_wconf 91' lang='lat' dir='ltr'><strong>et</strong></span> <span class='ocrx_word' id='word_1_145' title='bbox 3703 663 3850 700; x_wconf 82' lang='lat' dir='ltr'><strong>ma-</strong></span> 
     </span>
    </p>
   </div>
   <div class='ocr_carea' id='block_1_22' title="bbox 2216 742 3847 816">
    <p class='ocr_par' dir='ltr' id='par_1_22' title="bbox 2216 742 3847 816">
     <span class='ocr_line' id='line_1_22' title="bbox 2216 742 3847 816; baseline -0.002 -19"><span class='ocrx_word' id='word_1_146' title='bbox 2216 743 2465 816; x_wconf 82' lang='lat' dir='ltr'><strong>gniﬁcam</strong></span> <span class='ocrx_word' id='word_1_147' title='bbox 2514 742 2767 812; x_wconf 82' lang='lat' dir='ltr'><strong>ﬁmbrias.</strong></span> <span class='ocrx_word' id='word_1_148' title='bbox 2801 742 2993 797; x_wconf 84' lang='lat' dir='ltr'><strong>Amant</strong></span> <span class='ocrx_word' id='word_1_149' title='bbox 3020 751 3195 796; x_wconf 87' lang='lat' dir='ltr'><strong>autem</strong></span> <span class='ocrx_word' id='word_1_150' title='bbox 3234 742 3432 813; x_wconf 87' lang='lat' dir='ltr'><strong>primos</strong></span> <span class='ocrx_word' id='word_1_151' title='bbox 3464 743 3729 796; x_wconf 79' lang='lat' dir='ltr'><strong>recubitus</strong></span> <span class='ocrx_word' id='word_1_152' title='bbox 3773 743 3847 795; x_wconf 79' lang='lat' dir='ltr'><strong>in</strong></span> 
     </span>
    </p>
   </div>
   <div class='ocr_carea' id='block_1_23' title="bbox 2216 835 3841 909">
    <p class='ocr_par' dir='ltr' id='par_1_23' title="bbox 2216 835 3841 909">
     <span class='ocr_line' id='line_1_23' title="bbox 2216 835 3841 909; baseline 0.001 -21"><span class='ocrx_word' id='word_1_153' title='bbox 2216 836 2370 890; x_wconf 67' lang='lat' dir='ltr'><strong>canis</strong></span> <span class='ocrx_word' id='word_1_154' title='bbox 2389 878 2404 901; x_wconf 91' lang='lat'><strong>,</strong></span> <span class='ocrx_word' id='word_1_155' title='bbox 2434 844 2484 889; x_wconf 90' lang='lat' dir='ltr'><strong>et</strong></span> <span class='ocrx_word' id='word_1_156' title='bbox 2509 852 2704 904; x_wconf 82' lang='lat' dir='ltr'><strong>primas</strong></span> <span class='ocrx_word' id='word_1_157' title='bbox 2731 835 3088 891; x_wconf 76' lang='lat' dir='ltr'><strong>cathedrasiu</strong></span> <span class='ocrx_word' id='word_1_158' title='bbox 3110 835 3391 909; x_wconf 84' lang='lat' dir='ltr'><strong>synagogis</strong></span> <span class='ocrx_word' id='word_1_159' title='bbox 3409 878 3424 901; x_wconf 95' lang='lat'><strong>,</strong></span> <span class='ocrx_word' id='word_1_160' title='bbox 3452 843 3499 889; x_wconf 89' lang='lat' dir='ltr'><strong>et</strong></span> <span class='ocrx_word' id='word_1_161' title='bbox 3529 836 3841 890; x_wconf 85' lang='lat' dir='ltr'><strong>salutatio-</strong></span> 
     </span>
    </p>
   </div>
   <div class='ocr_carea' id='block_1_24' title="bbox 2218 927 3844 1001">
    <p class='ocr_par' dir='ltr' id='par_1_24' title="bbox 2218 927 3844 1001">
     <span class='ocr_line' id='line_1_24' title="bbox 2218 927 3844 1001; baseline 0.002 -18"><span class='ocrx_word' id='word_1_162' title='bbox 2218 947 2304 984; x_wconf 93' lang='lat' dir='ltr'><strong>nes</strong></span> <span class='ocrx_word' id='word_1_163' title='bbox 2336 931 2388 985; x_wconf 87' lang='lat' dir='ltr'><strong>in</strong></span> <span class='ocrx_word' id='word_1_164' title='bbox 2426 930 2542 1001; x_wconf 80' lang='lat' dir='ltr'><strong>foro</strong></span> <span class='ocrx_word' id='word_1_165' title='bbox 2563 973 2577 997; x_wconf 94' lang='lat'><strong>,</strong></span> <span class='ocrx_word' id='word_1_166' title='bbox 2609 939 2658 985; x_wconf 90' lang='lat' dir='ltr'><strong>et</strong></span> <span class='ocrx_word' id='word_1_167' title='bbox 2688 933 2863 984; x_wconf 86' lang='lat' dir='ltr'><strong>vocari</strong></span> <span class='ocrx_word' id='word_1_168' title='bbox 2893 929 2957 983; x_wconf 91' lang='lat' dir='ltr'><strong>ab</strong></span> <span class='ocrx_word' id='word_1_169' title='bbox 2981 928 3279 984; x_wconf 88' lang='lat' dir='ltr'><strong>hominibus</strong></span> <span class='ocrx_word' id='word_1_170' title='bbox 3305 927 3495 984; x_wconf 83' lang='lat' dir='ltr'><strong>Rabbi.</strong></span> <span class='ocrx_word' id='word_1_171' title='bbox 3528 928 3622 984; x_wconf 69' lang='lat' dir='ltr'><strong>Vse</strong></span> <span class='ocrx_word' id='word_1_172' title='bbox 3654 930 3844 987; x_wconf 83' lang='lat' dir='ltr'><strong>nobis</strong></span> 
     </span>
    </p>
   </div>
   <div class='ocr_carea' id='block_1_25' title="bbox 2218 1022 3838 1094">
    <p class='ocr_par' dir='ltr' id='par_1_25' title="bbox 2218 1022 3838 1094">
     <span class='ocr_line' id='line_1_25' title="bbox 2218 1022 3838 1094; baseline -0.001 -17"><span class='ocrx_word' id='word_1_173' title='bbox 2218 1023 2467 1090; x_wconf 89' lang='lat' dir='ltr'><strong>miseris,</strong></span> <span class='ocrx_word' id='word_1_174' title='bbox 2510 1022 2576 1077; x_wconf 85' lang='lat' dir='ltr'><strong>ad</strong></span> <span class='ocrx_word' id='word_1_175' title='bbox 2633 1039 2770 1094; x_wconf 89' lang='lat' dir='ltr'><strong>quos</strong></span> <span class='ocrx_word' id='word_1_176' title='bbox 2825 1022 3221 1077; x_wconf 78' lang='lat' dir='ltr'><strong>Pharisaeorum</strong></span> <span class='ocrx_word' id='word_1_177' title='bbox 3269 1022 3397 1077; x_wconf 88' lang='lat' dir='ltr'><strong>vitia</strong></span> <span class='ocrx_word' id='word_1_178' title='bbox 3452 1023 3838 1079; x_wconf 86' lang='lat' dir='ltr'><strong>transierunt.</strong></span> 
     </span>
    </p>
   </div>
   <div class='ocr_carea' id='block_1_26' title="bbox 2217 1114 3835 1187">
    <p class='ocr_par' dir='ltr' id='par_1_26' title="bbox 2217 1114 3835 1187">
     <span class='ocr_line' id='line_1_26' title="bbox 2217 1114 3835 1187; baseline 0 -18"><span class='ocrx_word' id='word_1_179' title='bbox 2217 1114 2481 1171; x_wconf 75' lang='lat' dir='ltr'><strong>Dominus</strong></span> <span class='ocrx_word' id='word_1_180' title='bbox 2513 1129 2637 1171; x_wconf 91' lang='lat' dir='ltr'><strong>cum</strong></span> <span class='ocrx_word' id='word_1_181' title='bbox 2668 1114 2914 1170; x_wconf 74' lang='lat' dir='ltr'><strong>dedisset</strong></span> <span class='ocrx_word' id='word_1_182' title='bbox 2942 1114 3194 1169; x_wconf 89' lang='lat' dir='ltr'><strong>mandata</strong></span> <span class='ocrx_word' id='word_1_183' title='bbox 3224 1114 3384 1186; x_wconf 89' lang='lat' dir='ltr'><strong>Legis</strong></span> <span class='ocrx_word' id='word_1_184' title='bbox 3410 1131 3506 1185; x_wconf 89' lang='lat' dir='ltr'><strong>per</strong></span> <span class='ocrx_word' id='word_1_185' title='bbox 3538 1114 3768 1187; x_wconf 81' lang='lat' dir='ltr'><strong>Moysen</strong></span> <span class='ocrx_word' id='word_1_186' title='bbox 3814 1157 3835 1183; x_wconf 55' lang='grc' dir='ltr'>ε</span> 
     </span>
    </p>
   </div>
   <div class='ocr_carea' id='block_1_27' title="bbox 2218 1205 3842 1280">
    <p class='ocr_par' dir='ltr' id='par_1_27' title="bbox 2218 1205 3842 1280">
     <span class='ocr_line' id='line_1_27' title="bbox 2218 1205 3842 1280; baseline 0 -19"><span class='ocrx_word' id='word_1_187' title='bbox 2218 1207 2282 1261; x_wconf 89' lang='lat' dir='ltr'><strong>ad</strong></span> <span class='ocrx_word' id='word_1_188' title='bbox 2344 1216 2653 1263; x_wconf 77' lang='lat' dir='ltr'><strong>extremum</strong></span> <span class='ocrx_word' id='word_1_189' title='bbox 2704 1206 2934 1262; x_wconf 88' lang='lat' dir='ltr'><strong>intulit:</strong></span> <span class='ocrx_word' id='word_1_190' title='bbox 2967 1205 3180 1279; x_wconf 85' lang='lat' dir='ltr'><strong>Ligabis</strong></span> <span class='ocrx_word' id='word_1_191' title='bbox 3225 1224 3286 1261; x_wconf 92' lang='lat' dir='ltr'><strong>ea</strong></span> <span class='ocrx_word' id='word_1_192' title='bbox 3314 1207 3368 1260; x_wconf 90' lang='lat' dir='ltr'><strong>in</strong></span> <span class='ocrx_word' id='word_1_193' title='bbox 3397 1224 3555 1280; x_wconf 88' lang='lat' dir='ltr'><strong>manu</strong></span> <span class='ocrx_word' id='word_1_194' title='bbox 3604 1218 3729 1272; x_wconf 89' lang='lat' dir='ltr'><strong>tua,</strong></span> <span class='ocrx_word' id='word_1_195' title='bbox 3775 1220 3842 1264; x_wconf 85' lang='lat' dir='ltr'><strong>et</strong></span> 
     </span>
    </p>
   </div>
   <div class='ocr_carea' id='block_1_28' title="bbox 2217 1295 3840 1371">
    <p class='ocr_par' dir='ltr' id='par_1_28' title="bbox 2217 1295 3840 1371">
     <span class='ocr_line' id='line_1_28' title="bbox 2217 1295 3840 1371; baseline 0.002 -19"><span class='ocrx_word' id='word_1_196' title='bbox 2217 1309 2362 1352; x_wconf 85' lang='lat' dir='ltr'><strong>erunt</strong></span> <span class='ocrx_word' id='word_1_197' title='bbox 2388 1295 2414 1334; x_wconf 78' lang='grc' dir='ltr'>ἀ</span> <span class='ocrx_word' id='word_1_198' title='bbox 2444 1299 2655 1353; x_wconf 89' lang='lat' dir='ltr'><strong>immota</strong></span> <span class='ocrx_word' id='word_1_199' title='bbox 2679 1309 2799 1353; x_wconf 89' lang='lat' dir='ltr'><strong>ante</strong></span> <span class='ocrx_word' id='word_1_200' title='bbox 2827 1299 3006 1354; x_wconf 89' lang='lat' dir='ltr'><strong>oculos</strong></span> <span class='ocrx_word' id='word_1_201' title='bbox 3038 1307 3157 1354; x_wconf 81' lang='lat' dir='ltr'><strong>tuos</strong></span> <span class='ocrx_word' id='word_1_202' title='bbox 3188 1297 3381 1371; x_wconf 89' lang='lat' dir='ltr'><strong>(Deut.</strong></span> <span class='ocrx_word' id='word_1_203' title='bbox 3407 1315 3490 1368; x_wconf 78' lang='lat' dir='ltr'><strong>v1,</strong></span> <span class='ocrx_word' id='word_1_204' title='bbox 3521 1299 3608 1370; x_wconf 88' lang='lat'><strong>8).</strong></span> <span class='ocrx_word' id='word_1_205' title='bbox 3641 1300 3707 1355; x_wconf 86' lang='lat' dir='ltr'><strong>Et</strong></span> <span class='ocrx_word' id='word_1_206' title='bbox 3733 1312 3840 1357; x_wconf 78' lang='lat' dir='ltr'><strong>est</strong></span> 
     </span>
    </p>
   </div>
   <div class='ocr_carea' id='block_1_29' title="bbox 2218 1391 3839 1463">
    <p class='ocr_par' dir='ltr' id='par_1_29' title="bbox 2218 1391 3839 1463">
     <span class='ocr_line' id='line_1_29' title="bbox 2218 1391 3839 1463; baseline 0.002 -18"><span class='ocrx_word' id='word_1_207' title='bbox 2218 1406 2412 1446; x_wconf 90' lang='lat' dir='ltr'><strong>sensus</strong></span> <span class='ocrx_word' id='word_1_208' title='bbox 2446 1410 2459 1445; x_wconf 89' lang='lat'><strong>:</strong></span> <span class='ocrx_word' id='word_1_209' title='bbox 2503 1394 2780 1463; x_wconf 57' lang='lat' dir='ltr'><strong>Praecpta</strong></span> <span class='ocrx_word' id='word_1_210' title='bbox 2811 1407 2930 1447; x_wconf 86' lang='lat' dir='ltr'><strong>mea</strong></span> <span class='ocrx_word' id='word_1_211' title='bbox 2957 1391 3067 1446; x_wconf 88' lang='lat' dir='ltr'><strong>sint</strong></span> <span class='ocrx_word' id='word_1_212' title='bbox 3100 1392 3152 1447; x_wconf 91' lang='lat' dir='ltr'><strong>in</strong></span> <span class='ocrx_word' id='word_1_213' title='bbox 3185 1407 3347 1447; x_wconf 91' lang='lat' dir='ltr'><strong>manu</strong></span> <span class='ocrx_word' id='word_1_214' title='bbox 3383 1404 3467 1446; x_wconf 82' lang='lat' dir='ltr'><strong>tua</strong></span> <span class='ocrx_word' id='word_1_215' title='bbox 3490 1433 3507 1460; x_wconf 95' lang='lat'><strong>,</strong></span> <span class='ocrx_word' id='word_1_216' title='bbox 3560 1401 3616 1446; x_wconf 91' lang='lat' dir='ltr'><strong>ut</strong></span> <span class='ocrx_word' id='word_1_217' title='bbox 3645 1407 3839 1462; x_wconf 86' lang='lat' dir='ltr'><strong>opere</strong></span> 
     </span>
    </p>
   </div>
   <div class='ocr_carea' id='block_1_30' title="bbox 2218 1482 3837 1551">
    <p class='ocr_par' dir='ltr' id='par_1_30' title="bbox 2218 1482 3837 1551">
     <span class='ocr_line' id='line_1_30' title="bbox 2218 1482 3837 1551; baseline 0.003 -16"><span class='ocrx_word' id='word_1_218' title='bbox 2218 1482 2634 1549; x_wconf 81' lang='lat' dir='ltr'><strong>compleantur:</strong></span> <span class='ocrx_word' id='word_1_219' title='bbox 2666 1483 2776 1538; x_wconf 88' lang='lat' dir='ltr'><strong>sint</strong></span> <span class='ocrx_word' id='word_1_220' title='bbox 2801 1491 2929 1539; x_wconf 86' lang='lat' dir='ltr'><strong>ante</strong></span> <span class='ocrx_word' id='word_1_221' title='bbox 2954 1484 3144 1538; x_wconf 91' lang='lat' dir='ltr'><strong>oculos</strong></span> <span class='ocrx_word' id='word_1_222' title='bbox 3175 1491 3412 1551; x_wconf 92' lang='lat' dir='ltr'><strong>tuos,ut</strong></span> <span class='ocrx_word' id='word_1_223' title='bbox 3440 1483 3529 1540; x_wconf 89' lang='lat' dir='ltr'><strong>die</strong></span> <span class='ocrx_word' id='word_1_224' title='bbox 3560 1499 3623 1540; x_wconf 90' lang='lat' dir='ltr'><strong>ac</strong></span> <span class='ocrx_word' id='word_1_225' title='bbox 3651 1494 3837 1540; x_wconf 83' lang='lat' dir='ltr'><strong>nocte</strong></span> 
     </span>
    </p>
   </div>
   <div class='ocr_carea' id='block_1_31' title="bbox 2219 1573 3830 1648">
    <p class='ocr_par' dir='ltr' id='par_1_31' title="bbox 2219 1573 3830 1648">
     <span class='ocr_line' id='line_1_31' title="bbox 2219 1573 3830 1648; baseline 0.003 -21"><span class='ocrx_word' id='word_1_226' title='bbox 2219 1573 2502 1629; x_wconf 76' lang='lat' dir='ltr'><strong>meditcris</strong></span> <span class='ocrx_word' id='word_1_227' title='bbox 2528 1574 2583 1628; x_wconf 92' lang='lat' dir='ltr'><strong>in</strong></span> <span class='ocrx_word' id='word_1_228' title='bbox 2612 1575 2712 1630; x_wconf 90' lang='lat' dir='ltr'><strong>eis.</strong></span> <span class='ocrx_word' id='word_1_229' title='bbox 2742 1575 2855 1630; x_wconf 91' lang='lat' dir='ltr'><strong>lloc</strong></span> <span class='ocrx_word' id='word_1_230' title='bbox 2884 1574 3149 1630; x_wconf 74' lang='lat' dir='ltr'><strong>Pltariszri</strong></span> <span class='ocrx_word' id='word_1_231' title='bbox 3178 1575 3319 1632; x_wconf 83' lang='lat' dir='ltr'><strong>male</strong></span> <span class='ocrx_word' id='word_1_232' title='bbox 3341 1577 3771 1648; x_wconf 86' lang='lat' dir='ltr'><strong>interpretantes</strong></span> <span class='ocrx_word' id='word_1_233' title='bbox 3810 1619 3830 1638; x_wconf 86' lang='lat'><strong>.</strong></span> 
     </span>
    </p>
   </div>
   <div class='ocr_carea' id='block_1_32' title="bbox 2220 1666 3835 1741">
    <p class='ocr_par' dir='ltr' id='par_1_32' title="bbox 2220 1666 3835 1741">
     <span class='ocr_line' id='line_1_32' title="bbox 2220 1666 3835 1741; baseline 0.002 -21"><span class='ocrx_word' id='word_1_234' title='bbox 2220 1666 2535 1722; x_wconf 89' lang='lat' dir='ltr'><strong>scribebant</strong></span> <span class='ocrx_word' id='word_1_235' title='bbox 2583 1667 2636 1723; x_wconf 92' lang='lat' dir='ltr'><strong>in</strong></span> <span class='ocrx_word' id='word_1_236' title='bbox 2672 1677 2695 1704; x_wconf 71' lang='grc' dir='ltr'>ε</span> <span class='ocrx_word' id='word_1_237' title='bbox 2730 1667 3118 1723; x_wconf 88' lang='lat' dir='ltr'><strong>membranulis</strong></span> <span class='ocrx_word' id='word_1_238' title='bbox 3162 1668 3485 1741; x_wconf 74' lang='lat' dir='ltr'><strong>liecalogum</strong></span> <span class='ocrx_word' id='word_1_239' title='bbox 3518 1668 3723 1739; x_wconf 76' lang='lat' dir='ltr'><strong>Moysi,</strong></span> <span class='ocrx_word' id='word_1_240' title='bbox 3758 1666 3835 1724; x_wconf 80' lang='lat' dir='ltr'><strong>id</strong></span> 
     </span>
    </p>
   </div>
   <div class='ocr_carea' id='block_1_33' title="bbox 516 1760 3834 1835">
    <p class='ocr_par' dir='ltr' id='par_1_33' title="bbox 516 1760 3834 1835">
     <span class='ocr_line' id='line_1_33' title="bbox 516 1760 3834 1835; baseline -0.002 -14"><span class='ocrx_word' id='word_1_241' title='bbox 516 1765 754 1834; x_wconf 80' lang='lat' dir='ltr'><strong>insidiis,</strong></span> <span class='ocrx_word' id='word_1_242' title='bbox 780 1766 903 1835; x_wconf 84' lang='lat' dir='ltr'><strong>quia</strong></span> <span class='ocrx_word' id='word_1_243' title='bbox 935 1764 989 1820; x_wconf 93' lang='lat' dir='ltr'><strong>in</strong></span> <span class='ocrx_word' id='word_1_244' title='bbox 1022 1764 1367 1820; x_wconf 86' lang='lat' dir='ltr'><strong>sermonibus</strong></span> <span class='ocrx_word' id='word_1_245' title='bbox 1382 1761 1647 1819; x_wconf 80' lang='lat' dir='ltr'><strong>coniutati</strong></span> <span class='ocrx_word' id='word_1_246' title='bbox 1671 1772 1815 1830; x_wconf 91' lang='lat' dir='ltr'><strong>sunt,</strong></span> <span class='ocrx_word' id='word_1_247' title='bbox 1846 1762 1989 1818; x_wconf 85' lang='lat' dir='ltr'><strong>nitra&#39;</strong></span> <span class='ocrx_word' id='word_1_248' title='bbox 2006 1777 2111 1817; x_wconf 90' lang='lat' dir='ltr'><strong>non</strong></span> <span class='ocrx_word' id='word_1_249' title='bbox 2145 1765 2192 1825; x_wconf 82' lang='grc' dir='ltr'><strong>Β</strong></span> <span class='ocrx_word' id='word_1_250' title='bbox 2219 1771 2301 1814; x_wconf 91' lang='lat' dir='ltr'><strong>est</strong></span> <span class='ocrx_word' id='word_1_251' title='bbox 2330 1760 2521 1815; x_wconf 91' lang='lat' dir='ltr'><strong>decem</strong></span> <span class='ocrx_word' id='word_1_252' title='bbox 2544 1760 2711 1817; x_wconf 86' lang='lat' dir='ltr'><strong>verba</strong></span> <span class='ocrx_word' id='word_1_253' title='bbox 2737 1761 2929 1831; x_wconf 84' lang='lat' dir='ltr'><strong>Legis,</strong></span> <span class='ocrx_word' id='word_1_254' title='bbox 2958 1761 3349 1833; x_wconf 84' lang='lat' dir='ltr'><strong>complicantes</strong></span> <span class='ocrx_word' id='word_1_255' title='bbox 3371 1777 3432 1817; x_wconf 91' lang='lat' dir='ltr'><strong>ea</strong></span> <span class='ocrx_word' id='word_1_256' title='bbox 3452 1802 3467 1827; x_wconf 94' lang='lat'><strong>,</strong></span> <span class='ocrx_word' id='word_1_257' title='bbox 3498 1771 3554 1817; x_wconf 89' lang='lat' dir='ltr'><strong>et</strong></span> <span class='ocrx_word' id='word_1_258' title='bbox 3580 1762 3834 1832; x_wconf 71' lang='lat' dir='ltr'><strong>ligantes</strong></span> 
     </span>
    </p>
   </div>
   <div class='ocr_carea' id='block_1_34' title="bbox 516 1856 2109 1932">
    <p class='ocr_par' dir='ltr' id='par_1_34' title="bbox 516 1856 2109 1932">
     <span class='ocr_line' id='line_1_34' title="bbox 516 1856 2109 1932; baseline -0.004 -17"><span class='ocrx_word' id='word_1_259' title='bbox 516 1861 897 1932; x_wconf 81' lang='lat' dir='ltr'><strong>interrogant,</strong></span> <span class='ocrx_word' id='word_1_260' title='bbox 955 1859 1049 1914; x_wconf 90' lang='lat' dir='ltr'><strong>sed</strong></span> <span class='ocrx_word' id='word_1_261' title='bbox 1082 1858 1430 1925; x_wconf 87' lang='lat' dir='ltr'><strong>apertissime</strong></span> <span class='ocrx_word' id='word_1_262' title='bbox 1459 1856 1920 1927; x_wconf 87' lang='lat' dir='ltr'><strong>comprehensum</strong></span> <span class='ocrx_word' id='word_1_263' title='bbox 1950 1896 1966 1922; x_wconf 93' lang='lat'><strong>,</strong></span> <span class='ocrx_word' id='word_1_264' title='bbox 2002 1856 2109 1909; x_wconf 83' lang='lat' dir='ltr'><strong>Ro-</strong></span> 
     </span>
    </p>
   </div>
   <div class='ocr_carea' id='block_1_35' title="bbox 514 1949 2111 2023">
    <p class='ocr_par' dir='ltr' id='par_1_35' title="bbox 514 1949 2111 2023">
     <span class='ocr_line' id='line_1_35' title="bbox 514 1949 2111 2023; baseline -0.004 -14"><span class='ocrx_word' id='word_1_265' title='bbox 514 1969 694 2010; x_wconf 76' lang='lat' dir='ltr'><strong>mana:</strong></span> <span class='ocrx_word' id='word_1_266' title='bbox 723 1953 943 2008; x_wconf 88' lang='lat' dir='ltr'><strong>tradunt</strong></span> <span class='ocrx_word' id='word_1_267' title='bbox 968 1951 1245 2023; x_wconf 79' lang='lat' dir='ltr'><strong>potestati.</strong></span> <span class='ocrx_word' id='word_1_268' title='bbox 1286 1950 1367 2005; x_wconf 79' lang='lat' dir='ltr'><strong>Ex</strong></span> <span class='ocrx_word' id='word_1_269' title='bbox 1393 1965 1499 2020; x_wconf 92' lang='lat' dir='ltr'><strong>quo</strong></span> <span class='ocrx_word' id='word_1_270' title='bbox 1525 1949 1875 2020; x_wconf 79' lang='lat' dir='ltr'><strong>intelligimus</strong></span> <span class='ocrx_word' id='word_1_271' title='bbox 1901 1963 2111 2003; x_wconf 88' lang='lat' dir='ltr'><strong>venena</strong></span> 
     </span>
    </p>
   </div>
   <div class='ocr_carea' id='block_1_36' title="bbox 514 2042 2113 2118">
    <p class='ocr_par' dir='ltr' id='par_1_36' title="bbox 514 2042 2113 2118">
     <span class='ocr_line' id='line_1_36' title="bbox 514 2042 2113 2118; baseline -0.004 -15"><span class='ocrx_word' id='word_1_272' title='bbox 514 2048 732 2103; x_wconf 67' lang='lat' dir='ltr'><strong>invidiae</strong></span> <span class='ocrx_word' id='word_1_273' title='bbox 763 2062 924 2117; x_wconf 88' lang='lat' dir='ltr'><strong>posse</strong></span> <span class='ocrx_word' id='word_1_274' title='bbox 968 2046 1194 2118; x_wconf 91' lang='lat' dir='ltr'><strong>quidem</strong></span> <span class='ocrx_word' id='word_1_275' title='bbox 1239 2044 1531 2118; x_wconf 89' lang='lat' dir='ltr'><strong>superari,</strong></span> <span class='ocrx_word' id='word_1_276' title='bbox 1578 2042 1675 2099; x_wconf 88' lang='lat' dir='ltr'><strong>sed</strong></span> <span class='ocrx_word' id='word_1_277' title='bbox 1725 2042 1951 2098; x_wconf 81' lang='lat' dir='ltr'><strong>difﬁcile</strong></span> <span class='ocrx_word' id='word_1_278' title='bbox 1977 2057 2113 2097; x_wconf 89' lang='lat' dir='ltr'><strong>con-</strong></span> 
     </span>
    </p>
   </div>
   <div class='ocr_carea' id='block_1_37' title="bbox 514 2156 818 2212">
    <p class='ocr_par' dir='ltr' id='par_1_37' title="bbox 514 2156 818 2212">
     <span class='ocr_line' id='line_1_37' title="bbox 514 2156 818 2212; baseline -0.003 -16"><span class='ocrx_word' id='word_1_279' title='bbox 514 2156 818 2212; x_wconf 83' lang='lat' dir='ltr'><strong>quiescere.</strong></span> 
     </span>
    </p>
   </div>
   <div class='ocr_carea' id='block_1_38' title="bbox 590 2226 2111 2305">
    <p class='ocr_par' dir='ltr' id='par_1_38' title="bbox 590 2226 2111 2305">
     <span class='ocr_line' id='line_1_38' title="bbox 590 2226 2111 2305; baseline -0.007 -17"><span class='ocrx_word' id='word_1_280' title='bbox 590 2231 948 2305; x_wconf 80' lang='lat' dir='ltr'><strong>(Cap.XXlIl.</strong></span> <span class='ocrx_word' id='word_1_281' title='bbox 968 2261 1040 2273; x_wconf 91' lang='lat'><strong>—</strong></span> <span class='ocrx_word' id='word_1_282' title='bbox 1058 2230 1258 2286; x_wconf 69' lang='lat' dir='ltr'><strong>VersJ</strong></span> <span class='ocrx_word' id='word_1_283' title='bbox 1289 2226 1473 2300; x_wconf 87' lang='lat' dir='ltr'><strong>seqq.)</strong></span> <span class='ocrx_word' id='word_1_284' title='bbox 1487 2226 1636 2282; x_wconf 84' lang='lat' dir='ltr'><strong>Tunc</strong></span> <span class='ocrx_word' id='word_1_285' title='bbox 1647 2226 1802 2283; x_wconf 75' lang='lat' dir='ltr'><strong>Iesus</strong></span> <span class='ocrx_word' id='word_1_286' title='bbox 1824 2227 2026 2281; x_wconf 89' lang='lat' dir='ltr'><strong>locutus</strong></span> <span class='ocrx_word' id='word_1_287' title='bbox 2038 2232 2111 2281; x_wconf 87' lang='lat' dir='ltr'><strong>est</strong></span> 
     </span>
    </p>
   </div>
   <div class='ocr_carea' id='block_1_39' title="bbox 513 2321 2113 2396">
    <p class='ocr_par' dir='ltr' id='par_1_39' title="bbox 513 2321 2113 2396">
     <span class='ocr_line' id='line_1_39' title="bbox 513 2321 2113 2396; baseline -0.006 -14"><span class='ocrx_word' id='word_1_288' title='bbox 513 2327 582 2382; x_wconf 90' lang='lat' dir='ltr'><strong>ad</strong></span> <span class='ocrx_word' id='word_1_289' title='bbox 611 2328 787 2382; x_wconf 81' lang='lat' dir='ltr'><strong>turbas</strong></span> <span class='ocrx_word' id='word_1_290' title='bbox 806 2335 855 2381; x_wconf 88' lang='lat' dir='ltr'><strong>et</strong></span> <span class='ocrx_word' id='word_1_291' title='bbox 875 2326 944 2381; x_wconf 86' lang='lat' dir='ltr'><strong>ad</strong></span> <span class='ocrx_word' id='word_1_292' title='bbox 959 2325 1242 2396; x_wconf 76' lang='lat' dir='ltr'><strong>discipulos</strong></span> <span class='ocrx_word' id='word_1_293' title='bbox 1272 2339 1415 2390; x_wconf 85' lang='lat' dir='ltr'><strong>suos,</strong></span> <span class='ocrx_word' id='word_1_294' title='bbox 1466 2323 1643 2377; x_wconf 88' lang='lat' dir='ltr'><strong>dicens</strong></span> <span class='ocrx_word' id='word_1_295' title='bbox 1670 2338 1689 2377; x_wconf 82' lang='lat'><strong>.°</strong></span> <span class='ocrx_word' id='word_1_296' title='bbox 1739 2321 1909 2394; x_wconf 85' lang='lat' dir='ltr'><strong>Super</strong></span> <span class='ocrx_word' id='word_1_297' title='bbox 1938 2321 2113 2375; x_wconf 87' lang='lat' dir='ltr'><strong>cathe-</strong></span> 
     </span>
    </p>
   </div>
   <div class='ocr_carea' id='block_1_40' title="bbox 514 2413 2111 2489">
    <p class='ocr_par' dir='ltr' id='par_1_40' title="bbox 514 2413 2111 2489">
     <span class='ocr_line' id='line_1_40' title="bbox 514 2413 2111 2489; baseline -0.003 -17"><span class='ocrx_word' id='word_1_298' title='bbox 514 2421 664 2473; x_wconf 88' lang='lat' dir='ltr'><strong>dram</strong></span> <span class='ocrx_word' id='word_1_299' title='bbox 691 2416 862 2489; x_wconf 82' lang='lat' dir='ltr'><strong>Moysi</strong></span> <span class='ocrx_word' id='word_1_300' title='bbox 891 2418 1133 2472; x_wconf 84' lang='lat' dir='ltr'><strong>sederunt</strong></span> <span class='ocrx_word' id='word_1_301' title='bbox 1163 2414 1364 2472; x_wconf 76' lang='lat' dir='ltr'><strong>Scriba:</strong></span> <span class='ocrx_word' id='word_1_302' title='bbox 1392 2423 1438 2469; x_wconf 86' lang='lat' dir='ltr'><strong>et</strong></span> <span class='ocrx_word' id='word_1_303' title='bbox 1467 2414 1728 2469; x_wconf 72' lang='lat' dir='ltr'><strong>I’hariswi</strong></span> <span class='ocrx_word' id='word_1_304' title='bbox 1753 2430 1771 2468; x_wconf 90' lang='lat'><strong><em>:</em></strong></span> <span class='ocrx_word' id='word_1_305' title='bbox 1794 2413 1969 2467; x_wconf 83' lang='lat' dir='ltr'><strong>omnia</strong></span> <span class='ocrx_word' id='word_1_306' title='bbox 1989 2430 2111 2485; x_wconf 85' lang='lat' dir='ltr'><strong>ergo</strong></span> 
     </span>
    </p>
   </div>
   <div class='ocr_carea' id='block_1_41' title="bbox 513 2506 2110 2583">
    <p class='ocr_par' dir='ltr' id='par_1_41' title="bbox 513 2506 2110 2583">
     <span class='ocr_line' id='line_1_41' title="bbox 513 2506 2110 2583; baseline -0.004 -18"><span class='ocrx_word' id='word_1_307' title='bbox 513 2526 850 2583; x_wconf 58' lang='lat' dir='ltr'><strong>quacumque</strong></span> <span class='ocrx_word' id='word_1_308' title='bbox 861 2510 1084 2565; x_wconf 70' lang='lat' dir='ltr'><strong>dixerint</strong></span> <span class='ocrx_word' id='word_1_309' title='bbox 1111 2508 1273 2574; x_wconf 86' lang='lat' dir='ltr'><strong>vobis,</strong></span> <span class='ocrx_word' id='word_1_310' title='bbox 1305 2516 1503 2563; x_wconf 85' lang='lat' dir='ltr'><strong>servate</strong></span> <span class='ocrx_word' id='word_1_311' title='bbox 1526 2514 1573 2561; x_wconf 92' lang='lat' dir='ltr'><strong>et</strong></span> <span class='ocrx_word' id='word_1_312' title='bbox 1594 2507 1756 2576; x_wconf 73' lang='lat' dir='ltr'><strong>facite</strong></span> <span class='ocrx_word' id='word_1_313' title='bbox 1780 2522 1799 2561; x_wconf 92' lang='lat'><em>:</em></span> <span class='ocrx_word' id='word_1_314' title='bbox 1825 2506 2110 2560; x_wconf 85' lang='lat' dir='ltr'><strong>secundum</strong></span> 
     </span>
    </p>
   </div>
   <div class='ocr_carea' id='block_1_42' title="bbox 513 2599 2110 2676">
    <p class='ocr_par' dir='ltr' id='par_1_42' title="bbox 513 2599 2110 2676">
     <span class='ocr_line' id='line_1_42' title="bbox 513 2599 2110 2676; baseline -0.006 -15"><span class='ocrx_word' id='word_1_315' title='bbox 513 2622 671 2676; x_wconf 86' lang='lat' dir='ltr'><strong>opera</strong></span> <span class='ocrx_word' id='word_1_316' title='bbox 700 2620 815 2660; x_wconf 89' lang='lat' dir='ltr'><strong>vero</strong></span> <span class='ocrx_word' id='word_1_317' title='bbox 842 2620 1018 2659; x_wconf 89' lang='lat' dir='ltr'><strong>eorum</strong></span> <span class='ocrx_word' id='word_1_318' title='bbox 1049 2601 1207 2657; x_wconf 80' lang='lat' dir='ltr'><strong>nolite</strong></span> <span class='ocrx_word' id='word_1_319' title='bbox 1249 2603 1442 2672; x_wconf 78' lang='lat' dir='ltr'><strong>facere.</strong></span> <span class='ocrx_word' id='word_1_320' title='bbox 1490 2599 1685 2655; x_wconf 88' lang='lat' dir='ltr'><strong>Dicunt</strong></span> <span class='ocrx_word' id='word_1_321' title='bbox 1715 2603 1855 2655; x_wconf 88' lang='lat' dir='ltr'><strong>enim</strong></span> <span class='ocrx_word' id='word_1_322' title='bbox 1881 2640 1898 2667; x_wconf 87' lang='lat'><strong>,</strong></span> <span class='ocrx_word' id='word_1_323' title='bbox 1932 2608 1981 2653; x_wconf 89' lang='lat' dir='ltr'><strong>et</strong></span> <span class='ocrx_word' id='word_1_324' title='bbox 2008 2615 2110 2653; x_wconf 90' lang='lat' dir='ltr'><strong>non</strong></span> 
     </span>
    </p>
   </div>
   <div class='ocr_carea' id='block_1_43' title="bbox 514 2690 2111 2770">
    <p class='ocr_par' dir='ltr' id='par_1_43' title="bbox 514 2690 2111 2770">
     <span class='ocr_line' id='line_1_43' title="bbox 514 2690 2111 2770; baseline -0.004 -19"><span class='ocrx_word' id='word_1_325' title='bbox 514 2702 737 2770; x_wconf 84' lang='lat' dir='ltr'><strong>faciunt.</strong></span> <span class='ocrx_word' id='word_1_326' title='bbox 777 2695 918 2764; x_wconf 85' lang='lat' dir='ltr'><strong>Quid</strong></span> <span class='ocrx_word' id='word_1_327' title='bbox 953 2694 1312 2762; x_wconf 82' lang='lat' dir='ltr'><strong>mansuetius,</strong></span> <span class='ocrx_word' id='word_1_328' title='bbox 1331 2690 1459 2764; x_wconf 91' lang='lat' dir='ltr'><strong>quid</strong></span> <span class='ocrx_word' id='word_1_329' title='bbox 1480 2691 1766 2763; x_wconf 76' lang='lat' dir='ltr'><strong>benignius</strong></span> <span class='ocrx_word' id='word_1_330' title='bbox 1793 2690 1822 2731; x_wconf 73' lang='grc' dir='ltr'>δ</span> <span class='ocrx_word' id='word_1_331' title='bbox 1848 2692 2111 2747; x_wconf 75' lang='lat' dir='ltr'><strong>Domino?</strong></span> 
     </span>
    </p>
   </div>
   <div class='ocr_carea' id='block_1_44' title="bbox 512 2783 2107 2858">
    <p class='ocr_par' dir='ltr' id='par_1_44' title="bbox 512 2783 2107 2858">
     <span class='ocr_line' id='line_1_44' title="bbox 512 2783 2107 2858; baseline -0.004 -13"><span class='ocrx_word' id='word_1_332' title='bbox 512 2788 775 2845; x_wconf 87' lang='lat' dir='ltr'><strong>Tentatur</strong></span> <span class='ocrx_word' id='word_1_333' title='bbox 802 2804 833 2844; x_wconf 91' lang='lat' dir='ltr'><strong>a</strong></span> <span class='ocrx_word' id='word_1_334' title='bbox 860 2786 1177 2857; x_wconf 79' lang='lat' dir='ltr'><strong>Phariszeis,</strong></span> <span class='ocrx_word' id='word_1_335' title='bbox 1207 2784 1621 2858; x_wconf 82' lang='lat' dir='ltr'><strong>confringuntur</strong></span> <span class='ocrx_word' id='word_1_336' title='bbox 1651 2783 1862 2840; x_wconf 64' lang='lat' dir='ltr'><strong>insidiae</strong></span> <span class='ocrx_word' id='word_1_337' title='bbox 1894 2800 2107 2852; x_wconf 91' lang='lat' dir='ltr'><strong>eorum,</strong></span> 
     </span>
    </p>
   </div>
   <div class='ocr_carea' id='block_1_45' title="bbox 513 2879 2111 2951">
    <p class='ocr_par' dir='ltr' id='par_1_45' title="bbox 513 2879 2111 2951">
     <span class='ocr_line' id='line_1_45' title="bbox 513 2879 2111 2951; baseline -0.004 -11"><span class='ocrx_word' id='word_1_338' title='bbox 513 2892 570 2941; x_wconf 87' lang='lat' dir='ltr'><strong>et</strong></span> <span class='ocrx_word' id='word_1_339' title='bbox 595 2882 892 2939; x_wconf 84' lang='lat' dir='ltr'><strong>secundum</strong></span> <span class='ocrx_word' id='word_1_340' title='bbox 924 2881 1268 2937; x_wconf 87' lang='lat' dir='ltr'><strong>Psalmistam</strong></span> <span class='ocrx_word' id='word_1_341' title='bbox 1294 2897 1308 2934; x_wconf 88' lang='lat'><strong>:</strong></span> <span class='ocrx_word' id='word_1_342' title='bbox 1343 2879 1564 2948; x_wconf 71' lang='lat' dir='ltr'><strong>Sagittie</strong></span> <span class='ocrx_word' id='word_1_343' title='bbox 1592 2880 1929 2950; x_wconf 88' lang='lat' dir='ltr'><strong>parvulorum</strong></span> <span class='ocrx_word' id='word_1_344' title='bbox 1958 2883 2111 2951; x_wconf 75' lang='lat' dir='ltr'><strong>facite</strong></span> 
     </span>
    </p>
   </div>
   <div class='ocr_carea' id='block_1_46' title="bbox 512 2971 2111 3048">
    <p class='ocr_par' dir='ltr' id='par_1_46' title="bbox 512 2971 2111 3048">
     <span class='ocr_line' id='line_1_46' title="bbox 512 2971 2111 3048; baseline -0.004 -15"><span class='ocrx_word' id='word_1_345' title='bbox 512 2986 633 3033; x_wconf 86' lang='lat' dir='ltr'><strong>sunt</strong></span> <span class='ocrx_word' id='word_1_346' title='bbox 661 2977 830 3048; x_wconf 76' lang='lat' dir='ltr'><strong>plaga:</strong></span> <span class='ocrx_word' id='word_1_347' title='bbox 866 2990 1043 3030; x_wconf 89' lang='lat' dir='ltr'><strong>eorum</strong></span> <span class='ocrx_word' id='word_1_348' title='bbox 1073 2974 1090 3047; x_wconf 94' lang='lat'>(</span> <span class='ocrx_word' id='word_1_349' title='bbox 1118 2971 1267 3027; x_wconf 90' lang='lat' dir='ltr'><strong>Psal.</strong></span> <span class='ocrx_word' id='word_1_350' title='bbox 1295 2988 1429 3027; x_wconf 77' lang='lat' dir='ltr'><strong>unt</strong></span> <span class='ocrx_word' id='word_1_351' title='bbox 1452 3012 1466 3038; x_wconf 92' lang='lat'><strong>,</strong></span> <span class='ocrx_word' id='word_1_352' title='bbox 1516 2972 1549 3027; x_wconf 93' lang='lat'><strong>8</strong></span> <span class='ocrx_word' id='word_1_353' title='bbox 1576 2972 1593 3041; x_wconf 98' lang='lat'><strong>)</strong></span> <span class='ocrx_word' id='word_1_354' title='bbox 1619 3014 1634 3039; x_wconf 95' lang='lat'><strong>,</strong></span> <span class='ocrx_word' id='word_1_355' title='bbox 1668 2983 1724 3028; x_wconf 88' lang='lat' dir='ltr'><strong>et</strong></span> <span class='ocrx_word' id='word_1_356' title='bbox 1754 2971 2111 3027; x_wconf 85' lang='lat' dir='ltr'><strong>nihilominus</strong></span> 
     </span>
    </p>
   </div>
   <div class='ocr_carea' id='block_1_47' title="bbox 510 3062 2110 3137">
    <p class='ocr_par' dir='ltr' id='par_1_47' title="bbox 510 3062 2110 3137">
     <span class='ocr_line' id='line_1_47' title="bbox 510 3062 2110 3137; baseline -0.004 -15"><span class='ocrx_word' id='word_1_357' title='bbox 510 3078 733 3137; x_wconf 82' lang='lat' dir='ltr'><strong>propter</strong></span> <span class='ocrx_word' id='word_1_358' title='bbox 776 3065 1067 3121; x_wconf 88' lang='lat' dir='ltr'><strong>sacerdotii</strong></span> <span class='ocrx_word' id='word_1_359' title='bbox 1097 3073 1153 3118; x_wconf 89' lang='lat' dir='ltr'><strong>et</strong></span> <span class='ocrx_word' id='word_1_360' title='bbox 1191 3064 1426 3119; x_wconf 91' lang='lat' dir='ltr'><strong>nominis</strong></span> <span class='ocrx_word' id='word_1_361' title='bbox 1453 3062 1782 3133; x_wconf 84' lang='lat' dir='ltr'><strong>dignitatem</strong></span> <span class='ocrx_word' id='word_1_362' title='bbox 1813 3104 1827 3129; x_wconf 94' lang='lat'><strong>,</strong></span> <span class='ocrx_word' id='word_1_363' title='bbox 1862 3063 2110 3117; x_wconf 85' lang='lat' dir='ltr'><strong>hortatur</strong></span> 
     </span>
    </p>
   </div>
   <div class='ocr_carea' id='block_1_48' title="bbox 2216 1852 3836 1925">
    <p class='ocr_par' dir='ltr' id='par_1_48' title="bbox 2216 1852 3836 1925">
     <span class='ocr_line' id='line_1_48' title="bbox 2216 1852 3836 1925; baseline 0.004 -20"><span class='ocrx_word' id='word_1_364' title='bbox 2216 1854 2267 1906; x_wconf 92' lang='lat' dir='ltr'><strong>in</strong></span> <span class='ocrx_word' id='word_1_365' title='bbox 2326 1852 2537 1919; x_wconf 79' lang='lat' dir='ltr'><strong>fronte,</strong></span> <span class='ocrx_word' id='word_1_366' title='bbox 2586 1863 2640 1909; x_wconf 88' lang='lat' dir='ltr'><strong>ct</strong></span> <span class='ocrx_word' id='word_1_367' title='bbox 2669 1855 2821 1924; x_wconf 83' lang='lat' dir='ltr'><strong>quasi</strong></span> <span class='ocrx_word' id='word_1_368' title='bbox 2867 1870 3129 1909; x_wconf 89' lang='lat' dir='ltr'><strong>coronam</strong></span> <span class='ocrx_word' id='word_1_369' title='bbox 3160 1854 3351 1925; x_wconf 87' lang='lat' dir='ltr'><strong>capitis</strong></span> <span class='ocrx_word' id='word_1_370' title='bbox 3404 1855 3696 1921; x_wconf 78' lang='lat' dir='ltr'><strong>facientes,</strong></span> <span class='ocrx_word' id='word_1_371' title='bbox 3752 1866 3836 1912; x_wconf 83' lang='lat' dir='ltr'><strong>ut.</strong></span> 
     </span>
    </p>
   </div>
   <div class='ocr_carea' id='block_1_49' title="bbox 2214 1934 3831 2020">
    <p class='ocr_par' dir='ltr' id='par_1_49' title="bbox 2214 1934 3831 2020">
     <span class='ocr_line' id='line_1_49' title="bbox 2214 1934 3831 2020; baseline 0.003 -20"><span class='ocrx_word' id='word_1_372' title='bbox 2214 1961 2433 2018; x_wconf 79' lang='lat' dir='ltr'><strong>semper</strong></span> <span class='ocrx_word' id='word_1_373' title='bbox 2461 1956 2587 2003; x_wconf 87' lang='lat' dir='ltr'><strong>ante</strong></span> <span class='ocrx_word' id='word_1_374' title='bbox 2606 1949 2797 2003; x_wconf 88' lang='lat' dir='ltr'><strong>oculos</strong></span> <span class='ocrx_word' id='word_1_375' title='bbox 2827 1934 3215 2003; x_wconf 83' lang='lat' dir='ltr'><strong>moverentur:</strong></span> <span class='ocrx_word' id='word_1_376' title='bbox 3252 1947 3398 2020; x_wconf 89' lang='lat' dir='ltr'><strong>quod</strong></span> <span class='ocrx_word' id='word_1_377' title='bbox 3434 1963 3606 2019; x_wconf 90' lang='lat' dir='ltr'><strong>usque</strong></span> <span class='ocrx_word' id='word_1_378' title='bbox 3649 1947 3831 2005; x_wconf 83' lang='lat' dir='ltr'><strong>hodie</strong></span> 
     </span>
    </p>
   </div>
   <div class='ocr_carea' id='block_1_50' title="bbox 2215 2038 3826 2114">
    <p class='ocr_par' dir='ltr' id='par_1_50' title="bbox 2215 2038 3826 2114">
     <span class='ocr_line' id='line_1_50' title="bbox 2215 2038 3826 2114; baseline 0.003 -23"><span class='ocrx_word' id='word_1_379' title='bbox 2215 2038 2364 2107; x_wconf 87' lang='lat' dir='ltr'><strong>ludi,</strong></span> <span class='ocrx_word' id='word_1_380' title='bbox 2397 2038 2417 2077; x_wconf 73' lang='grc' dir='ltr'>ί</span> <span class='ocrx_word' id='word_1_381' title='bbox 2453 2040 2667 2109; x_wconf 69' lang='lat' dir='ltr'><strong>Persae,</strong></span> <span class='ocrx_word' id='word_1_382' title='bbox 2698 2052 2753 2097; x_wconf 90' lang='lat' dir='ltr'><strong>et</strong></span> <span class='ocrx_word' id='word_1_383' title='bbox 2775 2041 3062 2114; x_wconf 86' lang='lat' dir='ltr'><strong>Babylonii</strong></span> <span class='ocrx_word' id='word_1_384' title='bbox 3085 2040 3296 2096; x_wconf 84' lang='lat' dir='ltr'><strong>faciunt</strong></span> <span class='ocrx_word' id='word_1_385' title='bbox 3330 2061 3343 2096; x_wconf 86' lang='lat'><strong>:</strong></span> <span class='ocrx_word' id='word_1_386' title='bbox 3373 2052 3429 2097; x_wconf 94' lang='lat' dir='ltr'><strong>et</strong></span> <span class='ocrx_word' id='word_1_387' title='bbox 3456 2042 3547 2113; x_wconf 89' lang='lat' dir='ltr'><strong>qui</strong></span> <span class='ocrx_word' id='word_1_388' title='bbox 3578 2042 3681 2097; x_wconf 90' lang='lat' dir='ltr'><strong>hoc</strong></span> <span class='ocrx_word' id='word_1_389' title='bbox 3707 2042 3826 2096; x_wconf 89' lang='lat' dir='ltr'><strong>ha-</strong></span> 
     </span>
    </p>
   </div>
   <div class='ocr_carea' id='block_1_51' title="bbox 2215 2133 3829 2208">
    <p class='ocr_par' dir='ltr' id='par_1_51' title="bbox 2215 2133 3829 2208">
     <span class='ocr_line' id='line_1_51' title="bbox 2215 2133 3829 2208; baseline 0.004 -20"><span class='ocrx_word' id='word_1_390' title='bbox 2215 2133 2427 2200; x_wconf 86' lang='lat' dir='ltr'><strong>buerit,</strong></span> <span class='ocrx_word' id='word_1_391' title='bbox 2459 2135 2613 2206; x_wconf 87' lang='lat' dir='ltr'><strong>quasi</strong></span> <span class='ocrx_word' id='word_1_392' title='bbox 2642 2136 2933 2208; x_wconf 86' lang='lat' dir='ltr'><strong>religiosus</strong></span> <span class='ocrx_word' id='word_1_393' title='bbox 2959 2137 3012 2192; x_wconf 91' lang='lat' dir='ltr'><strong>in</strong></span> <span class='ocrx_word' id='word_1_394' title='bbox 3046 2136 3260 2207; x_wconf 89' lang='lat' dir='ltr'><strong>populis</strong></span> <span class='ocrx_word' id='word_1_395' title='bbox 3282 2137 3577 2208; x_wconf 67' lang='lat' dir='ltr'><strong>iudicatur.</strong></span> <span class='ocrx_word' id='word_1_396' title='bbox 3622 2138 3829 2194; x_wconf 84' lang='lat' dir='ltr'><strong>Jusse-</strong></span> 
     </span>
    </p>
   </div>
   <div class='ocr_carea' id='block_1_52' title="bbox 2216 2228 3829 2303">
    <p class='ocr_par' dir='ltr' id='par_1_52' title="bbox 2216 2228 3829 2303">
     <span class='ocr_line' id='line_1_52' title="bbox 2216 2228 3829 2303; baseline 0.004 -21"><span class='ocrx_word' id='word_1_397' title='bbox 2216 2238 2302 2282; x_wconf 86' lang='lat' dir='ltr'><strong>rat</strong></span> <span class='ocrx_word' id='word_1_398' title='bbox 2346 2243 2566 2298; x_wconf 83' lang='lat' dir='ltr'><strong>quoque</strong></span> <span class='ocrx_word' id='word_1_399' title='bbox 2595 2228 2743 2284; x_wconf 86' lang='lat' dir='ltr'><strong>aliud</strong></span> <span class='ocrx_word' id='word_1_400' title='bbox 2790 2228 3004 2302; x_wconf 82' lang='lat' dir='ltr'><strong>Moyses</strong></span> <span class='ocrx_word' id='word_1_401' title='bbox 3029 2228 3230 2302; x_wconf 83' lang='lat' dir='ltr'><strong>(Nunt.</strong></span> <span class='ocrx_word' id='word_1_402' title='bbox 3262 2230 3365 2303; x_wconf 75' lang='lat' dir='ltr'><strong>xv)</strong></span> <span class='ocrx_word' id='word_1_403' title='bbox 3397 2239 3454 2286; x_wconf 91' lang='lat' dir='ltr'><strong>ut</strong></span> <span class='ocrx_word' id='word_1_404' title='bbox 3496 2231 3551 2287; x_wconf 92' lang='lat' dir='ltr'><strong>in</strong></span> <span class='ocrx_word' id='word_1_405' title='bbox 3579 2244 3829 2303; x_wconf 84' lang='lat' dir='ltr'><strong>quatuor</strong></span> 
     </span>
    </p>
   </div>
   <div class='ocr_carea' id='block_1_53' title="bbox 2213 2323 3827 2397">
    <p class='ocr_par' dir='ltr' id='par_1_53' title="bbox 2213 2323 3827 2397">
     <span class='ocr_line' id='line_1_53' title="bbox 2213 2323 3827 2397; baseline 0.004 -20"><span class='ocrx_word' id='word_1_406' title='bbox 2213 2324 2426 2394; x_wconf 81' lang='lat' dir='ltr'><strong>angulis</strong></span> <span class='ocrx_word' id='word_1_407' title='bbox 2452 2323 2743 2394; x_wconf 88' lang='lat' dir='ltr'><strong>palliorum</strong></span> <span class='ocrx_word' id='word_1_408' title='bbox 2769 2323 3151 2397; x_wconf 75' lang='lat' dir='ltr'><strong>hyacinthinus</strong></span> <span class='ocrx_word' id='word_1_409' title='bbox 3178 2324 3416 2382; x_wconf 81' lang='lat' dir='ltr'><strong>ﬁmbrias</strong></span> <span class='ocrx_word' id='word_1_410' title='bbox 3444 2325 3709 2393; x_wconf 82' lang='lat' dir='ltr'><strong>facerent,</strong></span> <span class='ocrx_word' id='word_1_411' title='bbox 3737 2326 3827 2383; x_wconf 85' lang='lat' dir='ltr'><strong>ad</strong></span> 
     </span>
    </p>
   </div>
   <div class='ocr_carea' id='block_1_54' title="bbox 2216 2415 3829 2488">
    <p class='ocr_par' dir='ltr' id='par_1_54' title="bbox 2216 2415 3829 2488">
     <span class='ocr_line' id='line_1_54' title="bbox 2216 2415 3829 2488; baseline 0.002 -18"><span class='ocrx_word' id='word_1_412' title='bbox 2216 2415 2430 2470; x_wconf 89' lang='lat' dir='ltr'><strong>lsraelis</strong></span> <span class='ocrx_word' id='word_1_413' title='bbox 2452 2416 2708 2487; x_wconf 88' lang='lat' dir='ltr'><strong>pupulutn</strong></span> <span class='ocrx_word' id='word_1_414' title='bbox 2734 2416 3164 2488; x_wconf 90' lang='lat' dir='ltr'><strong>dignosccndum</strong></span> <span class='ocrx_word' id='word_1_415' title='bbox 3183 2458 3196 2482; x_wconf 91' lang='lat'><strong>,</strong></span> <span class='ocrx_word' id='word_1_416' title='bbox 3222 2426 3280 2472; x_wconf 92' lang='lat' dir='ltr'><strong>ut</strong></span> <span class='ocrx_word' id='word_1_417' title='bbox 3305 2417 3580 2488; x_wconf 89' lang='lat' dir='ltr'><strong>quomodo</strong></span> <span class='ocrx_word' id='word_1_418' title='bbox 3607 2418 3659 2473; x_wconf 92' lang='lat' dir='ltr'><strong>in</strong></span> <span class='ocrx_word' id='word_1_419' title='bbox 3685 2433 3829 2473; x_wconf 84' lang='lat' dir='ltr'><strong>cor-</strong></span> 
     </span>
    </p>
   </div>
   <div class='ocr_carea' id='block_1_55' title="bbox 2215 2508 3824 2581">
    <p class='ocr_par' dir='ltr' id='par_1_55' title="bbox 2215 2508 3824 2581">
     <span class='ocr_line' id='line_1_55' title="bbox 2215 2508 3824 2581; baseline 0.005 -22"><span class='ocrx_word' id='word_1_420' title='bbox 2215 2508 2437 2579; x_wconf 84' lang='lat' dir='ltr'><strong>poribus</strong></span> <span class='ocrx_word' id='word_1_421' title='bbox 2487 2509 2833 2564; x_wconf 89' lang='lat' dir='ltr'><strong>circumcisio</strong></span> <span class='ocrx_word' id='word_1_422' title='bbox 2878 2510 3091 2581; x_wconf 89' lang='lat' dir='ltr'><strong>signum</strong></span> <span class='ocrx_word' id='word_1_423' title='bbox 3118 2509 3358 2567; x_wconf 66' lang='lat' dir='ltr'><strong>Iudaicae</strong></span> <span class='ocrx_word' id='word_1_424' title='bbox 3387 2512 3564 2581; x_wconf 85' lang='lat' dir='ltr'><strong>gentis</strong></span> <span class='ocrx_word' id='word_1_425' title='bbox 3602 2511 3762 2567; x_wconf 88' lang='lat' dir='ltr'><strong>daret</strong></span> <span class='ocrx_word' id='word_1_426' title='bbox 3801 2554 3824 2581; x_wconf 86' lang='lat'><strong>,</strong></span> 
     </span>
    </p>
   </div>
   <div class='ocr_carea' id='block_1_56' title="bbox 2214 2600 3819 2674">
    <p class='ocr_par' dir='ltr' id='par_1_56' title="bbox 2214 2600 3819 2674">
     <span class='ocr_line' id='line_1_56' title="bbox 2214 2600 3819 2674; baseline 0.003 -18"><span class='ocrx_word' id='word_1_427' title='bbox 2214 2600 2285 2656; x_wconf 83' lang='lat' dir='ltr'><strong>ita</strong></span> <span class='ocrx_word' id='word_1_428' title='bbox 2314 2611 2368 2657; x_wconf 90' lang='lat' dir='ltr'><strong>et</strong></span> <span class='ocrx_word' id='word_1_429' title='bbox 2396 2603 2561 2657; x_wconf 84' lang='lat' dir='ltr'><strong>vestis</strong></span> <span class='ocrx_word' id='word_1_430' title='bbox 2592 2601 2820 2658; x_wconf 88' lang='lat' dir='ltr'><strong>haberet</strong></span> <span class='ocrx_word' id='word_1_431' title='bbox 2850 2602 3083 2673; x_wconf 81' lang='lat' dir='ltr'><strong>aliquam</strong></span> <span class='ocrx_word' id='word_1_432' title='bbox 3110 2602 3496 2660; x_wconf 76' lang='lat' dir='ltr'><strong>differentiam.</strong></span> <span class='ocrx_word' id='word_1_433' title='bbox 3527 2605 3819 2674; x_wconf 87' lang='lat' dir='ltr'><strong>Supersti-</strong></span> 
     </span>
    </p>
   </div>
   <div class='ocr_carea' id='block_1_57' title="bbox 2214 2694 3819 2769">
    <p class='ocr_par' dir='ltr' id='par_1_57' title="bbox 2214 2694 3819 2769">
     <span class='ocr_line' id='line_1_57' title="bbox 2214 2694 3819 2769; baseline 0.004 -20"><span class='ocrx_word' id='word_1_434' title='bbox 2214 2695 2341 2749; x_wconf 88' lang='lat' dir='ltr'><strong>tiosi</strong></span> <span class='ocrx_word' id='word_1_435' title='bbox 2373 2694 2617 2767; x_wconf 69' lang='lat' dir='ltr'><strong>magistri</strong></span> <span class='ocrx_word' id='word_1_436' title='bbox 2643 2706 2932 2765; x_wconf 88' lang='lat' dir='ltr'><strong>captantes</strong></span> <span class='ocrx_word' id='word_1_437' title='bbox 2958 2710 3151 2751; x_wconf 85' lang='lat' dir='ltr'><strong>auram</strong></span> <span class='ocrx_word' id='word_1_438' title='bbox 3174 2699 3498 2767; x_wconf 88' lang='lat' dir='ltr'><strong>popularem</strong></span> <span class='ocrx_word' id='word_1_439' title='bbox 3514 2740 3528 2764; x_wconf 90' lang='lat'><strong>,</strong></span> <span class='ocrx_word' id='word_1_440' title='bbox 3552 2708 3712 2769; x_wconf 86' lang='lat' dir='ltr'><strong>atque</strong></span> <span class='ocrx_word' id='word_1_441' title='bbox 3735 2714 3819 2755; x_wconf 77' lang='lat' dir='ltr'><strong>ex</strong></span> 
     </span>
    </p>
   </div>
   <div class='ocr_carea' id='block_1_58' title="bbox 2214 2786 3818 2860">
    <p class='ocr_par' dir='ltr' id='par_1_58' title="bbox 2214 2786 3818 2860">
     <span class='ocr_line' id='line_1_58' title="bbox 2214 2786 3818 2860; baseline 0.003 -19"><span class='ocrx_word' id='word_1_442' title='bbox 2214 2786 2549 2843; x_wconf 87' lang='lat' dir='ltr'><strong>mulierculis</strong></span> <span class='ocrx_word' id='word_1_443' title='bbox 2588 2796 2867 2843; x_wconf 80' lang='lat' dir='ltr'><strong>sectantes</strong></span> <span class='ocrx_word' id='word_1_444' title='bbox 2900 2788 3047 2843; x_wconf 88' lang='lat' dir='ltr'><strong>lucra</strong></span> <span class='ocrx_word' id='word_1_445' title='bbox 3069 2830 3084 2855; x_wconf 97' lang='lat'><strong>,</strong></span> <span class='ocrx_word' id='word_1_446' title='bbox 3119 2788 3389 2846; x_wconf 77' lang='lat' dir='ltr'><strong>iaciebant</strong></span> <span class='ocrx_word' id='word_1_447' title='bbox 3421 2790 3651 2860; x_wconf 76' lang='lat' dir='ltr'><strong>grandes</strong></span> <span class='ocrx_word' id='word_1_448' title='bbox 3679 2790 3818 2846; x_wconf 85' lang='lat' dir='ltr'><strong>lim-</strong></span> 
     </span>
    </p>
   </div>
   <div class='ocr_carea' id='block_1_59' title="bbox 2215 2878 3820 2954">
    <p class='ocr_par' dir='ltr' id='par_1_59' title="bbox 2215 2878 3820 2954">
     <span class='ocr_line' id='line_1_59' title="bbox 2215 2878 3820 2954; baseline 0.005 -21"><span class='ocrx_word' id='word_1_449' title='bbox 2215 2878 2392 2944; x_wconf 87' lang='lat' dir='ltr'><strong>brias,</strong></span> <span class='ocrx_word' id='word_1_450' title='bbox 2424 2891 2477 2935; x_wconf 88' lang='lat' dir='ltr'><strong>et</strong></span> <span class='ocrx_word' id='word_1_451' title='bbox 2505 2880 2850 2935; x_wconf 88' lang='lat' dir='ltr'><strong>acutissimas</strong></span> <span class='ocrx_word' id='word_1_452' title='bbox 2879 2881 2931 2936; x_wconf 90' lang='lat' dir='ltr'><strong>in</strong></span> <span class='ocrx_word' id='word_1_453' title='bbox 2957 2882 3036 2935; x_wconf 89' lang='lat' dir='ltr'><strong>eis</strong></span> <span class='ocrx_word' id='word_1_454' title='bbox 3063 2882 3250 2951; x_wconf 87' lang='lat' dir='ltr'><strong>spinas</strong></span> <span class='ocrx_word' id='word_1_455' title='bbox 3277 2882 3542 2954; x_wconf 85' lang='lat' dir='ltr'><strong>ligabant,</strong></span> <span class='ocrx_word' id='word_1_456' title='bbox 3577 2893 3630 2937; x_wconf 92' lang='lat' dir='ltr'><strong>ut</strong></span> <span class='ocrx_word' id='word_1_457' title='bbox 3658 2884 3820 2941; x_wconf 82' lang='lat' dir='ltr'><strong>vide-</strong></span> 
     </span>
    </p>
   </div>
   <div class='ocr_carea' id='block_1_60' title="bbox 2215 2969 3817 3047">
    <p class='ocr_par' dir='ltr' id='par_1_60' title="bbox 2215 2969 3817 3047">
     <span class='ocr_line' id='line_1_60' title="bbox 2215 2969 3817 3047; baseline 0.006 -25"><span class='ocrx_word' id='word_1_458' title='bbox 2215 2969 2339 3024; x_wconf 88' lang='lat' dir='ltr'><strong>licet</strong></span> <span class='ocrx_word' id='word_1_459' title='bbox 2371 2970 2714 3026; x_wconf 89' lang='lat' dir='ltr'><strong>ambulantes</strong></span> <span class='ocrx_word' id='word_1_460' title='bbox 2738 2980 2794 3026; x_wconf 89' lang='lat' dir='ltr'><strong>et</strong></span> <span class='ocrx_word' id='word_1_461' title='bbox 2821 2972 3077 3028; x_wconf 83' lang='lat' dir='ltr'><strong>sedentes</strong></span> <span class='ocrx_word' id='word_1_462' title='bbox 3106 2973 3378 3030; x_wconf 89' lang='lat' dir='ltr'><strong>interdum</strong></span> <span class='ocrx_word' id='word_1_463' title='bbox 3414 2984 3817 3047; x_wconf 82' lang='lat' dir='ltr'><strong>pungerentur,</strong></span> 
     </span>
    </p>
   </div>
   <div class='ocr_carea' id='block_1_61' title="bbox 2214 3061 3821 3131">
    <p class='ocr_par' dir='ltr' id='par_1_61' title="bbox 2214 3061 3821 3131">
     <span class='ocr_line' id='line_1_61' title="bbox 2214 3061 3821 3131; baseline 0.006 -16"><span class='ocrx_word' id='word_1_464' title='bbox 2214 3071 2268 3115; x_wconf 90' lang='lat' dir='ltr'><strong>et</strong></span> <span class='ocrx_word' id='word_1_465' title='bbox 2317 3061 2471 3131; x_wconf 75' lang='lat' dir='ltr'><strong>quasi</strong></span> <span class='ocrx_word' id='word_1_466' title='bbox 2503 3063 2605 3117; x_wconf 85' lang='lat' dir='ltr'><strong>hac</strong></span> <span class='ocrx_word' id='word_1_467' title='bbox 2655 3062 3028 3120; x_wconf 85' lang='lat' dir='ltr'><strong>admonitione</strong></span> <span class='ocrx_word' id='word_1_468' title='bbox 3074 3066 3485 3122; x_wconf 86' lang='lat' dir='ltr'><strong>retraherentur</strong></span> <span class='ocrx_word' id='word_1_469' title='bbox 3525 3066 3593 3122; x_wconf 77' lang='lat' dir='ltr'><strong>ad</strong></span> <span class='ocrx_word' id='word_1_470' title='bbox 3624 3065 3821 3125; x_wconf 60' lang='lat' dir='ltr'><strong>ofﬁcia</strong></span> 
     </span>
    </p>
   </div>
   <div class='ocr_carea' id='block_1_62' title="bbox 512 3147 3817 3232">
    <p class='ocr_par' dir='ltr' id='par_1_62' title="bbox 512 3147 3817 3232">
     <span class='ocr_line' id='line_1_62' title="bbox 512 3147 3817 3232; baseline 0 -19"><span class='ocrx_word' id='word_1_471' title='bbox 512 3158 741 3232; x_wconf 85' lang='lat' dir='ltr'><strong>populos</strong></span> <span class='ocrx_word' id='word_1_472' title='bbox 766 3156 1195 3228; x_wconf 86' lang='lat' dir='ltr'><strong>utsubjiciantur</strong></span> <span class='ocrx_word' id='word_1_473' title='bbox 1211 3156 1313 3223; x_wconf 89' lang='lat' dir='ltr'><strong>eis,</strong></span> <span class='ocrx_word' id='word_1_474' title='bbox 1342 3171 1446 3209; x_wconf 92' lang='lat' dir='ltr'><strong>non</strong></span> <span class='ocrx_word' id='word_1_475' title='bbox 1470 3170 1660 3225; x_wconf 82' lang='lat' dir='ltr'><strong>opera,</strong></span> <span class='ocrx_word' id='word_1_476' title='bbox 1688 3153 1782 3210; x_wconf 90' lang='lat' dir='ltr'><strong>sed</strong></span> <span class='ocrx_word' id='word_1_477' title='bbox 1798 3153 2104 3208; x_wconf 86' lang='lat' dir='ltr'><strong>doctrinam</strong></span> <span class='ocrx_word' id='word_1_478' title='bbox 2133 3147 2179 3210; x_wconf 88' lang='lat' dir='ltr'><strong>C</strong></span> <span class='ocrx_word' id='word_1_479' title='bbox 2212 3151 2515 3219; x_wconf 89' lang='lat' dir='ltr'><strong>Domini,et</strong></span> <span class='ocrx_word' id='word_1_480' title='bbox 2540 3153 2841 3210; x_wconf 87' lang='lat' dir='ltr'><strong>ministeria</strong></span> <span class='ocrx_word' id='word_1_481' title='bbox 2868 3156 3151 3227; x_wconf 55' lang='lat' dir='ltr'><strong>seryitutis</strong></span> <span class='ocrx_word' id='word_1_482' title='bbox 3181 3156 3470 3228; x_wconf 84' lang='lat' dir='ltr'><strong>ejus.Quia</strong></span> <span class='ocrx_word' id='word_1_483' title='bbox 3502 3173 3633 3229; x_wconf 84' lang='lat' dir='ltr'><strong>ergo</strong></span> <span class='ocrx_word' id='word_1_484' title='bbox 3653 3158 3817 3216; x_wconf 80' lang='lat' dir='ltr'><strong>dixe-</strong></span> 
     </span>
    </p>
   </div>
   <div class='ocr_carea' id='block_1_63' title="bbox 510 3248 2108 3320">
    <p class='ocr_par' dir='ltr' id='par_1_63' title="bbox 510 3248 2108 3320">
     <span class='ocr_line' id='line_1_63' title="bbox 510 3248 2108 3320; baseline -0.006 -11"><span class='ocrx_word' id='word_1_485' title='bbox 510 3253 937 3309; x_wconf 87' lang='lat' dir='ltr'><strong>considerantes.</strong></span> <span class='ocrx_word' id='word_1_486' title='bbox 996 3250 1150 3320; x_wconf 85' lang='lat' dir='ltr'><strong>Quod</strong></span> <span class='ocrx_word' id='word_1_487' title='bbox 1194 3259 1375 3305; x_wconf 92' lang='lat' dir='ltr'><strong>autem</strong></span> <span class='ocrx_word' id='word_1_488' title='bbox 1429 3250 1552 3304; x_wconf 89' lang='lat' dir='ltr'><strong>ait:</strong></span> <span class='ocrx_word' id='word_1_489' title='bbox 1590 3249 1763 3319; x_wconf 85' lang='lat' dir='ltr'><strong>Super</strong></span> <span class='ocrx_word' id='word_1_490' title='bbox 1805 3248 2108 3303; x_wconf 85' lang='lat' dir='ltr'><strong>cathedram</strong></span> 
     </span>
    </p>
   </div>
   <div class='ocr_carea' id='block_1_64' title="bbox 508 3339 2105 3417">
    <p class='ocr_par' dir='ltr' id='par_1_64' title="bbox 508 3339 2105 3417">
     <span class='ocr_line' id='line_1_64' title="bbox 508 3339 2105 3417; baseline -0.004 -17"><span class='ocrx_word' id='word_1_491' title='bbox 508 3344 683 3417; x_wconf 78' lang='lat' dir='ltr'><strong>Moysi</strong></span> <span class='ocrx_word' id='word_1_492' title='bbox 712 3344 954 3399; x_wconf 86' lang='lat' dir='ltr'><strong>sederunt</strong></span> <span class='ocrx_word' id='word_1_493' title='bbox 983 3342 1183 3399; x_wconf 70' lang='lat' dir='ltr'><strong>Scribae</strong></span> <span class='ocrx_word' id='word_1_494' title='bbox 1210 3351 1256 3396; x_wconf 85' lang='lat' dir='ltr'><strong>et</strong></span> <span class='ocrx_word' id='word_1_495' title='bbox 1291 3340 1553 3396; x_wconf 76' lang='lat' dir='ltr'><strong>Pharistei</strong></span> <span class='ocrx_word' id='word_1_496' title='bbox 1604 3358 1617 3395; x_wconf 91' lang='lat'><strong>:</strong></span> <span class='ocrx_word' id='word_1_497' title='bbox 1658 3356 1759 3410; x_wconf 87' lang='lat' dir='ltr'><strong>per</strong></span> <span class='ocrx_word' id='word_1_498' title='bbox 1786 3339 2105 3395; x_wconf 86' lang='lat' dir='ltr'><strong>cathedram</strong></span> 
     </span>
    </p>
   </div>
   <div class='ocr_carea' id='block_1_65' title="bbox 510 3433 2105 3510">
    <p class='ocr_par' dir='ltr' id='par_1_65' title="bbox 510 3433 2105 3510">
     <span class='ocr_line' id='line_1_65' title="bbox 510 3433 2105 3510; baseline -0.006 -14"><span class='ocrx_word' id='word_1_499' title='bbox 510 3441 815 3496; x_wconf 80' lang='lat' dir='ltr'><strong>doctrinam</strong></span> <span class='ocrx_word' id='word_1_500' title='bbox 839 3438 997 3510; x_wconf 85' lang='lat' dir='ltr'><strong>Legis</strong></span> <span class='ocrx_word' id='word_1_501' title='bbox 1015 3437 1276 3493; x_wconf 90' lang='lat' dir='ltr'><strong>ostendit.</strong></span> <span class='ocrx_word' id='word_1_502' title='bbox 1312 3436 1457 3507; x_wconf 86' lang='lat' dir='ltr'><strong>Ergo</strong></span> <span class='ocrx_word' id='word_1_503' title='bbox 1482 3447 1537 3491; x_wconf 87' lang='lat' dir='ltr'><strong>et</strong></span> <span class='ocrx_word' id='word_1_504' title='bbox 1574 3434 1710 3490; x_wconf 90' lang='lat' dir='ltr'><strong>illud</strong></span> <span class='ocrx_word' id='word_1_505' title='bbox 1739 3434 1883 3505; x_wconf 88' lang='lat' dir='ltr'><strong>quod</strong></span> <span class='ocrx_word' id='word_1_506' title='bbox 1908 3433 2105 3489; x_wconf 87' lang='lat' dir='ltr'><strong>dicitur</strong></span> 
     </span>
    </p>
   </div>
   <div class='ocr_carea' id='block_1_66' title="bbox 509 3524 2101 3602">
    <p class='ocr_par' dir='ltr' id='par_1_66' title="bbox 509 3524 2101 3602">
     <span class='ocr_line' id='line_1_66' title="bbox 509 3524 2101 3602; baseline -0.008 -11"><span class='ocrx_word' id='word_1_507' title='bbox 509 3535 563 3591; x_wconf 87' lang='lat' dir='ltr'><strong>in</strong></span> <span class='ocrx_word' id='word_1_508' title='bbox 585 3534 835 3592; x_wconf 86' lang='lat' dir='ltr'><strong>Psalmo:</strong></span> <span class='ocrx_word' id='word_1_509' title='bbox 885 3531 952 3587; x_wconf 89' lang='lat' dir='ltr'><strong>In</strong></span> <span class='ocrx_word' id='word_1_510' title='bbox 990 3531 1238 3586; x_wconf 80' lang='lat' dir='ltr'><strong>cathedra</strong></span> <span class='ocrx_word' id='word_1_511' title='bbox 1265 3529 1569 3602; x_wconf 78' lang='lat' dir='ltr'><strong>pestilentia:</strong></span> <span class='ocrx_word' id='word_1_512' title='bbox 1599 3546 1703 3585; x_wconf 88' lang='lat' dir='ltr'><strong>non</strong></span> <span class='ocrx_word' id='word_1_513' title='bbox 1746 3529 1875 3583; x_wconf 88' lang='lat' dir='ltr'><strong>sedit</strong></span> <span class='ocrx_word' id='word_1_514' title='bbox 1914 3524 2101 3601; x_wconf 84' lang='lat' dir='ltr'><strong>(Psal.</strong></span> 
     </span>
    </p>
   </div>
   <div class='ocr_carea' id='block_1_67' title="bbox 511 3620 2105 3697">
    <p class='ocr_par' dir='ltr' id='par_1_67' title="bbox 511 3620 2105 3697">
     <span class='ocr_line' id='line_1_67' title="bbox 511 3620 2105 3697; baseline -0.006 -14"><span class='ocrx_word' id='word_1_515' title='bbox 511 3644 551 3695; x_wconf 89' lang='grc' dir='ltr'><strong>ι,</strong></span> <span class='ocrx_word' id='word_1_516' title='bbox 581 3628 658 3697; x_wconf 77' lang='grc'><strong>1).</strong></span> <span class='ocrx_word' id='word_1_517' title='bbox 686 3628 781 3683; x_wconf 79' lang='lat' dir='ltr'><strong>Et:</strong></span> <span class='ocrx_word' id='word_1_518' title='bbox 811 3625 1098 3682; x_wconf 87' lang='lat' dir='ltr'><strong>Cathedras</strong></span> <span class='ocrx_word' id='word_1_519' title='bbox 1128 3624 1456 3678; x_wconf 82' lang='lat' dir='ltr'><strong>vendentium</strong></span> <span class='ocrx_word' id='word_1_520' title='bbox 1476 3621 1740 3676; x_wconf 88' lang='lat' dir='ltr'><strong>columbas</strong></span> <span class='ocrx_word' id='word_1_521' title='bbox 1767 3621 1944 3675; x_wconf 85' lang='lat' dir='ltr'><strong>evertit</strong></span> <span class='ocrx_word' id='word_1_522' title='bbox 1976 3620 2105 3691; x_wconf 90' lang='lat' dir='ltr'><strong>(Su-</strong></span> 
     </span>
    </p>
   </div>
   <div class='ocr_carea' id='block_1_68' title="bbox 511 3715 1951 3793">
    <p class='ocr_par' dir='ltr' id='par_1_68' title="bbox 511 3715 1951 3793">
     <span class='ocr_line' id='line_1_68' title="bbox 511 3715 1951 3793; baseline -0.005 -17"><span class='ocrx_word' id='word_1_523' title='bbox 511 3740 607 3793; x_wconf 83' lang='lat' dir='ltr'><strong>pra</strong></span> <span class='ocrx_word' id='word_1_524' title='bbox 636 3737 760 3787; x_wconf 84' lang='lat' dir='ltr'><strong>xxt;</strong></span> <span class='ocrx_word' id='word_1_525' title='bbox 795 3718 936 3774; x_wconf 77' lang='lat' dir='ltr'><strong>Mar.</strong></span> <span class='ocrx_word' id='word_1_526' title='bbox 963 3718 1043 3788; x_wconf 79' lang='grc' dir='ltr'><strong>ιι)</strong></span> <span class='ocrx_word' id='word_1_527' title='bbox 1070 3717 1375 3772; x_wconf 87' lang='lat' dir='ltr'><strong>doctrinam</strong></span> <span class='ocrx_word' id='word_1_528' title='bbox 1403 3715 1663 3771; x_wconf 90' lang='lat' dir='ltr'><strong>debemus</strong></span> <span class='ocrx_word' id='word_1_529' title='bbox 1682 3716 1951 3784; x_wconf 89' lang='lat' dir='ltr'><strong>accipere.</strong></span> 
     </span>
    </p>
   </div>
   <div class='ocr_carea' id='block_1_69' title="bbox 582 3810 2106 3885">
    <p class='ocr_par' dir='ltr' id='par_1_69' title="bbox 582 3810 2106 3885">
     <span class='ocr_line' id='line_1_69' title="bbox 582 3810 2106 3885; baseline -0.003 -15"><span class='ocrx_word' id='word_1_530' title='bbox 582 3814 765 3885; x_wconf 83' lang='lat' dir='ltr'><strong>(Vers.</strong></span> <span class='ocrx_word' id='word_1_531' title='bbox 794 3810 881 3882; x_wconf 69' lang='lat'><strong>4.)</strong></span> <span class='ocrx_word' id='word_1_532' title='bbox 919 3811 1151 3882; x_wconf 84' lang='lat' dir='ltr'><strong>Alligant</strong></span> <span class='ocrx_word' id='word_1_533' title='bbox 1182 3819 1354 3864; x_wconf 84' lang='lat' dir='ltr'><strong>autem</strong></span> <span class='ocrx_word' id='word_1_534' title='bbox 1386 3826 1541 3865; x_wconf 86' lang='lat' dir='ltr'><strong>onera</strong></span> <span class='ocrx_word' id='word_1_535' title='bbox 1571 3811 1750 3881; x_wconf 88' lang='lat' dir='ltr'><strong>gravia</strong></span> <span class='ocrx_word' id='word_1_536' title='bbox 1769 3820 1817 3865; x_wconf 84' lang='lat' dir='ltr'><strong>et</strong></span> <span class='ocrx_word' id='word_1_537' title='bbox 1859 3811 2106 3880; x_wconf 88' lang='lat' dir='ltr'><strong>importa-</strong></span> 
     </span>
    </p>
   </div>
   <div class='ocr_carea' id='block_1_70' title="bbox 508 3902 2103 3977">
    <p class='ocr_par' dir='ltr' id='par_1_70' title="bbox 508 3902 2103 3977">
     <span class='ocr_line' id='line_1_70' title="bbox 508 3902 2103 3977; baseline -0.002 -17"><span class='ocrx_word' id='word_1_538' title='bbox 508 3905 655 3972; x_wconf 90' lang='lat' dir='ltr'><strong>bilia,</strong></span> <span class='ocrx_word' id='word_1_539' title='bbox 685 3916 732 3959; x_wconf 90' lang='lat' dir='ltr'><strong>et</strong></span> <span class='ocrx_word' id='word_1_540' title='bbox 758 3905 1027 3977; x_wconf 87' lang='lat' dir='ltr'><strong>imponunt</strong></span> <span class='ocrx_word' id='word_1_541' title='bbox 1049 3905 1103 3957; x_wconf 88' lang='lat' dir='ltr'><strong>in</strong></span> <span class='ocrx_word' id='word_1_542' title='bbox 1122 3902 1363 3957; x_wconf 83' lang='lat' dir='ltr'><strong>humeros</strong></span> <span class='ocrx_word' id='word_1_543' title='bbox 1389 3902 1695 3970; x_wconf 87' lang='lat' dir='ltr'><strong>hominum;</strong></span> <span class='ocrx_word' id='word_1_544' title='bbox 1744 3902 1908 3975; x_wconf 85' lang='lat' dir='ltr'><strong>digito</strong></span> <span class='ocrx_word' id='word_1_545' title='bbox 1936 3912 2103 3957; x_wconf 87' lang='lat' dir='ltr'><strong>autem</strong></span> 
     </span>
    </p>
   </div>
   <div class='ocr_carea' id='block_1_71' title="bbox 507 3994 2102 4070">
    <p class='ocr_par' dir='ltr' id='par_1_71' title="bbox 507 3994 2102 4070">
     <span class='ocr_line' id='line_1_71' title="bbox 507 3994 2102 4070; baseline -0.003 -15"><span class='ocrx_word' id='word_1_546' title='bbox 507 4000 810 4070; x_wconf 88' lang='lat' dir='ltr'><strong>suo_nolunt</strong></span> <span class='ocrx_word' id='word_1_547' title='bbox 831 4015 890 4052; x_wconf 90' lang='lat' dir='ltr'><strong>ea</strong></span> <span class='ocrx_word' id='word_1_548' title='bbox 903 4012 1120 4051; x_wconf 88' lang='lat' dir='ltr'><strong>movere.</strong></span> <span class='ocrx_word' id='word_1_549' title='bbox 1139 3996 1252 4051; x_wconf 84' lang='lat' dir='ltr'><strong>Hoc</strong></span> <span class='ocrx_word' id='word_1_550' title='bbox 1273 3994 1608 4066; x_wconf 79' lang='lat' dir='ltr'><strong>generaliter</strong></span> <span class='ocrx_word' id='word_1_551' title='bbox 1630 3995 1894 4051; x_wconf 90' lang='lat' dir='ltr'><strong>adversus</strong></span> <span class='ocrx_word' id='word_1_552' title='bbox 1911 4010 2102 4050; x_wconf 90' lang='lat' dir='ltr'><strong>omnes</strong></span> 
     </span>
    </p>
   </div>
   <div class='ocr_carea' id='block_1_72' title="bbox 509 4087 2099 4163">
    <p class='ocr_par' dir='ltr' id='par_1_72' title="bbox 509 4087 2099 4163">
     <span class='ocr_line' id='line_1_72' title="bbox 509 4087 2099 4163; baseline -0.004 -14"><span class='ocrx_word' id='word_1_553' title='bbox 509 4092 819 4163; x_wconf 77' lang='lat' dir='ltr'><strong>magistros,</strong></span> <span class='ocrx_word' id='word_1_554' title='bbox 847 4090 936 4160; x_wconf 91' lang='lat' dir='ltr'><strong>qui</strong></span> <span class='ocrx_word' id='word_1_555' title='bbox 957 4100 979 4128; x_wconf 73' lang='grc' dir='ltr'>ε</span> <span class='ocrx_word' id='word_1_556' title='bbox 1002 4089 1185 4161; x_wconf 82' lang='lat' dir='ltr'><strong>gravia</strong></span> <span class='ocrx_word' id='word_1_557' title='bbox 1205 4087 1419 4157; x_wconf 87' lang='lat' dir='ltr'><strong>jubent,</strong></span> <span class='ocrx_word' id='word_1_558' title='bbox 1444 4093 1498 4142; x_wconf 89' lang='lat' dir='ltr'><strong>et</strong></span> <span class='ocrx_word' id='word_1_559' title='bbox 1518 4087 1727 4142; x_wconf 91' lang='lat' dir='ltr'><strong>minora</strong></span> <span class='ocrx_word' id='word_1_560' title='bbox 1751 4103 1857 4143; x_wconf 92' lang='lat' dir='ltr'><strong>non</strong></span> <span class='ocrx_word' id='word_1_561' title='bbox 1874 4087 2099 4143; x_wconf 77' lang='lat' dir='ltr'><strong>iaciunt.</strong></span> 
     </span>
    </p>
   </div>
   <div class='ocr_carea' id='block_1_73' title="bbox 508 4178 2099 4253">
    <p class='ocr_par' dir='ltr' id='par_1_73' title="bbox 508 4178 2099 4253">
     <span class='ocr_line' id='line_1_73' title="bbox 508 4178 2099 4253; baseline -0.004 -13"><span class='ocrx_word' id='word_1_562' title='bbox 508 4182 816 4240; x_wconf 82' lang='lat' dir='ltr'><strong>Notandum</strong></span> <span class='ocrx_word' id='word_1_563' title='bbox 846 4190 1028 4237; x_wconf 83' lang='lat' dir='ltr'><strong>autem</strong></span> <span class='ocrx_word' id='word_1_564' title='bbox 1058 4180 1217 4253; x_wconf 72' lang='lat'><strong>185</strong></span> <span class='ocrx_word' id='word_1_565' title='bbox 1247 4178 1391 4250; x_wconf 86' lang='lat' dir='ltr'><strong>quod</strong></span> <span class='ocrx_word' id='word_1_566' title='bbox 1432 4188 1487 4234; x_wconf 85' lang='lat' dir='ltr'><strong>et</strong></span> <span class='ocrx_word' id='word_1_567' title='bbox 1513 4178 1749 4246; x_wconf 85' lang='lat' dir='ltr'><strong>humeri,</strong></span> <span class='ocrx_word' id='word_1_568' title='bbox 1792 4190 1847 4234; x_wconf 89' lang='lat' dir='ltr'><strong>et</strong></span> <span class='ocrx_word' id='word_1_569' title='bbox 1875 4178 2099 4250; x_wconf 80' lang='lat' dir='ltr'><strong>digitus,</strong></span> 
     </span>
    </p>
   </div>
   <div class='ocr_carea' id='block_1_74' title="bbox 509 4272 2104 4344">
    <p class='ocr_par' dir='ltr' id='par_1_74' title="bbox 509 4272 2104 4344">
     <span class='ocr_line' id='line_1_74' title="bbox 509 4272 2104 4344; baseline -0.003 -12"><span class='ocrx_word' id='word_1_570' title='bbox 509 4287 564 4332; x_wconf 89' lang='lat' dir='ltr'><strong>et</strong></span> <span class='ocrx_word' id='word_1_571' title='bbox 593 4291 783 4343; x_wconf 88' lang='lat' dir='ltr'><strong>onera,</strong></span> <span class='ocrx_word' id='word_1_572' title='bbox 815 4284 871 4331; x_wconf 88' lang='lat' dir='ltr'><strong>et</strong></span> <span class='ocrx_word' id='word_1_573' title='bbox 896 4274 1132 4341; x_wconf 88' lang='lat' dir='ltr'><strong>vincula,</strong></span> <span class='ocrx_word' id='word_1_574' title='bbox 1165 4272 1359 4344; x_wconf 89' lang='lat' dir='ltr'><strong>quibus</strong></span> <span class='ocrx_word' id='word_1_575' title='bbox 1382 4272 1674 4342; x_wconf 86' lang='lat' dir='ltr'><strong>alligantur</strong></span> <span class='ocrx_word' id='word_1_576' title='bbox 1700 4285 1891 4341; x_wconf 85' lang='lat' dir='ltr'><strong>onera,</strong></span> <span class='ocrx_word' id='word_1_577' title='bbox 1941 4272 2104 4342; x_wconf 89' lang='lat' dir='ltr'><strong>spiri-</strong></span> 
     </span>
    </p>
   </div>
   <div class='ocr_carea' id='block_1_75' title="bbox 509 4366 1275 4438">
    <p class='ocr_par' dir='ltr' id='par_1_75' title="bbox 509 4366 1275 4438">
     <span class='ocr_line' id='line_1_75' title="bbox 509 4366 1275 4438; baseline -0.009 -12"><span class='ocrx_word' id='word_1_578' title='bbox 509 4370 729 4427; x_wconf 89' lang='lat' dir='ltr'><strong>tualiter</strong></span> <span class='ocrx_word' id='word_1_579' title='bbox 755 4366 1103 4438; x_wconf 86' lang='lat' dir='ltr'><strong>intelligenda</strong></span> <span class='ocrx_word' id='word_1_580' title='bbox 1130 4373 1275 4422; x_wconf 90' lang='lat' dir='ltr'><strong>sunt.</strong></span> 
     </span>
    </p>
   </div>
   <div class='ocr_carea' id='block_1_76' title="bbox 580 4455 2106 4536">
    <p class='ocr_par' dir='ltr' id='par_1_76' title="bbox 580 4455 2106 4536">
     <span class='ocr_line' id='line_1_76' title="bbox 580 4455 2106 4536; baseline -0.005 -17"><span class='ocrx_word' id='word_1_581' title='bbox 580 4462 777 4536; x_wconf 83' lang='lat' dir='ltr'><strong>(Vers.</strong></span> <span class='ocrx_word' id='word_1_582' title='bbox 803 4460 896 4532; x_wconf 84' lang='lat'><strong>5.)</strong></span> <span class='ocrx_word' id='word_1_583' title='bbox 938 4459 1128 4516; x_wconf 88' lang='lat' dir='ltr'><strong>Omnia</strong></span> <span class='ocrx_word' id='word_1_584' title='bbox 1159 4474 1317 4530; x_wconf 87' lang='lat' dir='ltr'><strong>opera</strong></span> <span class='ocrx_word' id='word_1_585' title='bbox 1343 4473 1439 4512; x_wconf 91' lang='lat' dir='ltr'><strong>sua</strong></span> <span class='ocrx_word' id='word_1_586' title='bbox 1465 4455 1697 4529; x_wconf 77' lang='lat' dir='ltr'><strong>faciunt,</strong></span> <span class='ocrx_word' id='word_1_587' title='bbox 1750 4465 1809 4511; x_wconf 90' lang='lat' dir='ltr'><strong>ut</strong></span> <span class='ocrx_word' id='word_1_588' title='bbox 1834 4456 2106 4512; x_wconf 85' lang='lat' dir='ltr'><strong>videantur</strong></span> 
     </span>
    </p>
   </div>
   <div class='ocr_carea' id='block_1_77' title="bbox 583 4616 1398 4692">
    <p class='ocr_par' dir='ltr' id='par_1_77' title="bbox 583 4616 1398 4692">
     <span class='ocr_line' id='line_1_77' title="bbox 583 4616 1398 4692; baseline -0.007 -15"><span class='ocrx_word' id='word_1_589' title='bbox 583 4633 610 4660; x_wconf 78' lang='grc' dir='ltr'>ι</span> <span class='ocrx_word' id='word_1_590' title='bbox 641 4620 882 4688; x_wconf 80' lang='lat' dir='ltr'><strong>Rhabb.,</strong></span> <span class='ocrx_word' id='word_1_591' title='bbox 914 4619 1004 4692; x_wconf 89' lang='lat' dir='ltr'><strong>qui</strong></span> <span class='ocrx_word' id='word_1_592' title='bbox 1035 4616 1398 4692; x_wconf 79' lang='lat' dir='ltr'><strong>Melchisedec.</strong></span> 
     </span>
    </p>
   </div>
   <div class='ocr_carea' id='block_1_78' title="bbox 583 4686 2110 4760">
    <p class='ocr_par' dir='ltr' id='par_1_78' title="bbox 583 4686 2110 4760">
     <span class='ocr_line' id='line_1_78' title="bbox 583 4686 2110 4760; baseline -0.003 -11"><span class='ocrx_word' id='word_1_593' title='bbox 583 4692 611 4733; x_wconf 70' lang='grc' dir='ltr'>δ</span> <span class='ocrx_word' id='word_1_594' title='bbox 640 4686 1072 4749; x_wconf 64' lang='grc' dir='ltr'><strong>νξιτὶεηιέὀοωιι</strong></span> <span class='ocrx_word' id='word_1_595' title='bbox 1096 4689 1328 4745; x_wconf 83' lang='lat' dir='ltr'><strong>invicem</strong></span> <span class='ocrx_word' id='word_1_596' title='bbox 1362 4686 1530 4760; x_wconf 80' lang='lat' dir='ltr'><strong>nostri</strong></span> <span class='ocrx_word' id='word_1_597' title='bbox 1552 4702 1691 4760; x_wconf 88' lang='lat' dir='ltr'><strong>mss.</strong></span> <span class='ocrx_word' id='word_1_598' title='bbox 1728 4688 1785 4743; x_wconf 87' lang='lat' dir='ltr'><strong>In</strong></span> <span class='ocrx_word' id='word_1_599' title='bbox 1808 4689 1951 4757; x_wconf 87' lang='lat' dir='ltr'><strong>aliis,</strong></span> <span class='ocrx_word' id='word_1_600' title='bbox 1983 4689 2110 4760; x_wconf 88' lang='lat' dir='ltr'><strong>quid</strong></span> 
     </span>
    </p>
   </div>
   <div class='ocr_carea' id='block_1_79' title="bbox 513 4758 2109 4836">
    <p class='ocr_par' dir='ltr' id='par_1_79' title="bbox 513 4758 2109 4836">
     <span class='ocr_line' id='line_1_79' title="bbox 513 4758 2109 4836; baseline -0.003 -16"><span class='ocrx_word' id='word_1_601' title='bbox 513 4764 779 4836; x_wconf 82' lang='lat' dir='ltr'><strong>benignius</strong></span> <span class='ocrx_word' id='word_1_602' title='bbox 801 4764 828 4817; x_wconf 81' lang='lat'><strong><em>?</em></strong></span> <span class='ocrx_word' id='word_1_603' title='bbox 855 4760 1081 4817; x_wconf 87' lang='lat' dir='ltr'><strong>Domino</strong></span> <span class='ocrx_word' id='word_1_604' title='bbox 1107 4770 1299 4815; x_wconf 89' lang='lat' dir='ltr'><strong>tentato</strong></span> <span class='ocrx_word' id='word_1_605' title='bbox 1327 4777 1360 4813; x_wconf 91' lang='lat' dir='ltr'><strong>a</strong></span> <span class='ocrx_word' id='word_1_606' title='bbox 1390 4758 1679 4814; x_wconf 73' lang='lat' dir='ltr'><strong>Pharisa&#39;is</strong></span> <span class='ocrx_word' id='word_1_607' title='bbox 1707 4801 1721 4824; x_wconf 94' lang='lat'><strong>,</strong></span> <span class='ocrx_word' id='word_1_608' title='bbox 1753 4771 1883 4826; x_wconf 88' lang='lat' dir='ltr'><strong>cte.,</strong></span> <span class='ocrx_word' id='word_1_609' title='bbox 1906 4762 1961 4814; x_wconf 90' lang='lat' dir='ltr'><strong>in</strong></span> <span class='ocrx_word' id='word_1_610' title='bbox 1990 4758 2109 4815; x_wconf 83' lang='lat' dir='ltr'><strong>aliis</strong></span> 
     </span>
    </p>
   </div>
   <div class='ocr_carea' id='block_1_80' title="bbox 510 4834 1212 4902">
    <p class='ocr_par' dir='ltr' id='par_1_80' title="bbox 510 4834 1212 4902">
     <span class='ocr_line' id='line_1_80' title="bbox 510 4834 1212 4902; baseline -0.01 -10"><span class='ocrx_word' id='word_1_611' title='bbox 510 4834 793 4902; x_wconf 76' lang='lat' dir='ltr'><strong>Dominus,</strong></span> <span class='ocrx_word' id='word_1_612' title='bbox 824 4843 1071 4901; x_wconf 85' lang='lat' dir='ltr'><strong>tentatur,</strong></span> <span class='ocrx_word' id='word_1_613' title='bbox 1105 4839 1212 4888; x_wconf 85' lang='lat' dir='ltr'><strong>etc.</strong></span> 
     </span>
    </p>
   </div>
   <div class='ocr_carea' id='block_1_81' title="bbox 588 4900 2105 4974">
    <p class='ocr_par' dir='ltr' id='par_1_81' title="bbox 588 4900 2105 4974">
     <span class='ocr_line' id='line_1_81' title="bbox 588 4900 2105 4974; baseline -0.002 -13"><span class='ocrx_word' id='word_1_614' title='bbox 588 4918 612 4947; x_wconf 83' lang='grc' dir='ltr'><strong><em>ο</em></strong></span> <span class='ocrx_word' id='word_1_615' title='bbox 645 4900 904 4962; x_wconf 78' lang='lat' dir='ltr'><strong>Fortasse</strong></span> <span class='ocrx_word' id='word_1_616' title='bbox 933 4904 1115 4959; x_wconf 85' lang='lat' dir='ltr'><strong>verius</strong></span> <span class='ocrx_word' id='word_1_617' title='bbox 1144 4902 1318 4970; x_wconf 74' lang='lat' dir='ltr'><strong>nostri</strong></span> <span class='ocrx_word' id='word_1_618' title='bbox 1342 4918 1498 4967; x_wconf 89' lang='lat' dir='ltr'><strong>mss.,</strong></span> <span class='ocrx_word' id='word_1_619' title='bbox 1539 4903 1626 4974; x_wconf 81' lang='lat' dir='ltr'><strong>qui</strong></span> <span class='ocrx_word' id='word_1_620' title='bbox 1656 4900 1878 4974; x_wconf 82' lang='lat' dir='ltr'><strong>grandia</strong></span> <span class='ocrx_word' id='word_1_621' title='bbox 1901 4902 2105 4973; x_wconf 83' lang='lat' dir='ltr'><strong>jubent.</strong></span> 
     </span>
    </p>
   </div>
   <div class='ocr_carea' id='block_1_82' title="bbox 584 4972 2104 5044">
    <p class='ocr_par' dir='ltr' id='par_1_82' title="bbox 584 4972 2104 5044">
     <span class='ocr_line' id='line_1_82' title="bbox 584 4972 2104 5044; baseline -0.003 -11"><span class='ocrx_word' id='word_1_622' title='bbox 584 4976 609 5015; x_wconf 76' lang='grc' dir='ltr'><strong>ι¹</strong></span> <span class='ocrx_word' id='word_1_623' title='bbox 644 4977 908 5035; x_wconf 62' lang='lat' dir='ltr'><strong>Hebraeus</strong></span> <span class='ocrx_word' id='word_1_624' title='bbox 949 4976 1113 5032; x_wconf 85' lang='lat' dir='ltr'><strong>habet</strong></span> <span class='ocrx_word' id='word_1_625' title='bbox 1140 4982 1325 5037; x_wconf 66' lang='lat' dir='ltr'><strong>nam:</strong></span> <span class='ocrx_word' id='word_1_626' title='bbox 1354 5016 1369 5036; x_wconf 85' lang='lat'><strong>.</strong></span> <span class='ocrx_word' id='word_1_627' title='bbox 1413 4972 1703 5042; x_wconf 75' lang='lat' dir='ltr'><strong>frontalia,</strong></span> <span class='ocrx_word' id='word_1_628' title='bbox 1733 4972 2104 5044; x_wconf 60' lang='lat' dir='ltr'><strong>Septuaginta.</strong></span> 
     </span>
    </p>
   </div>
   <div class='ocr_carea' id='block_1_83' title="bbox 511 5043 2104 5119">
    <p class='ocr_par' dir='ltr' id='par_1_83' title="bbox 511 5043 2104 5119">
     <span class='ocr_line' id='line_1_83' title="bbox 511 5043 2104 5119; baseline -0.003 -16"><span class='ocrx_word' id='word_1_629' title='bbox 511 5066 672 5113; x_wconf 82' lang='lat' dir='ltr'><strong>vero,</strong></span> <span class='ocrx_word' id='word_1_630' title='bbox 698 5052 763 5101; x_wconf 85' lang='lat' dir='ltr'><strong>ad</strong></span> <span class='ocrx_word' id='word_1_631' title='bbox 788 5063 1023 5119; x_wconf 89' lang='lat' dir='ltr'><strong>quorum</strong></span> <span class='ocrx_word' id='word_1_632' title='bbox 1056 5048 1145 5100; x_wconf 92' lang='lat' dir='ltr'><strong>hic</strong></span> <span class='ocrx_word' id='word_1_633' title='bbox 1167 5063 1228 5101; x_wconf 79' lang='lat' dir='ltr'><strong>se</strong></span> <span class='ocrx_word' id='word_1_634' title='bbox 1253 5050 1312 5102; x_wconf 75' lang='grc' dir='ltr'><strong>δ.</strong></span> <span class='ocrx_word' id='word_1_635' title='bbox 1339 5045 1504 5101; x_wconf 85' lang='lat' dir='ltr'><strong>Pater</strong></span> <span class='ocrx_word' id='word_1_636' title='bbox 1531 5046 1801 5119; x_wconf 76' lang='lat' dir='ltr'><strong>rationem</strong></span> <span class='ocrx_word' id='word_1_637' title='bbox 1820 5043 2104 5119; x_wconf 18' lang='lat' dir='ltr'><strong>Aeli&#39;ortnat,</strong></span> 
     </span>
    </p>
   </div>
   <div class='ocr_carea' id='block_1_84' title="bbox 510 5115 2105 5189">
    <p class='ocr_par' dir='ltr' id='par_1_84' title="bbox 510 5115 2105 5189">
     <span class='ocr_line' id='line_1_84' title="bbox 510 5115 2105 5189; baseline -0.006 -9"><span class='ocrx_word' id='word_1_638' title='bbox 510 5121 777 5180; x_wconf 77' lang='grc' dir='ltr'>ἀσαλευτά</span> <span class='ocrx_word' id='word_1_639' title='bbox 798 5115 820 5186; x_wconf 70' lang='grc'><em>,’</em></span> <span class='ocrx_word' id='word_1_640' title='bbox 848 5118 993 5189; x_wconf 90' lang='lat' dir='ltr'><strong>quod</strong></span> <span class='ocrx_word' id='word_1_641' title='bbox 1040 5126 1157 5189; x_wconf 81' lang='lat' dir='ltr'><strong>est,</strong></span> <span class='ocrx_word' id='word_1_642' title='bbox 1208 5119 1463 5189; x_wconf 87' lang='lat' dir='ltr'><strong>immota:</strong></span> <span class='ocrx_word' id='word_1_643' title='bbox 1493 5127 1684 5171; x_wconf 88' lang='lat' dir='ltr'><strong>contra</strong></span> <span class='ocrx_word' id='word_1_644' title='bbox 1713 5115 1906 5189; x_wconf 61' lang='lat' dir='ltr'><strong>Latina</strong></span> <span class='ocrx_word' id='word_1_645' title='bbox 1934 5118 2105 5171; x_wconf 84' lang='lat' dir='ltr'><strong>inter-</strong></span> 
     </span>
    </p>
   </div>
   <div class='ocr_carea' id='block_1_85' title="bbox 510 5186 2102 5262">
    <p class='ocr_par' dir='ltr' id='par_1_85' title="bbox 510 5186 2102 5262">
     <span class='ocr_line' id='line_1_85' title="bbox 510 5186 2102 5262; baseline -0.004 -14"><span class='ocrx_word' id='word_1_646' title='bbox 510 5195 748 5262; x_wconf 86' lang='lat' dir='ltr'><strong>pretatio</strong></span> <span class='ocrx_word' id='word_1_647' title='bbox 772 5231 811 5262; x_wconf 20' lang='grc' dir='ltr'><strong>,γ</strong></span> <span class='ocrx_word' id='word_1_648' title='bbox 840 5186 887 5246; x_wconf 75' lang='lat' dir='ltr'><strong>et</strong></span> <span class='ocrx_word' id='word_1_649' title='bbox 915 5188 1258 5262; x_wconf 80' lang='lat' dir='ltr'><strong>movebuntur</strong></span> <span class='ocrx_word' id='word_1_650' title='bbox 1283 5188 1426 5254; x_wconf 81' lang='lat' dir='ltr'><strong>qttod</strong></span> <span class='ocrx_word' id='word_1_651' title='bbox 1456 5190 1686 5255; x_wconf 81' lang='lat' dir='ltr'><strong>ipsemet</strong></span> <span class='ocrx_word' id='word_1_652' title='bbox 1724 5186 1946 5241; x_wconf 89' lang='lat' dir='ltr'><strong>llieron.</strong></span> <span class='ocrx_word' id='word_1_653' title='bbox 1965 5202 2102 5262; x_wconf 66' lang='lat' dir='ltr'><strong>ver-</strong></span> 
     </span>
    </p>
   </div>
   <div class='ocr_carea' id='block_1_86' title="bbox 511 5257 2099 5329">
    <p class='ocr_par' dir='ltr' id='par_1_86' title="bbox 511 5257 2099 5329">
     <span class='ocr_line' id='line_1_86' title="bbox 511 5257 2099 5329; baseline -0.005 -10"><span class='ocrx_word' id='word_1_654' title='bbox 511 5257 644 5319; x_wconf 78' lang='lat' dir='ltr'><strong>terit</strong></span> <span class='ocrx_word' id='word_1_655' title='bbox 672 5279 736 5320; x_wconf 76' lang='lat' dir='ltr'><strong>ex</strong></span> <span class='ocrx_word' id='word_1_656' title='bbox 768 5260 1019 5317; x_wconf 82' lang='lat' dir='ltr'><strong>Hebraici</strong></span> <span class='ocrx_word' id='word_1_657' title='bbox 1048 5259 1196 5315; x_wconf 84' lang='lat' dir='ltr'><strong>verbi</strong></span> <span class='ocrx_word' id='word_1_658' title='bbox 1221 5267 1352 5323; x_wconf 59' lang='lat' dir='ltr'><strong>vim:</strong></span> <span class='ocrx_word' id='word_1_659' title='bbox 1381 5267 1716 5329; x_wconf 75' lang='lat' dir='ltr'><strong>proprietate</strong></span> <span class='ocrx_word' id='word_1_660' title='bbox 1740 5300 1755 5323; x_wconf 92' lang='lat'><strong>,</strong></span> <span class='ocrx_word' id='word_1_661' title='bbox 1787 5272 1891 5324; x_wconf 80' lang='lat' dir='ltr'><strong>qua</strong></span> <span class='ocrx_word' id='word_1_662' title='bbox 1933 5257 2099 5329; x_wconf 83' lang='lat' dir='ltr'><strong>signi-</strong></span> 
     </span>
    </p>
   </div>
   <div class='ocr_carea' id='block_1_87' title="bbox 511 5328 2101 5400">
    <p class='ocr_par' dir='ltr' id='par_1_87' title="bbox 511 5328 2101 5400">
     <span class='ocr_line' id='line_1_87' title="bbox 511 5328 2101 5400; baseline -0.003 -11"><span class='ocrx_word' id='word_1_663' title='bbox 511 5335 639 5390; x_wconf 73' lang='lat' dir='ltr'><strong>ﬁcm</strong></span> <span class='ocrx_word' id='word_1_664' title='bbox 664 5334 717 5387; x_wconf 91' lang='lat' dir='ltr'><strong>in</strong></span> <span class='ocrx_word' id='word_1_665' title='bbox 752 5332 1058 5388; x_wconf 85' lang='lat' dir='ltr'><strong>incedendo</strong></span> <span class='ocrx_word' id='word_1_666' title='bbox 1086 5346 1288 5400; x_wconf 90' lang='lat' dir='ltr'><strong>corpus</strong></span> <span class='ocrx_word' id='word_1_667' title='bbox 1307 5372 1322 5396; x_wconf 94' lang='lat'><strong>,</strong></span> <span class='ocrx_word' id='word_1_668' title='bbox 1352 5340 1446 5384; x_wconf 85' lang='lat' dir='ltr'><strong>aut</strong></span> <span class='ocrx_word' id='word_1_669' title='bbox 1473 5328 1675 5399; x_wconf 83' lang='lat' dir='ltr'><strong>aliquid</strong></span> <span class='ocrx_word' id='word_1_670' title='bbox 1697 5328 1842 5400; x_wconf 86' lang='lat' dir='ltr'><strong>aliud</strong></span> <span class='ocrx_word' id='word_1_671' title='bbox 1872 5328 2101 5399; x_wconf 78' lang='lat' dir='ltr'><strong>agitare,</strong></span> 
     </span>
    </p>
   </div>
   <div class='ocr_carea' id='block_1_88' title="bbox 508 5399 2100 5471">
    <p class='ocr_par' dir='ltr' id='par_1_88' title="bbox 508 5399 2100 5471">
     <span class='ocr_line' id='line_1_88' title="bbox 508 5399 2100 5471; baseline -0.005 -10"><span class='ocrx_word' id='word_1_672' title='bbox 508 5414 565 5461; x_wconf 89' lang='lat' dir='ltr'><strong>et</strong></span> <span class='ocrx_word' id='word_1_673' title='bbox 589 5421 806 5462; x_wconf 86' lang='lat' dir='ltr'><strong>movere</strong></span> <span class='ocrx_word' id='word_1_674' title='bbox 840 5419 855 5458; x_wconf 87' lang='lat'><strong>:</strong></span> <span class='ocrx_word' id='word_1_675' title='bbox 881 5419 989 5471; x_wconf 89' lang='lat' dir='ltr'><strong>quo</strong></span> <span class='ocrx_word' id='word_1_676' title='bbox 1020 5399 1268 5458; x_wconf 81' lang='lat' dir='ltr'><strong>sensuin</strong></span> <span class='ocrx_word' id='word_1_677' title='bbox 1294 5401 1539 5471; x_wconf 76' lang='lat' dir='ltr'><strong>subnexa</strong></span> <span class='ocrx_word' id='word_1_678' title='bbox 1585 5399 1932 5471; x_wconf 79' lang='lat' dir='ltr'><strong>expositione</strong></span> <span class='ocrx_word' id='word_1_679' title='bbox 1960 5401 2100 5454; x_wconf 89' lang='lat' dir='ltr'><strong>Pha-</strong></span> 
     </span>
    </p>
   </div>
   <div class='ocr_carea' id='block_1_89' title="bbox 506 5469 2105 5543">
    <p class='ocr_par' dir='ltr' id='par_1_89' title="bbox 506 5469 2105 5543">
     <span class='ocr_line' id='line_1_89' title="bbox 506 5469 2105 5543; baseline -0.003 -11"><span class='ocrx_word' id='word_1_680' title='bbox 506 5477 797 5533; x_wconf 66' lang='lat' dir='ltr'><strong>risaeorum</strong></span> <span class='ocrx_word' id='word_1_681' title='bbox 840 5469 1093 5528; x_wconf 75' lang='lat' dir='ltr'><strong>frontalia</strong></span> <span class='ocrx_word' id='word_1_682' title='bbox 1140 5472 1428 5528; x_wconf 87' lang='lat' dir='ltr'><strong>describit.</strong></span> <span class='ocrx_word' id='word_1_683' title='bbox 1476 5469 1680 5527; x_wconf 80' lang='lat' dir='ltr'><strong>Confer</strong></span> <span class='ocrx_word' id='word_1_684' title='bbox 1725 5470 1873 5543; x_wconf 19' lang='lat' dir='ltr'><strong>adeo.</strong></span> <span class='ocrx_word' id='word_1_685' title='bbox 1910 5471 2105 5527; x_wconf 89' lang='lat' dir='ltr'><strong>subsc-</strong></span> 
     </span>
    </p>
   </div>
   <div class='ocr_carea' id='block_1_90' title="bbox 506 5548 1237 5619">
    <p class='ocr_par' dir='ltr' id='par_1_90' title="bbox 506 5548 1237 5619">
     <span class='ocr_line' id='line_1_90' title="bbox 506 5548 1237 5619; baseline -0.01 -16"><span class='ocrx_word' id='word_1_686' title='bbox 506 5559 765 5619; x_wconf 87' lang='lat' dir='ltr'><strong>quentem</strong></span> <span class='ocrx_word' id='word_1_687' title='bbox 797 5548 1237 5619; x_wconf 85' lang='lat' dir='ltr'><strong>annotatiooem.</strong></span> 
     </span>
    </p>
   </div>
   <div class='ocr_carea' id='block_1_91' title="bbox 582 5613 2097 5684">
    <p class='ocr_par' dir='ltr' id='par_1_91' title="bbox 582 5613 2097 5684">
     <span class='ocr_line' id='line_1_91' title="bbox 582 5613 2097 5684; baseline -0.003 -12"><span class='ocrx_word' id='word_1_688' title='bbox 582 5628 605 5655; x_wconf 78' lang='lat'><strong><em>°</em></strong></span> <span class='ocrx_word' id='word_1_689' title='bbox 639 5619 811 5674; x_wconf 81' lang='lat' dir='ltr'><strong>Antea</strong></span> <span class='ocrx_word' id='word_1_690' title='bbox 842 5627 961 5673; x_wconf 86' lang='lat' dir='ltr'><strong>erat</strong></span> <span class='ocrx_word' id='word_1_691' title='bbox 986 5657 1002 5679; x_wconf 96' lang='lat'><strong>,</strong></span> <span class='ocrx_word' id='word_1_692' title='bbox 1028 5614 1359 5671; x_wconf 88' lang='lat' dir='ltr'><strong>membranis.</strong></span> <span class='ocrx_word' id='word_1_693' title='bbox 1389 5613 1488 5668; x_wconf 87' lang='lat' dir='ltr'><strong>His</strong></span> <span class='ocrx_word' id='word_1_694' title='bbox 1517 5628 1681 5684; x_wconf 86' lang='lat' dir='ltr'><strong>porro</strong></span> <span class='ocrx_word' id='word_1_695' title='bbox 1706 5613 1920 5684; x_wconf 76' lang='lat' dir='ltr'><strong>gemina</strong></span> <span class='ocrx_word' id='word_1_696' title='bbox 1948 5621 2097 5679; x_wconf 91' lang='lat' dir='ltr'><strong>sunt,</strong></span> 
     </span>
    </p>
   </div>
   <div class='ocr_carea' id='block_1_92' title="bbox 504 5685 2097 5756">
    <p class='ocr_par' dir='ltr' id='par_1_92' title="bbox 504 5685 2097 5756">
     <span class='ocr_line' id='line_1_92' title="bbox 504 5685 2097 5756; baseline -0.002 -16"><span class='ocrx_word' id='word_1_697' title='bbox 504 5706 627 5756; x_wconf 70' lang='lat' dir='ltr'><strong>quae</strong></span> <span class='ocrx_word' id='word_1_698' title='bbox 663 5691 826 5742; x_wconf 80' lang='lat' dir='ltr'><strong>habet</strong></span> <span class='ocrx_word' id='word_1_699' title='bbox 859 5690 917 5742; x_wconf 76' lang='lat' dir='ltr'><strong>S.</strong></span> <span class='ocrx_word' id='word_1_700' title='bbox 950 5688 1109 5740; x_wconf 79' lang='lat' dir='ltr'><strong>l‘alcr</strong></span> <span class='ocrx_word' id='word_1_701' title='bbox 1131 5686 1195 5741; x_wconf 71' lang='lat' dir='ltr'><strong>:td</strong></span> <span class='ocrx_word' id='word_1_702' title='bbox 1228 5685 1531 5741; x_wconf 82' lang='lat' dir='ltr'><strong>Ezechielis</strong></span> <span class='ocrx_word' id='word_1_703' title='bbox 1561 5700 1690 5756; x_wconf 81' lang='lat' dir='ltr'><strong>cap.</strong></span> <span class='ocrx_word' id='word_1_704' title='bbox 1721 5700 1844 5740; x_wconf 70' lang='lat' dir='ltr'><strong>XXIV</strong></span> <span class='ocrx_word' id='word_1_705' title='bbox 1869 5700 1884 5738; x_wconf 85' lang='lat'>:</span> <span class='ocrx_word' id='word_1_706' title='bbox 1913 5686 2097 5737; x_wconf 79' lang='lat' dir='ltr'><strong>Aiunt.</strong></span> 
     </span>
    </p>
   </div>
   <div class='ocr_carea' id='block_1_93' title="bbox 506 5755 2099 5829">
    <p class='ocr_par' dir='ltr' id='par_1_93' title="bbox 506 5755 2099 5829">
     <span class='ocr_line' id='line_1_93' title="bbox 506 5755 2099 5829; baseline -0.005 -13"><span class='ocrx_word' id='word_1_707' title='bbox 506 5755 716 5816; x_wconf 66' lang='grc' dir='ltr'><strong>ΗΛ)νωὶ</strong></span> <span class='ocrx_word' id='word_1_708' title='bbox 743 5757 1005 5829; x_wconf 86' lang='lat' dir='ltr'><strong>hucusque</strong></span> <span class='ocrx_word' id='word_1_709' title='bbox 1029 5756 1342 5827; x_wconf 80' lang='lat' dir='ltr'><strong>Babylonios</strong></span> <span class='ocrx_word' id='word_1_710' title='bbox 1364 5755 1642 5828; x_wconf 85' lang='lat' dir='ltr'><strong>magistros</strong></span> <span class='ocrx_word' id='word_1_711' title='bbox 1663 5755 1815 5828; x_wconf 82' lang='lat' dir='ltr'><strong>Legis</strong></span> <span class='ocrx_word' id='word_1_712' title='bbox 1844 5765 2099 5828; x_wconf 67' lang='lat' dir='ltr'><strong>pracepta</strong></span> 
     </span>
    </p>
   </div>
   <div class='ocr_carea' id='block_1_94' title="bbox 2211 3246 3819 3321">
    <p class='ocr_par' dir='ltr' id='par_1_94' title="bbox 2211 3246 3819 3321">
     <span class='ocr_line' id='line_1_94' title="bbox 2211 3246 3819 3321; baseline 0.005 -22"><span class='ocrx_word' id='word_1_713' title='bbox 2211 3255 2292 3299; x_wconf 88' lang='lat' dir='ltr'><strong>rat</strong></span> <span class='ocrx_word' id='word_1_714' title='bbox 2322 3246 2587 3302; x_wconf 88' lang='lat' dir='ltr'><strong>Dominus</strong></span> <span class='ocrx_word' id='word_1_715' title='bbox 2612 3264 2625 3300; x_wconf 89' lang='lat'><strong>:</strong></span> <span class='ocrx_word' id='word_1_716' title='bbox 2661 3247 2854 3302; x_wconf 82' lang='lat' dir='ltr'><strong>Omnia</strong></span> <span class='ocrx_word' id='word_1_717' title='bbox 2882 3265 3044 3320; x_wconf 85' lang='lat' dir='ltr'><strong>opera</strong></span> <span class='ocrx_word' id='word_1_718' title='bbox 3063 3266 3161 3304; x_wconf 91' lang='lat' dir='ltr'><strong>sua</strong></span> <span class='ocrx_word' id='word_1_719' title='bbox 3188 3251 3420 3321; x_wconf 81' lang='lat' dir='ltr'><strong>faciunt,</strong></span> <span class='ocrx_word' id='word_1_720' title='bbox 3446 3261 3501 3305; x_wconf 90' lang='lat' dir='ltr'><strong>ut</strong></span> <span class='ocrx_word' id='word_1_721' title='bbox 3528 3250 3819 3307; x_wconf 87' lang='lat' dir='ltr'><strong>videantur</strong></span> 
     </span>
    </p>
   </div>
   <div class='ocr_carea' id='block_1_95' title="bbox 2219 3339 3813 3414">
    <p class='ocr_par' dir='ltr' id='par_1_95' title="bbox 2219 3339 3813 3414">
     <span class='ocr_line' id='line_1_95' title="bbox 2219 3339 3813 3414; baseline 0.004 -22"><span class='ocrx_word' id='word_1_722' title='bbox 2219 3339 2379 3411; x_wconf 74' lang='lat'><strong>186</strong></span> <span class='ocrx_word' id='word_1_723' title='bbox 2396 3342 2459 3393; x_wconf 85' lang='lat' dir='ltr'><strong>ab</strong></span> <span class='ocrx_word' id='word_1_724' title='bbox 2507 3339 2847 3407; x_wconf 86' lang='lat' dir='ltr'><strong>hominibus;</strong></span> <span class='ocrx_word' id='word_1_725' title='bbox 2906 3342 3049 3413; x_wconf 91' lang='lat' dir='ltr'><strong>quod</strong></span> <span class='ocrx_word' id='word_1_726' title='bbox 3103 3343 3429 3414; x_wconf 77' lang='lat' dir='ltr'><strong>generaliter</strong></span> <span class='ocrx_word' id='word_1_727' title='bbox 3476 3354 3761 3399; x_wconf 79' lang='lat' dir='ltr'><strong>accusarat</strong></span> <span class='ocrx_word' id='word_1_728' title='bbox 3791 3387 3813 3414; x_wconf 86' lang='lat'><strong>,</strong></span> 
     </span>
    </p>
   </div>
   <div class='ocr_carea' id='block_1_96' title="bbox 2209 3426 3809 3515">
    <p class='ocr_par' dir='ltr' id='par_1_96' title="bbox 2209 3426 3809 3515">
     <span class='ocr_line' id='line_1_96' title="bbox 2209 3426 3809 3515; baseline 0.004 -24"><span class='ocrx_word' id='word_1_729' title='bbox 2209 3453 2353 3492; x_wconf 92' lang='lat' dir='ltr'><strong>nunc</strong></span> <span class='ocrx_word' id='word_1_730' title='bbox 2393 3453 2491 3508; x_wconf 89' lang='lat' dir='ltr'><strong>per</strong></span> <span class='ocrx_word' id='word_1_731' title='bbox 2528 3440 2711 3509; x_wconf 82' lang='lat' dir='ltr'><strong>partes</strong></span> <span class='ocrx_word' id='word_1_732' title='bbox 2744 3440 2963 3496; x_wconf 87' lang='lat' dir='ltr'><strong>dividit.</strong></span> <span class='ocrx_word' id='word_1_733' title='bbox 2994 3451 3019 3488; x_wconf 82' lang='lat'><strong><em>8</em></strong></span> <span class='ocrx_word' id='word_1_734' title='bbox 3049 3440 3335 3498; x_wconf 80' lang='lat' dir='ltr'><strong>Pictatiola</strong></span> <span class='ocrx_word' id='word_1_735' title='bbox 3385 3426 3477 3498; x_wconf 84' lang='lat' dir='ltr'><strong>illa</strong></span> <span class='ocrx_word' id='word_1_736' title='bbox 3509 3443 3764 3515; x_wconf 89' lang='lat' dir='ltr'><strong>Decalogi</strong></span> <span class='ocrx_word' id='word_1_737' title='bbox 3791 3488 3809 3509; x_wconf 92' lang='lat'><strong>,</strong></span> 
     </span>
    </p>
   </div>
   <div class='ocr_carea' id='block_1_97' title="bbox 2207 3538 3817 3615">
    <p class='ocr_par' dir='ltr' id='par_1_97' title="bbox 2207 3538 3817 3615">
     <span class='ocr_line' id='line_1_97' title="bbox 2207 3538 3817 3615; baseline 0.006 -24"><span class='ocrx_word' id='word_1_738' title='bbox 2207 3538 2540 3610; x_wconf 87' lang='lat' dir='ltr'><strong>phylacteria</strong></span> <span class='ocrx_word' id='word_1_739' title='bbox 2585 3540 2892 3596; x_wconf 89' lang='lat' dir='ltr'><strong>vocabant:</strong></span> <span class='ocrx_word' id='word_1_740' title='bbox 2933 3542 3079 3612; x_wconf 89' lang='lat' dir='ltr'><strong>quod</strong></span> <span class='ocrx_word' id='word_1_741' title='bbox 3126 3546 3457 3615; x_wconf 87' lang='lat' dir='ltr'><strong>quicumque</strong></span> <span class='ocrx_word' id='word_1_742' title='bbox 3520 3543 3817 3601; x_wconf 83' lang='lat' dir='ltr'><strong>habuisset</strong></span> 
     </span>
    </p>
   </div>
   <div class='ocr_carea' id='block_1_98' title="bbox 2206 3638 3810 3709">
    <p class='ocr_par' dir='ltr' id='par_1_98' title="bbox 2206 3638 3810 3709">
     <span class='ocr_line' id='line_1_98' title="bbox 2206 3638 3810 3709; baseline 0.004 -16"><span class='ocrx_word' id='word_1_743' title='bbox 2206 3653 2293 3704; x_wconf 91' lang='lat' dir='ltr'><strong>ea,</strong></span> <span class='ocrx_word' id='word_1_744' title='bbox 2324 3638 2475 3709; x_wconf 85' lang='lat' dir='ltr'><strong>quasi</strong></span> <span class='ocrx_word' id='word_1_745' title='bbox 2498 3638 2569 3693; x_wconf 91' lang='lat' dir='ltr'><strong>ob</strong></span> <span class='ocrx_word' id='word_1_746' title='bbox 2594 3640 2899 3695; x_wconf 89' lang='lat' dir='ltr'><strong>custodiam</strong></span> <span class='ocrx_word' id='word_1_747' title='bbox 2921 3650 2977 3698; x_wconf 91' lang='lat' dir='ltr'><strong>et</strong></span> <span class='ocrx_word' id='word_1_748' title='bbox 2999 3644 3390 3699; x_wconf 90' lang='lat' dir='ltr'><strong>monimentum</strong></span> <span class='ocrx_word' id='word_1_749' title='bbox 3417 3644 3499 3699; x_wconf 87' lang='lat' dir='ltr'><strong>sui</strong></span> <span class='ocrx_word' id='word_1_750' title='bbox 3534 3643 3763 3700; x_wconf 87' lang='lat' dir='ltr'><strong>haberet</strong></span> <span class='ocrx_word' id='word_1_751' title='bbox 3793 3664 3810 3700; x_wconf 89' lang='lat'><strong>:</strong></span> 
     </span>
    </p>
   </div>
   <div class='ocr_carea' id='block_1_99' title="bbox 2208 3741 3810 3817">
    <p class='ocr_par' dir='ltr' id='par_1_99' title="bbox 2208 3741 3810 3817">
     <span class='ocr_line' id='line_1_99' title="bbox 2208 3741 3810 3817; baseline 0.006 -22"><span class='ocrx_word' id='word_1_752' title='bbox 2208 3756 2318 3796; x_wconf 92' lang='lat' dir='ltr'><strong>non</strong></span> <span class='ocrx_word' id='word_1_753' title='bbox 2357 3741 2786 3812; x_wconf 86' lang='lat' dir='ltr'><strong>intelligentibus</strong></span> <span class='ocrx_word' id='word_1_754' title='bbox 2824 3743 3115 3800; x_wconf 72' lang='lat' dir='ltr'><strong>Pbariszcis</strong></span> <span class='ocrx_word' id='word_1_755' title='bbox 3163 3745 3308 3817; x_wconf 90' lang='lat' dir='ltr'><strong>quod</strong></span> <span class='ocrx_word' id='word_1_756' title='bbox 3364 3746 3482 3803; x_wconf 68' lang='lat' dir='ltr'><strong>haec</strong></span> <span class='ocrx_word' id='word_1_757' title='bbox 3526 3747 3578 3801; x_wconf 91' lang='lat' dir='ltr'><strong>in</strong></span> <span class='ocrx_word' id='word_1_758' title='bbox 3631 3747 3810 3804; x_wconf 88' lang='lat' dir='ltr'><strong>corde</strong></span> 
     </span>
    </p>
   </div>
   <div class='ocr_carea' id='block_1_100' title="bbox 2209 3842 3810 3919">
    <p class='ocr_par' dir='ltr' id='par_1_100' title="bbox 2209 3842 3810 3919">
     <span class='ocr_line' id='line_1_100' title="bbox 2209 3842 3810 3919; baseline 0.006 -24"><span class='ocrx_word' id='word_1_759' title='bbox 2209 3842 2473 3913; x_wconf 85' lang='lat' dir='ltr'><strong>portanda</strong></span> <span class='ocrx_word' id='word_1_760' title='bbox 2494 3842 2635 3909; x_wconf 75' lang='lat' dir='ltr'><strong>sint,</strong></span> <span class='ocrx_word' id='word_1_761' title='bbox 2670 3859 2777 3900; x_wconf 92' lang='lat' dir='ltr'><strong>non</strong></span> <span class='ocrx_word' id='word_1_762' title='bbox 2812 3846 2865 3899; x_wconf 95' lang='lat' dir='ltr'><strong>in</strong></span> <span class='ocrx_word' id='word_1_763' title='bbox 2892 3861 3125 3916; x_wconf 89' lang='lat' dir='ltr'><strong>corpore</strong></span> <span class='ocrx_word' id='word_1_764' title='bbox 3152 3862 3167 3902; x_wconf 90' lang='lat'><strong>:</strong></span> <span class='ocrx_word' id='word_1_765' title='bbox 3191 3846 3429 3917; x_wconf 89' lang='lat' dir='ltr'><strong>alioquin</strong></span> <span class='ocrx_word' id='word_1_766' title='bbox 3456 3856 3513 3904; x_wconf 88' lang='lat' dir='ltr'><strong>et</strong></span> <span class='ocrx_word' id='word_1_767' title='bbox 3541 3848 3810 3919; x_wconf 86' lang='lat' dir='ltr'><strong>armaria,</strong></span> 
     </span>
    </p>
   </div>
   <div class='ocr_carea' id='block_1_101' title="bbox 2205 3943 3805 4013">
    <p class='ocr_par' dir='ltr' id='par_1_101' title="bbox 2205 3943 3805 4013">
     <span class='ocr_line' id='line_1_101' title="bbox 2205 3943 3805 4013; baseline 0.005 -14"><span class='ocrx_word' id='word_1_768' title='bbox 2205 3952 2262 3999; x_wconf 91' lang='lat' dir='ltr'><strong>et</strong></span> <span class='ocrx_word' id='word_1_769' title='bbox 2290 3960 2431 4000; x_wconf 79' lang='lat' dir='ltr'><strong>arca:</strong></span> <span class='ocrx_word' id='word_1_770' title='bbox 2458 3943 2659 4001; x_wconf 78' lang='lat' dir='ltr'><strong>habent</strong></span> <span class='ocrx_word' id='word_1_771' title='bbox 2683 3945 2883 4013; x_wconf 87' lang='lat' dir='ltr'><strong>libros,</strong></span> <span class='ocrx_word' id='word_1_772' title='bbox 2916 3956 2973 4003; x_wconf 90' lang='lat' dir='ltr'><strong>et</strong></span> <span class='ocrx_word' id='word_1_773' title='bbox 3009 3948 3255 4004; x_wconf 75' lang='lat' dir='ltr'><strong>uetitiam</strong></span> <span class='ocrx_word' id='word_1_774' title='bbox 3286 3949 3382 4004; x_wconf 86' lang='lat' dir='ltr'><strong>Dei</strong></span> <span class='ocrx_word' id='word_1_775' title='bbox 3433 3966 3539 4004; x_wconf 88' lang='lat' dir='ltr'><strong>non</strong></span> <span class='ocrx_word' id='word_1_776' title='bbox 3577 3950 3805 4007; x_wconf 81' lang='lat' dir='ltr'><strong>habent.</strong></span> 
     </span>
    </p>
   </div>
   <div class='ocr_carea' id='block_1_102' title="bbox 2207 4046 3807 4122">
    <p class='ocr_par' dir='ltr' id='par_1_102' title="bbox 2207 4046 3807 4122">
     <span class='ocr_line' id='line_1_102' title="bbox 2207 4046 3807 4122; baseline 0.004 -20"><span class='ocrx_word' id='word_1_777' title='bbox 2207 4046 2320 4103; x_wconf 85' lang='lat' dir='ltr'><strong>lloc</strong></span> <span class='ocrx_word' id='word_1_778' title='bbox 2342 4048 2482 4119; x_wconf 90' lang='lat' dir='ltr'><strong>apud</strong></span> <span class='ocrx_word' id='word_1_779' title='bbox 2515 4063 2615 4105; x_wconf 90' lang='lat' dir='ltr'><strong>nos</strong></span> <span class='ocrx_word' id='word_1_780' title='bbox 2644 4049 3036 4120; x_wconf 76' lang='lat' dir='ltr'><strong>superstitiosa:</strong></span> <span class='ocrx_word' id='word_1_781' title='bbox 3058 4051 3429 4119; x_wconf 76' lang='lat' dir='ltr'><strong>muliercultc,</strong></span> <span class='ocrx_word' id='word_1_782' title='bbox 3460 4051 3517 4107; x_wconf 92' lang='lat' dir='ltr'><strong>in</strong></span> <span class='ocrx_word' id='word_1_783' title='bbox 3544 4048 3571 4089; x_wconf 66' lang='grc' dir='ltr'><strong>ιι</strong></span> <span class='ocrx_word' id='word_1_784' title='bbox 3605 4069 3807 4122; x_wconf 76' lang='lat' dir='ltr'><strong>parvu-</strong></span> 
     </span>
    </p>
   </div>
   <div class='ocr_carea' id='block_1_103' title="bbox 2206 4148 3807 4224">
    <p class='ocr_par' dir='ltr' id='par_1_103' title="bbox 2206 4148 3807 4224">
     <span class='ocr_line' id='line_1_103' title="bbox 2206 4148 3807 4224; baseline 0.006 -20"><span class='ocrx_word' id='word_1_785' title='bbox 2206 4148 2274 4204; x_wconf 88' lang='lat' dir='ltr'><strong>lis</strong></span> <span class='ocrx_word' id='word_1_786' title='bbox 2306 4151 2637 4223; x_wconf 85' lang='lat' dir='ltr'><strong>Evangeliis,</strong></span> <span class='ocrx_word' id='word_1_787' title='bbox 2671 4162 2726 4208; x_wconf 89' lang='lat' dir='ltr'><strong>et</strong></span> <span class='ocrx_word' id='word_1_788' title='bbox 2771 4152 2824 4207; x_wconf 93' lang='lat' dir='ltr'><strong>in</strong></span> <span class='ocrx_word' id='word_1_789' title='bbox 2855 4152 3039 4207; x_wconf 89' lang='lat' dir='ltr'><strong>crucis</strong></span> <span class='ocrx_word' id='word_1_790' title='bbox 3071 4152 3247 4224; x_wconf 87' lang='lat' dir='ltr'><strong>ligno,</strong></span> <span class='ocrx_word' id='word_1_791' title='bbox 3279 4165 3333 4210; x_wconf 90' lang='lat' dir='ltr'><strong>ct</strong></span> <span class='ocrx_word' id='word_1_792' title='bbox 3367 4154 3673 4210; x_wconf 90' lang='lat' dir='ltr'><strong>istiusmodi</strong></span> <span class='ocrx_word' id='word_1_793' title='bbox 3708 4173 3807 4213; x_wconf 84' lang='lat' dir='ltr'><strong>re-</strong></span> 
     </span>
    </p>
   </div>
   <div class='ocr_carea' id='block_1_104' title="bbox 2206 4251 3808 4329">
    <p class='ocr_par' dir='ltr' id='par_1_104' title="bbox 2206 4251 3808 4329">
     <span class='ocr_line' id='line_1_104' title="bbox 2206 4251 3808 4329; baseline 0.005 -23"><span class='ocrx_word' id='word_1_794' title='bbox 2206 4251 2305 4307; x_wconf 89' lang='lat' dir='ltr'><strong>bus</strong></span> <span class='ocrx_word' id='word_1_795' title='bbox 2360 4253 2380 4323; x_wconf 96' lang='lat'><strong>(</strong></span> <span class='ocrx_word' id='word_1_796' title='bbox 2405 4269 2525 4324; x_wconf 61' lang='lat' dir='ltr'><strong>quas</strong></span> <span class='ocrx_word' id='word_1_797' title='bbox 2548 4252 2751 4309; x_wconf 89' lang='lat' dir='ltr'><strong>habent</strong></span> <span class='ocrx_word' id='word_1_798' title='bbox 2775 4252 2995 4324; x_wconf 87' lang='lat' dir='ltr'><strong>quidem</strong></span> <span class='ocrx_word' id='word_1_799' title='bbox 3020 4256 3191 4311; x_wconf 84' lang='lat' dir='ltr'><strong>zelum</strong></span> <span class='ocrx_word' id='word_1_800' title='bbox 3219 4255 3348 4325; x_wconf 90' lang='lat' dir='ltr'><strong>Dei,</strong></span> <span class='ocrx_word' id='word_1_801' title='bbox 3381 4255 3477 4312; x_wconf 88' lang='lat' dir='ltr'><strong>sed</strong></span> <span class='ocrx_word' id='word_1_802' title='bbox 3504 4273 3611 4312; x_wconf 90' lang='lat' dir='ltr'><strong>non</strong></span> <span class='ocrx_word' id='word_1_803' title='bbox 3644 4257 3808 4329; x_wconf 77' lang='lat' dir='ltr'><strong>juxta</strong></span> 
     </span>
    </p>
   </div>
   <div class='ocr_carea' id='block_1_105' title="bbox 2206 4355 3800 4428">
    <p class='ocr_par' dir='ltr' id='par_1_105' title="bbox 2206 4355 3800 4428">
     <span class='ocr_line' id='line_1_105' title="bbox 2206 4355 3800 4428; baseline 0.004 -18"><span class='ocrx_word' id='word_1_804' title='bbox 2206 4356 2515 4427; x_wconf 88' lang='lat' dir='ltr'><strong>scientiam)</strong></span> <span class='ocrx_word' id='word_1_805' title='bbox 2549 4355 2735 4427; x_wconf 84' lang='lat' dir='ltr'><strong>(Rom.</strong></span> <span class='ocrx_word' id='word_1_806' title='bbox 2773 4357 2833 4427; x_wconf 72' lang='grc' dir='ltr'><strong>χ)</strong></span> <span class='ocrx_word' id='word_1_807' title='bbox 2857 4372 3030 4428; x_wconf 84' lang='lat' dir='ltr'><strong>usque</strong></span> <span class='ocrx_word' id='word_1_808' title='bbox 3060 4357 3223 4414; x_wconf 86' lang='lat' dir='ltr'><strong>hodie</strong></span> <span class='ocrx_word' id='word_1_809' title='bbox 3249 4356 3534 4425; x_wconf 85' lang='lat' dir='ltr'><strong>factitant,</strong></span> <span class='ocrx_word' id='word_1_810' title='bbox 3564 4360 3800 4416; x_wconf 84' lang='lat' dir='ltr'><strong>culicem</strong></span> 
     </span>
    </p>
   </div>
   <div class='ocr_carea' id='block_1_106' title="bbox 2206 4460 3807 4534">
    <p class='ocr_par' dir='ltr' id='par_1_106' title="bbox 2206 4460 3807 4534">
     <span class='ocr_line' id='line_1_106' title="bbox 2206 4460 3807 4534; baseline 0.002 -18"><span class='ocrx_word' id='word_1_811' title='bbox 2206 4461 2511 4532; x_wconf 83' lang='lat' dir='ltr'><strong>liquantes,</strong></span> <span class='ocrx_word' id='word_1_812' title='bbox 2570 4470 2627 4516; x_wconf 91' lang='lat' dir='ltr'><strong>et</strong></span> <span class='ocrx_word' id='word_1_813' title='bbox 2671 4460 2945 4516; x_wconf 87' lang='lat' dir='ltr'><strong>camelum</strong></span> <span class='ocrx_word' id='word_1_814' title='bbox 2999 4460 3535 4534; x_wconf 74' lang='lat' dir='ltr'><strong>glutientesllnfra,</strong></span> <span class='ocrx_word' id='word_1_815' title='bbox 3566 4464 3807 4533; x_wconf 81' lang='lat' dir='ltr'><strong>eodem).</strong></span> 
     </span>
    </p>
   </div>
   <div class='ocr_carea' id='block_1_107' title="bbox 2134 4618 3809 4695">
    <p class='ocr_par' dir='ltr' id='par_1_107' title="bbox 2134 4618 3809 4695">
     <span class='ocr_line' id='line_1_107' title="bbox 2134 4618 3809 4695; baseline 0.003 -21"><span class='ocrx_word' id='word_1_816' title='bbox 2134 4624 2188 4686; x_wconf 83' lang='grc' dir='ltr'><strong>Ι)</strong></span> <span class='ocrx_word' id='word_1_817' title='bbox 2211 4628 2490 4695; x_wconf 83' lang='lat' dir='ltr'><strong>servantes.</strong></span> <span class='ocrx_word' id='word_1_818' title='bbox 2538 4618 2858 4695; x_wconf 83' lang='lat' dir='ltr'><strong>Decalogum</strong></span> <span class='ocrx_word' id='word_1_819' title='bbox 2896 4621 3147 4695; x_wconf 89' lang='lat' dir='ltr'><strong>scriptum</strong></span> <span class='ocrx_word' id='word_1_820' title='bbox 3176 4622 3229 4675; x_wconf 86' lang='lat' dir='ltr'><strong>in</strong></span> <span class='ocrx_word' id='word_1_821' title='bbox 3278 4621 3666 4688; x_wconf 87' lang='lat' dir='ltr'><strong>membranulis,</strong></span> <span class='ocrx_word' id='word_1_822' title='bbox 3697 4625 3809 4679; x_wconf 59' lang='lat' dir='ltr'><strong>circ</strong></span> 
     </span>
    </p>
   </div>
   <div class='ocr_carea' id='block_1_108' title="bbox 2212 4693 3809 4766">
    <p class='ocr_par' dir='ltr' id='par_1_108' title="bbox 2212 4693 3809 4766">
     <span class='ocr_line' id='line_1_108' title="bbox 2212 4693 3809 4766; baseline 0.005 -22"><span class='ocrx_word' id='word_1_823' title='bbox 2212 4693 2455 4766; x_wconf 86' lang='lat' dir='ltr'><strong>cumdare</strong></span> <span class='ocrx_word' id='word_1_824' title='bbox 2478 4693 2642 4766; x_wconf 82' lang='lat' dir='ltr'><strong>capiti</strong></span> <span class='ocrx_word' id='word_1_825' title='bbox 2668 4693 2795 4760; x_wconf 86' lang='lat' dir='ltr'><strong>suo,</strong></span> <span class='ocrx_word' id='word_1_826' title='bbox 2825 4702 2875 4747; x_wconf 91' lang='lat' dir='ltr'><strong>et</strong></span> <span class='ocrx_word' id='word_1_827' title='bbox 2907 4693 3015 4747; x_wconf 80' lang='lat' dir='ltr'><strong>lure</strong></span> <span class='ocrx_word' id='word_1_828' title='bbox 3046 4709 3185 4761; x_wconf 87' lang='lat' dir='ltr'><strong>esse,</strong></span> <span class='ocrx_word' id='word_1_829' title='bbox 3229 4709 3345 4765; x_wconf 75' lang='lat' dir='ltr'><strong>qua:</strong></span> <span class='ocrx_word' id='word_1_830' title='bbox 3383 4696 3635 4766; x_wconf 88' lang='lat' dir='ltr'><strong>jubentur</strong></span> <span class='ocrx_word' id='word_1_831' title='bbox 3678 4706 3809 4751; x_wconf 89' lang='lat' dir='ltr'><strong>ante</strong></span> 
     </span>
    </p>
   </div>
   <div class='ocr_carea' id='block_1_109' title="bbox 2214 4764 3809 4838">
    <p class='ocr_par' dir='ltr' id='par_1_109' title="bbox 2214 4764 3809 4838">
     <span class='ocr_line' id='line_1_109' title="bbox 2214 4764 3809 4838; baseline 0.004 -23"><span class='ocrx_word' id='word_1_832' title='bbox 2214 4764 2419 4831; x_wconf 88' lang='lat' dir='ltr'><strong>oculos,</strong></span> <span class='ocrx_word' id='word_1_833' title='bbox 2453 4775 2497 4818; x_wconf 91' lang='lat' dir='ltr'><strong>et</strong></span> <span class='ocrx_word' id='word_1_834' title='bbox 2528 4764 2582 4817; x_wconf 90' lang='lat' dir='ltr'><strong>in</strong></span> <span class='ocrx_word' id='word_1_835' title='bbox 2615 4764 2788 4838; x_wconf 71' lang='lat' dir='ltr'><strong>fronte</strong></span> <span class='ocrx_word' id='word_1_836' title='bbox 2814 4766 3064 4838; x_wconf 81' lang='lat' dir='ltr'><strong>pendere,</strong></span> <span class='ocrx_word' id='word_1_837' title='bbox 3106 4774 3161 4819; x_wconf 85' lang='lat' dir='ltr'><strong>ut</strong></span> <span class='ocrx_word' id='word_1_838' title='bbox 3208 4764 3407 4838; x_wconf 82' lang='lat' dir='ltr'><strong>semper</strong></span> <span class='ocrx_word' id='word_1_839' title='bbox 3449 4766 3655 4838; x_wconf 80' lang='lat' dir='ltr'><strong>videant</strong></span> <span class='ocrx_word' id='word_1_840' title='bbox 3683 4782 3809 4837; x_wconf 66' lang='lat' dir='ltr'><strong>quia</strong></span> 
     </span>
    </p>
   </div>
   <div class='ocr_carea' id='block_1_110' title="bbox 2212 4835 3804 4906">
    <p class='ocr_par' dir='ltr' id='par_1_110' title="bbox 2212 4835 3804 4906">
     <span class='ocr_line' id='line_1_110' title="bbox 2212 4835 3804 4906; baseline 0.004 -19"><span class='ocrx_word' id='word_1_841' title='bbox 2212 4843 2471 4906; x_wconf 65' lang='lat' dir='ltr'><strong>pracepta</strong></span> <span class='ocrx_word' id='word_1_842' title='bbox 2497 4847 2637 4889; x_wconf 88' lang='lat' dir='ltr'><strong>sunt.</strong></span> <span class='ocrx_word' id='word_1_843' title='bbox 2665 4835 2883 4902; x_wconf 81' lang='lat' dir='ltr'><strong>Verum,</strong></span> <span class='ocrx_word' id='word_1_844' title='bbox 2911 4837 3055 4890; x_wconf 87' lang='lat' dir='ltr'><strong>utad</strong></span> <span class='ocrx_word' id='word_1_845' title='bbox 3077 4851 3198 4890; x_wconf 80' lang='lat' dir='ltr'><strong>eum</strong></span> <span class='ocrx_word' id='word_1_846' title='bbox 3223 4835 3399 4890; x_wconf 86' lang='lat' dir='ltr'><strong>locum</strong></span> <span class='ocrx_word' id='word_1_847' title='bbox 3419 4835 3804 4906; x_wconf 85' lang='lat' dir='ltr'><strong>observamus,</strong></span> 
     </span>
    </p>
   </div>
   <div class='ocr_carea' id='block_1_111' title="bbox 2215 4904 3804 4976">
    <p class='ocr_par' dir='ltr' id='par_1_111' title="bbox 2215 4904 3804 4976">
     <span class='ocr_line' id='line_1_111' title="bbox 2215 4904 3804 4976; baseline 0.004 -19"><span class='ocrx_word' id='word_1_848' title='bbox 2215 4904 2303 4957; x_wconf 91' lang='lat' dir='ltr'><strong>hic</strong></span> <span class='ocrx_word' id='word_1_849' title='bbox 2345 4920 2557 4974; x_wconf 73' lang='lat' dir='ltr'><strong>quoque</strong></span> <span class='ocrx_word' id='word_1_850' title='bbox 2595 4907 2873 4976; x_wconf 77' lang='lat' dir='ltr'><strong>latendum</strong></span> <span class='ocrx_word' id='word_1_851' title='bbox 2904 4918 3018 4974; x_wconf 79' lang='lat' dir='ltr'><strong>est,</strong></span> <span class='ocrx_word' id='word_1_852' title='bbox 3061 4908 3214 4976; x_wconf 87' lang='lat' dir='ltr'><strong>siqua</strong></span> <span class='ocrx_word' id='word_1_853' title='bbox 3244 4906 3506 4963; x_wconf 78' lang='lat' dir='ltr'><strong>Rabbinis</strong></span> <span class='ocrx_word' id='word_1_854' title='bbox 3537 4922 3624 4963; x_wconf 88' lang='lat' dir='ltr'><strong>res</strong></span> <span class='ocrx_word' id='word_1_855' title='bbox 3666 4904 3804 4964; x_wconf 84' lang='lat' dir='ltr'><strong>snas</strong></span> 
     </span>
    </p>
   </div>
   <div class='ocr_carea' id='block_1_112' title="bbox 2210 4975 3804 5048">
    <p class='ocr_par' dir='ltr' id='par_1_112' title="bbox 2210 4975 3804 5048">
     <span class='ocr_line' id='line_1_112' title="bbox 2210 4975 3804 5048; baseline 0.004 -19"><span class='ocrx_word' id='word_1_856' title='bbox 2210 4977 2559 5030; x_wconf 85' lang='lat' dir='ltr'><strong>narrantibus</strong></span> <span class='ocrx_word' id='word_1_857' title='bbox 2578 4975 2712 5032; x_wconf 80' lang='lat' dir='ltr'><strong>ﬁdes</strong></span> <span class='ocrx_word' id='word_1_858' title='bbox 2729 4986 2835 5042; x_wconf 91' lang='lat' dir='ltr'><strong>est,</strong></span> <span class='ocrx_word' id='word_1_859' title='bbox 2850 4987 2902 5032; x_wconf 91' lang='lat' dir='ltr'><strong>et</strong></span> <span class='ocrx_word' id='word_1_860' title='bbox 2927 4977 3111 5048; x_wconf 89' lang='lat' dir='ltr'><strong>siquid</strong></span> <span class='ocrx_word' id='word_1_861' title='bbox 3138 4977 3400 5033; x_wconf 87' lang='lat' dir='ltr'><strong>hodierna</strong></span> <span class='ocrx_word' id='word_1_862' title='bbox 3418 4993 3633 5047; x_wconf 84' lang='lat' dir='ltr'><strong>quoque</strong></span> <span class='ocrx_word' id='word_1_863' title='bbox 3654 4981 3804 5047; x_wconf 86' lang='lat' dir='ltr'><strong>apud</strong></span> 
     </span>
    </p>
   </div>
   <div class='ocr_carea' id='block_1_113' title="bbox 2213 5048 3796 5121">
    <p class='ocr_par' dir='ltr' id='par_1_113' title="bbox 2213 5048 3796 5121">
     <span class='ocr_line' id='line_1_113' title="bbox 2213 5048 3796 5121; baseline 0.005 -23"><span class='ocrx_word' id='word_1_864' title='bbox 2213 5060 2308 5099; x_wconf 89' lang='lat' dir='ltr'><strong>eos</strong></span> <span class='ocrx_word' id='word_1_865' title='bbox 2344 5048 2697 5121; x_wconf 74' lang='lat' dir='ltr'><strong>consuetudo</strong></span> <span class='ocrx_word' id='word_1_866' title='bbox 2750 5050 2976 5121; x_wconf 81' lang='lat' dir='ltr'><strong>probat,</strong></span> <span class='ocrx_word' id='word_1_867' title='bbox 3037 5063 3158 5121; x_wconf 82' lang='lat' dir='ltr'><strong>non</strong></span> <span class='ocrx_word' id='word_1_868' title='bbox 3196 5048 3543 5121; x_wconf 79' lang='lat' dir='ltr'><strong>Decalogum</strong></span> <span class='ocrx_word' id='word_1_869' title='bbox 3577 5048 3796 5121; x_wconf 76' lang='lat' dir='ltr'><strong>Moysi,</strong></span> 
     </span>
    </p>
   </div>
   <div class='ocr_carea' id='block_1_114' title="bbox 2210 5117 3805 5190">
    <p class='ocr_par' dir='ltr' id='par_1_114' title="bbox 2210 5117 3805 5190">
     <span class='ocr_line' id='line_1_114' title="bbox 2210 5117 3805 5190; baseline 0.006 -21"><span class='ocrx_word' id='word_1_870' title='bbox 2210 5117 2358 5190; x_wconf 87' lang='lat' dir='ltr'><strong>quod</strong></span> <span class='ocrx_word' id='word_1_871' title='bbox 2412 5117 2793 5190; x_wconf 69' lang='lat' dir='ltr'><strong>Hieronymus</strong></span> <span class='ocrx_word' id='word_1_872' title='bbox 2823 5119 3017 5183; x_wconf 90' lang='lat' dir='ltr'><strong>tradit,</strong></span> <span class='ocrx_word' id='word_1_873' title='bbox 3069 5117 3468 5190; x_wconf 13' lang='lat' dir='ltr'><strong>sedgquosda&#39;m</strong></span> <span class='ocrx_word' id='word_1_874' title='bbox 3516 5117 3805 5179; x_wconf 73' lang='lat' dir='ltr'><strong>dumtaxat</strong></span> 
     </span>
    </p>
   </div>
   <div class='ocr_carea' id='block_1_115' title="bbox 2212 5188 3803 5261">
    <p class='ocr_par' dir='ltr' id='par_1_115' title="bbox 2212 5188 3803 5261">
     <span class='ocr_line' id='line_1_115' title="bbox 2212 5188 3803 5261; baseline 0.005 -20"><span class='ocrx_word' id='word_1_875' title='bbox 2212 5188 2509 5261; x_wconf 71' lang='lat' dir='ltr'><strong>Scripturac</strong></span> <span class='ocrx_word' id='word_1_876' title='bbox 2536 5188 2737 5257; x_wconf 76' lang='lat' dir='ltr'><strong>textos,</strong></span> <span class='ocrx_word' id='word_1_877' title='bbox 2765 5189 2905 5245; x_wconf 90' lang='lat' dir='ltr'><strong>duos</strong></span> <span class='ocrx_word' id='word_1_878' title='bbox 2931 5206 3126 5260; x_wconf 84' lang='lat' dir='ltr'><strong>nempe</strong></span> <span class='ocrx_word' id='word_1_879' title='bbox 3151 5188 3356 5254; x_wconf 30' lang='lat' dir='ltr'><strong>Ex’odi,</strong></span> <span class='ocrx_word' id='word_1_880' title='bbox 3382 5190 3633 5261; x_wconf 89' lang='lat' dir='ltr'><strong>duosque</strong></span> <span class='ocrx_word' id='word_1_881' title='bbox 3657 5191 3803 5248; x_wconf 88' lang='lat' dir='ltr'><strong>Deu-</strong></span> 
     </span>
    </p>
   </div>
   <div class='ocr_carea' id='block_1_116' title="bbox 2212 5260 3801 5332">
    <p class='ocr_par' dir='ltr' id='par_1_116' title="bbox 2212 5260 3801 5332">
     <span class='ocr_line' id='line_1_116' title="bbox 2212 5260 3801 5332; baseline 0.005 -20"><span class='ocrx_word' id='word_1_882' title='bbox 2212 5260 2504 5332; x_wconf 83' lang='lat' dir='ltr'><strong>t_etonomii</strong></span> <span class='ocrx_word' id='word_1_883' title='bbox 2530 5260 2847 5316; x_wconf 83' lang='lat' dir='ltr'><strong>describere</strong></span> <span class='ocrx_word' id='word_1_884' title='bbox 2872 5262 3065 5332; x_wconf 87' lang='lat' dir='ltr'><strong>solitos</strong></span> <span class='ocrx_word' id='word_1_885' title='bbox 3112 5262 3165 5316; x_wconf 90' lang='lat' dir='ltr'><strong>in</strong></span> <span class='ocrx_word' id='word_1_886' title='bbox 3200 5260 3629 5328; x_wconf 83' lang='lat' dir='ltr'><strong>membranulis,</strong></span> <span class='ocrx_word' id='word_1_887' title='bbox 3660 5279 3801 5332; x_wconf 85' lang='lat' dir='ltr'><strong>quas</strong></span> 
     </span>
    </p>
   </div>
   <div class='ocr_carea' id='block_1_117' title="bbox 2209 5329 3653 5402">
    <p class='ocr_par' dir='ltr' id='par_1_117' title="bbox 2209 5329 3653 5402">
     <span class='ocr_line' id='line_1_117' title="bbox 2209 5329 3653 5402; baseline 0.005 -20"><span class='ocrx_word' id='word_1_888' title='bbox 2209 5329 2400 5402; x_wconf 74' lang='lat' dir='ltr'><strong>fronti,</strong></span> <span class='ocrx_word' id='word_1_889' title='bbox 2434 5332 2890 5402; x_wconf 81' lang='lat' dir='ltr'><strong>vittis_utrimque</strong></span> <span class='ocrx_word' id='word_1_890' title='bbox 2911 5331 3286 5389; x_wconf 75' lang='lat' dir='ltr'><strong>difﬂuentibus</strong></span> <span class='ocrx_word' id='word_1_891' title='bbox 3306 5379 3321 5402; x_wconf 87' lang='lat'><strong>,</strong></span> <span class='ocrx_word' id='word_1_892' title='bbox 3352 5333 3653 5402; x_wconf 77' lang='lat' dir='ltr'><strong>alligarent.</strong></span> 
     </span>
    </p>
   </div>
   <div class='ocr_carea' id='block_1_118' title="bbox 2286 5399 3792 5474">
    <p class='ocr_par' dir='ltr' id='par_1_118' title="bbox 2286 5399 3792 5474">
     <span class='ocr_line' id='line_1_118' title="bbox 2286 5399 3792 5474; baseline 0.003 -18"><span class='ocrx_word' id='word_1_893' title='bbox 2286 5399 2303 5439; x_wconf 74' lang='grc' dir='ltr'><strong>ί</strong></span> <span class='ocrx_word' id='word_1_894' title='bbox 2329 5400 2544 5474; x_wconf 72' lang='lat' dir='ltr'><strong>Nomen</strong></span> <span class='ocrx_word' id='word_1_895' title='bbox 2576 5400 2756 5457; x_wconf 77' lang='lat' dir='ltr'><strong>Persa:</strong></span> <span class='ocrx_word' id='word_1_896' title='bbox 2786 5399 2958 5458; x_wconf 83' lang='lat' dir='ltr'><strong>nostri</strong></span> <span class='ocrx_word' id='word_1_897' title='bbox 2989 5419 3121 5462; x_wconf 87' lang='lat' dir='ltr'><strong>mss.</strong></span> <span class='ocrx_word' id='word_1_898' title='bbox 3154 5399 3426 5474; x_wconf 84' lang='lat' dir='ltr'><strong>ignorant.</strong></span> <span class='ocrx_word' id='word_1_899' title='bbox 3450 5399 3549 5460; x_wconf 80' lang='lat' dir='ltr'><strong>Sic</strong></span> <span class='ocrx_word' id='word_1_900' title='bbox 3576 5403 3792 5462; x_wconf 79' lang='lat' dir='ltr'><strong>Rhabb.</strong></span> 
     </span>
    </p>
   </div>
   <div class='ocr_carea' id='block_1_119' title="bbox 2280 5473 3800 5545">
    <p class='ocr_par' dir='ltr' id='par_1_119' title="bbox 2280 5473 3800 5545">
     <span class='ocr_line' id='line_1_119' title="bbox 2280 5473 3800 5545; baseline 0.003 -18"><span class='ocrx_word' id='word_1_901' title='bbox 2280 5481 2304 5519; x_wconf 67' lang='grc' dir='ltr'><strong><em>ε</em></strong></span> <span class='ocrx_word' id='word_1_902' title='bbox 2327 5473 2382 5527; x_wconf 84' lang='lat' dir='ltr'><strong>Id</strong></span> <span class='ocrx_word' id='word_1_903' title='bbox 2416 5482 2527 5545; x_wconf 67' lang='lat' dir='ltr'><strong>est,</strong></span> <span class='ocrx_word' id='word_1_904' title='bbox 2560 5490 2746 5541; x_wconf 90' lang='lat' dir='ltr'><strong>parvas</strong></span> <span class='ocrx_word' id='word_1_905' title='bbox 2775 5475 3086 5541; x_wconf 84' lang='lat' dir='ltr'><strong>schedulas,</strong></span> <span class='ocrx_word' id='word_1_906' title='bbox 3112 5473 3254 5545; x_wconf 87' lang='lat' dir='ltr'><strong>quod</strong></span> <span class='ocrx_word' id='word_1_907' title='bbox 3285 5485 3341 5531; x_wconf 88' lang='lat' dir='ltr'><strong>et</strong></span> <span class='ocrx_word' id='word_1_908' title='bbox 3372 5474 3612 5530; x_wconf 84' lang='lat' dir='ltr'><strong>Victorio</strong></span> <span class='ocrx_word' id='word_1_909' title='bbox 3639 5484 3800 5531; x_wconf 89' lang='lat' dir='ltr'><strong>nota-</strong></span> 
     </span>
    </p>
   </div>
   <div class='ocr_carea' id='block_1_120' title="bbox 2206 5542 3795 5628">
    <p class='ocr_par' dir='ltr' id='par_1_120' title="bbox 2206 5542 3795 5628">
     <span class='ocr_line' id='line_1_120' title="bbox 2206 5542 3795 5628; baseline 0.003 -31"><span class='ocrx_word' id='word_1_910' title='bbox 2206 5549 2363 5628; x_wconf 62' lang='lat' dir='ltr'><strong>tum,</strong></span> <span class='ocrx_word' id='word_1_911' title='bbox 2391 5559 2421 5599; x_wconf 84' lang='lat' dir='ltr'><strong>a</strong></span> <span class='ocrx_word' id='word_1_912' title='bbox 2446 5542 2637 5628; x_wconf 56' lang='lat' dir='ltr'><strong>grteco</strong></span> <span class='ocrx_word' id='word_1_913' title='bbox 2682 5548 2991 5628; x_wconf 50' lang='lat' dir='ltr'><strong>magaria»,</strong></span> <span class='ocrx_word' id='word_1_914' title='bbox 3024 5542 3306 5628; x_wconf 78' lang='lat' dir='ltr'><strong>_quod_cst</strong></span> <span class='ocrx_word' id='word_1_915' title='bbox 3334 5545 3537 5601; x_wconf 85' lang='lat' dir='ltr'><strong>libellus</strong></span> <span class='ocrx_word' id='word_1_916' title='bbox 3562 5586 3577 5610; x_wconf 93' lang='lat'><strong>,</strong></span> <span class='ocrx_word' id='word_1_917' title='bbox 3634 5562 3795 5628; x_wconf 86' lang='lat' dir='ltr'><strong>parva</strong></span> 
     </span>
    </p>
   </div>
   <div class='ocr_carea' id='block_1_121' title="bbox 2209 5615 3797 5687">
    <p class='ocr_par' dir='ltr' id='par_1_121' title="bbox 2209 5615 3797 5687">
     <span class='ocr_line' id='line_1_121' title="bbox 2209 5615 3797 5687; baseline 0.003 -19"><span class='ocrx_word' id='word_1_918' title='bbox 2209 5615 2425 5680; x_wconf 89' lang='lat' dir='ltr'><strong>tabella,</strong></span> <span class='ocrx_word' id='word_1_919' title='bbox 2456 5616 2648 5685; x_wconf 87' lang='lat' dir='ltr'><strong>hisque</strong></span> <span class='ocrx_word' id='word_1_920' title='bbox 2663 5619 2880 5673; x_wconf 87' lang='lat' dir='ltr'><strong>similia.</strong></span> <span class='ocrx_word' id='word_1_921' title='bbox 2910 5616 3077 5671; x_wconf 82' lang='lat' dir='ltr'><strong>Paulo</strong></span> <span class='ocrx_word' id='word_1_922' title='bbox 3092 5624 3216 5687; x_wconf 90' lang='lat' dir='ltr'><strong>post</strong></span> <span class='ocrx_word' id='word_1_923' title='bbox 3236 5631 3335 5687; x_wconf 90' lang='lat' dir='ltr'><strong>pro</strong></span> <span class='ocrx_word' id='word_1_924' title='bbox 3351 5631 3483 5673; x_wconf 84' lang='lat' dir='ltr'><strong>voce</strong></span> <span class='ocrx_word' id='word_1_925' title='bbox 3509 5615 3797 5673; x_wconf 82' lang='lat' dir='ltr'><strong>monimen-</strong></span> 
     </span>
    </p>
   </div>
   <div class='ocr_carea' id='block_1_122' title="bbox 2209 5688 3539 5752">
    <p class='ocr_par' dir='ltr' id='par_1_122' title="bbox 2209 5688 3539 5752">
     <span class='ocr_line' id='line_1_122' title="bbox 2209 5688 3539 5752; baseline 0.002 -14"><span class='ocrx_word' id='word_1_926' title='bbox 2209 5693 2345 5743; x_wconf 85' lang='lat' dir='ltr'><strong>tum.</strong></span> <span class='ocrx_word' id='word_1_927' title='bbox 2380 5689 2583 5743; x_wconf 83' lang='lat' dir='ltr'><strong>rectius</strong></span> <span class='ocrx_word' id='word_1_928' title='bbox 2615 5688 2845 5742; x_wconf 81' lang='lat' dir='ltr'><strong>fortasse</strong></span> <span class='ocrx_word' id='word_1_929' title='bbox 2880 5689 3074 5752; x_wconf 77' lang='lat' dir='ltr'><strong>legeris</strong></span> <span class='ocrx_word' id='word_1_930' title='bbox 3100 5728 3114 5752; x_wconf 96' lang='lat'><strong>,</strong></span> <span class='ocrx_word' id='word_1_931' title='bbox 3147 5688 3539 5743; x_wconf 87' lang='lat' dir='ltr'><strong>munimentum.</strong></span> 
     </span>
    </p>
   </div>
   <div class='ocr_carea' id='block_1_123' title="bbox 2280 5755 3213 5829">
    <p class='ocr_par' dir='ltr' id='par_1_123' title="bbox 2280 5755 3213 5829">
     <span class='ocr_line' id='line_1_123' title="bbox 2280 5755 3213 5829; baseline -0.001 -17"><span class='ocrx_word' id='word_1_932' title='bbox 2280 5755 2305 5793; x_wconf 83' lang='grc'><strong>¹¹</strong></span> <span class='ocrx_word' id='word_1_933' title='bbox 2333 5756 2531 5826; x_wconf 60' lang='grc' dir='ltr'><strong>λεωλ,</strong></span> <span class='ocrx_word' id='word_1_934' title='bbox 2560 5759 2614 5813; x_wconf 89' lang='lat' dir='ltr'><strong>in</strong></span> <span class='ocrx_word' id='word_1_935' title='bbox 2639 5758 2899 5829; x_wconf 76' lang='lat' dir='ltr'><strong>parabolis</strong></span> <span class='ocrx_word' id='word_1_936' title='bbox 2924 5755 3213 5828; x_wconf 80' lang='lat' dir='ltr'><strong>Evangelii.</strong></span> 
     </span>
    </p>
   </div>
  </div>
