4044 6318
203 289 316 352 ιθθ

708 287 1355 348 COMMENTARIORUM
1398 287 1463 343 IN
1506 285 1960 343 EVANGELIUM
1999 287 2340 342 ΜΑΤΊῊΑΞΙ
2378 287 2510 343 LIB.
2554 287 2644 343 IV.
2684 284 2840 345 CAP.
2881 280 3071 346 XXIII.

3424 293 3539 352 170

208 409 538 467 Istiusmodi
591 417 716 464 erat
766 407 971 462 ﬁmbria
1021 420 1180 474 parva
1227 415 1285 462 et
1329 405 1510 462 brevis
1537 420 1604 460 ex
1628 415 1652 441 θ
1684 405 1827 472 Lege
1854 404 1908 465 Α
1936 404 2117 458 omnis
2141 404 2400 474 magister
2420 405 2513 475 qui
2542 405 2880 462 scandalizat
2905 407 3061 462 malis
3079 410 3338 481 operibus
3359 411 3526 468 disci-

216 510 709 573 pracepta,quam
739 508 793 553 et
821 499 1019 553 mulier
1047 498 1135 552 illa
1159 513 1282 566 quae
1313 496 1580 568 sanguine
1603 496 1826 562 ﬂuebat,

222 595 410 664 tetigit
454 595 508 647 in
563 594 729 664 pallio
756 592 963 646 Domini
1002 591 1214 660 (Supra
1245 607 1320 655 Ix,
1355 591 1486 645 Luc.
1530 589 1652 662 vni)
1687 608 1701 646 :
1733 591 1825 646 sed

225 700 343 742 non
391 695 473 740 est
497 693 830 754 compnncta
873 685 1268 752 superstitiosis
1299 681 1326 720 δ
1358 683 1607 738 sentibus
1636 681 1827 737 Phari-

227 790 506 840 saeorum;
566 777 845 846 magisque
871 784 1052 828 sanata
1095 776 1162 828 ad
1193 785 1392 828 tactum
1422 775 1556 843 ejus.
1587 773 1829 844 Cumque

227 865 512 936 superﬂue
527 865 1104 937 dilatentpbylacteria
1123 908 1138 929 ,
1166 874 1221 920 et
1246 880 1468 935 magnas
1494 865 1686 920 iaciant
1713 867 1831 919 lim-

229 961 414 1024 brias,
446 961 677 1030 gloriam
725 968 1010 1027 captantes
1043 959 1112 1012 ab
1142 959 1488 1024 hominibus,
1531 968 1832 1027 arguuntur

230 1054 294 1108 in
321 1053 549 1123 reliquis
568 1093 584 1118 ,
613 1069 711 1106 cur
744 1061 996 1122 quterant
1023 1052 1228 1120 primos
1255 1053 1535 1107 accubitus
1558 1053 1612 1105 in
1637 1053 1828 1118 caenis,

231 1154 295 1202 et
323 1147 525 1214 primas
552 1145 842 1199 cathedras
866 1146 918 1198 in
951 1146 1270 1216 synagogis;
1304 1156 1359 1200 et
1399 1148 1452 1199 in
1487 1147 1700 1215 publico
1732 1162 1830 1214 gn-

234 1238 349 1292 lam
383 1249 660 1293 sectentur
685 1248 738 1292 et
765 1238 1025 1301 gloriam:
1051 1250 1103 1292 et
1132 1249 1397 1292 vocentur
1421 1239 1490 1292 ab
1522 1239 1834 1292 hominibus

235 1328 443 1394 Rabbi,
469 1329 612 1398 quod
639 1328 834 1383 Latino
860 1343 1114 1384 sermone
1141 1330 1383 1399 magister
1414 1331 1629 1384 dicitur.
1670 1332 1830 1384 Deni-

232 1435 342 1489 que
370 1420 620 1486 sequitur
652 1434 668 1474 :

310 1509 501 1582 (Vers.
524 1511 558 1566 8
580 1509 724 1582 seq.)
749 1509 854 1564 Vos
873 1519 1046 1565 autem
1073 1509 1235 1564 nolite
1255 1513 1432 1566 uocari
1457 1512 1626 1567 Rabbi
1644 1529 1663 1568 :
1686 1511 1835 1568 Unus

233 1611 313 1656 est
365 1603 501 1655 enim
545 1605 782 1674 magister
824 1613 986 1656 vester
1007 1619 1026 1657 :
1051 1613 1074 1640 ο
1108 1619 1282 1656 omnes
1313 1612 1487 1658 autem
1526 1621 1614 1658 vos
1645 1609 1834 1674 fratres

234 1695 385 1747 estis.
439 1691 508 1745 Et
547 1702 747 1759 patrem
785 1693 944 1746 nolite
981 1709 1164 1747 cacare
1209 1693 1350 1746 vobis
1396 1710 1553 1763 super
1595 1705 1787 1750 terram
1814 1713 1835 1752 :

1936 497 2094 567 pulos
2119 512 2248 552 suos
2273 539 2288 560 .
2324 498 2528 553 claudit
2560 509 2685 554 ante
2717 516 2812 554 eos
2835 517 3057 567 regnum
3081 505 3374 561 ctelornm.

2007 594 2024 662 (
2050 594 2214 648 Vers.
2249 594 2335 648 15.
2363 592 2381 664 )
2420 592 2515 647 Va:
2548 594 2689 647 vobis
2713 637 2727 659 ,
2774 594 2970 650 Scribtr
2997 608 3040 649 et
3075 595 3332 652 Pharisaei
3358 599 3522 671 hypo—

1933 687 2078 739 crita?
2095 728 2110 750 ,
2139 689 2260 757 quia
2287 687 2517 739 circuitis
2540 703 2680 739 mare
2708 696 2754 739 ct
2781 689 2984 740 aridam
3009 730 3024 753 ,
3057 698 3113 742 ut
3136 691 3337 759 faciatis
3358 708 3519 746 unum

1932 777 2249 848 proselytum
2279 792 2296 828 :
2331 786 2376 828 et
2424 792 2537 829 cum
2571 778 2724 846 fuerit
2768 779 2936 847 factus
2965 820 2979 842 ,
3011 781 3183 850 facitis
3210 798 3323 834 eum
3353 783 3522 851 [ilium

1933 867 2182 939 gehcuntr
2221 867 2382 938 duplo
2428 883 2580 933 quam
2609 885 2718 921 vos.
2764 868 2879 922 Non
2909 885 2976 923 eo
3016 871 3195 926 studio
3241 889 3526 928 servamus

1935 958 2158 1028 quaesita
2186 1001 2202 1023 ,
2237 974 2347 1027 quo
2377 960 2699 1028 quaerimus.
2733 960 2939 1015 Scriba:
2964 972 3019 1016 et
3046 963 3303 1018 Pharisati
3350 974 3520 1021 totum

1935 1050 2230 1104 lustrantes
2261 1049 2450 1104 orbem
2476 1091 2491 1114 ,
2524 1059 2748 1119 propter
2772 1053 3196 1120 negotiationes,
3218 1057 3302 1110 vel
3332 1056 3520 1112 divero

1936 1157 1992 1195 sa
2045 1143 2196 1197 lucra
2226 1140 2251 1179 δ
2283 1153 2394 1196 tam
2445 1158 2474 1196 a
2523 1142 2811 1211 discipulis
2865 1146 3174 1212 captanda,
3232 1163 3394 1218 quam
3428 1166 3524 1216 per

1936 1231 2223 1303 imaginem
2256 1232 2562 1287 sanctitatis
2586 1275 2600 1297 ,
2654 1233 2896 1287 studium
2941 1233 3066 1307 [ΑΙ.
3109 1238 3324 1310 studii]
3355 1240 3524 1296 habe-

1941 1324 2067 1378 baut
2095 1325 2163 1379 de
2189 1325 2441 1393 gentibus
2473 1324 2655 1380 facere
2687 1325 3023 1396 proselytum
3050 1371 3065 1388 .
3097 1329 3148 1382 id
3190 1341 3276 1384 est
3301 1372 3318 1396 ,
3361 1332 3526 1387 adve-

1939 1432 2061 1469 nam
2089 1461 2104 1481 ,
2162 1426 2218 1470 et
2274 1417 2718 1471 incircumcisum
2754 1418 2985 1472 miscere
3017 1420 3224 1489 populo
3272 1422 3386 1476 Dei.
3419 1422 3524 1477 Sed

1937 1506 2025 1574 qui
2059 1513 2184 1558 ante
2209 1545 2225 1565 ,
2259 1504 2388 1558 dum
2421 1513 2570 1560 esset
2599 1504 2850 1561 ethnicus
2875 1549 2890 1572 ,
2924 1507 3248 1576 simpliciter
3283 1511 3522 1574 errabat,

1939 1608 1986 1647 et
2019 1604 2137 1649 erat
2163 1595 2332 1649 semel
2371 1595 2514 1649 ﬁlius
2552 1595 2858 1665 gehennae,
2915 1597 3106 1653 videns
3154 1601 3312 1672 186
3355 1604 3526 1671 magi-

1941 1695 2176 1739 strorum
2218 1685 2346 1741 vitia
2375 1732 2388 1754 ,
2429 1697 2482 1740 et
2515 1687 2827 1757 intelligens
2869 1687 3154 1744 destruere
3189 1706 3285 1745 eos
3316 1705 3486 1761 opere
3512 1735 3527 1754 ,

243 1783 398 1838 Unus
425 1793 502 1837 est
534 1786 668 1838 enim
694 1782 857 1838 Pater
882 1794 1042 1838 vester
1065 1826 1082 1850 ,
1113 1786 1203 1855 qui
1240 1785 1293 1837 in
1325 1787 1466 1839 caelis
1487 1797 1580 1841 est.
1612 1788 1724 1840 Nec
1752 1805 1839 1841 tto—

1963 1777 2084 1844 |lIOd
2114 1777 2297 1832 verbis
2318 1777 2609 1844 docebant,
2635 1781 2933 1834 revertitur
2957 1781 3022 1834 ad
3045 1782 3306 1836 vomitum
3338 1798 3528 1838 suum:

238 1877 431 1930 ceruini
457 1877 692 1949 magistri
723 1893 743 1930 :
771 1878 892 1947 quia
928 1878 1170 1948 magister
1207 1888 1370 1932 vester
1403 1895 1540 1932 unus
1558 1890 1662 1947 est,
1696 1879 1841 1934 Chri-

237 1980 374 2023 stus.
401 1969 507 2033 Qui
531 1972 704 2039 major
725 1978 798 2022 est
828 1977 1052 2022 vestrum
1075 2010 1090 2031 ,
1141 1969 1238 2022 erit
1263 1971 1500 2024 minister
1530 1981 1713 2024 vester.
1740 1971 1842 2038 Qui

240 2069 419 2114 autem
439 2074 496 2112 se
516 2060 815 2112 cxaltaverit
839 2103 854 2125 ,
889 2058 1253 2114 humiliabitur
1277 2105 1293 2129 ,
1326 2070 1374 2114 et
1401 2063 1488 2129 qui
1517 2078 1572 2115 se
1599 2063 1845 2117 humilia-

240 2154 397 2221 cerit,
428 2151 767 2206 exaltabitur.
799 2152 913 2208 Nec
939 2153 1201 2222 magister
1220 2195 1235 2216 ,
1268 2170 1369 2210 nec
1389 2165 1552 2225 pater
1569 2158 1848 2211 vocandus

247 2258 334 2302 est
361 2238 509 2301 alitis
533 2287 549 2310 ,
582 2248 686 2301 nisi
732 2248 876 2302 Deus
901 2248 1066 2304 Pater
1092 2259 1147 2305 et
1178 2250 1438 2306 Dominus
1470 2263 1657 2308 noster
1685 2252 1848 2309 Jesus

249 2339 524 2394 Christus.
557 2338 717 2393 Pater
737 2379 753 2404 ,
786 2340 907 2410 quia
935 2356 1002 2395 ex
1035 2341 1155 2409 ipso
1182 2352 1308 2395 sunt
1337 2343 1544 2396 omnia.
1569 2344 1846 2413 Magister,

249 2432 379 2500 quia
417 2445 517 2502 per
547 2433 722 2500 ipsum
765 2432 984 2487 omnia:
1016 2432 1102 2486 vel
1133 2434 1389 2500 quoniam
1435 2450 1536 2503 per
1565 2437 1850 2502 dispensa-

255 2523 459 2579 tionem
487 2525 675 2579 carnis
702 2523 820 2594 ejus
846 2566 862 2589 ,
898 2524 1054 2597 185
1079 2539 1273 2580 omnes
1293 2527 1630 2582 reconciliati
1662 2544 1852 2583 sumus

257 2614 397 2670 Deo.
443 2617 727 2684 Quaeritur
772 2630 941 2685 quare
981 2617 1270 2671 adversum
1323 2618 1427 2671 hoc
1474 2628 1807 2690 prteceptum
1835 2663 1852 2689 ,

257 2705 539 2762 doctorem
564 2708 804 2776 gentium
835 2708 1133 2777 Apostolus
1163 2722 1224 2762 se
1251 2723 1375 2764 esse
1403 2709 1604 2764 dixerit
1634 2711 1850 2782 (llCor.

259 2813 322 2863 v;
382 2794 585 2852 Coloss.
618 2798 719 2868 I);
774 2806 869 2852 aut
937 2799 1214 2868 quomodo
1283 2801 1506 2870 vulgato
1561 2817 1853 2871 sermone,

261 2889 499 2944 maxime
544 2889 599 2943 in
629 2887 919 2942 Palaestina
955 2898 1012 2943 et
1038 2888 1259 2962 Egypti
1306 2893 1658 2947 monasteriis
1683 2909 1744 2948 se
1774 2893 1858 2949 in-

260 2979 442 3034 vicem
474 2978 669 3032 Patres
695 2980 930 3034 vocent?
958 2978 1112 3047 Quod
1143 2983 1222 3035 sic
1243 2982 1518 3038 solvitur:
1546 2983 1708 3038 Aliud
1735 2999 1858 3040 esse

263 3079 456 3124 natura
496 3079 711 3139 patrem
762 3070 847 3124 vel
895 3071 1213 3141 magistrum
1244 3112 1259 3137 ,
1299 3073 1446 3127 aliud
1498 3074 1855 3145 indulgentia.

263 3163 375 3219 Nos
402 3163 450 3219 si
476 3163 762 3218 hominem
797 3175 1007 3233 patrem
1036 3179 1298 3221 vocamus
1319 3208 1335 3232 ,
1391 3167 1660 3224 honorem
1706 3171 1852 3225 aetati
1879 3147 1927 3210 (ἶ

263 3254 566 3310 deferimus
588 3293 608 3322 ,
652 3268 761 3308 non
792 3263 1069 3309 auctorem
1103 3265 1307 3311 nostra:
1334 3257 1677 3315 ostendimus
1706 3260 1854 3316 vitae.

265 3351 526 3421 Magister
551 3365 770 3420 quoque
801 3349 1000 3404 dicitur
1029 3366 1100 3406 ex
1128 3353 1412 3408 consortio
1437 3354 1554 3408 veri
1586 3355 1858 3424 magistri.

266 3443 338 3499 Et
361 3459 429 3498 ne
454 3442 668 3497 inﬁnita
693 3443 952 3513 replicem
981 3486 996 3510 ,
1031 3445 1310 3513 quomodo
1331 3461 1473 3501 unus
1492 3462 1590 3517 per
1611 3458 1860 3504 naturam

269 3534 413 3588 Deus
442 3543 498 3588 et
529 3548 674 3587 unus
706 3533 878 3588 Filius
903 3575 917 3598 ,
947 3549 1053 3588 non
1084 3535 1401 3604 pratjudicat
1430 3539 1644 3593 czeteris
1669 3556 1739 3594 ue
1767 3556 1864 3610 per

267 3624 619 3695 adoptionem
652 3623 726 3679 dii
759 3622 886 3695 [ΑΙ.
917 3625 1034 3698 dei]
1065 3635 1330 3682 vocentur
1351 3669 1364 3692 ,
1415 3638 1469 3682 et
1521 3630 1617 3684 lilii
1650 3649 1666 3686 :
1699 3632 1772 3686 ita
1810 3641 1866 3687 et

268 3731 408 3770 unus
433 3723 486 3768 et
515 3723 672 3784 pater
699 3724 754 3766 et
783 3715 1044 3783 magister
1067 3757 1084 3784 ,
1127 3733 1238 3772 non
1269 3719 1592 3788 przcjudicat
1617 3721 1776 3789 aliis,
1807 3732 1867 3778 ut

269 3804 498 3862 abusive
518 3804 869 3875 appellentur
901 3816 1081 3874 patres
1112 3819 1166 3862 et
1199 3809 1469 3879 magistri.

344 3897 365 3969 (
392 3897 549 3952 Vers.
587 3897 676 3962 I5,
709 3898 798 3951 H.
825 3896 842 3968 )
882 3896 976 3952 γω
996 3909 1168 3952 autem
1197 3900 1335 3953 vobis
1358 3941 1375 3966 ,
1409 3900 1611 3957 Scriba:
1636 3913 1685 3957 et
1725 3901 1869 3957 Pha-

270 3988 414 4044 risaei
446 3987 735 4058 hypocrita:
759 4028 774 4051 ,
803 3987 927 4054 quia
948 3989 1188 4043 clauditis
1233 4006 1446 4061 regnum
1475 3993 1721 4046 caelorum
1751 4002 1871 4049 attte

271 4082 524 4135 homines.
561 4078 668 4134 Vos
697 4078 826 4152 [ΑΙ.
856 4080 994 4154 ipsi]
1023 4085 1160 4135 enim
1189 4101 1292 4137 non
1319 4085 1552 4150 intratis,
1583 4104 1674 4142 nec
1705 4089 1871 4143 intro-

271 4184 453 4229 cuntes
482 4174 656 4227 sinitis
683 4175 898 4228 intrare.
942 4173 1031 4228 Vw
1055 4177 1198 4230 vobis
1223 4219 1237 4240 ,
1293 4177 1494 4232 Scriba?
1517 4189 1564 4232 et
1611 4179 1872 4236 Pharisaei

275 4267 566 4338 hypocrita:
586 4309 602 4330 ,
634 4268 757 4335 quia
812 4268 1077 4322 comeditis
1107 4271 1288 4322 domus
1325 4270 1595 4325 viduarum
1619 4313 1634 4338 ,
1683 4275 1877 4326 oratio-

276 4376 377 4415 nes
432 4360 615 4428 longas
662 4369 864 4414 orantes
890 4400 907 4426 ,
957 4370 1168 4431 propter
1215 4359 1313 4413 hoc
1345 4361 1566 4432 amplius
1613 4365 1876 4432 accipietis

270 4451 570 4528 judicium.
608 4449 879 4505 Habentes
909 4452 1123 4507 Scriba:
1151 4463 1206 4507 et
1252 4452 1510 4508 l‘lmrismi
1540 4454 1699 4524 Legis
1748 4457 1876 4510 Pro-

1945 1879 1998 1922 (ιι
2028 1871 2250 1939 gentilis
2276 1870 2481 1936 factus,
2513 1872 2668 1941 quasi
2693 1873 3080 1941 praevaricator
3099 1915 3112 1940 ,
3150 1887 3306 1942 pmna
3335 1874 3532 1944 majori

1946 1965 2140 2034 dignus
2162 1965 2284 2018 erit.
2310 1963 2483 2018 Filius
2510 1972 2693 2018 autem
2723 1973 2948 2018 vocatur
2975 1965 3272 2033 gehennae,
3304 1981 3534 2036 quomo-

1947 2057 2017 2110 do
2059 2055 2230 2109 lilius‘
2250 2055 2574 2124 perditionis
2599 2095 2616 2120 ,
2666 2065 2720 2109 et
2755 2055 2894 2108 illius
2926 2056 3088 2124 hujus
3121 2057 3327 2112 saeculi.
3359 2057 3542 2114 Unus-

1948 2149 2177 2217 quisque
2221 2149 2368 2202 enim
2410 2149 2564 2218 cujus
2606 2162 2770 2216 Opera
2813 2147 2958 2217 agit,
3011 2148 3131 2218 ejus
3169 2150 3316 2204 (ilius
3349 2154 3537 2222 appel-

1951 2243 2113 2297 latur.

2023 2335 2044 2405 (
2072 2335 2224 2389 Vers.
2261 2336 2326 2390 16
2358 2350 2476 2405 seq.
2505 2335 2524 2405 )
2559 2334 2650 2388 Vat
2675 2336 2813 2389 vobis
2839 2381 2854 2406 ,
2880 2337 3033 2390 duces
3053 2338 3176 2391 cteci
3201 2381 3216 2406 ,
3247 2339 3370 2410 quia
3398 2339 3539 2394 dici-

1952 2428 2017 2480 tis
2040 2443 2059 2481 :
2086 2428 2392 2497 quicumque
2413 2428 2672 2499 juraverit
2701 2444 2795 2498 per
2823 2426 3072 2491 templum
3101 2469 3117 2493 ,
3142 2429 3276 2482 nihil
3301 2440 3375 2483 est
3401 2445 3421 2484 :
3450 2432 3541 2501 qui

1953 2531 2122 2574 autem
2159 2520 2413 2593 juraverit
2463 2520 2516 2572 in
2552 2535 2683 2572 aura
2707 2521 2920 2590 templi,
2955 2520 3155 2574 debitor
3181 2529 3278 2574 est.
3308 2521 3473 2577 Stulti
3497 2533 3546 2577 et

1955 2615 2076 2667 arci
2100 2653 2114 2676 ,
2144 2613 2272 2684 quid
2301 2611 2434 2666 enim
2463 2613 2631 2683 majus
2653 2620 2760 2680 est,
2801 2628 3018 2676 aurum,
3046 2629 3115 2664 an
3142 2613 3386 2684 templum
3407 2615 3546 2682 quod

1955 2707 2244 2775 sanctiﬁcat
2273 2706 2503 2759 aurum?
2532 2704 2599 2760 Et
2627 2707 2938 2776 quicumque
2954 2707 3217 2776 juratterit
3261 2710 3315 2760 in
3347 2708 3506 2760 altari
3530 2749 3546 2774 ,

1959 2799 2089 2851 nihil
2119 2807 2192 2850 est
2224 2818 2237 2852 :
2265 2798 2574 2868 quicumque
2611 2807 2782 2850 autem
2795 2799 3056 2869 juraverit
3098 2799 3150 2851 in
3178 2799 3318 2852 dono
3341 2841 3358 2865 ,
3406 2803 3548 2870 quod

1959 2901 2034 2944 est
2064 2907 2218 2962 super
2244 2889 2377 2943 illud
2403 2931 2418 2952 .
2450 2889 2618 2943 debet.
2651 2887 2787 2943 Caeci
2811 2929 2828 2954 ,
2874 2889 2998 2956 quid
3037 2889 3171 2942 enim
3217 2891 3385 2958 majus
3429 2900 3504 2945 est
3530 2933 3548 2956 ,

1961 2985 2153 3037 donum
2183 3024 2198 3047 ,
2232 2999 2298 3036 an
2328 2982 2494 3036 altare
2524 2981 2661 3050 quod
2695 2980 2988 3050 sanctiﬁcat
3015 2983 3252 3036 donum?
3298 2983 3400 3048 Qui
3429 3001 3553 3056 ergo

1963 3077 2100 3138 iurat
2124 3074 2176 3127 in
2198 3073 2350 3126 altari
2376 3111 2392 3136 ,
2411 3073 2560 3142 jurat
2585 3072 2642 3123 in
2676 3087 2735 3123 eo
2762 3112 2777 3133 ,
2809 3079 2857 3123 et
2896 3071 2948 3123 in
2989 3071 3227 3125 omnibus
3257 3089 3371 3139 qua:
3397 3091 3554 3143 super

1962 3168 2096 3220 illud
2135 3175 2278 3219 sunt.
2314 3163 2380 3217 Et
2428 3163 2734 3234 quicumque
2759 3163 3022 3233 jurat-erit
3061 3163 3116 3215 in
3145 3162 3370 3232 templo,
3401 3167 3556 3236 jurat

1963 3261 2016 3314 in
2039 3261 2162 3320 illo,
2196 3268 2244 3311 et
2275 3259 2329 3310 in
2350 3273 2410 3310 eo
2450 3256 2537 3324 qui
2570 3255 2768 3307 habitat
2816 3255 2866 3306 in
2902 3255 3035 3324 ipso.
3069 3253 3138 3307 Et
3181 3255 3273 3324 qui
3306 3259 3458 3328 jurat
3500 3258 3557 3311 in

1965 3353 2121 3413 caelo,
2144 3354 2296 3423 jurat
2328 3349 2380 3402 in
2429 3347 2615 3400 throno
2657 3345 2789 3408 Dei,
2839 3354 2888 3399 et
2931 3347 2986 3399 in
3021 3361 3081 3400 eo
3118 3348 3208 3417 qui
3236 3349 3374 3402 sedet
3401 3366 3556 3420 super

1966 3460 2101 3500 eum.
2133 3443 2307 3508 Supra
2333 3479 2348 3503 ,
2383 3446 2445 3492 ttt
2474 3438 2630 3492 nobis
2667 3437 2844 3490 visunt
2875 3446 2956 3490 cst
2977 3477 2993 3500 ,
3037 3438 3392 3506 esposuimus
3422 3440 3554 3508 quid

1965 3535 2298 3606 signiﬁcaret
2327 3528 2548 3585 traditio
2581 3526 2980 3580 Pharisaeorum
3008 3567 3023 3590 ,
3055 3527 3360 3583 dicentium
3396 3544 3410 3581 :
3445 3527 3554 3583 Do-

1968 3642 2091 3680 num
2119 3622 2478 3692 quodcumque
2503 3627 2576 3671 est
2604 3634 2670 3672 ea:
2696 3633 2774 3669 me
2794 3656 2810 3679 ,
2856 3616 2950 3669 tibi
2979 3615 3211 3685 proderit
3240 3633 3260 3671 :
3289 3633 3434 3673 nunc
3459 3619 3560 3676 du-

1970 3719 2094 3787 plex
2125 3757 2140 3781 ,
2192 3723 2250 3769 et
2293 3713 2358 3767 ad
2393 3727 2551 3766 unam
2603 3708 2852 3762 avaritiae
2881 3709 3231 3764 occasionem
3285 3709 3512 3766 trahens
3538 3754 3557 3779 ,

1973 3809 2372 3864 Pharisaeorum
2423 3801 2647 3857 traditio
2677 3801 3112 3865 condemnatur,
3167 3809 3228 3855 ut
3256 3812 3560 3872 arguantur

1969 3910 2163 3955 cuncta
2195 3913 2294 3967 pro
2343 3896 2494 3950 lucro
2531 3893 2750 3960 facere,
2810 3901 2868 3947 et
2914 3909 3019 3946 non
3064 3907 3162 3961 pro
3211 3892 3406 3948 timore
3438 3895 3559 3950 Dei.

1970 3995 2120 4048 Sicut
2145 3989 2290 4044 enim
2314 3989 2369 4042 in
2393 3985 2746 4058 phylacteriis
2769 3993 2823 4038 et
2852 3984 3083 4038 ﬁmbriis
3104 3985 3348 4040 dilatatis
3369 3986 3558 4054 opinio

1973 4083 2278 4140 sanctitatis
2323 4081 2576 4149 captabat
2625 4078 2898 4148 gloriam,
2951 4087 3010 4131 et
3057 4091 3155 4146 per
3203 4077 3556 4134 occasionem

1972 4180 2164 4251 gloriae
2191 4174 2472 4245 quaerebat
2511 4173 2658 4223 lucra
2692 4184 2706 4221 :
2740 4169 2818 4222 sic
2858 4168 2961 4219 alia
2993 4166 3303 4220 traditionis
3339 4168 3560 4222 inventa

1975 4268 2200 4338 stropha
2226 4309 2242 4332 ,
2285 4263 2574 4334 impietatis
2614 4253 2793 4328 arguit
2828 4267 3217 4324 praeceptores.
3249 4255 3306 4312 Si
3336 4259 3459 4324 quis
3505 4259 3562 4313 in

1976 4362 2325 4417 contentione
2347 4398 2364 4424 ,
2397 4372 2492 4411 seu
2522 4357 2571 4408 in
2604 4354 2788 4422 aliquo
2814 4353 3022 4419 jnrgio,
3058 4351 3142 4403 vel
3166 4351 3216 4403 in
3245 4366 3426 4407 causa:
3447 4367 3565 4407 am-

1982 4459 2164 4526 biguo,
2198 4454 2439 4522 jurasset
2467 4450 2520 4502 in
2553 4445 2780 4513 templo,
2813 4455 2861 4497 ct
2898 4454 3081 4510 postea
3109 4447 3394 4500 convictus
3421 4457 3566 4502 esset

278 4520 687 4614 phetarttuzque
710 4545 955 4596 notitiam
981 4585 996 4608 ,
1026 4545 1205 4599 sciunt
1228 4543 1503 4599 Christum
1525 4562 1647 4600 esse
1678 4547 1858 4601 Filiuu

1989 4520 2248 4600 minutio—ii
2276 4586 2291 4604 ,
2347 4557 2451 4594 non
2483 4540 2769 4592 tenebatur
2798 4536 3042 4589 criminis
3083 4549 3208 4589 rcus
3238 4533 3350 4607 [ΑΙ.
3386 4537 3503 4606 ejus

282 4635 378 4691 Dei
409 4652 424 4690 :
460 4650 568 4689 non
597 4635 846 4704 ignorant
874 4645 1062 4689 natum
1094 4650 1218 4690 esse
1246 4637 1316 4692 tle
1349 4637 1591 4708 Virgine;
1617 4640 1712 4693 scd
1749 4641 1874 4692 dum

283 4728 524 4797 pratdam
569 4726 640 4781 de
669 4727 912 4796 subjecta
954 4727 1055 4782 sibi
1109 4728 1269 4794 plebe
1299 4740 1599 4800 appetunt,
1639 4747 1742 4786 nec
1775 4732 1876 4800 ipsi

285 4824 566 4874 introeunt
599 4833 762 4886 regna
805 4818 1068 4873 caelorum
1096 4861 1111 4884 ,
1165 4835 1265 4873 nec
1309 4835 1406 4876 eos
1447 4824 1538 4890 qui
1588 4833 1878 4892 poterant,

287 4916 496 4967 intrare
547 4913 890 4980 permittunt.
918 4912 1034 4967 Hoc
1064 4921 1150 4966 est
1177 4914 1319 4980 quod
1352 4914 1404 4967 in
1448 4915 1588 4970 Osee
1620 4917 1883 4986 propheta

286 5004 465 5071 arguit
492 5019 506 5078 ς
541 5001 937 5056 Absconderunt
969 5001 1282 5057 Sacerdotes
1307 5005 1445 5057 viam
1471 5050 1486 5072 ,
1515 5008 1882 5078 interfecerunt

290 5076 546 5146 Sicimain
575 5092 595 5161 (
624 5090 756 5145 Osee
779 5109 856 5159 vt,
890 5094 982 5154 9).
1017 5093 1084 5147 Et
1120 5109 1344 5149 rursum
1375 5113 1388 5147 :
1421 5076 1734 5153 Sacerdotes
1783 5116 1888 5154 non

293 5184 578 5251 dixerunt,
634 5183 840 5258 ubilest
892 5185 1150 5241 Dominus
1201 5188 1376 5260 (Osee
1422 5190 1551 5260 Iv)?
1580 5191 1679 5246 Vel
1737 5203 1886 5251 certe

300 5326 391 5442 ml
417 5318 543 5440 'D'uo
585 5334 618 5374 e
659 5319 866 5374 nostris
930 5335 1098 5387 mss.,
1133 5337 1197 5376 ea:
1256 5320 1409 5393 Legis
1474 5333 1749 5394 pratcepto.
1804 5326 1894 5382 Sic

367 5405 410 5440 ιι
474 5407 507 5442 t.

367 5405 507 5442 IJDII.

377 5457 644 5532 bVitiose
694 5459 892 5527 legerat
947 5461 1324 5526 Martianteus,
1384 5464 1635 5518 sensibus.
1705 5465 1897 5532 Liquet

305 5545 464 5592 vero,
489 5530 724 5583 sentibus
751 5533 1124 5598 reponendum
1149 5550 1212 5585 ex
1239 5548 1369 5586 mss.
1395 5546 1448 5587 et
1476 5545 1738 5587 contextu
1768 5530 1899 5592 .nbi

303 5603 643 5676 acutissimas
681 5603 863 5676 spinas
923 5601 1138 5668 ﬁmbriis
1197 5603 1600 5658 Pltarismorum
1656 5607 1902 5676 alligatas

303 5675 469 5730 luisse
500 5672 669 5726 tradit
704 5669 765 5724 S.
795 5670 971 5724 Pater.

373 5755 396 5786 ο
428 5743 619 5805 Nostri
647 5756 786 5798 mss.
817 5742 1016 5802 verba,
1050 5759 1224 5798 omnes
1243 5753 1417 5799 autem
1442 5761 1531 5800 vos
1555 5747 1734 5820 fratres
1763 5748 1907 5814 estis,

853 5834 1132 5898 Parant.
1181 5835 1418 5901 XXVI.

1985 4644 2077 4694 Si"
2110 4652 2288 4690 atttt‘ttt
2315 4637 2553 4699 jm-asset
2576 4633 2627 4684 in
2663 4645 2798 4683 auro
2823 4637 2878 4682 et
2901 4629 3127 4697 pecunia
3152 4670 3168 4691 ,
3199 4645 3319 4698 qua:
3351 4631 3404 4684 in
3424 4638 3566 4684 tem-

1987 4735 2075 4805 plo
2103 4728 2479 4784 sacerdotibus
2506 4722 2836 4777 offerebatur
2861 4763 2876 4783 ,
2908 4722 3090 4774 statim
3123 4719 3175 4774 id
3203 4721 3257 4774 in
3280 4736 3390 4791 quo
3418 4722 3571 4791 jura-

1987 4832 2159 4884 verat,
2190 4817 2486 4888 cogebatur
2514 4814 2814 4868 exsolvere.
2840 4811 3080 4865 Rursum
3115 4828 3128 4864 :
3162 4809 3217 4864 SI
3250 4811 3569 4880 quiSjuras-

1989 4929 2070 4971 set
2102 4917 2153 4968 in
2185 4913 2342 4966 altari
2369 4949 2386 4974 ,
2416 4905 2637 4977 perjurii
2665 4918 2819 4959 reum
2848 4906 3009 4957 nemo
3039 4901 3258 4955 tenebat
3285 4901 3410 4971 [ΑΙ.
3445 4904 3573 4957 reti.

1990 5003 2193 5075 nebat]
2229 5020 2243 5056 :
2275 5001 2360 5055 sin
2393 5009 2571 5052 autem
2599 4993 3005 5065 perjurassetin
3037 4991 3209 5058 dono,
3229 4993 3312 5046 vel
3338 4992 3391 5046 in
3421 4993 3578 5048 obla-

1991 5098 2228 5155 tionibus
2250 5136 2264 5160 ,
2297 5093 2404 5146 hoc
2430 5097 2554 5154 est,
2601 5087 2653 5140 in
2679 5083 2874 5138 hostiis
2902 5123 2916 5147 ,
2949 5082 3001 5136 in
3032 5081 3302 5148 victimis,
3334 5093 3390 5136 et
3419 5083 3473 5136 in
3504 5083 3580 5137 si-

1990 5193 2120 5249 mila
2161 5197 2216 5244 et
2246 5185 2462 5242 caeteris
2485 5224 2500 5246 ,
2530 5196 2649 5251 qum
2675 5176 2984 5232 oll'ernntur
3018 5175 3128 5229 Deo
3155 5189 3328 5244 super
3365 5174 3582 5250 altare],

2003 5326 2270 5394 ignoram-
2304 5317 2361 5371 ιη
2400 5316 2592 5394 Greco
2632 5324 2848 5380 ειυοίιυθ
2871 5305 3588 5394 .?P?°_9??“Pl~_‘.'{£‘?i_'!?

2007 5376 2112 5448 tino
2144 5391 2386 5444 alterove
2411 5387 2632 5452 antiquo
2653 5376 2970 5452 exemplari
3004 5376 3273 5452 _t_t_d_littem
3304 5378 3586 5446 sequentis

2005 5447 2193 5521 versu.
2226 5469 2344 5528 post
2370 5447 2556 5515 verba,
2661 5449 2925 5528 carlisest,
2950 5447 3296 5528 atljicitttitttr:

2077 5515 2403 5585 a"Vic'torius
2441 5532 2514 5577 ait
2550 5541 2562 5576 ι
2592 5523 2726 5575 Tres
2761 5518 3057 5572 Florentini
3091 5517 3248 5569 codd.
3276 5517 3346 5568 ita
3377 5515 3585 5584 legunt,

2007 5607 2084 5660 rel
2112 5604 2310 5656 diversa
2339 5599 2480 5650 lucra
2501 5611 2532 5644 a
2557 5590 2828 5661 discipulis
2869 5587 3298 5661 captandaquasi
3339 5601 3430 5657 per
3458 5587 3593 5642 ima-

2011 5658 2178 5743 ginem
2233 5665 2543 5743 sanctitatis.
2591 5658 2702 5718 Nos
2759 5658 2891 5715 nihil
2942 5659 3312 5714 mutavimus:
3364 5666 3598 5731 utraquq

2010 5735 2159 5801 cnim
2187 5741 2348 5799 lectio
2377 5739 2539 5791 bona.
