4044 6312
529 282 639 343 ω

1776 279 1839 338 8.
1880 279 2162 339 ευδΕΒιι
2193 281 2571 340 ΗιειιοΝγΜι

3721 278 3849 338 172

531 400 650 459 haec
704 396 1107 456 studiosissime
1150 393 1542 464 repetebantur
1582 391 1705 465 [AL
1738 396 2124 470 repetebant].
2155 403 2205 465 Α
2235 399 2495 469 hypocrisi
2521 408 2571 452 et
2599 398 2890 469 iniquitate.
2940 397 3096 465 Quod
3124 398 3179 453 in
3209 398 3378 454 calice
3429 405 3487 455 et
3535 395 3837 468 parapside

530 490 726 563 Arguit
748 506 884 564 ergo
903 504 999 546 eos
1026 487 1287 543 Dominus
1307 528 1322 553 ,
1355 496 1414 543 et
1436 486 1685 543 stultitim
1709 497 1765 543 et
1806 487 2125 547 fraudulen-

532 584 621 641 tite
644 628 662 655 ,
691 584 841 652 quod
864 584 1035 639 multo
1061 581 1238 652 majus
1279 582 1354 636 sit
1397 582 1661 652 templum
1694 598 1857 654 quam
1889 599 2079 640 aurum
2105 629 2121 655 ,

530 677 676 749 quod
703 677 1076 734 sanetiticatur
1097 688 1128 729 a
1154 674 1363 743 templo
1385 719 1399 743 ,
1429 683 1485 729 et
1512 676 1688 731 altare
1711 691 1874 746 quam
1903 676 2119 746 hostiae,

527 784 650 842 quae
698 769 855 843 ιε’
896 766 1310 827 sanetilicantur
1351 766 1420 820 ab
1465 767 1646 821 altari.
1694 766 1894 822 Totum
1940 777 2121 824 autem

523 862 831 929 faciebant,
869 877 975 917 non
1003 862 1074 916 ob
1101 859 1198 915 Dei
1228 858 1481 927 timorem
1507 900 1523 927 ,
1572 858 1669 915 sed
1698 859 1770 915 ob
1799 858 2120 916 divitiarum

525 954 907 1026 cupiditatem.

591 1044 771 1117 (Vens.
802 1041 922 1115 ὕ.)
974 1042 1237 1108 Vtilitatis,
1272 1042 1473 1099 Scribat
1499 1053 1549 1098 et
1577 1042 1839 1100 Plurimi
1866 1044 2121 1115 hypocri.

519 1146 607 1206 ta,
636 1138 763 1208 quia
788 1135 1057 1191 decimatis
1111 1135 1370 1190 mentltam
1407 1145 1457 1189 et
1484 1135 1735 1190 anethum
1760 1147 1807 1191 et
1834 1138 2115 1208 cyminum,

518 1240 568 1285 et
590 1231 875 1302 reliquistis
891 1245 1008 1298 qua
1020 1231 1263 1301 gratiora
1284 1238 1401 1285 sunt
1417 1228 1591 1303 Legis,
1608 1233 1894 1304 judicium,
1936 1242 1987 1287 et
2015 1234 2117 1287 mi-

517 1318 882 1388 sericordiam,
907 1329 955 1374 et
980 1320 1157 1389 ﬁdem.
1189 1320 1317 1385 Haec
1339 1321 1569 1391 oportuit
1597 1325 1788 1392 facere,
1818 1331 1866 1377 et
1887 1323 1981 1377 illa
2014 1339 2118 1378 non

517 1416 771 1471 omittere.
826 1414 995 1470 Multa
1017 1413 1072 1469 in
1100 1413 1247 1485 Lege
1289 1423 1560 1485 pracepta
1606 1423 1752 1484 sunt,
1792 1431 1913 1486 qua:
1960 1425 2116 1487 typos

517 1505 817 1578 praeferunt
862 1505 1197 1562 futurorum.
1231 1505 1356 1561 Alia
1388 1521 1522 1562 vero
1546 1518 1735 1576 aperta
1763 1516 1890 1563 sunt
1911 1516 1939 1546 ι
1960 1508 2117 1578 juxta

514 1599 885 1667 Psalmistam,
907 1600 1175 1657 dicentem
1204 1617 1218 1654 :
1249 1598 1561 1655 Mandatum
1618 1600 1826 1656 Domini
1854 1602 2111 1668 lucidum,

510 1694 817 1750 illuminans
865 1695 1041 1749 oculos
1066 1692 1237 1766 (Psal.
1267 1710 1422 1761 xviii,
1449 1694 1531 1765 9),
1557 1710 1678 1765 qua:
1706 1695 1888 1750 statim
1942 1711 2111 1767 opera

2232 490 2658 554 demonstraret,
2686 505 2753 544 eo
2778 489 2924 559 quod
2955 489 3090 546 foris
3121 490 3220 545 loti
3242 499 3450 557 essent,
3472 498 3527 545 et
3566 488 3835 543 intrinse-

2228 598 2325 639 cus
2354 585 2577 650 sordidi,
2607 585 2711 640 hoc
2759 600 2903 638 nunc
2942 600 3041 654 per
3083 586 3394 656 exemplum
3444 584 3830 655 sepulcrorum

2229 676 2502 744 replicat:
2541 676 2687 745 quod
2736 676 3013 746 quomodo
3054 678 3308 747 sepulcra
3358 676 3668 731 forinsecus
3720 673 3827 729 lita

2228 776 2357 821 sunt
2384 767 2554 835 calce,
2588 776 2645 823 et
2669 776 2863 823 ornata
2892 770 3257 824 marmoribus
3281 778 3336 824 et
3356 784 3491 824 auro
3518 766 3829 823 coloribus-

2226 875 2333 931 que
2360 860 2639 929 distincta,
2699 863 2846 918 intus
2873 871 3055 919 autem
3092 864 3249 933 plena
3276 874 3409 918 sunt
3438 863 3656 918 ossibus
3676 875 3827 916 mor-

2226 960 2439 1008 tuorum
2477 970 2491 1009 :
2524 954 2603 1010 sic
2632 964 2687 1010 et
2714 956 2957 1027 perversi
3005 956 3274 1025 magistri,
3331 956 3422 1026 qui
3453 954 3559 1009 alia
3591 954 3819 1021 docent,

2223 1058 2279 1103 et
2300 1049 2406 1103 alia
2451 1049 2678 1119 faciunt,
2730 1050 3052 1105 munditiam
3098 1049 3285 1103 habitu
3310 1049 3507 1113 ve~tis,
3538 1057 3593 1103 et
3612 1046 3820 1104 verbo-

2223 1156 2344 1196 rum
2367 1140 3072 1198 humilitatedemonstrant
3102 1160 3115 1197 :
3145 1143 3291 1197 intus
3317 1153 3499 1197 autem
3521 1140 3669 1211 pleni
3692 1148 3823 1195 sunt

2222 1233 2369 1287 omni
2398 1233 2679 1303 spurcitia,
2713 1243 2768 1289 et
2792 1235 3039 1289 libidine.
3066 1233 3311 1303 Denique
3336 1233 3683 1288 manifestius
3717 1231 3822 1286 hoc

2222 1322 2398 1393 ipsum
2430 1325 2709 1395 exprimit,
2736 1326 2977 1381 inferens
3007 1344 3020 1382 :
3051 1328 3143 1381 Sic
3169 1337 3215 1380 et
3236 1343 3322 1381 vos
3363 1344 3396 1379 a
3442 1327 3571 1395 foris
3605 1325 3821 1397 quidem

2219 1416 2412 1485 paretis
2440 1418 2730 1472 hominibus
2748 1419 2883 1490 justi
2914 1434 2933 1471 :
2957 1420 3095 1472 intus
3126 1428 3300 1473 autem
3337 1419 3481 1491 pleni
3502 1419 3622 1473 estis
3652 1418 3820 1493 hypo-

2217 1509 2341 1561 crisi
2360 1519 2411 1563 et
2434 1510 2724 1581 iniquitate.

2291 1598 2571 1669 (Vers.29
2626 1600 2811 1672 seqq.)
2860 1601 2950 1656 Vat
2999 1602 3163 1667 vobis,
3216 1602 3418 1657 Scribte
3457 1612 3505 1655 et
3556 1600 3821 1657 Phariswi

2217 1688 2519 1761 hypocritte,
2577 1694 2700 1759 quia
2745 1692 3017 1761 tediﬁcatis
3048 1692 3294 1765 sepulcra
3342 1692 3736 1764 prophetarum,
3766 1700 3816 1746 et

512 1785 843 1842 desiderant.
903 1785 1069 1841 Verbi
1122 1784 1297 1857 gratia
1328 1801 1341 1838 :
1391 1784 1509 1839 Non
1565 1784 1905 1841 adulterabis
1944 1803 1957 1839 :
1998 1801 2109 1841 non
2140 1794 2186 1855 Β
2216 1782 2415 1835 ornatis
2436 1792 2767 1837 monumenta
2787 1787 3080 1855 justorum,
3111 1794 3161 1838 et
3183 1785 3354 1838 dicitis
3385 1802 3402 1837 :
3434 1787 3494 1838 Si
3536 1785 3816 1855 fuissemus

508 1877 719 1934 furtum
771 1878 940 1934 facies
971 1893 986 1931 :
1013 1893 1124 1933 non
1167 1878 1542 1933 testimonium
1573 1878 1767 1934 falsum
1792 1878 1964 1943 dices,
1998 1885 2107 1934 etc.

506 1967 767 2025 Phariszei
793 1978 996 2037 autem,
1019 1970 1146 2041 quia
1172 1979 1512 2040 praeceperat
1538 1968 1805 2024 Dominus
1836 1969 1856 2041 (
1877 1978 1934 2025 ut
1964 1970 2109 2025 inte-

503 2064 608 2117 rim
636 2062 948 2119 intellectus
972 2063 1233 2135 mysticos
1259 2060 1636 2133 dimittamus)
1661 2070 1888 2132 propter
1916 2061 2109 2117 alimo-

502 2155 651 2211 niam
679 2155 1030 2212 sacerdotum
1079 2164 1134 2211 et
1171 2156 1511 2224 Levitarum,
1544 2168 1774 2225 quorum
1822 2168 1948 2224 pars
1988 2165 2111 2209 erat

499 2245 787 2315 Dominus,
815 2247 1061 2309 omnium
1083 2262 1267 2302 rerum
1296 2246 1481 2302 oil'erri
1509 2246 1564 2300 in
1587 2246 1795 2315 templo
1824 2245 2064 2301 decimas
2088 2262 2102 2311 ;

499 2336 607 2394 hoe
657 2353 828 2395 unum
855 2337 1133 2394 habebant
1174 2337 1362 2403 studii,
1396 2346 1456 2392 ut
1495 2354 1617 2407 quae
1658 2339 1816 2407 jussa
1855 2338 2101 2406 fuerant,

498 2441 979 2502 compertarentur
1011 2446 1025 2483 :
1059 2439 1262 2485 castora
1288 2444 1411 2499 qua:
1460 2438 1621 2486 erant
1651 2430 1881 2500 majora,
1919 2440 2101 2485 utrum

498 2523 622 2593 quis
650 2521 878 2592 faceret,
907 2538 976 2577 au
1006 2538 1137 2587 non,
1172 2521 1657 2592 parvipeudebant.
1677 2522 1746 2576 Et
1772 2536 1837 2577 ex
1864 2524 1967 2576 hoc
1999 2522 2103 2576 ita-

497 2632 605 2689 que
621 2617 856 2688 capitulo
878 2616 1059 2688 arguit
1078 2632 1175 2673 eos
1199 2618 1461 2682 avaritia,
1491 2616 1637 2688 quod
1663 2616 1909 2672 studiose
1936 2618 2099 2672 etiam

498 2708 690 2764 vilium
720 2710 932 2765 olerum
964 2708 1208 2764 decimas
1255 2708 1492 2778 exigant,
1523 2717 1578 2763 et
1601 2708 1867 2777 judicium
1897 2709 1949 2762 in
1990 2708 2102 2763 dis-

496 2803 815 2871 ceptatione
847 2801 1226 2872 negetiorum,
1257 2801 1869 2871 misericordiamquein
1899 2815 2099 2873 paupe-

495 2910 607 2962 res,
629 2895 864 2965 pupillos
889 2904 946 2950 et
974 2894 1187 2959 viduas,
1229 2903 1286 2950 et
1315 2893 1479 2950 fidem
1505 2896 1557 2949 in
1590 2893 1783 2963 Deum,
1815 2909 1938 2964 quas
1980 2907 2100 2947 ma-

496 3003 602 3061 gna
632 2996 781 3054 sunt,
823 2990 1266 3058 praeter-mittant.

573 3080 757 3152 (Vers.
786 3078 908 3153 24.)
951 3080 1119 3135 Duces
1158 3080 1300 3147 eieci,
1347 3078 1641 3136 excolantes
1667 3081 1901 3147 culicem,
1926 3096 2096 3135 cume-

2219 1872 2272 1925 in
2291 1871 2471 1926 diebus
2494 1884 2701 1942 patrum
2729 1884 3046 1935 nostrorum,
3066 1893 3168 1928 non
3196 1877 3469 1946 fuissemus
3491 1875 3619 1930 socii
3637 1890 3812 1929 eorum

2216 1964 2269 2017 in
2294 1966 2546 2036 sanguine
2567 1965 2955 2037 proplietarum.
2986 1964 3175 2037 Itaque
3219 1968 3512 2021 testimonio
3564 1967 3689 2022 estis
3718 1982 3809 2020 vo-

2214 2056 2522 2128 bismetipsis
2546 2073 2565 2111 :
2584 2059 2705 2128 quia
2735 2058 2835 2126 ﬁlii
2864 2059 2989 2112 estis
3012 2075 3195 2112 eorum
3229 2059 3320 2130 qui
3347 2058 3633 2128 prophetas
3676 2058 3812 2112 occi-

2212 2148 2416 2201 derunt.
2443 2148 2879 2205 Prudentissimo
2904 2150 3221 2220 syllogismo
3263 2150 3513 2221 coarguit
3541 2164 3640 2206 eos
3666 2149 3809 2205 filios

2211 2256 2335 2296 esse
2367 2241 2788 2308 homicidarum,
2840 2242 2969 2297 dum
3018 2243 3119 2312 ipsi
3172 2241 3429 2311 opinione
3459 2242 3726 2297 bonitatis
3752 2253 3810 2297 et

2206 2334 2400 2404 gloria:
2426 2335 2479 2388 in
2512 2335 2763 2405 populos,
2789 2337 3036 2405 sepulcra
3075 2336 3349 2391 aedificant
3392 2335 3803 2407 proiihetarum.

2206 2440 2347 2495 quos
2405 2425 2647 2494 majores
2688 2442 2876 2482 eorum
2935 2427 3351 2494 interfecerunt,
3396 2437 3450 2483 et
3497 2426 3805 2483 dicunt:$i

2206 2516 2504 2575 fuissemus
2534 2528 2783 2588 tempore
2808 2520 2920 2589 illo,
2949 2534 3055 2574 non
3080 2520 3404 2576 fecissemus
3454 2537 3517 2577 ea
3573 2536 3694 2591 qum
3725 2519 3807 2576 fe-

2202 2621 2397 2667 cerunt
2450 2623 2637 2683 patres
2684 2613 2879 2668 nostri.
2917 2614 3027 2668 lloc
3056 2623 3235 2669 autem
3279 2613 3494 2669 etiamsi
3545 2628 3802 2667 sermone

2202 2722 2310 2763 non
2341 2708 2551 2777 dicant,
2598 2723 2766 2779 opere
2797 2709 3115 2779 loquuntur,
3145 2723 3211 2763 ex
3243 2723 3310 2763 eo
3333 2708 3475 2778 qttod
3508 2707 3800 2763 ambitiose

2204 2808 2261 2855 et
2293 2800 2585 2870 magniﬁce
2612 2799 2884 2855 aedificent
2916 2802 3209 2856 memorias
3240 2801 3568 2868 occisorum,
3600 2815 3739 2871 quos
3768 2815 3799 2854 a

2199 2895 2450 2965 patribus
2474 2895 2585 2950 suis
2615 2910 2742 2951 esse
2766 2896 3042 2967 jugulatos
3073 2912 3178 2949 nou
3212 2906 3432 2967 negant.

2270 2985 2342 3040 Et
2368 3003 2454 3040 vos
2484 2987 2693 3055 implete
2713 3003 3017 3042 mensuram
3064 2997 3267 3059 patrum
3294 3000 3597 3042 vestrorum.
3649 2985 3795 3044 Pro-

2197 3080 2333 3135 bato
2363 3081 2742 3151 superioribus
2765 3080 2947 3146 dictis,
2978 3082 3122 3152 quod
3156 3081 3251 3136 lilii
3276 3090 3462 3137 essent
3496 3081 3800 3137 homicida-

497 3171 608 3228 lum
629 3182 806 3228 autem
834 3172 1131 3245 glutientes.
1158 3172 1438 3229 Camelum
1464 3182 1592 3242 puto
1620 3188 1767 3243 esse,
1795 3171 2095 3229 secundum
2126 3170 2174 3232 Ο
2204 3189 2348 3239 rum,
2378 3183 2433 3229 et
2459 3187 2647 3228 eorum
2677 3174 2769 3244 qui
2801 3174 3094 3245 prolihetas
3124 3173 3479 3241 occidissent,
3502 3190 3645 3229 nunc
3659 3190 3799 3229 con-

493 3278 717 3323 sensum
747 3266 1037 3337 praisentis
1075 3265 1203 3331 loci,
1253 3272 1310 3319 et
1334 3265 1761 3335 magnitudinem
1796 3272 2097 3335 praecepto-

492 3372 638 3425 rum,
662 3355 950 3427 judiclum,
977 3366 1034 3412 et
1059 3355 1515 3421 misericordiam,
1543 3364 1599 3411 et
1620 3355 1803 3411 tidem.
1853 3353 2095 3409 Culicem

493 3461 678 3509 autem
708 3452 951 3509 decimas
980 3451 1253 3518 mentlize,
1278 3450 1493 3516 anethi,
1522 3450 1745 3521 cymini,
1774 3458 1829 3505 et
1856 3451 2097 3519 reliquo-

490 3560 614 3601 rum
636 3544 825 3601 vilium
843 3545 1074 3600 olerum.
1103 3546 1231 3598 llaec
1259 3552 1453 3597 contra
1479 3555 1809 3612 praeceptum
1836 3542 1951 3609 Dei,
1976 3556 2097 3611 qua:

490 3650 688 3706 magna
730 3646 882 3701 sunt,
914 3636 1247 3689 devoramus
1273 3645 1436 3703 atque
1469 3634 1821 3703 negligimus,
1876 3642 1934 3687 et
1977 3633 2100 3702 Opi-

492 3730 713 3782 nionem
744 3726 1025 3797 religionis
1056 3726 1111 3779 in
1140 3724 1342 3793 parvis,
1375 3739 1497 3794 qua:
1523 3724 1731 3779 lucrum
1763 3723 1984 3791 habent,
2016 3724 2099 3778 dl-

497 3818 780 3889 ligentiam
811 3815 1273 3872 demonstramus.

544 3908 751 3982 ‘(Vers.
779 3906 872 3973 25,
895 3907 1016 3977 26.)
1065 3904 1153 3961 Va:
1191 3905 1353 3972 vobis,
1395 3904 1596 3961 Scribis
1618 3913 1667 3959 et
1698 3904 1960 3960 Pharisaei
2007 3906 2098 3976 lig-

494 4000 734 4072 pocritte,
759 3999 883 4069 quia
904 3998 1167 4052 mundatis
1194 3998 1333 4069 quod
1362 3998 1555 4067 deforis
1582 4006 1655 4053 est
1696 3997 1874 4052 colicis
1902 4008 1949 4051 et
1975 4016 2098 4068 par-

494 4093 696 4162 opsidis
717 4133 733 4158 ,
780 4093 920 4145 intus
946 4101 1119 4145 autem
1145 4091 1285 4160 pleni
1306 4093 1426 4144 estis
1450 4092 1639 4160 rapina
1665 4102 1713 4145 et
1739 4092 2091 4144 immunditia.

493 4181 766 4238 Pharistee
792 4198 948 4246 ctece,
978 4183 1171 4235 mutulo
1203 4183 1348 4250 prius
1376 4183 1513 4252 quod
1537 4183 1677 4237 intus
1713 4192 1790 4237 est
1830 4183 2006 4236 colicis
2047 4191 2095 4235 et

490 4292 654 4348 ptrop
682 4277 805 4341 ictis,
827 4287 882 4330 ut
908 4276 1002 4345 fiat
1023 4284 1071 4329 et
1095 4276 1149 4328 id
1181 4275 1319 4346 quod
1353 4276 1548 4347 deforis
1572 4285 1647 4330 est
1669 4279 1948 4331 mundum.
2003 4277 2095 4330 Di-

494 4368 674 4422 versis
728 4368 953 4432 verbis,
1022 4366 1217 4421 eodcm
1279 4382 1467 4434 sensu,
1524 4385 1631 4437 quo
1688 4384 1873 4438 supra,
1921 4371 2095 4438 arguit

487 4457 800 4514 Pharismos
837 4457 1207 4513 simulationis
1234 4468 1397 4529 atque
1428 4460 1719 4527 mendacii,
1772 4462 1916 4531 quod
1945 4463 2090 4515 aliud

2204 3265 2376 3321 cludit
2404 3266 2551 3336 quod
2580 3267 2846 3333 voluerat,
2876 3274 2932 3322 et
2961 3266 3117 3336 quasi
3144 3275 3443 3321 estremani
3495 3267 3800 3339 syllogismi

2205 3366 2413 3426 partem
2446 3357 2621 3428 ponit.
2650 3358 2717 3412 Et
2746 3373 2843 3412 vos
2867 3357 3087 3427 implete
3117 3376 3425 3415 mensuram
3455 3369 3672 3430 patrum
3706 3376 3801 3415 ve-

2203 3459 2467 3505 strorum.
2529 3452 2689 3521 189
2734 3450 2890 3518 Quod
2947 3451 3053 3506 illis
3086 3452 3258 3507 defuit
3284 3498 3298 3523 ,
3335 3469 3436 3508 vos
3474 3453 3799 3523 adimplele.

2202 3541 2286 3595 Illi
2316 3542 2711 3597 interfecerunt
2735 3559 2926 3597 servos
2960 3562 2973 3598 :
3006 3560 3103 3599 vos
3133 3545 3424 3600 Dominum
3467 3545 3798 3616 crucitigite.

2203 3631 2285 3687 Illi
2314 3635 2610 3704 prophetas
2637 3652 2649 3687 :
2683 3650 2780 3691 vos
2810 3650 2933 3691 eum
2963 3636 3055 3706 qui
3091 3651 3120 3690 a
3154 3636 3437 3708 praphctis
3468 3636 3799 3707 prmdicatus

2201 3736 2306 3782 εει.

2278 3818 2461 3889 (Vers.
2480 3820 2595 3891 '55.)
2637 3820 2935 3891 Serpentes,
2966 3821 3074 3894 [ΑΙ.
3100 3823 3319 3879 additur
3346 3825 3415 3895 et]
3440 3824 3706 3896 genimt’na
3728 3824 3803 3878 vi-

2202 3927 2467 3983 perarum,
2514 3915 2772 3982 quomodo
2804 3916 3013 3985 fugietis
3040 3934 3071 3969 a
3090 3918 3298 3988 judicio
3343 3918 3641 3988 geltennte?
3682 3916 3801 3972 lloc

2202 4002 2382 4073 ipsum
2405 4012 2461 4059 et
2484 4003 2722 4061 Joannes
2754 4007 2994 4077 Baptista
3046 4008 3258 4063 dixerat
3286 4008 3458 4082 (Luc.
3493 4008 3605 4079 tu).
3641 4008 3803 4064 Sicut

2201 4106 2333 4165 ergo
2365 4095 2433 4150 de
2462 4096 2668 4167 viperis
2695 4108 2993 4153 nascuntur
3018 4100 3219 4168 viperae
3244 4116 3257 4153 :
3282 4100 3361 4155 sic
3402 4099 3473 4155 de
3498 4099 3800 4156 homicidis

2201 4187 2469 4258 patribus,
2498 4206 2616 4257 ves,
2640 4190 2833 4261 inquit,
2869 4192 2978 4246 nati
3004 4192 3136 4246 estis
3162 4192 3473 4248 homicidae.

2273 4281 2456 4355 (Vers.
2511 4282 2601 4338 '54.
2628 4283 2647 4356 )
2692 4283 2823 4338 Ideo
2850 4301 2966 4339 ecce
2982 4302 3073 4358 ego
3105 4287 3248 4339 mitto
3270 4287 3339 4339 ad
3368 4304 3460 4341 vos
3484 4287 3795 4359 prophetas,

2200 4384 2248 4428 et
2276 4378 2548 4448 sapientes,
2597 4386 2644 4431 et
2686 4379 2901 4444 scribas,
2931 4389 2979 4432 et
3008 4396 3071 4433 ex
3103 4381 3209 4434 illis
3235 4381 3481 4439 occidctis
3508 4391 3555 4435 et
3580 4386 3800 4453 cruci/i-

2200 4468 2352 4540 getis,
2373 4474 2417 4521 et
2449 4484 2513 4522 ex
2553 4469 2625 4523 eis
2648 4471 2974 4542 flagellabitis
2998 4473 3050 4525 in
3072 4475 3347 4547 synagogis
3373 4478 3573 4542 t‘es'ris,
3598 4486 3646 4529 et
3679 4495 3797 4546 per-

492 4548 523 4587 ¹³
552 4558 829 4605 ostentent
878 4550 1189 4605 hominibus
1222 4551 1374 4616 foris,
1406 4552 1551 4606 aliud
1578 4553 1723 4607 domi
1748 4563 1932 4622 agant.
1964 4553 2085 4609 Non
2113 4551 2165 4611 Ι)
2193 4561 2477 4629 sequemini
2519 4562 2582 4615 de
2625 4564 2826 4618 civitate
2854 4565 2906 4617 in
2937 4565 3213 4621 civitatem.
3282 4567 3396 4622 lioc
3444 4568 3586 4639 quod
3628 4580 3796 4626 antea

470 4640 703 4710 -quodin
743 4641 913 4696 calice
936 4651 993 4695 et
1013 4642 1307 4712 paropside
1335 4658 1520 4697 eorum
1554 4645 1867 4713 superstitio
1902 4661 2087 4700 mera-

485 4739 678 4797 retur;
709 4732 804 4787 sed
842 4733 1002 4805 188
1030 4733 1173 4802 quod
1203 4732 1335 4787 foris
1366 4734 1679 4790 hominibus
1734 4739 2090 4796 ostenderent

485 4823 856 4894 sanctitatem,
894 4825 946 4879 in
979 4825 1189 4892 habitu,
1218 4827 1270 4880 in
1291 4841 1563 4895 sermone,
1616 4829 1668 4882 in
1714 4830 2088 4901 pliylacteriis,

486 4913 542 4969 in
568 4915 819 4982 fimbriis,
848 4916 902 4971 in
934 4917 1245 4972 orationum
1277 4918 1631 4989 longitudine,
1666 4929 1721 4975 ct
1748 4926 1960 4979 cmteris
1989 4926 2089 4981 liu-

471 5005 737 5076 jusmodi,
763 5008 1092 5066 intrinsecus
1116 5022 1296 5066 autem
1330 5023 1518 5069 essent
1546 5014 1803 5069 vitiorum
1828 5018 2085 5073 sordibus

476 5098 601 5168 plen
614 5100 648 5155 i.

542 5190 732 5261 (Vere.
764 5191 855 5259 27,
880 5192 1000 5260 28.)
1040 5192 1134 5249 Va:
1159 5194 1319 5261 vobis,
1352 5195 1551 5251 Scribat
1575 5207 1619 5251 et
1650 5197 1907 5254 Phariswi
1924 5201 2085 5273 hypo-

472 5284 638 5351 crita,
677 5286 800 5356 quia
819 5286 1017 5341 similes
1032 5288 1156 5341 estis
1176 5288 1433 5357 sepulcris
1454 5290 1728 5360 dealbetis,
1749 5310 1865 5364 qua:
1890 5312 1922 5348 a
1951 5299 2082 5367 foris

469 5388 653 5444 parent
670 5376 965 5432 hominibus
990 5380 1249 5448 speciosa,
1278 5380 1419 5434 intus
1456 5398 1575 5435 vero
1621 5386 1775 5453 plena
1810 5397 1930 5441 sunt
1957 5390 2083 5442 ossi-

468 5465 561 5522 bus
598 5479 941 5538 mortuorum,
974 5479 1024 5524 et
1061 5471 1202 5525 omni
1238 5474 1510 5545 spurcitia.
1545 5476 1635 5530 Sic
1682 5486 1728 5530 et
1768 5494 1853 5533 vos
1887 5496 1920 5532 a
1948 5480 2081 5555 foris

468 5559 679 5626 quidem
704 5564 895 5630 paratis
925 5561 1221 5619 hominibus
1236 5566 1372 5637 justi
1398 5567 1572 5623 :inttts
1591 5578 1762 5625 autent
1791 5571 1932 5641 plani
1951 5573 2077 5628 estis

533 5672 565 5739 9
602 5667 886 5739 [Merserit
909 5670 1153 5739 Rhabb.,
1178 5682 1227 5728 et
1256 5675 1552 5733 illuminant
1608 5679 1809 5739 oculos.

531 5735 562 5777 ³
599 5738 776 5798 Antea
798 5751 941 5810 erat,
969 5743 1116 5800 aliud
1136 5735 1449 5804 ostendant.

2198 4651 2532 4725 dixeramus,
2558 4652 2777 4726 Implete
2808 4673 3102 4712 mensuram
3147 4670 3353 4729 patrum
3395 4672 3698 4731 vestrorum,
3726 4665 3794 4719 ad

2198 4759 2487 4814 personam
2542 4747 2755 4802 Domini
2804 4750 3101 4819 pertinere,
3155 4768 3222 4807 eo
3260 4753 3404 4824 quod
3454 4754 3799 4813 occidendus

2196 4843 2346 4892 esset
2375 4838 2440 4892 ab
2468 4838 2570 4903 eis,
2595 4850 2777 4909 potest
2805 4851 2860 4896 et
2892 4842 2958 4897 ad
2993 4843 3296 4915 discipulos
3322 4846 3441 4916 ejus
3472 4845 3690 4919 referri,
3724 4850 3798 4905 de

2197 4928 2399 4998 quibus
2427 4944 2569 4983 nunc
2597 4931 2733 4985 dicit
2767 4949 2779 4983 :
2806 4930 2945 4988 Ecce
2961 4951 3052 5007 ego
3082 4937 3231 4988 mitto
3266 4936 3337 4990 ad
3364 4954 3451 4993 vos
3484 4937 3793 5011 prophetas,

2196 5030 2244 5073 et
2268 5022 2547 5091 sapientes,
2577 5031 2622 5075 et
2651 5025 2870 5091 scribas,
2906 5036 2955 5079 et
2979 5043 3043 5080 ex
3070 5027 3176 5080 illis
3204 5027 3478 5097 occidetis,
3504 5040 3552 5085 et
3582 5032 3797 5100 cruciﬁ-

2193 5109 2345 5180 gctis,
2369 5120 2415 5163 et
2443 5110 2774 5183 ﬂagellabitis
2815 5115 2869 5167 in
2913 5118 3188 5187 synagogis
3229 5120 3426 5187 vestris,
3450 5129 3499 5173 et
3522 5136 3798 5192 perseque-

2193 5203 2324 5256 mini
2366 5204 2429 5256 de
2450 5206 2657 5259 civitate
2684 5207 3028 5271 incivitatem,
3064 5221 3121 5263 ut
3164 5212 3432 5282 impleatis
3472 5229 3792 5271 mensuram

2194 5303 2408 5364 patroni
2436 5305 2767 5354 vestrorum.
2802 5298 3087 5371 Simulque
3116 5303 3341 5357 observa
3361 5304 3515 5373 juxta
3546 5308 3793 5376 Aposto.

2192 5386 2305 5441 lum
2350 5388 2679 5445 scribentem
2729 5392 2794 5446 ad
2845 5393 3161 5449 Corinthios
3191 5394 3255 5465 (Ι
3289 5397 3413 5452 Cor.
3460 5412 3529 5451 vn
3557 5401 3599 5468 ),
3634 5404 3791 5457 varia

2191 5493 2315 5535 esse
2335 5479 2478 5536 dona
2506 5481 2897 5554 discipulorum
2915 5482 3152 5551 Christi;
3183 5488 3320 5541 alios
3343 5491 3667 5559 prophetas,
3692 5495 3793 5564 qui

2187 5584 2418 5629 ventura
2444 5584 2465 5612 ο
2498 5576 2836 5645 praedicant;
2888 5578 3025 5632 alios
3052 5578 3348 5646 sapientes,
3402 5582 3495 5651 qui
3528 5586 3791 5641 noverint

2246 5698 2268 5725 ο
2312 5687 2407 5741 Hic
2428 5705 2641 5768 quoque
2670 5701 2791 5768 erat
2832 5691 3011 5749 minus
3039 5701 3205 5768 recte
3234 5703 3413 5762 antea,
3466 5699 3778 5768 praedicent,

2182 5772 2281 5829 pro
2308 5761 2617 5828 prtt’dit‘ttnt,
2648 5761 2792 5833 quod
2850 5779 2979 5821 mss.
3038 5762 3370 5820 substituunt
3399 5761 3411 5822 ὲ
3449 5761 3506 5823 ύι
3536 5778 3592 5825 et
3621 5761 3784 5831 nare;
