4044 6374
539 377 643 434 175

1778 365 1840 422 S.
1880 363 2152 423 EUSEBII
2188 362 2572 421 HIERONYMI

3730 359 3841 421 νο

543 504 655 550 non
682 505 812 546 saxa
835 498 892 544 et
919 485 1147 543 aedificia
1172 477 1428 546 civitatis,
1460 479 1555 537 sed
1588 476 1925 534 habitatores
1953 484 2134 544 vocat,
2164 480 2215 543 Α
2242 487 2328 532 tus
2354 478 2448 542 tui,
2480 486 2527 534 et
2566 470 3027 535 consummationis
3053 465 3234 532 steculi
3264 469 3378 532 “Et
3402 474 3723 548 respondens
3742 459 3843 529 Je-

545 597 709 654 quam
738 580 942 653 plangit
983 576 1154 649 patris
1205 573 1421 641 affectu,
1456 572 1598 627 sicut
1617 580 1671 626 et
1695 572 1749 626 in
1780 571 1887 625 alio
1917 571 2037 625 loco
2062 571 2140 626 le-

546 675 747 745 gimus,
791 671 936 743 quod
986 669 1182 725 videns
1228 681 1347 723 eam
1396 664 1613 720 ﬂeverit
1657 662 1828 732 (Luc.
1873 662 2024 733 ιιι).
2080 662 2138 718 In

542 782 610 823 eo
669 775 846 820 autem
902 760 1045 831 quod
1101 759 1232 814 dicit
1273 775 1289 812 :
1341 757 1556 825 Quoties
1622 756 1762 810 volui
1827 770 2140 825 congregare

546 858 686 929 ﬁlios
717 868 855 920 tuos,
907 869 1099 909 omnes
1137 860 1286 907 retro
1315 849 1608 921 prophetas
1632 864 1663 904 a
1707 862 1767 903 se
1793 846 1989 902 missos
2017 861 2140 902 esse

543 961 790 1006 testatur.
814 946 1043 1004 Gallinae
1071 959 1290 1015 quoque
1326 941 1732 997 similitudinem
1757 935 2140 1009 congregantis

544 1044 648 1097 sub
694 1041 807 1096 alas
839 1039 1018 1109 pullos
1047 1050 1197 1103 suos,
1252 1037 1305 1091 in
1340 1036 1555 1090 cantico
1586 1028 1990 1087 Deuteronomii
2011 1028 2138 1099 legi-

547 1148 669 1189 mus
699 1151 714 1188 :
746 1131 895 1188 Sicut
923 1130 1099 1200 aquila
1125 1127 1352 1198 protegit
1373 1126 1555 1180 nidum
1575 1132 1812 1191 suum,et
1850 1136 2007 1193 super
2024 1120 2142 1193 pul-

543 1227 622 1281 los
649 1241 769 1279 suos
797 1233 824 1261 ι
855 1221 1188 1287 desideravit,
1220 1218 1521 1287 expandens
1549 1217 1668 1271 alas
1694 1232 1817 1272 suas
1852 1213 2075 1285 suscepit
2094 1220 2141 1267 et

544 1316 663 1372 tulit
688 1332 845 1387 super
868 1330 1065 1386 pennas
1090 1328 1213 1367 suas
1236 1310 1418 1381 (Deut.
1452 1324 1623 1373 xxxtt,
1652 1308 1763 1378 ll).

623 1408 783 1479 192
810 1405 995 1477 (Vers.
1016 1404 1136 1473 58.)
1163 1402 1301 1457 Ecce
1339 1402 1657 1469 relinquetur
1686 1400 1822 1454 vobis
1849 1399 2033 1452 domus
2059 1414 2144 1452 ve-

545 1510 655 1555 stra
685 1500 908 1554 deserta.
955 1498 1070 1553 lloc
1106 1496 1283 1567 ipsum
1340 1509 1407 1549 ex
1451 1508 1685 1563 persona
1730 1492 1979 1547 Jeremiat
2027 1492 2142 1560 jam

544 1602 674 1649 ante
694 1592 911 1648 dixerat
937 1606 952 1643 :
981 1588 1188 1659 Reliqui
1217 1587 1428 1641 domum
1448 1600 1633 1649 meam,
1671 1584 1846 1638 dimisi
1868 1581 2145 1638 [neredita-

546 1696 647 1741 tem
676 1700 884 1741 meam:
915 1684 1057 1753 facta
1086 1691 1158 1735 est
1192 1680 1319 1733 mihi
1345 1678 1638 1733 'htereditas
1683 1693 1794 1731 mea
1849 1676 2000 1747 quasi
2029 1691 2145 1748 spe-

545 1780 707 1835 lunca
745 1777 945 1848 nguina:
971 1773 999 1813 ι’
1028 1772 1163 1843 (Jer.
1188 1786 1285 1839 xtt,
1312 1771 1366 1836 7,
1401 1769 1482 1841 8).
1514 1769 1793 1825 Desertam
1824 1767 2136 1822 Judaeorum

2240 586 2352 635 sus,
2396 568 2531 623 dicit
2556 570 2631 624 eis
2661 586 2681 625 :
2731 570 2912 625 Videte
2940 586 3004 624 ne
3031 568 3149 637 quis
3175 582 3266 623 vos
3302 566 3536 621 seducat.
3579 564 3750 621 Sedet
3782 564 3838 620 in

2240 667 2428 715 monte
2453 659 2672 726 Oliveti,
2706 660 2799 715 ubi
2821 674 3009 715 verum
3039 659 3228 714 lumen
3277 656 3521 714 scientiis
3574 655 3841 712 nasceba-

2241 761 2351 816 tur,
2389 763 2442 808 et
2472 752 2735 807 accedunt
2765 751 2832 807 ad
2862 767 2986 807 eum
3017 751 3174 824 193
3196 749 3447 820 discipuli
3469 759 3706 818 secreto,
3740 747 3836 819 qui

2243 844 2503 914 mysteria
2552 853 2607 899 et
2653 843 2961 899 futurorum
3011 843 3402 899 revelationem
3431 856 3591 897 nosse
3646 840 3841 910 cupie-

2242 936 2396 1003 bant,
2430 947 2485 991 et
2508 936 2849 1006 interrogant
2887 935 2987 990 tria
3023 954 3036 989 :
3066 936 3187 1003 Quo
3227 943 3474 1003 tempore
3525 932 3835 989 Jerusalem

2242 1025 2577 1082 destruenda
2601 1025 2672 1080 sit
2703 1041 2719 1092 ;
2752 1040 2858 1096 quo
2910 1035 3173 1081 venturus
3216 1024 3508 1090 Christus;
3537 1039 3651 1096 quo
3704 1038 3840 1080 con-

2243 1120 2534 1176 summatio
2562 1118 2749 1174 saeculi
2781 1118 2965 1174 futura
2988 1117 3079 1173 sit.

2315 1212 2497 1286 (Vers.
2523 1213 2606 1284 5.)
2635 1210 2794 1267 Multi
2813 1212 2952 1266 enim
2996 1211 3199 1266 venient
3248 1210 3305 1265 in
3334 1210 3540 1265 nomine
3570 1226 3710 1275 meo,
3753 1211 3837 1265 di-

2242 1315 2413 1361 centes
2436 1322 2455 1360 :
2481 1305 2592 1379 Ego
2633 1321 2749 1359 sum
2801 1303 3062 1372 Christus,
3090 1313 3137 1357 et
3161 1303 3355 1359 multos
3384 1305 3654 1359 seducent.
3687 1304 3834 1373 Quo.

2242 1416 2364 1456 rum
2388 1415 2525 1454 unus
2549 1408 2636 1457 est
2662 1398 2851 1455 Simon
2890 1397 3290 1466 Samaritanus,
3322 1414 3483 1469 quem
3523 1397 3578 1454 in
3608 1400 3840 1456 Actibus

2242 1494 2621 1563 apostolorum
2652 1493 2906 1563 legimus,
2947 1493 3039 1563 qui
3072 1506 3132 1547 se
3183 1507 3432 1563 magnam
3473 1492 3693 1548 dicebat
3716 1506 3839 1548 esse

2247 1587 2340 1643 Dei
2367 1588 2623 1641 virtutem
2670 1585 2814 1657 (Act.
2847 1584 2990 1654 vttt),
3020 1585 3135 1640 haec
3161 1601 3382 1655 quoque
3429 1586 3574 1641 inter
3626 1582 3738 1657 [AL
3763 1583 3840 1658 et]

2244 1686 2444 1732 caetera
2476 1678 2531 1731 in
2557 1676 2675 1731 suis
2707 1685 2732 1715 ο
2757 1675 3126 1733 voluminibus
3145 1678 3348 1744 scripta
3372 1676 3656 1733 dimittens
3679 1693 3695 1731 :
3726 1675 3840 1749 Ego

2243 1786 2359 1824 sum
2386 1787 2554 1825 sermo
2582 1768 2704 1837 Dei,
2733 1786 2826 1841 ego
2849 1786 2963 1824 sum
2987 1770 3272 1840 speciosus,
3298 1788 3395 1844 ego
3421 1773 3842 1843 paracletus,ego

547 1845 797 1932 domum;
828 1867 880 1921 id
910 1874 1016 1933 est,
1042 1863 1302 1933 templum
1336 1861 1492 1929 illud,
1528 1858 1675 1931 quod
1702 1869 1725 1899 ο
1761 1858 2004 1930 fulgebat
2041 1874 2139 1912 au-
2168 1845 2220 1909 Β
2244 1863 2588 1932 omnipotens,
2617 1877 2712 1935 ego
2737 1863 2910 1916 omnia
2930 1859 3043 1916 Dei.
3077 1862 3186 1917 Sed
3216 1875 3271 1918 et
3291 1862 3533 1918 Joannes
3559 1864 3841 1935 apostolus

546 1963 778 2034 gnstiust
830 1957 1005 2014 oculis
1058 1954 1480 2025 comprobamus
1526 1968 1540 2004 :
1599 1949 1722 2020 quia
1777 1949 2138 2006 habitatorem

545 2053 827 2110 Christum
878 2045 1151 2117 perdidit,
1200 2055 1257 2101 et
1293 2042 1669 2099 haereditatem
1713 2042 2008 2113 praeripere
2046 2057 2141 2112 ge-

478 2185 485 2193 -
544 2146 738 2213 stiens,
765 2141 966 2197 occidit
987 2139 1283 2194 literedem.

617 2236 799 2309 (Vers.
815 2233 933 2304 59.)
962 2233 1088 2286 Dico
1112 2232 1245 2285 enim
1258 2229 1431 2284 vobis:
1452 2245 1554 2282 non
1566 2245 1646 2282 me
1666 2227 1897 2282 videbitis
1927 2226 2136 2294 amodo,

544 2329 707 2383 donec
738 2324 926 2379 dicatis
963 2340 981 2378 :
1012 2321 1325 2377 Benedictus
1354 2321 1444 2391 qui
1470 2317 1497 2356 ά
1524 2320 1658 2374 venit
1701 2320 1754 2371 in
1783 2319 1993 2372 nomine
2039 2317 2144 2371 Do-

546 2420 694 2475 mini.
730 2418 812 2473 Ad
838 2415 1145 2472 Jerusalem
1174 2413 1437 2484 loquitur,
1461 2421 1517 2466 et
1548 2411 1615 2465 ad
1641 2412 1900 2482 pepulum
1922 2408 2143 2465 Judaeo-

548 2526 692 2568 rum.
714 2507 1055 2563 Versiculum
1086 2513 1266 2559 autem
1301 2504 1486 2568 istum,
1520 2518 1628 2573 quo
1658 2510 1715 2557 et
1742 2501 1950 2571 parvuli
1981 2511 2144 2570 atque

546 2602 810 2659 lactentes
838 2600 895 2654 in
942 2596 1193 2667 ingressu
1238 2593 1544 2649 Jerusalem
1595 2592 1812 2646 Domini
1843 2589 2145 2647 Salvatoris

547 2692 631 2748 usi
664 2700 817 2756 sunt,
846 2687 1068 2759 quando
1097 2685 1355 2740 dixerunt
1399 2701 1413 2736 :
1453 2681 1766 2738 Benedictus
1792 2681 1880 2752 qui
1930 2681 2063 2735 venit
2090 2681 2146 2734 in

551 2786 761 2840 nomine
783 2782 1016 2849 Domini,
1042 2779 1313 2834 osannain
1340 2776 1579 2841 excelsis,
1612 2774 1846 2844 sumpsit
1864 2773 1933 2828 de
1960 2779 2148 2827 cente-

551 2877 694 2932 simo
724 2873 936 2931 decimo
982 2871 1218 2940 septimo
1241 2869 1492 2938 ,psalmo,
1526 2866 1616 2936 qui
1648 2864 1932 2920 manifeste
1956 2864 2025 2919 de
2052 2864 2146 2918 ad-

550 2981 718 3028 ventu
745 2965 955 3023 Domini
993 2962 1227 3032 scriptus
1253 2970 1358 3016 est.
1408 2961 1477 3016 Et
1527 2957 1673 3029 quod
1702 2958 1857 3025 dicit,
1894 2957 2001 3012 hoc
2031 2955 2149 3010 vult

555 3065 785 3135 intelligi
826 3061 981 3117 :Nisi
1012 3057 1390 3135 paenitentiam
1445 3052 1665 3124 egeritis
1720 3050 1874 3125 (Luc.
1920 3050 2063 3119 xttt),
2093 3057 2147 3104 et

552 3155 793 3213 confessi
821 3151 1035 3207 fueritis
1055 3150 1229 3219 ipsum
1256 3160 1344 3201 me
1368 3159 1517 3208 esse,
1535 3142 1604 3198 de
1627 3142 2032 3213 quoProphetaa
2052 3154 2146 3195 ce-

550 3250 828 3310 cinerunt,
858 3241 1054 3298 Filium
1085 3238 1478 3309 omnipotentis
1525 3235 1721 3300 Patris,
1754 3249 1929 3288 meam
1955 3224 2222 3288 faciemC

549 3354 660 3396 non
689 3335 964 3392 videbitis.
1002 3332 1214 3388 Habent
1233 3328 1407 3385 Judaei
1449 3326 1634 3382 datum
1657 3326 1759 3382 sibi
1789 3335 2003 3396 tempus
2029 3338 2147 3395 pae-

548 3430 794 3489 nitentia:
821 3444 836 3482 :
880 3426 1246 3483 confiteantur
1276 3418 1621 3476 benedictum
1647 3418 1739 3486 qui
1768 3418 1916 3473 venit
1956 3417 2011 3472 in
2041 3431 2141 3471 no-

550 3526 698 3583 mine
730 3521 973 3586 Domini,
1005 3527 1061 3574 et
1079 3516 1281 3572 Christi
1301 3527 1399 3569 ora
1427 3511 1791 3581 conspicieut.

625 3618 783 3691 (Cap.
816 3610 1008 3670 XXIV.
1040 3639 1113 3652 —
1133 3608 1296 3664 Vers.
1329 3607 1382 3673 1,
1413 3603 1499 3674 2.)
1534 3604 1602 3657 Et
1637 3619 1873 3675 egressus
1898 3601 2054 3656 Iesus
2083 3601 2148 3657 de

554 3710 769 3781 templo,
796 3706 926 3759 ibat.
952 3701 1020 3756 Et
1041 3707 1367 3754 accesserunt
1403 3696 1657 3765 discipuli
1673 3697 1812 3766 ejus,
1832 3702 1888 3748 ut
1910 3695 2149 3749 ostende-

552 3793 1138 3864 renteiaedifirationes
1193 3787 1392 3857 ιεηιριὶ.
1426 3785 1547 3857 Ipse
1591 3794 1761 3839 autent
1810 3787 2150 3853 respondens,

553 3893 687 3948 dixit
712 3889 824 3943 illis
854 3903 873 3939 :
917 3884 1108 3937 Videtis
1133 3883 1245 3937 lucc
1262 3880 1473 3934 omnia?
1502 3879 1664 3932 Amen
1685 3879 1800 3931 dico
1824 3879 1965 3932 vobis
1997 3894 2017 3934 :
2045 3897 2148 3933 non

554 3986 879 4053 relinquetur
907 3977 989 4030 hic
1012 3976 1147 4047 lapis
1171 3988 1328 4044 super
1345 3970 1594 4039 lapidem,
1611 3971 1694 4039 qui
1712 3987 1814 4023 non
1827 3971 2149 4027 destruatur.

556 4074 715 4130 Juxta
745 4067 1032 4125 historiam
1076 4062 1396 4119 manifestus
1443 4071 1528 4115 est
1573 4074 1791 4115 sensus.
1840 4059 2151 4117 Recedente

558 4176 742 4221 autem
775 4160 1007 4217 Domino
1036 4157 1107 4212 de
1152 4154 1377 4223 templo,
1422 4152 1602 4206 omnia
1636 4150 1772 4221 legis
1815 4151 2066 4217 aedilicia,
2097 4162 2154 4209 et

556 4254 882 4323 compositio
909 4250 1285 4304 mandaturum
1314 4244 1383 4300 ita
1413 4243 1692 4298 destructa
1738 4253 1841 4311 est,
1870 4253 1927 4298 ttt
1954 4244 2089 4300 nihil
2120 4261 2148 4300 a

557 4348 761 4407 Iudaeis
789 4346 961 4417 possit
989 4338 1256 4410 impleri;
1297 4347 1353 4392 et
1379 4338 1563 4407 capite
1610 4336 1848 4404 sublato,
1899 4337 2148 4394 universa

558 4441 702 4495 inter
725 4452 787 4492 se
816 4434 1058 4490 membra
1085 4436 1474 4499 compugnent.

635 4529 820 4601 (Vers.
850 4529 905 4591 '5,
934 4524 1014 4583 4.)
1047 4522 1272 4579 Sedente
1317 4527 1490 4574 autem
1521 4534 1580 4572 eo
1609 4534 1767 4587 super
1794 4528 2017 4576 montem
2040 4523 2153 4579 Uli-

2249 1955 2303 2007 in
2326 1953 2555 2022 epistola
2587 1968 2686 2008 sua
2733 1953 2975 2024 loquitur
3005 1971 3019 2007 :
3045 1953 3279 2008 Audistis
3329 1959 3452 2025 quia
3491 1954 3844 2010 Antichristus

2242 2055 2488 2102 venturus
2515 2055 2609 2112 est,
2634 2063 2769 2101 nunc
2792 2056 2962 2101 autem
2974 2046 3281 2105 Antichristi
3310 2048 3462 2103 multi
3488 2048 3665 2117 sunt(l
3683 2046 3841 2105 Joan.

2246 2155 2303 2203 tt,
2343 2138 2458 2210 l8).
2487 2139 2602 2210 Ego
2637 2155 2761 2193 reor
2793 2154 2983 2194 omnes
3032 2139 3443 2201 haeresiarchas.
3481 2139 3843 2196 Antichristos

2245 2245 2387 2295 esse,
2400 2238 2455 2285 et
2481 2231 2582 2285 sub
2603 2230 2819 2287 nomine
2837 2228 3041 2285 Christi
3082 2246 3146 2284 ea
3184 2230 3400 2295 docere,
3430 2247 3551 2302 quze
3581 2233 3843 2287 contraria

2246 2332 2373 2377 sunt
2400 2322 2640 2378 Christo.
2679 2322 2791 2378 Nec
2821 2324 3018 2377 mirum
3043 2321 3089 2376 si
3115 2320 3329 2392 aliquos
3360 2323 3431 2376 ab
3453 2322 3541 2379 his
3573 2324 3844 2378 videamus

2245 2415 2454 2479 seduci,
2485 2430 2607 2470 cum
2635 2415 2894 2469 Dominus
2919 2414 3115 2470 dixerit
3143 2430 3159 2468 :
3197 2413 3261 2468 Et
3288 2417 3476 2468 multos
3504 2416 3770 2471 sedarent.

2320 2506 2504 2577 (Vers.
2539 2505 2620 2578 6.)
2642 2505 2888 2560 Audituri
2923 2505 3057 2560 enim
3089 2508 3209 2559 estis
3234 2505 3441 2577 pra-lia,
3482 2514 3535 2561 et
3578 2507 3840 2574 opiniones

2246 2599 2553 2669 prwliorum
2590 2599 2802 2653 :videte
2838 2615 2903 2651 ne
2952 2597 3254 2653 turbemini.
3283 2598 3502 2663 Oportet
3560 2601 3695 2655 enim
3736 2599 3842 2656 lucc

2248 2691 2363 2759 ﬁeri
2385 2707 2406 2757 ,'
2427 2690 2516 2744 sed
2540 2689 2772 2743 nondum
2791 2698 2866 2742 est
2882 2688 3028 2758 ﬂuis.
3056 2687 3192 2743 Cum
3220 2691 3336 2744 htcc
3365 2690 3533 2761 igitur
3555 2692 3671 2746 lleri
3698 2691 3839 2745 vide-

2249 2782 2443 2844 rimus,
2493 2795 2600 2834 non
2656 2789 2910 2850 putemus
2959 2781 3106 2835 diem
3159 2780 3368 2836 instare
3411 2781 3629 2851 judicii.
3655 2783 3749 2837 sed
3789 2783 3838 2836 in

2251 2880 2465 2942 tempus
2510 2871 2641 2926 illud
2695 2871 2990 2940 reservari,
3017 2870 3175 2942 cujus
3198 2872 3415 2942 signum
3476 2874 3837 2945 perspicueiu

2250 2963 2716 3033 consequentibus
2743 2964 2982 3032 ponitur.

2323 3057 2505 3130 (Vers.
2534 3056 2680 3129 7,8.)
2711 3056 3002 3127 Consurget
3027 3058 3165 3112 enim
3190 3075 3314 3130 gens
3338 3070 3523 3115 contra
3550 3071 3766 3133 gentem,
3796 3069 3842 3115 et

2252 3168 2465 3225 regnum
2485 3157 2668 3203 contra
2696 3163 2935 3222 regnum,
2963 3158 3011 3204 et
3052 3161 3202 3204 erunt
3241 3154 3554 3220 pestilentia
3590 3163 3638 3207 et
3662 3154 3835 3224 fames,

2253 3252 2304 3296 et
2328 3247 2654 3295 terrwmotus
2682 3256 2771 3305 per
2797 3241 2933 3293 loca.
2962 3238 3095 3294 Haec
3124 3250 3295 3295 autem
3320 3243 3498 3295 omnia
3551 3244 3700 3298 initia
3720 3251 3837 3297 sunt

2255 3331 2516 3387 dolorum.
2548 3328 2666 3386 Non
2695 3330 2913 3400 ambigo
2942 3338 2999 3385 et
3021 3334 3137 3385 lucc
3179 3332 3399 3402 quidem
3427 3333 3585 3403 juxta
3612 3333 3834 3388 litteram

2255 3424 2433 3479 futura
2462 3435 2585 3491 quin
2630 3422 2833 3492 scripta
2865 3431 2995 3477 sunt
3024 3437 3037 3475 :
3071 3422 3167 3478 sed
3200 3422 3332 3478 mihi
3363 3426 3580 3480 videtur
3619 3440 3834 3496 regnum

2252 3525 2439 3571 contra
2472 3526 2794 3585 regnum,et
2827 3517 3139 3583 pestilentia
3162 3531 3379 3579 eorum,
3403 3529 3636 3590 quorum
3664 3533 3838 3574 sermo

2254 3606 2429 3675 serpit
2448 3615 2505 3659 ut
2528 3621 2728 3661 cancer
2756 3605 2825 3672 (ll
2850 3605 2984 3660 Tim.
3017 3608 3102 3678 tt),
3130 3617 3186 3662 et
3229 3608 3399 3664 fames
3445 3611 3696 3667 audiendi
3724 3626 3837 3667 ver-

2253 3699 2384 3755 bum
2416 3699 2529 3765 Dei,
2550 3707 2607 3754 et
2629 3699 2926 3754 commotio
2951 3699 3224 3756 universas
3253 3710 3512 3767 terrae,et
3540 3720 3570 3758 a
3595 3719 3716 3761 vera
3737 3704 3837 3759 fide

2252 3786 2570 3862 separatio,
2601 3790 2656 3845 in
2683 3792 2954 3847 haereticis
2979 3792 3150 3862 magis
3178 3793 3427 3864 intelligi,
3456 3796 3547 3866 qui
3571 3806 3752 3851 contra
3778 3810 3835 3850 se

2253 3886 2483 3942 invicem
2507 3883 3139 3951 dimicantes,Ecclesia:
3155 3886 3437 3941 victoriam
3463 3888 3832 3956 faciunt.Quod

2253 3986 2436 4033 autem
2463 3976 2604 4031 dixit
2629 3990 2645 4030 :
2670 3974 2802 4030 Hth
2835 3983 3008 4029 autem
3031 3977 3205 4030 omnia
3240 3976 3398 4032 initia
3440 3990 3560 4034 sunt
3580 3980 3832 4044 dolorum,

2254 4070 2449 4126 melius
2497 4066 2846 4135 transfertur,
2893 4069 3302 4140 parturitionum
3334 4086 3353 4124 :
3381 4080 3438 4125 ut
3468 4071 3620 4142 quasi
3650 4085 3836 4127 conce-

2256 4170 2381 4231 plus
2409 4160 2628 4231 quidam
2665 4160 2935 4216 adventus
2962 4157 3306 4227 Antichristi,
3338 4176 3447 4215 non
3476 4172 3657 4232 partus
3685 4160 3833 4217 intel-

2258 4254 2480 4323 ligatur.

2333 4344 2518 4415 (Vers.
2554 4345 2634 4416 9.)
2657 4344 2807 4399 Tum:
2831 4346 3033 4399 tradent
3067 4361 3153 4399 vos
3184 4347 3237 4399 in
3265 4347 3662 4410 tribulationem,
3683 4356 3731 4401 et
3752 4362 3834 4400 oc-

2255 4436 2427 4491 cident
2458 4451 2587 4502 vos;
2614 4445 2666 4490 et
2694 4436 2839 4491 eritis
2859 4436 2981 4490 odio
3024 4438 3258 4491 omnibus
3279 4439 3518 4512 gentibus
3542 4436 3697 4512 195
3715 4454 3831 4511 pro-

2256 4537 2368 4598 pter
2389 4542 2575 4582 nomen
2599 4543 2789 4581 meum.
2806 4527 2908 4582 Per
2932 4528 3211 4598 apostolos
3228 4530 3469 4585 omnium
3500 4532 3826 4586 credentium

554 4622 680 4683 veti,
702 4623 1028 4672 accesserunt
1070 4613 1138 4666 ad
1186 4627 1301 4665 eum
1343 4607 1588 4681 discipuli
1616 4619 1832 4678 secreto,
1875 4613 2099 4669 dicentes
2130 4636 2149 4673 :
2180 4604 2229 4663 1)
2257 4633 2490 4689 persona
2545 4617 2811 4689 signatur,
2844 4632 2952 4672 non
2982 4633 3091 4689 quo
3143 4634 3211 4673 eo
3241 4628 3497 4690 tempore
3524 4621 3750 4692 apostoli
3776 4618 3826 4673 in

557 4713 659 4768 Dic
687 4710 832 4766 nobis
854 4704 1069 4777 quando
1102 4704 1211 4756 lucc
1241 4711 1415 4764 erunt,
1444 4711 1492 4753 et
1531 4700 1672 4770 quod
1698 4701 1904 4773 signum
1958 4706 2150 4762 adven-

625 4921 652 4948 ι
682 4908 849 4966 Iidem
881 4920 1038 4971 mss.,
1071 4904 1329 4959 desiderat
1355 4919 1373 4967 ;
1401 4904 1615 4958 rectius
1636 4918 1769 4959 vero
1794 4905 1861 4960 ad
1893 4905 2141 4965 Graecum

549 4991 781 5049 textum,
811 4994 937 5034 cum
958 4978 1093 5049 alim
1137 4975 1393 5049 vulgatis,
1447 4973 1637 5042 verbo,
1666 4978 1915 5046 suscepit,
1937 4979 2144 5036 addunt

551 5070 639 5109 eos
654 5070 672 5117 ,'
686 5047 899 5115 Graece,
922 5048 1125 5114 ἐδέξατο
1146 5047 1351 5107 αὐτούς.

623 5112 731 5177 1{In
763 5112 1078 5191 vetu’stioris
1100 5117 1273 5172 Palat.
1296 5113 1501 5191 codicis
1520 5113 1648 5191 albo
1674 5112 1729 5170 in
1752 5117 1901 5191 calce
1928 5120 2140 5191 pagina.-

551 5195 659 5250 huc
690 5191 992 5245 revocanda
1020 5190 1072 5242 in
1105 5196 1311 5241 textum
1335 5185 1461 5257 _h:ec
1484 5184 1793 5257 subduntur
1818 5184 2143 5257 glossaioris

547 5264 716 5319 verba
744 5281 757 5315 :
791 5260 888 5315 Est
913 5259 1133 5320 animal,
1160 5257 1299 5324 quod
1320 5253 1497 5327 Greece
1523 5255 1717 5308 dicitur
1736 5253 1941 5327 hymno,
1958 5261 2145 5317 Latine

546 5336 750 5398 bellua,
772 5333 838 5385 de
860 5346 964 5406 qua
1297 5341 1318 5379 :
1351 5325 1472 5406 Non
1520 5325 1855 5406 manducabis
1877 5332 2138 5406 hyaenam,

545 5421 709 5476 neque
727 5396 1053 5474 quod'simile
1073 5408 1149 5451 est
1172 5396 1273 5455 illi.
1303 5396 1547 5477 quoniam
1585 5396 2138 5455 immundum'animal

545 5487 640 5529 est.
666 5472 1017 5529 Phusioloaus
1044 5470 1165 5521 dicit
1198 5468 1263 5518 de
1283 5482 1363 5529 eo,
1382 5480 1627 5529 quoniam
1649 5468 1780 5520 duas
1806 5479 2020 5525 naturas
2045 5476 2138 5525 lia-

544 5487 640 5530 εει.
666 5482 1017 5544 Physicloqus
1044 5482 1165 5521 atat
1198 5482 1263 5518 ae
1283 5482 1363 5531 eo,
1382 5482 1627 5532 quontant
1649 5482 1780 5520 quas
1806 5482 2020 5525 naturas
2045 5482 2138 5525 lia-

544 5545 653 5618 bet,
685 5548 968 5618 aliquando
988 5539 1145 5618 quod
1169 5537 1442 5618 masculus.
1480 5547 1585 5618 est,
1604 5538 1887 5618 aliquando
1904 5540 2133 5618 ﬂemina.

543 5603 852 5668 Cui'simi'les
889 5603 1129 5677 (ειςιὶιῇαεί
1148 5618 1268 5661 sunt
1290 5604 1390 5675 ﬁlii
1415 5603 1602 5667 Israel.
1626 5610 1876 5677 quoniam
1898 5603 1961 5663 ab
1986 5613 2134 5665 initio

542 5686 748 5751 quidem
775 5683 1057 5735 servierunt
1078 5676 1187 5751 Deo
1207 5678 1340 5745 vivo,
1357 5687 1534 5745 postea
1551 5690 1669 5730 vero
1691 5680 1889 5734 deliciis
1910 5692 1959 5734 et
1984 5682 2135 5736 luxu-

536 5749 631 5806 riis
653 5754 837 5816 dediti,
862 5750 1005 5803 idola
1032 5749 1308 5801 coluerint.

614 5831 639 5865 ο
661 5821 719 5879 ιιι
747 5820 918 5877 Palat.
950 5832 1104 5880 mss.,
1128 5817 1265 5889 quod
1296 5825 1415 5871 ante
1443 5816 1672 5891 fulgebat
1699 5828 1999 5893 augustum.

2254 4726 2487 4781 corpore
2507 4708 2818 4780 reperiendi
2850 4709 2981 4766 sint.

2323 4910 2347 4950 ’³
2378 4915 2493 4968 Duo
2528 4928 2685 4977 mss.,
2718 4914 2808 4978 qui
2832 4924 3080 4967 venturus
3105 4922 3201 4967 est.

2328 4992 2351 5020 ο
2375 4984 2581 5059 [luctor
2619 4982 3080 5059 Constitutionum
3094 4984 3410 5059 _Apostolic.
3450 5000 3462 5036 :
3495 4981 3711 5059 οζᾷαμιν
3733 4983 3825 5059 γᾷρ

2250 5051 2330 5141 ire
2365 5055 2411 5141 οξ
2599 5058 2798 5141 Signina
2838 5056 2947 5141 καὶ-
2962 5051 3191 5141 κλεῆϐιοέρ
3231 5054 3358 5141 toan.
3393 5051 3825 5141 egwﬁiflv‘rft'vﬁ‘.‘

2252 5125 2367 5198 ϐλίᾳ
2392 5124 2469 5177 ἐπ’
2489 5124 2695 5198 ὅνὸματρ
2721 5132 2973 5198 Χριστοῦ,
2998 5128 3085 5179 καὶ
3112 5132 3212 5180 τῶν
3254 5129 3495 5198 μαθητῶν
3537 5127 3715 5198 aurati,
3738 5124 3825 5198 irt-

2248 5196 2545 5272 ptpipouatv
2569 5193 2887 5272 sle-intima»,
2916 5202 3024 5248 etc.
3053 5193 3265 5249 Scimus
3289 5198 3443 5260 enim,
3469 5197 3606 5265 quod
3632 5196 3716 5263 qui
3741 5193 3823 5272 Si-

2251 5264 2453 5318 inoiiem
2481 5264 2847 5334 Cleobiumque
2866 5276 3149 5330 sectantur,
3182 5274 3454 5319 venenatos
3479 5264 3823 5334 commnentes

2249 5336 2405 5405 libros
2435 5334 2528 5386 sub
2552 5332 2743 5405 Christi
2764 5332 2818 5386 et
2846 5334 3219 5405 discipulorum
3249 5338 3361 5403 eius
3386 5339 3593 5387 nomine
3616 5333 3821 5405 circum-

2247 5404 2423 5474 ferunt
2448 5405 2519 5456 ad
2566 5404 2895 5474 decipiendos
2920 5421 3027 5459 vos.
3074 5406 3331 5459 Mcuwrat
3366 5418 3579 5473 quoque
3619 5404 3821 5474 Auctor

2239 5474 2307 5549 de
2343 5472 2908 5549 Divinis_nnntiuihus
2930 5491 3060 5549 cap.
3086 5477 3155 5549 ϐ)
3175 5472 3404 5549 figas-ioc
3451 5472 3817 5549 ἀνςρρρητικούς

2237 5543 2440 5615 λργους.
2476 5544 2532 5598 lu
2558 5543 2781 5599 Pra-fat.
2818 5542 3047 5599 Arabica
3074 5547 3139 5599 ad
3165 5542 3489 5615 Concilium
3509 5542 3814 5615 Ntt'uenum:

2238 5609 2354 5667 Sibi
2392 5624 2564 5668 autem
2610 5614 2796 5686 perﬁdi
2824 5616 2912 5669 isti
2935 5615 3213 5670 Simonin
3237 5613 3579 5686 Evangelium
3603 5609 3812 5681 effinxe-

2235 5694 2377 5745 runt,
2401 5686 2538 5753 quod
2565 5683 2620 5738 in
2661 5683 2886 5755 quatuor
2909 5695 3074 5738 tomos
3111 5698 3363 5751 secantes,
3392 5683 3580 5737 librum
3602 5689 3811 5753 quatuor

2234 5755 2548 5824 angulorum
2574 5766 2623 5810 et
2640 5755 2914 5813 cardinum
2942 5755 3122 5811 mundi
3141 5757 3496 5826 appellarunt.

3574 5864 3597 5903 ό
