4044 6462
213 266 288 324 lTl
660 277 1365 342 COMMENTARIOBUM
1407 287 1472 342 IN
1515 287 1974 346 EVANGELIUM
2013 290 2347 347 MA'I‘Tllel
2390 293 2518 347 ιλιι.
2568 292 2654 347 IV.
2698 294 2852 348 (ῖιΡ.
2897 295 3091 351 XXIV.

3439 303 3542 358 178

258 388 425 458 (ιω.
484 391 583 460 12,
620 395 759 470 l5.)
803 399 889 455 Et
941 405 1185 473 quamam
1238 405 1521 467 abundabit
1563 406 1835 474 iniquitas,
1864 406 1916 465 Α
1945 415 2245 461 retrorsum
2274 416 2398 461 sunt
2428 423 2442 472 ;
2471 408 2567 462 sed
2598 409 2773 477 magis
2803 425 2992 465 serere
3021 411 3074 464 in
3115 426 3248 481 agro
3277 413 3540 482 spiritua-

202 487 469 556 ηΙνίςιπιι
498 489 773 549 Charitas
810 499 1128 554 multorum.
1155 500 1262 568 Qui
1287 512 1458 554 autem
1481 516 1838 571 perseverave-

198 582 251 634 rit
270 597 419 651 usqu
449 581 527 636 ad
580 585 801 655 ﬁnem,
834 589 928 646 hic
951 592 1130 647 salvus
1167 595 1283 646 erit.
1316 593 1432 648 Non
1465 595 1707 647 omnium
1743 609 1840 646 ne-

201 672 326 741 gavit
363 673 583 742 ﬁdem,
645 680 766 734 sed
834 685 1168 738 multorum.
1225 684 1377 740 Mulli
1430 686 1575 738 enim
1633 684 1836 748 vocati,

199 769 328 837 pauci
354 785 490 827 vero
520 772 742 828 elemi.
779 776 934 833 Nam
980 779 1034 833 in
1069 779 1335 847 apostolis
1363 789 1418 834 et
1447 778 1724 832 similibus
1744 792 1841 832 eo-

202 876 297 913 rum
333 877 742 930 permansura
784 879 880 922 est
907 869 1168 934 cbaritas,
1200 869 1268 923 de
1295 885 1401 938 qua
1425 869 1689 938 scriptum
1713 879 1797 924 est
1821 883 1836 922 :

199 955 362 1023 atque
377 954 573 1010 multa:
593 975 719 1011 non
745 971 1001 1025 poterunt
1015 963 1334 1031 exstinguere
1349 959 1836 1028 charitatem(Cant.

199 1061 292 1108 un,
320 1045 394 1115 ἴ).
421 1046 496 1100 Et
532 1049 680 1116 ipse
707 1051 936 1107 Paulus
972 1069 986 1107 :
1020 1053 1147 1119 Quis
1184 1070 1278 1107 nos
1319 1055 1580 1124 separabit
1606 1071 1639 1107 a
1663 1055 1838 1108 chari-

199 1149 277 1190 tcte
311 1136 517 1194 Christi
543 1144 573 1194 .9
599 1144 934 1213 tribulatio,
959 1163 1028 1200 an
1051 1147 1313 1219 angustia,
1337 1164 1405 1200 an
1450 1149 1612 1218 fames
1653 1147 1834 1218 (llam.

201 1230 397 1301 ιιιι,5ξι)
415 1233 440 1285 ΐ
468 1245 531 1288 et
558 1235 838 1306 reliqua.

252 1321 425 1390 (verso
463 1326 599 1397 14.)
632 1327 718 1382 Et
772 1331 1150 1397 medicabitur
1178 1333 1274 1386 hoc
1307 1331 1649 1402 Evangelium
1691 1331 1840 1400 regni

197 1415 238 1463 is
254 1414 493 1470 universo
529 1420 706 1484 o'rbe,
731 1420 796 1473 in
828 1422 1176 1475 testimonium
1201 1423 1442 1476 omnibus
1490 1422 1724 1493 gentibus
1748 1437 1766 1486 ;
1794 1429 1841 1474 et

197 1513 299 1558 tunc
319 1507 491 1560 ueniet
525 1513 976 1566 consummatio.
1007 1513 1231 1580 Signum
1279 1512 1550 1567 Dominici
1574 1511 1840 1567 adventus

197 1605 284 1658 est.
305 1597 716 1666 Evangeliurn
755 1604 810 1657 in
839 1613 954 1659 toto
980 1605 1112 1659 orbe
1141 1605 1458 1675 pradicari,
1492 1611 1553 1657 ut
1574 1605 1754 1657 nullus
1768 1603 1840 1657 sit

197 1689 522 1748 excusabilis
551 1709 571 1758 ;
607 1694 786 1761 quod
819 1707 910 1750 aut
942 1696 1052 1764 jam
1078 1698 1441 1766 completum,
1474 1708 1566 1752 aut
1600 1698 1652 1751 in
1686 1696 1836 1750 brevi

1944 499 2073 552 liutn
2118 498 2546 568 Scripturarum,
2573 511 2632 554 ιιι
2661 500 2871 556 fructus
2901 503 3180 572 capiamus
3203 521 3270 558 ex
3304 520 3392 560 eo.
3426 505 3538 562 Nec

1943 589 2139 643 tollere
2153 590 2380 644 alteram
2406 593 2664 656 tunicam,
2683 609 2844 659 quant
2863 594 3326 655 apostoli-habere
3359 597 3544 662 prohi-

1943 679 2160 735 bentur.
2185 682 2256 735 De
2286 681 2393 735 hoc
2425 682 2633 748 loco,id
2664 684 2854 744 est.de
2881 685 3292 742 abominatione
3322 687 3539 743 desola-

1941 773 2263 842 tionis,qu:e
2301 773 2446 827 dicta
2486 785 2571 828 est
2613 791 2641 826 a
2681 776 2902 829 Daniele
2935 778 3229 845 propheta,
3264 790 3447 834 stante
3479 780 3536 834 in

1944 865 2064 919 loco
2090 877 2299 930 sancto,
2337 868 2505 921 multa
2535 868 2869 939 Porphyrius
2901 871 3064 923 tertio
3105 869 3318 925 decimo
3358 874 3546 940 operis

1943 960 2027 1012 sui
2061 958 2337 1013 volumine
2381 968 2573 1015 contra
2621 977 2720 1016 nos
2775 962 3190 1030 blasphemavit,
3229 965 3314 1017 cui
3375 964 3549 1020 Euse-

1942 1051 2064 1106 bius
2093 1051 2452 1106 Caesariensis
2482 1053 2773 1123 episc0pus
2819 1054 2997 1108 tribus
3049 1055 3334 1124 respondit
3390 1058 3546 1111 volu-

1945 1144 2202 1209 minibus,
2230 1145 2446 1199 decimo
2476 1157 2690 1210 octavo,
2721 1146 2936 1200 decimo
2965 1161 3132 1212 nono,
3164 1157 3220 1202 et
3257 1147 3540 1204 vicesimo.

1945 1236 2400 1307 Apollinaris[Al.
2425 1237 2821 1309 Apollinarius]
2845 1253 3063 1308 quoque
3093 1238 3311 1308 scripsit
3344 1239 3545 1308 plenis-

1944 1328 2081 1383 sime
2109 1345 2124 1383 :
2155 1330 2545 1401 superﬂueque
2595 1340 2828 1385 conatus
2878 1340 2964 1384 est
2992 1345 3102 1384 uno
3131 1332 3371 1398 capitulo
3396 1332 3543 1386 velle

1944 1419 2241 1485 disserere,
2262 1422 2328 1476 de
2350 1437 2456 1492 quo
2480 1423 2642 1478 tantis
2663 1437 2916 1476 versuum
2945 1421 3189 1476 millibus
3205 1422 3543 1492 disputatum

1945 1524 2051 1570 est.

2017 1605 2201 1676 (Vers.
2250 1604 2365 1677 i9.)
2424 1605 2510 1660 Va:
2555 1615 2730 1660 autem
2769 1608 3160 1678 praegnantibus
3212 1617 3260 1662 et
3315 1608 3551 1662 nutrien-

1946 1698 2080 1752 tibus
2119 1699 2174 1752 in
2226 1698 2330 1752 illis
2376 1699 2578 1754 diebus.
2630 1699 2724 1754 Va:
2775 1700 2882 1754 illis
2928 1702 3238 1767 animabus,
3273 1717 3393 1772 quae
3438 1716 3550 1758 non

198 1783 454 1838 cernimus
514 1799 666 1842 esse
729 1789 1143 1858 complendum.
1187 1789 1305 1842 Non
1367 1789 1511 1844 enim
1571 1788 1994 1856 putnali-Bin
2070 1788 2367 1858 perfectum
2434 1789 2610 1844 virum
2666 1805 2766 1845 sua
2825 1791 3098 1861 genimina
3153 1793 3547 1861 perduxerunt,

197 1886 337 1938 quam
389 1879 780 1933 remansisse
805 1889 1048 1949 gentem,
1072 1896 1191 1948 quae
1213 1879 1417 1934 Christi
1459 1896 1657 1934 nomen
1685 1881 1839 1950 igno-

200 1972 290 2018 ret.
321 1965 394 2020 Et
419 1984 808 2041 quamquam
858 1989 968 2028 non
1005 1975 1258 2029 habuerit
1311 1975 1727 2043 prmdicatoren,
1755 1986 1838 2028 ta-

202 2070 308 2110 en
327 2074 403 2114 ex
429 2060 666 2118 vicinis
697 2065 1014 2122 nationibus
1026 2067 1345 2137 Opinionem
1366 2066 1496 2124 lidei
1522 2084 1630 2123 non
1659 2075 1842 2139 potest

203 2163 466 2216 ignorare.

263 2240 449 2310 (Vere.
487 2247 628 2318 15.)
655 2248 800 2302 Cum
827 2266 952 2323 ergo
979 2252 1215 2307 videritis
1267 2252 1710 2307 abominationem
1740 2254 1834 2308 de-

207 2332 498 2401 solationis,
514 2355 654 2406 quae
687 2341 835 2394 dicta
859 2355 937 2396 est
955 2361 987 2397 a
1011 2342 1228 2398 Daniele
1253 2343 1523 2416 propheta,
1542 2354 1763 2398 stantem
1786 2346 1840 2397 in

209 2427 310 2477 loco
341 2435 684 2501 sancto,qui
715 2434 864 2505 legit,
888 2435 1416 2507 intelligat.Quando
1433 2437 1498 2491 ad
1529 2436 1840 2505 intelligen-

215 2517 328 2572 tiam
357 2536 782 2594 provocamur,
827 2529 1120 2599 mysticum
1153 2539 1492 2584 monstratur
1539 2544 1663 2584 esse
1695 2529 1840 2597 quod

216 2607 406 2666 dictum
438 2627 556 2670 est.
587 2616 863 2690 Legimus
885 2633 1064 2676 autem
1083 2622 1138 2676 in
1166 2621 1391 2676 Daniele
1421 2622 1524 2676 hoc
1547 2621 1746 2678 modo:
1777 2621 1842 2675 Et

219 2700 266 2754 in
304 2703 532 2762 dimidio
572 2709 930 2767 hebdomadis
980 2714 1245 2783 auferetur
1275 2715 1591 2782 sacriﬁcium
1617 2726 1669 2771 et
1711 2718 1844 2771 liba-

221 2792 372 2858 πιίηαι
401 2809 451 2850 et
482 2799 542 2852 in
575 2802 780 2873 templo
808 2804 1126 2859 abominatio
1152 2805 1535 2860 desolationum
1566 2809 1665 2862 erit
1687 2826 1845 2880 usque

221 2882 283 2936 ad
307 2894 839 2948 consummationem
865 2898 1126 2966 temporis,
1171 2909 1220 2952 et
1261 2903 1640 2954 consummatio
1690 2901 1843 2955 dabi-

229 2983 300 3028 tur
319 2996 475 3047 super
502 2985 890 3042 solitudinem.
945 2987 1020 3044 De
1050 2990 1154 3044 hoc
1195 3001 1251 3045 et
1289 2992 1574 3059 apostolus
1604 2992 1846 3059 l0quitur

233 3065 292 3134 (ll
315 3067 504 3128 Thess.
535 3077 613 3145 ιι)
642 3077 820 3148 :quod
871 3078 1035 3134 homo
1064 3079 1370 3149 iniquitatis
1409 3093 1466 3136 et
1490 3084 1844 3138 adversarius

1945 1881 2042 1936 sed
2092 1882 2245 1936 initia
2303 1882 2506 1936 habent
2557 1882 2714 1947 lidei,
2771 1893 2828 1936 ut
2885 1882 3216 1938 enutritione
3276 1883 3556 1953 indigeant

1949 1976 2356 2045 magistrorum.
2421 1975 2537 2029 Hoc
2592 1991 2805 2045 quoque
2857 1976 2961 2030 dici
3013 1986 3228 2044 potest,
3284 1978 3427 2045 quod
3493 1979 3550 2032 iu

1947 2067 2334 2134 persecutione
2391 2067 2754 2131 Antichristi,
2808 2082 2904 2122 seu
2959 2067 3217 2123 Romana:
3265 2070 3552 2137 captivita-

1947 2158 2050 2222 tis,
2098 2167 2440 2227 przegnantes
2489 2168 2544 2212 et
2598 2159 2936 2226 nutrientes,
3002 2159 3138 2213 uteri
3201 2169 3255 2215 et
3309 2160 3547 2216 filiorum

1945 2249 2159 2304 sarcina
2208 2251 2566 2320 praegravati,
2617 2250 2924 2320 expeditam
2970 2253 3148 2320 fugam
3195 2253 3397 2308 habere
3436 2269 3550 2310 non

1944 2341 2238 2412 quiverint.

2017 2433 2204 2506 (Vers.
2232 2434 2352 2501 ‘20.)
2409 2433 2570 2489 Orate
2604 2447 2797 2502 autem,
2831 2446 2886 2487 ut
2935 2453 3037 2488 non
3069 2437 3160 2504 fiat
3215 2437 3341 2507 fuga
3375 2444 3547 2490 vestra

1944 2525 2142 2588 hieme,
2186 2528 2267 2581 rel
2321 2528 2554 2583 sabbato.
2588 2528 2644 2584 Si
2669 2529 2738 2583 de
2781 2529 3098 2595 captivitate
3123 2528 3427 2583 Jerusalem
3461 2545 3554 2583 vo-

1948 2618 2213 2672 luerimus
2241 2619 2514 2688 accipere,
2545 2619 2768 2688 quando
2796 2637 2825 2673 a
2855 2620 2978 2674 Tito
3019 2632 3074 2674 et
3105 2621 3436 2689 Vespasiano
3453 2637 3550 2676 ea-

1949 2722 2037 2778 pta
2062 2720 2168 2775 est,
2222 2727 2380 2766 orare
2409 2712 2634 2776 debent,
2667 2728 2735 2769 ne
2788 2712 2911 2784 fuga
2955 2729 3144 2768 eorum
3202 2713 3417 2780 hieme,
3465 2715 3552 2769 vel

1947 2803 2174 2857 sabbato
2201 2803 2330 2869 (lat;
2362 2804 2486 2874 quia
2518 2805 2572 2858 in
2605 2805 2785 2860 altero
2824 2806 3024 2860 duritia
3052 2805 3266 2874 frigoris
3293 2806 3555 2874 prohibet

1947 2894 2014 2948 ad
2046 2896 2370 2950 solitudines
2415 2911 2664 2965 pergere,
2713 2898 2874 2968 196
2902 2906 2958 2950 et
2986 2899 3037 2950 in
3066 2896 3346 2950 montibus
3371 2899 3552 2951 deser—

1949 2993 2126 3054 usque
2157 2988 2370 3042 latitare
2399 3004 2414 3040 ι
2447 2990 2499 3041 in
2531 2990 2843 3054 altero,aut
2871 2989 3237 3059 transgressio
3266 2989 3425 3058 Legis
3445 2996 3547 3053 est,

1947 3079 1995 3135 si
2017 3081 2206 3151 lugere
2232 3081 2522 3145 voluerint,
2555 3095 2643 3135 aut
2687 3097 2833 3136 mors
2857 3083 3166 3143 imminens.
3197 3081 3244 3136 si
3273 3097 3554 3136 remanse-

237 3159 527 3223 elevandus
577 3171 650 3224 sit
701 3181 895 3226 contra
947 3189 1110 3230 omne
1135 3175 1282 3245 quod
1336 3175 1540 3232 dicitur
1598 3179 1762 3246 Deus,
1792 3186 1852 3233 et
1877 3169 1923 3230 C
1955 3175 2083 3229 rint.
2111 3173 2167 3230 Si
2195 3184 2377 3228 autem
2402 3173 2470 3228 de
2484 3174 2961 3227 consummatione
2987 3174 3171 3226 mundi
3206 3174 3548 3242 intelligitur,

239 3251 423 3310 colitur
447 3273 463 3322 ;
495 3259 584 3314 ita
609 3263 890 3317 utaudeat
917 3275 1066 3320 stare
1092 3265 1146 3320 in
1196 3267 1397 3336 templo
1431 3268 1549 3335 Dei,
1575 3276 1632 3322 et
1660 3278 1850 3323 osten-

244 3341 365 3402 dere
388 3347 416 3387 ι’
439 3354 599 3420 quod
626 3357 745 3423 ipse
775 3359 853 3411 sit
877 3357 1040 3423 Deus,
1069 3360 1228 3427 cujus
1257 3360 1526 3416 adventus
1552 3362 1850 3417 secundum

245 3446 619 3506 operationem
655 3450 875 3506 Satanae
904 3452 1150 3508 destruat
1195 3469 1316 3521 eos,
1347 3466 1403 3510 et
1433 3456 1500 3509 ad
1530 3455 1626 3510 Dei
1657 3456 1852 3510 solitu-

251 3526 418 3589 dinem
445 3541 688 3610 redigat,
707 3545 800 3613 qui
827 3559 889 3598 se
918 3547 1284 3615 susceperint.
1303 3546 1492 3601 Potest
1511 3557 1690 3602 autem
1714 3548 1848 3602 sim-

253 3621 450 3685 Dliciter
476 3641 580 3686 aut
628 3633 699 3689 de
748 3636 1096 3692 Antichristo
1145 3639 1340 3708 accipi,
1373 3645 1469 3693 aut
1495 3639 1565 3694 de
1616 3641 1852 3709 imagine

256 3711 500 3788 Caesaris,
527 3739 691 3792 quam
718 3725 928 3782 Pilatus
951 3729 1134 3798 posuit
1163 3730 1216 3783 in
1256 3731 1499 3796 templo;
1528 3740 1622 3785 aut
1647 3731 1713 3786 de
1745 3732 1852 3786 lla-

256 3803 415 3865 driani
457 3819 710 3883 equestri
753 3828 962 3887 statua,
1020 3837 1142 3892 qua:
1176 3823 1228 3876 in
1268 3822 1426 3896 195
1483 3825 1604 3891 ipso
1657 3835 1850 3879 sancto

259 3908 560 3960 sanctorum
601 3907 725 3963 loco
781 3925 952 3980 usque
999 3913 1051 3966 in
1107 3925 1434 3983 praesentem
1471 3913 1619 3969 diem
1672 3914 1847 3970 stetit.

78 4003 84 4036 ε
260 3986 598 4051 Abominatio
618 4015 861 4070 quoque.
883 4002 1182 4057 secundum
1206 4015 1455 4058 veterem
1485 4004 1847 4072 Scripturam,

264 4078 452 4141 idolum
485 4102 870 4160 nuncupatur;
901 4102 957 4148 et
985 4093 1190 4150 idcirco
1206 4095 1448 4161 additur,
1479 4095 1846 4160 desolationis;

263 4178 391 4240 quod
422 4179 476 4236 in
501 4181 764 4239 desolato
783 4185 990 4254 templo
1019 4196 1184 4252 atque
1209 4186 1492 4243 destructo
1514 4187 1720 4242 idolum
1754 4203 1852 4258 po-

266 4277 407 4322 suum
435 4272 532 4326 sit.

324 4357 500 4428 (Vere.
536 4366 598 4418 I6
621 4366 922 4436 sal.)Tunc
949 4368 1039 4437 qui
1068 4369 1123 4422 in
1149 4367 1343 4424 Judwa
1370 4378 1517 4435 sunt,
1549 4371 1755 4441 fugiant
1780 4370 1849 4424 ad

268 4460 487 4518 montes;
516 4464 564 4508 et
587 4461 676 4523 qui
706 4463 761 4510 tn
806 4467 966 4523 tecto,
990 4475 1093 4512 non
1119 4460 1398 4514 descendat
1426 4458 1612 4514 tollere
1641 4461 1847 4531 aliquid

1956 3265 2059 3320 hoc
2089 3265 2361 3335 praecipit,
2401 3275 2461 3318 ut
2510 3281 2615 3317 non
2645 3263 2966 3330 refrigescat
3015 3263 3154 3319 fides
3183 3279 3367 3320 nosna
3391 3274 3444 3316 et
3493 3264 3550 3318 in

1953 3357 2229 3412 Christum
2273 3356 2533 3420 charitas,
2556 3371 2732 3425 neque
2763 3366 2819 3410 ut
2842 3357 3002 3411 otiosi
3036 3358 3090 3410 in
3116 3371 3281 3425 opere
3310 3357 3408 3412 Dei
3440 3366 3554 3412 tor-

1953 3464 2178 3518 peamus
2205 3449 2463 3502 virtutum
2484 3448 2737 3504 sabbato.

2025 3539 2208 3610 (Vers.
2231 3538 2430 3608 9.2.)Et
2462 3540 2563 3592 nisi
2588 3539 2803 3593 breuiati
2833 3539 3052 3608 fuissent
3081 3539 3190 3592 dies
3211 3538 3434 3603 illi,non
3458 3541 3554 3609 fie-

1953 3641 2028 3684 ret
2051 3631 2196 3685 salva
2236 3632 2401 3685 omnis
2432 3647 2555 3684 caro
2588 3649 2606 3696 ;
2636 3632 2726 3685 sed
2754 3641 2964 3702 propter
3013 3631 3199 3684 electos
3246 3631 3554 3685 breviabun-

1952 3733 2036 3776 tur
2061 3724 2169 3778 dies
2197 3725 2293 3777 illi.
2328 3724 2685 3779 Abbreviatos
2707 3723 2847 3790 dies,
2881 3739 2987 3776 non
3016 3723 3312 3778 secundum
3354 3725 3555 3778 delira—

1953 3815 2503 3884 mentaquorumdam
2537 3815 2652 3886 (qui
2690 3827 2875 3883 putant
2911 3824 3219 3883 temporum
3273 3823 3550 3868 momenta

1957 3908 2205 3971 mutari;
2259 3922 2360 3960 nec
2398 3908 2760 3961 recordamur
2811 3905 2956 3959 illius
3010 3906 3198 3974 scripti
3254 3922 3268 3960 :
3319 3905 3556 3958 Ordina-

1953 3999 2090 4051 tione
2119 4008 2209 4052 tua
2265 4006 2527 4067 permanet
2565 3999 2675 4051 dies
2736 3997 2851 4068 [Ps.
2886 4013 3053 4052 cxvm
3085 4039 3099 4062 ,
3131 3996 3248 4069 9|].
3279 3996 3375 4052 sed
3399 3997 3554 4066 juxta

1953 4098 2257 4158 temporum
2286 4093 2601 4160 qualitatem
2641 4093 2846 4145 sentire
2878 4091 3160 4156 debemus,
3217 4091 3266 4144 id
3311 4099 3416 4151 est,
3457 4089 3556 4142 ab-

1954 4183 2358 4236 breviatnsnmi
2394 4196 2670 4247 mensura,
2716 4182 2811 4233 sed
2865 4196 3134 4244 numero;
3187 4190 3243 4232 ut
3279 4179 3555 4246 quomodo

1954 4277 2005 4330 in
2028 4274 2412 4330 benedictione
2458 4274 2660 4328 dicntur
2691 4290 2706 4330 :
2740 4274 3096 4346 Longitudine
3126 4274 3328 4326 dierum
3350 4273 3554 4345 replebo

1953 4383 2068 4420 eum
2095 4365 2216 4438 (Ps.
2250 4366 2340 4435 xc)
2363 4382 2378 4432 ;
2403 4366 2486 4420 sic
2513 4374 2570 4421 et
2601 4380 2745 4420 nunc
2766 4366 3067 4421 abbreviati
3097 4366 3219 4420 dies
3243 4365 3555 4436 intelligan-

1956 4471 2079 4515 tur:
2112 4476 2180 4515 ne
2211 4471 2514 4530 temporum
2557 4475 2733 4524 mora,
2761 4460 2902 4515 t’ides
2949 4459 3297 4515 concutiatur
3325 4461 3554 4517 creden-

268 4539 322 4592 de
355 4545 510 4600 domo
554 4565 694 4616 sua;
720 4559 769 4604 ct
797 4552 889 4621 qui
935 4554 992 4606 in
1023 4568 1173 4622 agro,
1201 4570 1304 4607 non
1339 4563 1625 4608 revertatur
1665 4555 1849 4609 tollere
1879 4544 1922 4602 Π
1958 4552 2112 4605 lium.

271 4635 480 4690 tunicam
502 4655 672 4696 suam.
717 4641 1072 4697 Abominatio
1100 4644 1460 4700 desolationis
1490 4646 1718 4715 intelligi
1753 4662 1850 4716 po-

658 4694 668 4696 ι
1106 4694 1460 4700 ηιμ----ω-
1490 4694 1718 4715 _----_-.,,-
1753 4694 1818 4716 τ-

82 4694 88 4794 ί
276 4730 389 4790 test,
417 4738 469 4783 et
496 4747 659 4785 omne
687 4732 884 4804 dogma
919 4751 1237 4803 perversum
1271 4752 1286 4802 ;
1315 4737 1462 4807 quod
1495 4753 1619 4792 cum
1648 4737 1852 4794 videri-

82 4873 86 4906 ,Ι
272 4825 376 4871 tuus
399 4829 542 4876 stare
563 4823 617 4876 in
643 4822 765 4878 loco
782 4835 998 4890 sancto,
1031 4825 1142 4880 hoc
1170 4836 1279 4893 est,
1311 4827 1365 4881 iu
1397 4827 1675 4892 Ecclesia,
1709 4838 1765 4884 et
1791 4845 1853 4884 se

82 4950 84 5000 Ι
272 4912 542 4969 ostendere
574 4915 768 4980 Deum,
797 4916 1062 4972 debemus
1085 4916 1275 4987 lugere
1295 4917 1364 4972 de
1384 4917 1570 4972 Judzea
1594 4918 1664 4972 ad
1696 4933 1852 4973 mon-

82 5071 84 5077 ι
274 5011 361 5070 les,
389 5005 491 5062 hoc
533 5019 640 5078 est,
669 5009 894 5066 dimissa
947 5010 1236 5066 occidente
1291 5010 1472 5067 littera
1522 5021 1579 5067 et
1624 5011 1851 5067 Judaica

84 5081 88 5162 Ι
271 5101 535 5168 pravitate,
560 5106 1003 5174 appropinquare
1057 5103 1336 5159 montibus
1362 5102 1609 5167 aeternis,
1631 5103 1701 5157 de
1731 5105 1849 5172 qui—

82 5178 86 5268 ξ
271 5187 358 5245 bus
382 5191 653 5253 illuminat
701 5196 1026 5252 mirabiliter
1061 5197 1204 5251 Deus
1245 5193 1367 5268 (Ps.
1417 5204 1705 5263 Lxxv);et
1729 5209 1851 5249 esse

273 5279 317 5334 iu
344 5292 482 5342 tecto
509 5302 564 5343 et
583 5289 636 5344 in
667 5289 1036 5360 domate,quo
1066 5304 1172 5344 non
1197 5287 1410 5358 possint
1439 5285 1610 5355 ignita
1644 5287 1849 5342 diaboli

271 5372 422 5440 iacula
451 5381 742 5450 pervenire
772 5398 787 5437 :
823 5398 923 5438 nec
950 5382 1290 5438 descendere
1319 5391 1376 5435 et
1408 5379 1602 5435 tollere
1647 5381 1853 5450 aliquid

273 5465 328 5524 de
349 5469 509 5529 domo
528 5474 964 5530 conversationis
989 5473 1234 5544 pristintn
1267 5489 1283 5530 :
1316 5488 1420 5529 nec
1459 5488 1708 5542 quaarere
1732 5490 1853 5543 qua:

330 5619 350 5646 '
377 5612 630 5685 Plerique
659 5629 819 5681 mss.,
878 5630 1016 5686 aqua
1048 5613 1211 5668 multa
1248 5631 1352 5668 non
1406 5612 1596 5683 poterit
1658 5613 1857 5667 exstin-

275 5695 424 5748 σιεγε.

331 5751 357 5793 δ
380 5754 528 5814 Unus
547 5755 814 5827 Palatin.,
839 5755 980 5830 quod
1032 5756 1144 5827 ipse
1184 5756 1250 5811 sit
1278 5752 1536 5822 Christus,
1564 5768 1664 5826 pro
1693 5752 1856 5813 Deus.

2025 4640 2203 4712 (Vers.
2234 4642 2350 4712 ‘25.)
2385 4641 2529 4694 Tunc
2579 4642 2624 4694 si
2652 4642 2768 4708 quis
2820 4643 2961 4696 vobis
3019 4643 3209 4696 dixerit
3259 4659 3278 4696 :
3309 4658 3424 4695 ecce
3469 4642 3554 4696 hic

1955 4731 2210 4797 Christus,
2258 4743 2345 4785 aut
2377 4731 2712 4797 illic;nolite
2759 4731 2990 4785 credere.
3021 4733 3170 4786 Multi
3218 4734 3553 4802 captivitatis

1953 4826 2188 4880 Iudaica:
2241 4835 2486 4893 tempore
2516 4825 2792 4893 principes
2847 4825 3130 4889 exsdlere,
3165 4825 3254 4893 qui
3296 4826 3553 4878 Christus

1955 4933 2076 4972 esse
2117 4932 2176 4971 se
2201 4916 2444 4971 dicerent
2475 4935 2489 4971 :
2519 4916 2784 4970 intantum
2839 4926 2890 4966 ut
2927 4914 3312 4968 obsidentibus
3349 4914 3554 4967 Rullia-

1959 5011 2064 5077 nis,
2096 5020 2204 5062 tres
2226 5009 2372 5062 intus
2402 5007 2604 5062 fuerint
2632 5006 2923 5060 factiones.
2948 5004 3060 5060 Sed
3095 5005 3290 5058 melius
3319 5004 3390 5058 de
3421 5021 3554 5060 cou-

1960 5103 2320 5157 summatione
2343 5100 2532 5154 tnundi
2566 5100 2908 5169 intelligitur.

2033 5191 2217 5263 (Vers.
2239 5191 2357 5262 ‘24.)
2383 5193 2614 5262 Surgent
2655 5191 2791 5244 enim
2809 5190 3215 5261 pseudochristi,
3240 5198 3288 5242 et
3327 5190 3557 5257 pseudo-

1965 5282 2247 5354 prophette,
2276 5295 2322 5335 et
2353 5283 2545 5335 dabunt
2569 5283 2720 5351 signa
2750 5297 2937 5350 magna
2961 5289 3007 5333 et
3030 5279 3305 5349 prodigia;
3327 5279 3400 5330 ita
3428 5279 3557 5330 utin

1963 5391 2186 5430 errorem
2215 5373 2551 5438 inducantur,
2599 5375 2640 5427 si
2671 5374 2784 5440 ﬁeri
2823 5380 3010 5442 potest,
3036 5371 3191 5423 etiam
3228 5370 3398 5422 electi.
3421 5369 3561 5422 Ecce

1966 5467 2184 5540 prwdixi
2227 5467 2388 5519 vobis.
2446 5465 2772 5536 Tripliciter,
2806 5473 2866 5517 ut
2909 5474 3036 5518 ante
3080 5463 3192 5533 jam
3226 5463 3360 5527 dixi,
3403 5462 3559 5517 locus

1970 5613 2036 5666 Et
2068 5609 2226 5677 paulo
2249 5615 2392 5678 post,
2423 5607 2491 5658 ad
2505 5606 2835 5660 solitudinem
2876 5605 3098 5674 redigat,
3129 5602 3333 5672 absque
3358 5601 3454 5657 Dei
3473 5604 3560 5666 in-

1969 5685 2197 5752 terjecto
2226 5679 2511 5737 vocabulo.
