4044 6342
496 189 602 246 179

1748 188 1809 243 5.
1851 185 2125 243 EUSEBII
2164 183 2543 243 HIERONYMI

3695 186 3826 247 180

502 314 591 367 hic
611 313 967 371 disserendas
987 320 1107 381 est;
1151 320 1243 368 aut
1264 311 1333 367 de
1365 319 1611 381 tempore
1655 306 1963 364 obsidionis
1984 298 2095 361 Ro-
2122 298 2173 368 Α
2198 305 2403 362 dabunt
2425 303 2608 359 lumen
2623 316 2813 370 suum;
2843 303 2900 360 et
2920 310 3117 359 ctetera
3143 311 3295 361 astra
3320 304 3517 360 cadent
3546 305 3616 362 de
3635 304 3824 372 cmlo,

502 422 719 473 mante;
751 418 846 462 aut
884 407 953 461 de
977 403 1440 461 consummatione
1478 400 1669 456 mundi
1697 416 1712 465 ι
1738 408 1834 454 aut
1861 398 1931 453 de
1986 397 2098 452 hae-

502 500 802 554 reticorum
851 505 1037 553 contra
1082 495 1385 550 Ecclesium
1432 506 1633 563 pugna,
1674 499 1732 545 et
1790 488 2093 545 istiusmodi

503 594 866 659 antiellristis,
890 591 981 661 qui
1008 589 1111 644 sub
1141 587 1401 657 opinione
1451 585 1603 640 fuisse
1630 584 1876 641 scientiae
1902 592 2095 639 contra

507 684 784 740 Christum
808 683 1089 738 dimicant.

579 776 757 847 (Vers.
786 775 880 838 ‘25,
911 773 1027 846 26.)
1058 774 1121 830 Si
1175 792 1299 847 ergo
1323 774 1552 830 dixerint
1580 774 1749 841 vobis,
1776 789 1888 829 ecce
1925 773 1981 828 in
2007 772 2100 827 ds-

502 879 639 927 eerto
666 879 763 937 est,
784 868 946 923 nolite
962 848 1151 933 'exire;
1196 884 1310 923 ecce
1331 867 1386 923 in
1413 866 1782 941 penetralibus,
1806 867 1967 920 nolite
1994 880 2103 919 crc-

506 965 649 1019 dere.
680 961 738 1019 Si
764 963 886 1033 quis
916 962 1234 1033 promiserit
1262 961 1419 1017 vobis
1442 961 1588 1032 quod
1627 962 1681 1016 in
1706 961 1926 1015 deserto
1968 974 2101 1028 gen-

508 1056 683 1111 tilium
704 1062 762 1110 et
792 1054 1241 1125 philosophorum
1266 1054 1518 1125 dogmate
1532 1052 1783 1108 Christus
1811 1061 2097 1115 moretur;

503 1149 684 1204 autin
713 1147 1097 1204 bmreticorum
1124 1144 1524 1218 penetralibus,
1552 1144 1644 1213 qui
1688 1142 1783 1197 Dei
1839 1140 2102 1211 pollicen-

508 1249 595 1294 tur
624 1254 845 1305 arcana,
888 1238 1061 1293 nolite
1091 1240 1270 1303 exire,
1302 1237 1473 1290 nolite
1519 1234 1776 1297 credere;
1809 1233 1929 1287 sive
1952 1232 2101 1303 (quia

505 1330 911 1402 persecutionis
934 1338 989 1384 et
1029 1330 1403 1399 angustiarum
1429 1341 1676 1397 tempore
1700 1341 1918 1394 semper
1945 1342 2096 1396 pseu-

500 1424 863 1493 doprOphetai
907 1422 1217 1491 decipiendi
1268 1421 1554 1477 inveniunt
1604 1420 1831 1487 locum)
1884 1421 1930 1473 si
1983 1419 2105 1489 quis

506 1517 611 1573 sub
636 1517 858 1571 nomine
897 1513 1100 1570 Christi
1140 1530 1202 1570 se
1238 1515 1450 1585 jactare
1494 1512 1751 1583 voluerit,
1777 1526 1887 1567 non
1919 1514 2105 1568 statim

508 1608 941 1665 accommodetis
972 1607 1157 1662 iidem.

2197 395 2534 465 virtutesque
2562 396 2826 451 caelorum
2866 396 3379 458 commovebuntur.
3409 410 3516 451 non
3561 395 3829 452 diminu-

2198 490 2347 547 tione
2399 489 2621 545 luminis
2674 488 2937 561 (alioquin
2988 488 3226 560 legimus
3255 488 3430 545 solem
3487 490 3825 561 septule

2198 583 2508 639 habiturum
2538 581 2765 636 luminis
2791 579 2960 653 {Ibid.
2990 580 3171 653 αὴ),
3195 581 3294 636 sed
3311 582 3457 652 quod
3479 581 3548 636 ad
3577 592 3827 651 comp.-

2200 675 2468 731 rationem
2491 688 2638 729 verte
2664 673 2802 728 lucis
2842 672 3024 727 omnia
3056 672 3196 727 visui
3242 672 3531 729 tenebrosa
3573 673 3715 728 sint.
3750 671 3823 729 Si

2196 765 2383 837 itaque
2406 765 2513 821 iste
2529 765 2634 832 sol,
2667 766 2757 834 qui
2790 780 2934 819 nunc
2966 780 3061 833 per
3082 773 3256 818 totum
3291 763 3484 819 orbem
3514 763 3730 830 rutilat,
3758 772 3827 819 et

2200 860 2329 917 luna
2360 873 2482 928 qme
2508 857 2815 913 secundum
2846 866 2930 911 est
2962 856 3252 922 luminare,
3279 863 3341 911 et
3386 855 3562 910 stella:
3591 870 3722 925 quas
3742 854 3824 909 ad

2201 952 2456 1007 solatium
2507 952 2689 1006 noctis
2724 963 2974 1006 accensa;
3023 957 3176 1014 sunt,
3225 962 3528 1018 omnesque
3573 949 3822 1005 virtutes

2203 1044 2371 1118 (quas
2392 1042 2711 1112 angelorum
2741 1041 3118 1097 multitudines
3146 1041 3305 1113 198
3329 1039 3718 1110 intelligimus)
3756 1040 3820 1095 in

2203 1134 2438 1190 adventu
2463 1133 2668 1190 Christi
2699 1132 2754 1187 in
2777 1136 3032 1189 tenebras
3078 1133 3519 1202 reputabuntur:
3553 1131 3822 1187 decutia-

2202 1240 2295 1286 tur
2323 1230 2673 1300 supercilium
2708 1243 2920 1297 eorum,
2948 1228 3044 1299 qui
3091 1242 3151 1283 se
3204 1238 3427 1283 sanctos
3476 1224 3823 1283 arbitrantes

2206 1325 2556 1393 praesentiam
2574 1322 2798 1390 judiciis
2830 1336 2938 1377 non
2958 1321 3280 1377 formidant.

2272 1416 2465 1486 '(Vers.
2498 1416 2615 1484 50.)
2648 1415 2715 1468 Ει
2747 1428 2869 1468 tum:
2923 1414 3122 1486 parebit
3147 1416 3357 1483 signum
3398 1412 3531 1468 Filii
3584 1414 3822 1468 hominis

2206 1508 2261 1562 in
2283 1508 2431 1563 ciale.
2465 1508 2690 1577 Signum
2725 1507 2833 1571 hic,
2866 1514 2960 1560 aut
2990 1507 3169 1561 crucis
3208 1504 3603 1577 intelligamus,
3632 1513 3697 1560 ut
3727 1506 3820 1561 vi-

2207 1600 2376 1655 deant
2429 1600 2602 1670 (juxta
2674 1597 2991 1652 Zachariam
3044 1596 3233 1669 (Zaclt.
3279 1597 3380 1667 xu)
3429 1604 3485 1652 et
3537 1595 3821 1653 Joannem

498 1710 507 1763 ί
576 1699 757 1767 (Vers.
790 1698 909 1768 27.)
947 1698 1096 1752 Sicut
1143 1698 1279 1752 enim
1314 1699 1493 1769 fulgur
1520 1697 1634 1752 exit
1675 1696 1741 1751 ab
1801 1695 2029 1759 Oriente,
2059 1702 2108 1748 et
2136 1685 2185 1745 B
2212 1690 2394 1764 [10am
2424 1690 2561 1763 xrx])
2603 1689 2775 1744 Judzei
2807 1704 2966 1760 quem
2998 1696 3476 1759 compunxerunt;
3511 1698 3605 1744 aut
3643 1688 3824 1745 vexil-

503 1801 653 1865 paret
680 1807 841 1861 usque
874 1792 929 1845 in
962 1791 1327 1855 Occidentem;
1386 1790 1460 1843 ita
1496 1790 1594 1844 erit
1624 1797 1670 1842 et
1704 1788 1953 1843 adventus
1976 1784 2104 1840 Filii

503 1883 751 1938 hontiuis.
784 1880 968 1936 Nolite
1018 1880 1196 1946 exire,
1243 1879 1415 1935 nolite
1454 1879 1703 1945 credere,
1735 1878 1879 1947 quod
1932 1876 2106 1931 Filius

499 1975 745 2031 hominis
774 1974 857 2028 vel
890 1972 1045 2044 197
1069 1972 1123 2026 in
1154 1971 1380 2027 deserto
1416 1972 1661 2041 gentium
1687 1971 1780 2034 sit,
1810 1968 1899 2024 vel
1931 1969 1984 2023 in
2012 1983 2108 2038 pe-

502 2066 806 2123 netralibus
832 2064 1218 2118 hereticorum
1245 2079 1261 2129 ;
1296 2062 1398 2119 sed
1425 2062 1571 2133 quod
1597 2062 1665 2117 ab
1692 2062 1914 2117 Oriente
1934 2076 2107 2132 usque

500 2160 563 2216 in
588 2157 961 2220 Occidentem,
995 2155 1129 2211 tides
1159 2156 1281 2226 ejus
1328 2157 1385 2212 in
1413 2155 1703 2211 catholicis
1725 2154 1983 2211 Ecclesiis
2010 2156 2107 2209 iul-

503 2261 651 2324 geat.
681 2252 793 2307 lloe
834 2265 1052 2321 quoque
1097 2250 1413 2314 dicendum,
1437 2249 1583 2320 quod
1629 2249 1900 2305 secundus
1920 2249 2110 2305 Salva-

504 2347 646 2401 toris
673 2345 947 2399 adventus
991 2342 1187 2397 nonin
1247 2342 1551 2397 humilitate
1604 2349 1663 2396 ut
1709 2343 1882 2412 prius,
1911 2343 2007 2397 sed
2054 2341 2106 2397 in

506 2438 681 2511 gloria
704 2436 1165 2493 demonstrandus
1194 2436 1285 2489 sit.
1311 2435 1552 2493 Stultum
1588 2442 1669 2489 est
1691 2436 1875 2506 itaque
1898 2448 2021 2491 eum
2054 2436 2108 2491 in

509 2545 681 2600 parvo
707 2529 831 2584 loco
852 2527 939 2583 vel
967 2526 1296 2583 abscondito
1325 2538 1595 2598 quaerere,
1614 2528 1709 2597 qui
1737 2528 1901 2582 totius
1924 2524 2107 2582 mundi

505 2620 693 2679 lumen
721 2622 815 2676 sit.

585 2716 769 2788 (Vers.
792 2715 913 2786 28.)
946 2715 1268 2785 Ubicumque
1314 2714 1475 2785 fuerit
1499 2728 1712 2785 corpus,
1742 2712 1871 2768 illuc
1902 2729 2113 2787 congre-

513 2809 776 2884 gabuutur
803 2817 847 2861 et
881 2808 1093 2877 aquilrc.
1119 2807 1199 2862 De
1226 2808 1481 2876 exemplo
1508 2807 1740 2861 naturali
1763 2806 1909 2877 quod
1931 2807 2113 2877 quoti-

511 2901 604 2957 die
621 2901 918 2968 cernimus,
941 2898 1145 2956 Christi
1166 2899 1488 2955 instriiimur
1508 2907 1879 2954 sacramento.
1904 2898 2113 2969 Aquilae

513 3002 572 3049 et
597 2993 846 3047 vultures
878 2992 1042 3048 etiam
1073 3001 1222 3047 trans
1245 2992 1414 3046 maria
1436 2992 1693 3048 dicuntur
1718 2992 1926 3048 sentire
1951 2992 2114 3048 cada-

510 3102 663 3152 vera,
695 3095 750 3141 et
780 3087 846 3140 ad
880 3100 1063 3142 escam
1097 3085 1473 3156 hujuscemodi
1523 3086 1871 3157 congregari.
1898 3085 1956 3141 Si
1982 3100 2113 3156 ergo
2140 3065 2186 3129 ί]

509 3180 915 3236 irrationabiles
930 3180 1179 3235 volucres
1206 3179 1440 3235 naturali
1456 3190 1624 3236 sensu
1647 3179 1809 3234 tantis
1838 3186 2110 3236 terrarum

508 3273 722 3343 epatiis,
754 3280 809 3326 et
834 3272 1005 3326 maris
1032 3272 1290 3328 ﬂuctibus
1304 3281 1597 3343 separatae,
1614 3286 1847 3342 parvum
1878 3276 2114 3328 cadaver

511 3365 757 3419 sentiunt
786 3363 875 3417 ubi
896 3364 1079 3432 jaceat
1106 3372 1344 3434 :quanto
1364 3364 1537 3434 magis
1553 3374 1657 3419 nos
1686 3371 1741 3418 et
1767 3364 1949 3418 omnls
1977 3363 2115 3419 mul-

514 3458 695 3512 titudo
726 3457 1067 3511 credentium
1091 3455 1253 3512 debet
1284 3455 1546 3512 festinare
1571 3455 1641 3511 ad
1664 3470 1812 3521 eum,
1829 3456 1986 3525 cujus
2010 3456 2115 3511 tul-

2210 1785 2319 1839 lum
2342 1784 2584 1839 victoria:
2615 1782 3021 1853 triumphantis.

2281 1874 2349 1929 Et
2376 1886 2499 1930 tunc
2534 1875 2785 1947 plangent
2835 1891 3011 1929 omnes
3052 1874 3219 1930 tribus
3263 1881 3434 1942 teme,
3485 1883 3535 1929 et
3560 1875 3822 1931 uidebunt

2209 1968 2412 2023 Filium
2489 1969 2710 2023 hominis
2775 1968 3059 2023 venientem
3124 1969 3181 2023 in
3237 1968 3455 2023 nubibus
3521 1968 3638 2024 carli
3696 1985 3827 2023 cum

2206 2062 2397 2115 uirtute
2434 2061 2597 2115 multa
2641 2068 2690 2114 et
2732 2062 3024 2129 majestate.
3050 2060 3325 2131 Plangent
3369 2059 3424 2114 hi
3479 2060 3573 2130 qui
3629 2062 3823 2115 muni-

2210 2154 2449 2225 cipatum
2480 2170 2589 2210 non
2622 2153 2863 2210 habuere
2891 2155 2945 2210 in
2993 2153 3154 2214 caelis
3179 2196 3197 2222 ,
3238 2154 3338 2209 sed
3385 2153 3575 2223 scripti
3603 2164 3737 2210 sunt
3761 2154 3821 2210 in

2217 2256 2388 2305 terra.

2284 2338 2471 2412 (Vers.
2496 2336 2613 2409 5i.)
2640 2337 2708 2391 Et
2736 2339 2906 2393 mittet
2934 2338 3152 2412 angelos
3175 2346 3295 2393 sues
3330 2354 3447 2391 cum
3472 2338 3595 2393 tuba
3628 2346 3677 2393 et
3700 2354 3825 2394 voce

2211 2451 2401 2507 magna
2424 2451 2443 2500 ;
2473 2444 2518 2488 et
2544 2434 2930 2505 congregabunt
2979 2433 3167 2487 electos
3199 2436 3312 2505 ejus
3335 2441 3604 2503 aquatucr
3630 2434 3822 2499 ventis,

2213 2546 2246 2583 a
2265 2527 2481 2583 summis
2508 2526 2754 2581 calorum
2782 2541 2944 2595 usque
2982 2526 3055 2578 ad
3084 2526 3330 2579 terminos
3361 2540 3561 2579 eorum.
3589 2526 3667 2581 De
3720 2524 3828 2581 hac

2214 2623 2341 2679 tuba
2370 2628 2426 2677 et
2454 2620 2753 2691 Apostolus
2776 2619 3027 2689 loquitur
3055 2618 3098 2690 (Ι
3125 2618 3247 2675 Car.
3283 2633 3350 2672 xv
3377 2635 3393 2682 ς
3420 2618 3443 2674 l
3480 2617 3659 2674 Thess.
3694 2619 3773 2689 tv)
3804 2635 3820 2675 :

2213 2717 2346 2772 etin
2377 2715 2689 2787 apocalypsl
2717 2712 2946 2768 Joannis
2975 2712 3208 2783 legimus
3237 2711 3422 2784 (Apoc.
3455 2712 3574 2783 vui)
3606 2728 3619 2767 :
3651 2721 3707 2768 et
3765 2712 3822 2768 in

2212 2807 2386 2863 veteri
2411 2806 2765 2861 Testamento
2794 2801 2983 2877 (Nam.
3020 2807 3104 2873 χ),
3133 2804 3275 2859 tubae
3302 2804 3535 2859 ductiles
3561 2818 3627 2860 ex
3658 2816 3819 2871 auro,

2213 2907 2269 2955 et
2286 2914 2396 2955 aere
2416 2905 2753 2968 argentoque
2775 2896 2895 2952 ﬁeri
2920 2897 3339 2967 pmcipiuntur;
3364 2898 3426 2950 ut
3446 2895 3703 2951 sublimia
3721 2895 3821 2951 do-

2212 2992 2509 3047 ctrinarum
2541 2997 2801 3045 resonent
2834 2999 3203 3045 sacramenta.

2287 3085 2475 3155 (Vers.
2501 3086 2593 3151 32,
2621 3081 2739 3155 55.)
2762 3083 2837 3137 Ab
2861 3083 3046 3138 arbore
3067 3090 3243 3137 autem
3264 3083 3352 3152 ﬁci
3378 3082 3564 3137 discite
3591 3084 3818 3156 parabo-

2215 3177 2498 3232 laut:cum
2530 3178 2647 3247 jam
2677 3184 2856 3228 ramus
2897 3176 3011 3241 eius
3038 3184 3178 3229 tener
3199 3174 3375 3245 fuerit,
3406 3184 3456 3228 et
3498 3174 3628 3245 folia
3670 3184 3814 3247 nata,

2213 3269 2355 3323 scitis
2379 3268 2504 3340 quia
2522 3282 2683 3338 prope
2711 3275 2785 3321 est
2808 3274 2985 3321 astas.
3012 3265 3099 3321 Ita
3126 3275 3172 3320 et
3191 3282 3279 3321 vos
3302 3282 3416 3320 cum
3445 3267 3675 3322 videritis
3704 3267 3817 3323 lucc

2214 3363 2411 3431 ontnia,
2432 3364 2613 3417 scitote
2634 3363 2756 3432 quia
2788 3376 2951 3431 prope
2989 3370 3067 3416 est
3092 3363 3145 3416 in
3169 3363 3369 3435 januis.
3412 3362 3526 3419 Sub
3554 3362 3807 3435 exemplo

2217 3453 2447 3521 arboris,
2463 3448 2650 3508 docuit
2664 3452 3155 3509 consummationis
3178 3454 3808 3524 adventanuomodo,

510 3566 615 3623 gur
642 3552 754 3606 exit
781 3550 853 3603 ab
880 3550 1125 3615 Oriente,
1160 3560 1214 3605 et
1241 3558 1394 3621 patet
1422 3558 1597 3619 usque
1622 3551 1692 3604 ad
1719 3548 2070 3605 Occidentem
2096 3552 2111 3605 l
2214 3546 2411 3616 inquit,
2443 3544 2665 3616 quando
2692 3545 2867 3601 teneri
2890 3544 3093 3600 fuerint
3119 3546 3171 3599 in
3197 3545 3394 3600 arbore
3425 3545 3557 3600 licus
3580 3544 3611 3584 ιι
3638 3547 3811 3602 cauli-

512 3643 811 3700 Possumus
835 3651 1020 3697 autem
1049 3655 1273 3711 corpus,
1316 3642 1369 3695 id
1398 3649 1506 3707 est,
1536 3649 1749 3713 πτῶμα,
1776 3640 1921 3711 quod
1948 3642 2117 3712 signl-
2215 3636 2349 3705 culi,
2392 3644 2447 3691 et
2468 3644 2683 3707 gentma
2729 3636 2972 3707 erutupit
3018 3639 3073 3691 in
3100 3634 3319 3707 ﬂorem,
3342 3646 3643 3707 cortexque
3686 3638 3811 3695 folia

514 3739 767 3794 licentius
797 3738 993 3791 Latine
1032 3735 1235 3790 dicitur
1289 3736 1531 3798 cadaver,
1575 3734 1646 3790 ab
1673 3748 1741 3790 eo
1784 3734 1931 3805 quod
1961 3740 1989 3772 ι
2017 3746 2118 3806 per
2218 3727 2474 3797 parturit,
2504 3725 2814 3797 intelligitls
2842 3730 3049 3783 testatio
3067 3728 3383 3798 adventum,
3414 3738 3470 3783 et
3501 3728 3725 3785 Favonii
3749 3746 3811 3788 ac

514 3839 748 3889 mortem
795 3829 990 3896 cadat,
1044 3828 1355 3898 passionem
1402 3827 1609 3883 Christi
1660 3829 1989 3899 intelligere,
2047 3830 2116 3885 ad
2218 3818 2377 3874 Veria
2422 3818 2752 3874 introitum:
2807 3820 2877 3874 ita
2909 3833 3032 3874 cum
3087 3822 3205 3876 haec
3233 3822 3416 3877 munia
3458 3830 3578 3892 qua:
3611 3823 3811 3894 scripta

516 3934 679 3991 quam
712 3928 1111 3988 provocamur;
1146 3926 1205 3973 ut
1254 3919 1583 3990 ubicumque
1613 3918 1668 3973 in
1714 3919 2018 3989 Scripturls
2039 3921 2118 3979 le-
2217 3920 2364 3977 sum;
2393 3910 2656 3975 Viderilili
2688 3910 2859 3965 ηοῑίιθ
2885 3920 3075 3980 Piliam
3099 3911 3213 3981 iam
3247 3911 3440 3967 M10888
3466 3926 3809 3968 consumma-

516 4014 684 4083 gitur,
711 4024 1130 4081 congregemur,
1162 4021 1213 4066 et
1238 4027 1336 4081 per
1358 4012 1499 4066 illam
1529 4013 1718 4075 venire
1747 4014 2019 4083 possimus
2050 4016 2107 4072 ad

2220 4005 2424 4059 tionem
2455 4004 2662 4069 mundi,
2690 4005 2786 4058 sed
2818 4008 2969 4074 quasi
3004 4014 3027 4043 ε
3055 4006 3319 4075 prooemia
3347 4016 3403 4063 et
3447 4016 3809 4077 prmcursores

517 4105 758 4159 Verbum
804 4104 920 4171 Dei,
955 4110 1013 4157 ut
1066 4114 1146 4157 es:
1176 4103 1306 4159 illud
1340 4120 1351 4156 :
1380 4102 1653 4159 Foderunt
1684 4118 1869 4160 manus
1909 4116 2048 4162 meas
2070 4122 2107 4164 et

2220 4097 2484 4167 quosdam
2517 4094 2740 4161 venire;
2768 4103 2829 4151 ut
2854 4097 3147 4154 ostendam
3170 4098 3320 4169 quod
3370 4110 3543 4171 prape
3578 4101 3722 4157 silet
3752 4100 3803 4157 in

519 4198 674 4267 pedes
700 4211 837 4250 meos
862 4194 979 4265 (Ps.
1023 4210 1138 4261 χιι,
1179 4198 1290 4267 l7).
1324 4198 1391 4252 Et
1421 4198 1475 4253 in
1520 4197 1659 4253 Isaia
1694 4214 1709 4253 :
1746 4199 1896 4255 Sicut
1920 4201 2030 4255 ocis
2050 4202 2119 4256 ad
2215 4194 2419 4265 latinis.

521 4291 783 4344 uictimam
811 4289 995 4342 ductus
1022 4285 1162 4357 (Ira.
1193 4300 1309 4355 Lm,
1340 4288 1439 4359 7);
1471 4298 1527 4343 et
1555 4297 1750 4345 caetera
1784 4289 1870 4345 his
1895 4292 2111 4349 similia.
2292 4288 2478 4357 (Vers.
2505 4286 2629 4358 54.)
2674 4288 2838 4342 Amen
2868 4288 2984 4342 dico
3026 4290 3190 4355 vobis.
3236 4290 3360 4361 quia
3400 4308 3505 4346 non
3535 4294 3809 4360 prwtm'bit

519 4385 734 4453 Aquila:
764 4390 945 4437 autem
987 4381 1335 4451 appellantur
1384 4382 1593 4452 sancti,
1624 4382 1820 4453 quibus
1864 4384 2115 4441 innovate
2142 4448 2179 4453 _
2222 4379 2483 4451 generatio
2511 4378 2644 4445 hac,
2676 4379 2837 4433 donec
2876 4380 3049 4434 omnia
3077 4382 3175 4435 ista
3198 4382 3350 4451 fiunt.
3370 4381 3409 4438 S
3432 4396 3545 4452 :pra
3578 4381 3809 4441 diximus

519 4448 602 4533 ρεί
628 4477 882 4546 juventus
923 4482 979 4527 ni
1001 4448 1197 4542 aquilae
1225 4490 1239 4538 ;
1275 4483 1329 4529 et
1372 4474 1463 4546 qui
1488 4448 1859 4543 juxta-Isaiam
1905 4476 2116 4546 plume-
2140 4448 2197 4511 D
2218 4448 2596 4541 generationes
2626 4470 2925 4536 bonorum,
2955 4480 3009 4526 ct
3042 4448 3352 4528 cccxii-rario
3380 4448 3645 4528 malorum
3690 4490 3809 4531 esse

516 4580 702 4636 scunt,
730 4576 786 4624 et
811 4577 1098 4621 assumunt
1128 4567 1263 4632 alas,
1297 4576 1356 4622 ut
1401 4566 1468 4621 ad
1496 4565 1699 4622 Christi
1718 4568 1940 4624 veniant
1988 4583 2114 4640 pas-
2219 4565 2482 4636 singulas.
2518 4564 2683 4633 Igitur
2711 4570 2806 4619 aut
2862 4570 3024 4620 omne
3052 4572 3225 4635 genus
3278 4562 3556 4622 hominum
3601 4568 3808 4639 signiti-

517 4662 727 4719 sionem
761 4657 914 4731 (Isni.
944 4656 1117 4729 ιινι).
2220 4668 2327 4723 cat,
2357 4663 2451 4711 aut
2475 4656 2787 4726 Specialiter
2826 4656 3162 4713 Judazoruui.

590 4757 774 4828 (Vers.
805 4750 923 4823 29.)
950 4751 1144 4808 Statim
1195 4760 1368 4807 autem
1417 4762 1529 4825 post
1562 4751 1974 4808 Itribulatiauem
2004 4753 2113 4809 die-

518 4865 635 4906 rum
666 4848 880 4901 illorum
907 4844 986 4899 sol
1036 4843 1416 4911 obscurabitur,
1447 4852 1495 4898 et
1521 4844 1652 4898 (una
1690 4860 1795 4899 non
1846 4845 1989 4899 dabit
2032 4845 2112 4899 lu-

522 4965 632 5001 mm
661 4959 832 5007 suum,
857 4950 903 4996 et
953 4940 1117 4994 stella:
1145 4939 1328 4993 cadent
1357 4941 1424 4992 de
1450 4940 1596 5006 calo,
1626 4946 1673 4993 et
1703 4939 1918 4992 virtutes
1957 4938 2115 4995 curto-.-

513 5056 631 5095 runt
642 5034 1116 5093 commovebuntur.
1128 5031 1224 5088 Sol
1237 5038 1289 5087 et
1304 5032 1428 5086 luna
1452 5030 1915 5097 obscurabuntur,
1930 5039 1986 5085 et
2002 5043 2107 5086 non

589 5207 616 5233 ι
652 5195 883 5251 Sanctus
924 5201 1143 5258 quoque
1169 5185 1409 5258 Hilarius
1436 5184 1491 5240 in
1524 5184 1885 5258 hunclocum
1913 5200 1926 5236 :
1954 5182 2095 5239 San—

520 5288 539 5318 ‹
607 5286 650 5334 s,
685 5263 881 5334 inquit,
916 5255 979 5314 de
1010 5255 1184 5313 volatu
1205 5256 1457 5334 spiritalis
1485 5256 1715 5334 corporis
1736 5255 1939 5325 aquilas
1966 5272 2101 5308 nun-

518 5364 529 5387 .
591 5326 1000 5405 nat~it,'quorum
1056 5326 1744 5405 congregantibusangelis,
1796 5335 2098 5378 conventum

584 5396 751 5460 mrum
784 5396 837 5459 in
867 5403 979 5455 loco
1013 5396 1268 5466 passionis
1313 5400 1557 5453 ostendit.
1590 5396 1725 5452 Illud
1751 5411 1881 5452 vero
1910 5404 2098 5467 πτῶμα

518 5488 802 5547 ιριιισδθιιθηι
832 5476 991 5547 sapit.
1009 5470 1179 5547 _Vide,
1207 5478 1315 5547 etc.

590 5538 844 5601 b“Vitiosa
870 5538 1216 5598 Martianmus
1242 5541 1450 5595 coliculi
1496 5540 1625 5610 legit
1651 5556 1665 5603 ;
1699 5549 1754 5595 et
1780 5538 2090 5610 Erasmum,

2292 4750 2478 4822 (Vers.
2506 4750 2625 4821 55.)
2643 4749 2842 4805 Catum
2872 4754 2920 4803 et
2951 4752 3090 4804 terra
3119 4749 3432 4819 transibunt,
3462 4752 3615 4808 verba
3640 4758 3805 4807 autem

2217 4858 2331 4901 mea
2352 4861 2455 4900 non
2478 4842 2833 4917 primmdum.
2862 4843 3074 4899 Caelum
3099 4844 3155 4902 et
3186 4842 3334 4900 terra
3363 4842 3677 4901 transibunt
3703 4847 3802 4901 ilu-

2219 4935 2542 5001 nlutatione,
2588 4944 2697 4989 non
2747 4934 3044 4991 abolitione
3099 4934 3183 4992 sui
3231 4934 3510 5006 :alloquin
3537 4934 3802 5008 quomodo

2217 5029 2303 5087 sol
2350 5022 2511 5100 199
2557 5024 2959 5094 obscurabllur,
3011 5030 3069 5082 et
3121 5027 3249 5082 luna
3292 5042 3402 5083 lion
3436 5025 3586 5083 dabit
3627 5026 3799 5085 lumen

2206 5182 2298 5252 qui
2351 5190 2407 5252 et
2459 5181 2667 5252 legunt,
2696 5184 2746 5233 et
2792 5195 2996 5251 gemma
3024 5195 3200 5234 eorum
3238 5182 3430 5248 erupit,
3460 5187 3568 5252 etc.
3592 5208 3665 5220 --
3688 5178 3797 5235 Non

2205 5250 2353 5308 recte
2382 5251 2513 5321 legit
2539 5250 2817 5321 Erasmus,
2850 5253 3057 5321 quando
3081 5261 3274 5306 teneres
3314 5252 3512 5321 fuerint
3540 5250 3593 5303 in
3619 5253 3799 5305 arbore

2205 5323 2337 5392 ﬁcus
2374 5318 2642 5375 cauliculi.
2678 5318 2943 5375 Murialius
2975 5322 3211 5376 restituit
3241 5318 3421 5392 veram
3481 5318 3792 5391 lectionem,

2203 5390 2369 5464 quam
2422 5392 2662 5464 retinent,
2703 5392 3052 5461 manuscriptl
3104 5393 3295 5447 nostri.
3334 5390 3511 5445 Mm.

2280 5476 2299 5501 θ
2330 5463 2479 5518 Unus
2500 5462 2753 5535 Palatin.,
2768 5465 2916 5535 quasi
2931 5464 3143 5535 praevia,
3160 5474 3207 5517 et
3225 5471 3798 5535 prrrcursons._etc.—

2200 5533 2475 5602 Optimum
2507 5531 2791 5602 exemplar
2816 5531 2939 5589 ωε(
2980 5535 3237 5589 Ecclesia:
3266 5531 3642 5588 Narbonensis
3665 5535 3797 5589 reti-

518 5619 602 5671 oni
625 5617 845 5687 placuit,
900 5625 1166 5687 teneres...
1209 5611 1466 5679 claviculi,
1496 5604 1747 5687 castigat.
1777 5608 1977 5687 Yeram
2016 5609 2095 5663 le-
2198 5605 2449 5687 uethanc
2474 5604 2787 5671 lectionem,
2808 5606 2957 5675 quasi
2978 5604 3196 5675 prwuios
3214 5612 3262 5658 et
3295 5611 3795 5673 prtecvtrsores,etc.

515 5677 769 5754 stionem,
800 5677 921 5755 post
966 5682 1285 5751 Victorium,
1334 5677 1466 5741 mss.
1512 5677 1686 5739 nostri
1730 5677 2087 5745 substituunt,

2196 5674 2379 5733 Mser.
