4044 6338
119 219 208 281 \Sl

623 220 1312 278 COMMENTARIORUM
1352 219 1420 275 IN
1464 218 1921 279 EVANGELIUM
1961 221 2301 279 ΜΑΤΤΙΙΕΙ
2342 222 2472 279 LIB.
2516 222 2608 279 IV.
2652 224 2805 282 CAP.
2850 225 3042 284 XXIV.

3372 232 3488 290 18!

126 354 286 403 suum,
313 346 377 395 et
410 338 639 394 stella:
673 339 908 404 cadent,
945 339 994 394 si
1033 338 1237 395 cmlum
1284 338 1341 425 in
1370 351 1481 409 quo
1502 338 1609 393 ista
1636 344 1784 406 sunt,
1814 335 1869 399 Δ
1893 336 2071 391 minis.
2095 336 2375 405 Quaeritur
2404 336 2683 408 quomodo
2710 353 2876 410 supra
2907 340 3171 411 scripturn
3202 340 3281 398 sit
3308 359 3323 398 :
3348 342 3485 399 Sur-

137 444 367 505 terraque
394 449 537 488 non
575 432 765 488 fuerit
791 434 816 487 ?

201 526 388 599 (ἵεις.
428 525 577 595 '56.)
622 524 709 578 De
744 525 829 578 die
873 534 1046 578 autem
1076 522 1173 578 illa
1202 532 1300 578 ιρι
1326 524 1458 578 hora
1495 539 1643 579 nenia
1666 524 1785 592 scit,

153 636 284 689 neque
317 618 519 690 angeli
557 617 854 681 caelorum,
884 615 985 668 nisi
1011 614 1152 669 solus
1179 613 1360 670 Pater.
1384 615 1443 671 ln
1458 614 1787 686 quibusdam

157 710 349 767 Latinis
378 708 715 763 codicibus
745 705 993 761 additum
1016 713 1129 772 est,
1156 705 1185 742 δ
1213 723 1374 778 neque
1414 705 1588 760 Filius
1616 724 1635 762 :
1662 720 1787 762 cum

164 804 204 857 in
237 801 482 865 Gmcis,
547 806 612 853 et
670 796 924 851 maxime
973 795 1284 851 Adamantii
1311 808 1364 852 et
1392 796 1556 853 Pierii
1598 812 1791 853 exem-

168 896 427 966 plaribus,
464 892 593 946 hoc
624 905 740 945 non
772 889 1040 945 habeatur
1079 889 1378 960 ascriptum
1408 907 1420 944 :
1457 889 1552 944 sed
1576 890 1701 960 quia
1734 890 1790 945 in

172 986 447 1042 nonnullis
502 985 768 1053 legitur,
821 981 1205 1037 disserendum
1270 982 1506 1037 videtur.
1536 982 1788 1038 Gaudent

80 1086 81 1099 ³
174 1081 317 1135 Arius
343 1090 403 1133 et
437 1076 795 1137 Ennomius,
829 1075 983 1144 quasi
1013 1074 1317 1143 ignorantia
1353 1074 1638 1144 magistri,
1665 1074 1788 1144 glo-

178 1176 241 1226 iia
264 1170 698 1239 discipulorum
732 1166 825 1227 sit.
857 1175 916 1222 et
947 1166 1131 1220 dicunt
1167 1183 1182 1219 :
1214 1166 1331 1220 Non
1362 1174 1541 1236 potest
1564 1167 1792 1236 atqualis

179 1283 288 1319 csse
313 1262 417 1335 qui
453 1264 644 1324 novit,
674 1268 731 1314 et
757 1260 848 1328 qui
883 1259 1119 1327 ignorat.
1147 1258 1346 1312 Contra
1378 1274 1516 1329 quos
1546 1259 1789 1314 breviter

182 1361 271 1411 ista
300 1354 560 1412 dicenda
596 1361 731 1407 sunt
761 1369 773 1404 :
808 1350 943 1405 Cum
970 1351 1152 1405 omnia
1183 1359 1427 1421 tempora
1461 1352 1656 1405 fecerit
1695 1349 1789 1405 Je-

178 1467 284 1515 sus,
312 1452 429 1504 hoc
450 1456 569 1511 est,
599 1445 848 1500 Verbum
880 1444 1012 1499 Dei:
1049 1442 1237 1498 Omnia
1289 1445 1425 1498 enim
1479 1461 1569 1511 per
1620 1445 1792 1517 ipsum

178 1544 311 1613 {acta
340 1551 499 1607 sunt,
532 1549 583 1594 et
609 1539 725 1592 sine
748 1538 866 1608 ipso
890 1539 1085 1607 factum
1111 1546 1185 1590 est
1234 1536 1363 1589 nihil
1394 1534 1574 1606 (Joan.
1605 1551 1662 1601 ι,
1707 1535 1789 1606 5),

177 1637 226 1691 in
258 1634 535 1689 omnibus
565 1640 754 1685 autem
808 1629 1186 1699 temporibus,
1228 1630 1394 1685 etiam
1436 1628 1554 1683 ilics
1595 1627 1791 1698 iudicii

1891 438 1975 499 get
1993 429 2126 483 enim
2141 445 2266 502 gens
2294 437 2473 483 contra
2490 439 2713 501 gentem,
2729 440 2779 485 et
2800 448 3012 503 regnum
3035 443 3216 489 contra
3228 444 3441 507 regnum
3456 449 3484 490 ς

1891 528 1943 575 et
1971 529 2118 574 erunt
2141 520 2465 589 pestilentior,
2496 529 2544 576 et
2574 522 2759 592 fames,
2785 532 2834 577 et
2862 532 3227 591 terrtsmotus;
3254 534 3311 581 et
3333 536 3478 582 nunc

1891 627 1957 668 ea
1987 613 2163 669 futura
2185 624 2559 670 memorentur
2590 632 2712 685 qua:
2743 617 2895 685 pacis
2949 616 3151 673 indicia
3179 629 3332 674 sunt.
3363 618 3473 675 Sed

1892 704 2337 771 existimandum,
2360 707 2518 777 juxta
2544 708 2883 778 Apostolum,
2908 709 3057 783 quod
3087 718 3210 780 post
3239 724 3478 780 pugnas,

1890 804 1949 852 et
1976 798 2375 867 dissensiones,
2406 807 2462 854 et
2486 800 2852 869 pestilentias,
2882 808 2937 856 et
2964 800 3170 868 fames,
3202 809 3260 856 ct
3289 810 3487 858 terrai.

1893 900 2094 957 motus,
2126 898 2181 944 et
2202 900 2398 945 uetera
2434 891 2633 960 quibus
2661 906 2834 961 genus
2878 901 3124 948 vastatur
3153 893 3478 963 humanum,

1891 978 2045 1035 brevi
2073 979 2182 1053 [AL
2214 980 2418 1054 brevis]
2444 983 2803 1038 subsecutum
2858 988 2932 1038 sit
2966 1000 3067 1054 pas
3091 1025 3108 1052 ,
3140 1001 3265 1054 qua:
3294 986 3483 1056 quieto

1893 1075 2078 1127 omnia
2108 1074 2474 1143 repromittat,
2512 1085 2569 1128 ut
2616 1076 2754 1131 lliles
2775 1075 3123 1132 credentium
3150 1078 3487 1148 comprobe-

1897 1171 2008 1227 tur,
2036 1174 2215 1218 utrum
2248 1167 2537 1220 transactis
2562 1167 2719 1222 malis
2740 1208 2755 1231 ,
2802 1178 3033 1237 sperent
3070 1169 3329 1237 indicem
3356 1184 3487 1228 esse

1898 1264 2210 1310 venturum.
2257 1257 2373 1312 lloc
2419 1267 2501 1312 est
2532 1259 2679 1314 enim
2709 1260 2853 1328 quod
2898 1260 2951 1314 in
2992 1260 3161 1315 Paulo
3205 1262 3438 1331 legimus
3464 1280 3482 1317 :

1897 1346 2123 1413 Quando
2149 1350 2411 1416 dixerint,
2437 1368 2543 1420 pax
2588 1363 2638 1407 et
2678 1355 2934 1409 securitas
2963 1394 2980 1422 ,
3025 1362 3149 1409 tunc
3191 1358 3491 1425 repentinus

1896 1441 1967 1494 eis
1995 1442 2313 1510 superveniet
2343 1444 2613 1509 interitus,
2658 1445 2793 1499 sicut
2849 1446 3002 1501 dolor
3027 1447 3405 1517 parturientis,
3434 1456 3486 1505 et

1894 1546 1998 1585 non
2021 1530 2270 1605 effugient
2295 1531 2339 1603 (l
2367 1532 2553 1588 Thess.
2582 1550 2639 1603 v,
2664 1537 2746 1602 5).

1971 1623 2150 1696 (Vers.
2179 1625 2273 1688 40,
2308 1626 2422 1691 ll.)
2445 1626 2592 1681 Tunc
2620 1627 2722 1682 duo
2759 1638 2909 1683 erunt
2955 1629 3010 1685 in
3037 1646 3166 1701 egro
3192 1647 3217 1686 :
3241 1647 3377 1686 unus
3401 1644 3489 1688 ατ-

178 1728 246 1783 εει
273 1746 287 1783 ε
318 1742 433 1798 qua
465 1722 872 1792 consequentia
895 1731 1078 1792 ροιρει
1105 1721 1223 1789 ejus
1252 1720 1509 1789 ignorare
1548 1728 1786 1789 partem,
1820 1727 1870 1788 Β
1896 1725 2149 1784 sumetur,
2173 1726 2221 1769 et
2254 1734 2389 1772 unus
2419 1719 2761 1790 relinquetur.
2794 1720 2930 1775 Duw
2951 1723 3199 1778 metentes
3226 1724 3282 1777 in
3302 1723 3446 1779 utolu
3466 1739 3488 1779 :

177 1821 327 1891 cujus
376 1828 566 1874 totum
600 1815 856 1871 noverit?
900 1815 1015 1869 Hoc
1059 1830 1276 1885 quoque
1324 1812 1617 1869 dicendum
1662 1824 1789 1870 est:

180 1915 317 1984 Quid
350 1924 442 1970 est
471 1912 678 1979 maius,
710 1910 907 1963 notitia
932 1909 1141 1976 Patris,
1169 1924 1239 1963 an
1264 1907 1500 1978 judicii?
1530 1908 1587 1963 Si
1612 1910 1789 1979 majus

178 2010 353 2072 novit,
384 2001 675 2076 quomodo
700 2002 916 2072 ignorat
940 2002 1083 2071 quod
1116 2001 1296 2054 minus
1333 2000 1461 2055 est?
1508 2000 1790 2070 Scriptum

183 2099 450 2169 legimus.
491 2095 689 2147 Omnia
718 2109 836 2164 qua:
881 2091 1056 2146 Patris
1101 2101 1257 2157 sunt,
1291 2092 1419 2146 mihi
1452 2092 1647 2147 tradita
1670 2101 1791 2147 sunt

181 2191 335 2262 (Luc.
372 2207 433 2255 ι,
468 2186 589 2257 2‘3).
617 2185 673 2241 Si
702 2185 886 2239 omnia
912 2182 1086 2237 l'atris
1115 2183 1239 2237 Filii
1270 2194 1419 2247 sunt,
1447 2200 1550 2255 qna
1576 2185 1793 2241 ratione

180 2285 342 2340 unius
363 2282 475 2337 sibi
510 2278 623 2334 diei
668 2278 923 2332 notitiam
952 2277 1256 2331 reservavit
1280 2318 1295 2343 ,
1351 2287 1406 2332 et
1442 2278 1620 2332 noluit
1667 2292 1790 2333 eam

179 2374 604 2431 communicare
625 2386 749 2426 cum
782 2368 962 2424 Filio?
1005 2367 1114 2424 Sed
1152 2377 1207 2423 et
1249 2369 1353 2425 hoc
1396 2370 1791 2425 inferendum:

181 2467 237 2523 Si
274 2465 648 2522 novissimum
674 2461 819 2517 diem
857 2470 1162 2530 temporum
1189 2460 1441 2531 ignorat,
1477 2463 1689 2532 ignorat
1737 2472 1795 2519 et

184 2574 324 2627 pene
353 2557 649 2623 ultimum,
680 2564 736 2607 et
764 2561 1068 2607 retrorsum
1095 2568 1307 2608 omnes.
1352 2552 1472 2608 Non
1517 2555 1664 2609 enim
1697 2570 1794 2624 po.

185 2658 283 2705 test
312 2648 462 2714 ﬁeri,
490 2656 553 2702 ut
584 2642 678 2717 qui
708 2644 947 2716 primum
979 2644 1220 2714 ignorat,
1264 2644 1405 2699 sciat
1433 2645 1563 2714 quid
1590 2662 1793 2702 secun-

186 2742 313 2797 dum
347 2741 442 2795 sit.
477 2738 655 2809 Igitur
679 2737 805 2808 quia
853 2736 1213 2806 probavimus
1261 2752 1366 2791 non
1397 2736 1655 2806 ignorare
1701 2738 1796 2793 Fi-

186 2834 313 2890 lium
349 2832 467 2908 [Αι.
498 2831 717 2884 additur
746 2826 869 2900 Dei]
902 2828 1397 2883 consummationis
1427 2829 1570 2884 diem
1596 2844 1792 2887 :causa

184 2926 476 2984 reddenda
501 2934 591 2980 est
620 2925 998 2992 curignorare
1025 2922 1262 2978 dicatur.
1295 2922 1595 2991 Apostolus
1625 2938 1796 2991 super

188 3021 488 3077 Sslvutore
512 3018 709 3073 scribit
736 3035 749 3069 :
776 3014 843 3069 In
871 3033 975 3087 quo
997 3024 1114 3069 sunt
1136 3031 1313 3069 omnes
1335 3014 1568 3068 thesauri
1587 3015 1797 3086 sapien-

1898 1826 2003 1863 una
2030 1818 2344 1876 assumetur,
2368 1818 2415 1864 et
2442 1828 2550 1865 una
2575 1812 2915 1883 relinquetur.
2933 1812 3084 1869 Tunc
3101 1848 3118 1881 δ
3148 1815 3347 1885 inquit,
3369 1816 3483 1873 duo

1896 1913 2057 1959 erunt
2087 1904 2145 1959 in
2171 1919 2324 1974 agro,
2354 1904 2598 1974 quando,
2628 1913 2877 1975 tempore
2914 1906 3172 1963 videlicet
3220 1922 3483 1964 consum-

1897 1997 2154 2053 mationis
2181 1997 2703 2069 atquejudieii,duo
2729 2000 2781 2053 in
2812 2014 2942 2069 agro
2968 2001 3181 2070 pariter
3209 2001 3490 2058 invenient

1899 2101 1986 2147 tur
2007 2091 2265 2149 eumdem
2295 2091 2558 2147 habentes
2584 2091 2850 2157 laborem,
2881 2102 2936 2149 et
2961 2094 3117 2162 quasi
3164 2110 3352 2163 parem
3394 2109 3484 2151 so-

1897 2195 2160 2248 mentem,
2194 2183 2289 2239 sed
2314 2181 2523 2239 fructus
2550 2184 2758 2239 laboris
2785 2198 2895 2239 non
2945 2199 3099 2255 teque
3126 2184 3481 2256 recipientes:

1896 2276 2028 2331 Duas
2053 2291 2269 2346 quoque
2294 2278 2563 2332 molentes
2591 2278 2756 2332 simul
2781 2286 2942 2333 erunt
2971 2294 2984 2330 :
3014 2292 3121 2332 una
3148 2288 3482 2347 assumetnr,

1896 2376 1951 2423 et
1971 2384 2079 2423 una
2110 2368 2470 2437 relinquetur.
2500 2367 2558 2422 In
2584 2369 2800 2424 duobus
2832 2369 2923 2439 qui
2975 2369 3032 2424 in
3076 2370 3209 2441 agro
3237 2382 3483 2427 commo-

1896 2468 2107 2523 rantur,
2133 2467 2188 2514 et
2218 2460 2271 2513 in
2291 2458 2501 2515 duabus
2525 2476 2645 2531 quae
2668 2462 2876 2531 pariter
2905 2463 3134 2527 molunt,
3166 2463 3254 2519 vel
3305 2463 3483 2536 Synna

1894 2567 2089 2623 gogam
2113 2553 2380 2623 intellige,
2410 2561 2467 2609 et
2494 2552 2606 2626 [AL
2630 2553 2739 2626 vel]
2774 2555 3071 2610 Ecclesium
3100 2597 3116 2623 ,
3148 2556 3292 2627 quod
3321 2557 3486 2612 simul

1896 2644 2105 2698 molere
2130 2643 2422 2700 videantur
2452 2645 2507 2700 in
2538 2644 2704 2715 Lege,
2754 2655 2811 2701 et
2837 2646 2910 2703 de
2938 2647 3145 2702 eisdem
3178 2647 3487 2719 Scriptnrls

1899 2734 2126 2791 farinam
2160 2746 2342 2793 terere
2367 2747 2772 2807 praeceptorum
2828 2740 2922 2794 Dei
2957 2759 2971 2795 :
3002 2741 3088 2795 vel
3114 2750 3346 2797 caeteras
3371 2741 3486 2797 lm-

1898 2842 2073 2891 reses,
2105 2843 2225 2897 qua:
2250 2829 2318 2884 de
2339 2837 2573 2899 utroque
2610 2829 3004 2898 Testamento,
3048 2842 3143 2886 aut
3189 2832 3257 2887 de
3298 2833 3473 2888 altero

1900 2917 2153 2972 videntur
2172 2918 2382 2973 molere
2403 2920 2630 2974 farinam
2644 2921 3017 2977 doctrinarum
3030 2936 3255 2979 suarum
3270 2942 3285 2978 :
3300 2934 3491 2981 etcum

1902 3026 2068 3065 unum
2099 3011 2338 3066 nominis
2357 3008 2653 3068 Christiani
2680 3015 3023 3084 propositum
3045 3016 3207 3088 ιθι
3230 3016 3490 3085 habeant,

190 3115 272 3169 tie
295 3123 349 3170 et
373 3111 615 3168 scientia:
644 3107 934 3163 absconditi
964 3106 1190 3180 (Coloss.
1221 3122 1289 3177 ιι,
1341 3106 1421 3176 5).
1476 3106 1617 3162 Sunt
1664 3122 1797 3178 ergo
1822 3104 1869 3171 ο
1903 3118 2010 3157 non
2041 3101 2288 3158 eamdem
2319 3102 2634 3158 mercedem
2678 3105 2948 3176 recipient
2981 3125 2995 3163 :
3024 3107 3147 3163 aliis
3170 3111 3492 3182 assumptis.

189 3221 379 3261 omnes
406 3203 662 3261 thesauri
689 3204 741 3255 in
766 3200 987 3256 Christo
1008 3200 1294 3270 sapientiae
1314 3208 1371 3254 et
1398 3198 1668 3266 scientiae,
1697 3202 1795 3256 scd

190 3297 507 3354 absconditi
529 3303 692 3350 sunt.
722 3294 908 3360 Quare
935 3291 1245 3346 absconditi
1272 3291 1439 3346 sunt?
1466 3290 1598 3345 Post
1621 3307 1799 3348 resur-

194 3393 502 3448 rectionem
547 3390 926 3456 interrogatus
948 3384 1019 3438 ab
1048 3383 1316 3454 apostolis
1338 3423 1353 3446 ,
1404 3382 1473 3438 de
1502 3382 1593 3439 die
1620 3384 1800 3440 mani-

194 3481 392 3537 festius
420 3478 754 3550 respondit:
791 3474 914 3530 Non
943 3485 1019 3531 est
1046 3485 1274 3531 oestrum
1294 3474 1428 3530 scire
1459 3483 1697 3547 tempora
1717 3476 1801 3532 vel

196 3585 474 3642 momenta,
497 3590 618 3643 qua:
640 3570 803 3627 Pater
817 3571 994 3642 posuit
1024 3571 1077 3624 in
1104 3586 1203 3624 sua
1223 3577 1471 3639 potestate
1491 3569 1631 3643 (Act.
1648 3586 1691 3636 ι,
1716 3570 1796 3642 7).

195 3668 423 3733 Quando
452 3665 611 3731 dicit,
637 3680 738 3717 non
762 3673 837 3717 est
864 3672 1092 3717 vestrum
1121 3663 1255 3717 scire
1280 3702 1295 3731 ,
1347 3662 1589 3719 ostendit
1646 3664 1799 3735 quod

198 3760 312 3830 ipse
338 3760 512 3826 sciat,
564 3761 664 3813 sed
710 3771 819 3811 non
862 3756 1123 3825 expediat
1176 3771 1340 3813 nosse
1375 3757 1676 3827 apostolis,
1737 3767 1800 3813 ut

199 3867 415 3924 semper
440 3849 641 3906 incerti
668 3849 736 3903 de
758 3848 998 3903 adventu
1028 3848 1263 3917 judicis,
1312 3847 1393 3904 sic
1439 3850 1691 3920 quotidie
1722 3852 1801 3906 vi-

197 3954 346 4011 vant,
378 3946 540 4016 quasi
566 3944 657 3998 die
680 3943 846 4014 300
865 3941 973 3996 alia
998 3941 1283 4011 iudicandi
1309 3941 1442 3998 sint.
1479 3943 1723 4015 Denique
1746 3955 1802 4000 et

203 4052 552 4107 consequens
579 4035 862 4104 Evangelii
893 4048 1075 4090 sermo
1102 4034 1339 4104 idipsum
1371 4037 1520 4107 cogit
1542 4037 1797 4108 intelligi,

205 4130 393 4186 dicens
410 4142 633 4199 quoque
660 4126 882 4181 Patrem
914 4125 1091 4181 solum
1126 4140 1288 4181 nosse
1320 4143 1333 4179 :
1368 4125 1425 4180 in
1456 4127 1618 4183 Patre
1644 4143 1800 4182 com-

207 4220 499 4292 prehendit
526 4227 583 4275 et
620 4218 843 4274 Filium.
893 4216 1082 4273 Omnis
1127 4216 1274 4273 enim
1335 4225 1509 4287 pater,
1543 4219 1643 4273 lilii
1698 4236 1803 4274 no-

209 4327 332 4369 men
355 4322 465 4367 est.

282 4403 469 4474 (Vera.
499 4402 569 4459 57
590 4399 736 4471 seq.)
771 4400 918 4455 Sicut
941 4409 1115 4453 autem
1140 4401 1195 4452 in
1226 4399 1408 4453 diebus
1434 4397 1574 4467 Noe,
1596 4402 1672 4456 ita
1701 4406 1804 4457 erit

1904 3205 1957 3251 et
1986 3196 2112 3251 aliis
2133 3195 2432 3251 derelictis.

1975 3287 2161 3360 (Vers.
2201 3288 2295 3354 42,
2330 3286 2451 3358 43.)
2499 3286 2724 3359 Vigilate
2764 3304 2921 3361 ergo,
2979 3294 3106 3363 quia
3149 3295 3357 3351 nescitis
3392 3304 3497 3366 quo

1902 3382 2033 3436 liora
2061 3381 2316 3435 Dominus
2344 3389 2509 3435 uester
2532 3389 2774 3435 Maurus
2801 3382 2888 3436 sit.
2920 3379 3071 3436 Illud
3096 3393 3268 3439 autem
3282 3388 3493 3456 scitote;

1901 3476 2151 3546 quoniam
2177 3475 2224 3529 si
2243 3474 2401 3529 sciret
2429 3472 2812 3545 paterfamilias
2849 3488 2953 3545 qua
2980 3475 3113 3529 hora
3138 3479 3225 3548 {ur
3250 3487 3495 3533 venturus

1902 3574 2054 3631 esset,
2079 3564 2319 3636 vigilaret
2348 3567 2560 3635 utique,
2609 3575 2657 3620 et
2702 3580 2807 3620 non
2835 3566 3025 3621 sineret
3056 3568 3260 3639 perfodi
3285 3570 3501 3627 domum

1900 3673 2068 3711 suam.
2103 3656 2399 3727 Pcrspicue
2433 3656 2679 3714 ostendit
2704 3673 2878 3729 quare
2925 3674 3093 3730 supra
3123 3660 3327 3717 dixerit
3356 3679 3370 3717 :
3412 3662 3494 3720 BI

1902 3750 1987 3804 die
2013 3758 2185 3804 autem
2204 3749 2300 3803 illa
2329 3759 2352 3789 ο
2375 3759 2422 3803 et
2452 3748 2586 3804 hora
2610 3766 2764 3805 nemo
2789 3753 2911 3819 scit,
2939 3767 3103 3823 neque
3129 3744 3299 3808 Filius
3321 3755 3494 3810 homi-

1902 3843 2007 3907 nis,
2042 3858 2204 3913 neque
2223 3842 2417 3913 angeli,
2444 3842 2548 3896 nisi
2570 3841 2734 3897 Pater
2750 3842 2898 3899 solus
2929 3861 2945 3897 :
2975 3844 3121 3915 quod
3166 3861 3273 3901 non
3328 3860 3496 3920 ape-‘-

1904 3934 2015 3988 diat
2040 3933 2186 3989 scire
2214 3932 2475 4001 apostolis
2499 3973 2516 3999 ,
2547 3941 2606 3987 ut
2645 3934 2906 4003 pendulae
2945 3936 3385 4006 exspectationis
3409 3939 3496 3995 ina

1903 4033 2057 4081 certo
2084 4039 2308 4094 semper
2354 4039 2477 4080 eum
2502 4024 2735 4080 credant
2770 4040 2896 4083 esse
2938 4037 3231 4084 venturum
3255 4070 3272 4097 ,
3330 4042 3495 4101 quem

1903 4117 2154 4186 ignorant
2183 4115 2401 4187 quando
2426 4125 2696 4172 venturus
2745 4118 2839 4172 sit.
2896 4117 2963 4173 Et
3005 4133 3115 4174 non
3161 4120 3300 4175 dixit
3324 4162 3339 4188 ,
3372 4124 3496 4192 quia

1906 4210 2163 4264 nescimus
2190 4225 2292 4278 qua
2321 4213 2452 4262 liora
2478 4217 2719 4264 uenturus
2756 4210 2824 4265 sit
2873 4206 3165 4278 Dominus;
3199 4212 3297 4269 sed
3328 4216 3496 4269 nesci-

1908 4303 1993 4359 tis.
2027 4303 2429 4373 Pratmissoque
2478 4301 2892 4373 patrisfamilias
2920 4306 3198 4376 exemplo,
3245 4314 3342 4361 cur
3365 4306 3499 4361 reti;

1907 4407 2028 4453 ceat
2083 4397 2574 4453 consummationis
2633 4398 2778 4454 diem
2811 4439 2828 4467 ,
2882 4399 3231 4455 manifestius
3292 4399 3500 4470 docet,

210 4503 259 4549 et
282 4496 531 4548 adventus
555 4492 680 4546 Filii
703 4493 949 4545 hominis.
998 4491 1147 4545 Sicut
1172 4492 1307 4546 enim
1345 4504 1492 4547 erant
1537 4495 1592 4548 in
1620 4496 1802 4552 diebus
1830 4485 1884 4550 Ῑ)
1909 4489 2097 4544 dicens
2122 4504 2139 4542 ἒ

216 4596 331 4641 ante
355 4586 609 4641 diluvium
634 4584 955 4640 comedentes
974 4592 1022 4637 et
1051 4583 1278 4639 bibentes
1298 4624 1315 4649 ,
1347 4584 1598 4640 nubentes
1626 4596 1674 4641 et
1696 4604 1800 4642 nu-

218 4679 327 4750 ptui
354 4677 463 4751 [ΔΙ.
488 4675 731 4749 nuptum]
764 4675 1024 4730 tradentes
1047 4713 1062 4738 ,
1084 4692 1250 4737 usque
1279 4675 1347 4728 ad
1367 4691 1487 4728 eum
1516 4677 1674 4745 diem,
1703 4697 1805 4750 quo

217 4770 426 4824 intrauit
455 4768 571 4824 Noe
597 4770 652 4822 in
679 4784 879 4833 arcam,
905 4775 952 4820 et
979 4783 1081 4821 non
1099 4777 1450 4835 cognoverunt
1477 4767 1645 4823 donec
1668 4774 1807 4828 venit

223 4860 486 4930 diluvium,
514 4869 560 4917 et
578 4859 699 4915 tulit
728 4874 904 4914 omnes
928 4874 947 4913 :
969 4858 1042 4912 ita
1066 4858 1160 4914 erit
1193 4868 1243 4913 et
1264 4859 1515 4914 adventus
1544 4858 1680 4916 Filii
1708 4862 1807 4918 ho-

297 5050 320 5079 δ
349 5041 538 5113 Voces,
564 5052 612 5098 et
639 5043 951 5113 noratqum;
967 5049 1019 5113 et
1043 5040 1095 5113 in
1118 5038 1398 5113 nonnullis
1421 5040 1626 5097 Graecis
1648 5036 1809 5099 codd.

230 5106 623 5182 desiderantur,
659 5114 753 5168 hic
786 5106 1159 5182 dookPalatini
1194 5115 1471 5165 nesciunt.

294 5180 321 5224 ι)
342 5179 619 5251 Additum;
678 5192 845 5251 neque
877 5179 1064 5251 Filius,
1096 5182 1278 5247 legere
1309 5191 1394 5235 est
1418 5182 1710 5238 hodienum
1756 5184 1811 5241 in

232 5257 597 5325 antiquissimo
617 5252 1372 5325 VeronensiEvangeliorum
1400 5254 1720 5323 exemplari.
1752 5254 1809 5314 ln

229 5344 287 5386 eo
306 5322 436 5402 quod
470 5329 838 5402 Martianmns
870 5322 1063 5402 edidit,
1098 5324 1317 5402 ludicre,
1354 5335 1412 5378 ut
1438 5322 1599 5379 vocat
1628 5343 1810 5402 ,Aver-

223 5390 375 5459 siOtiis
407 5405 677 5457 habetur,
709 5394 802 5449 scd
829 5410 917 5447 nec
950 5390 1139 5447 Filius.
1200 5395 1277 5447 Ad
1306 5395 1448 5450 hunc
1479 5412 1610 5451 vero
1631 5390 1811 5452 Com-

215 5475 448 5531 mentarii
483 5465 924 5539 llieronymiani
951 5464 1125 5519 locum
1153 5464 1439 5539 Becrensis
1460 5483 1626 5535 penes
1658 5484 1813 5524 cum-

210 5545 324 5604 dem
380 5532 782 5604 Martianmtim
828 5532 1036 5600 codex,
1091 5553 1253 5605 neque
1278 5532 1724 5592 Filius-hominis.
1758 5539 1818 5596 Si

1986 4580 2118 4634 Ideo
2143 4588 2190 4634 et
2217 4595 2304 4635 vos
2321 4589 2478 4636 estote
2507 4582 2679 4652 parati
2702 4598 2721 4637 :
2747 4582 2868 4655 quia
2886 4585 3094 4638 nescitis
3112 4599 3214 4655 qua
3238 4582 3371 4639 hora
3399 4581 3504 4642 Fi-l

1917 4675 2020 4730 lius
2037 4674 2258 4728 hominis
2284 4684 2526 4728 venturus
2542 4685 2638 4729 est.
2663 4675 2816 4743 Quis,
2841 4686 3015 4745 putas,
3045 4684 3118 4731 est
3138 4677 3308 4745 ﬁdelis
3329 4678 3504 4734 serva}

1915 4777 1966 4824 et
1991 4768 2243 4841 prudens,
2270 4782 2418 4837 quem
2461 4769 2727 4823 constituit
2754 4768 3011 4823 Dominus
3036 4773 3153 4841 ejus
3176 4774 3330 4841 super
3350 4771 3508 4843 {until

1915 4864 2041 4919 liam
2068 4878 2238 4930 nam,
2268 4871 2326 4917 ut
2349 4863 2433 4917 det
2458 4862 2564 4917 illis
2587 4862 2755 4917 cibum
2781 4864 2835 4917 in
2874 4873 3102 4933 tempore
3122 4864 3148 4917 γ
3191 4862 3385 4919 Beatus
3411 4863 3509 4920 ill.

1915 5052 1973 5100 et
1998 5044 2115 5115 ipse
2154 5043 2583 5115 Chrysostomus
2614 5041 2770 5114 legit.
2798 5043 3163 5115 Nihilosecius
3187 5046 3244 5101 S.
3274 5045 3510 5102 Ambro-

1914 5114 2056 5180 sius,
2083 5115 2152 5170 de
2182 5115 2338 5180 Fide,
2370 5115 2466 5170 lib.
2497 5130 2550 5178 ν,
2585 5129 2707 5184 cap.
2744 5114 2832 5184 16,
2864 5114 3193 5170 Arianorum
3226 5115 3510 5175 tramlibus

1915 5186 2023 5241 hoc
2043 5185 2229 5240 tribuit
2254 5183 2691 5239 additamentum
2720 5204 2732 5238 :
2772 5183 2999 5253 Veteres,
3033 5188 3245 5251 inquit,
3276 5200 3375 5240 non
3404 5187 3505 5242 Ita-

1917 5259 2031 5311 bent
2056 5257 2252 5310 codices
2277 5254 2463 5321 erci,
2495 5256 2622 5321 quia
2667 5272 2767 5309 nec
2797 5255 2971 5309 Filius
2995 5296 3008 5315 ,
3039 5256 3131 5308 sed
3162 5274 3266 5309 non
3298 5259 3504 5326 mirum,

1915 5330 1960 5384 si
1984 5340 2029 5381 et
2048 5329 2141 5380 hoc
2162 5329 2419 5397 falsarunt
2442 5344 2460 5378 :
2490 5328 2577 5392 qui
2614 5326 2918 5394 Scripturas
2957 5327 3329 5393 interpolation
3375 5330 3508 5383 disi-

1920 5416 2037 5454 nas.
2078 5399 2193 5464 Qua
2223 5399 2425 5450 ratione
2451 5407 2622 5469 autem
2669 5399 2903 5469 videntur
2932 5400 3191 5469 adjectum
3244 5399 3506 5469 proditur;

1923 5470 2049 5524 dum
2078 5470 2145 5521 ad
2168 5468 2635 5537 interpretationem
2664 5468 2794 5521 tanti
2829 5468 3089 5539 sacrilegii
3110 5468 3397 5523 derivatur.

1998 5552 2020 5580 ο
2052 5540 2154 5597 llic
2177 5553 2393 5608 quoque
2433 5552 2598 5608 voces
2625 5580 2642 5605 ,
2683 5546 2731 5591 et
2770 5539 2921 5601 liora,
2957 5537 3191 5595 Palatini
3228 5552 3361 5597 mss.
3418 5554 3513 5598 ηδ

208 5618 386 5676 Graeca
420 5612 704 5685 consulas
736 5605 1227 5685 exemplaria_,_est
1267 5609 1320 5664 in
1377 5609 1817 5685 lllLQUCaltlabri-J
1921 5622 2142 5685 spuunt.
2172 5605 2321 5670 Vide
2339 5606 2682 5679 superiorem
2711 5610 3149 5666 annotationem.

204 5668 845 5762 gedsiﬁcirseco-Latino
872 5674 981 5731 οὐδὲ
1004 5675 1031 5733 ὃ
1058 5668 1197 5751 illac,
1230 5695 1390 5752 neque
1416 5677 1596 5737 Filius
1622 5697 1643 5736 :
1670 5668 1817 5750 quod
