4028 6354
519 311 626 374 185

1766 313 1824 370 S.
1866 310 2139 369 EUSEBII
2180 306 2565 367 lllERONYMl

3696 305 3829 368 184

512 444 712 499 servus,
746 445 897 501 quem
922 446 1037 484 cum
1066 430 1260 483 venerit
1285 428 1540 482 Dominus
1561 432 1707 499 ejus,
1750 427 1999 482 invenerit
2027 427 2106 480 sic
2134 429 2189 486 Α
2210 424 2457 480 custodia
2495 435 2791 480 reservatae
2814 466 2829 490 ,
2886 422 3248 480 nihilominus
3277 430 3462 480 mente
3500 429 3831 494 nupserunt

519 522 814 592 facientem.
861 521 1024 576 Amen
1053 521 1169 575 dico
1197 520 1379 584 vobis,
1424 520 1675 586 quoniam
1722 536 1882 587 super
1931 519 2107 573 omnia

519 614 658 671 bona
703 631 799 670 sua
836 615 1109 669 constituet
1160 630 1300 667 eum.
1330 612 1552 669 Plenius
1582 612 1820 667 inculcat
1861 620 1916 667 et
1942 612 2108 682 repli-

519 717 631 776 cat,
663 721 835 776 quare
863 705 931 760 de
952 705 1043 760 die
1065 704 1554 759 consummationis
1583 715 1637 758 et
1667 702 1803 759 hora
1822 719 1923 757 nec
1944 718 2109 773 auge-

517 798 623 862 los,
656 808 682 835 ι
713 811 812 851 nec
833 812 893 851 se
918 800 1060 852 scire
1093 796 1445 866 praedixerit;
1492 796 1588 850 sed
1634 796 1811 851 solum
1863 796 2106 861 Patrem,

517 890 663 961 quod
694 905 803 945 non
832 890 1088 960 expediat
1130 891 1274 945 scire
1321 889 1633 959 apostolis:
1675 898 1732 943 et
1790 888 2106 957 exemplum

521 983 951 1052 patrisfamilias,
986 983 1090 1040 hoc
1113 992 1219 1049 est,
1244 984 1328 1037 sui
1353 992 1409 1038 et
1430 981 1669 1038 ﬁdelium
1706 996 1994 1038 servorum
2014 1026 2029 1051 ,
2053 981 2109 1037 id

517 1083 622 1140 est,
652 1074 1048 1144 apostolorum,
1078 1074 1145 1129 ad
1168 1075 1605 1130 cohortationem
1635 1073 1883 1129 sollicitae
1910 1076 2110 1129 mentis

519 1167 819 1236 interserit,
854 1175 912 1221 nt
940 1182 1037 1235 spe
1074 1167 1421 1236 praemiorum
1454 1166 1768 1222 ministrent
1815 1166 2109 1221 conservis

516 1258 571 1314 in
599 1268 847 1327 tempore
871 1272 969 1311 suo
988 1257 1189 1312 cibaria
1218 1256 1611 1312 doctrinarum.

588 1348 772 1422 (Vere.
796 1349 888 1419 48,
910 1349 1032 1419 49.)
1062 1350 1124 1406 Si
1152 1361 1327 1406 autem
1369 1351 1562 1405 dixerit
1598 1354 1769 1405 malus
1810 1367 1988 1405 seruus
2017 1349 2108 1406 ille

512 1442 570 1496 in
595 1440 751 1496 corde
767 1458 885 1508 suo,
908 1459 1106 1496 moram
1126 1443 1253 1514 facit
1273 1441 1516 1495 dominus
1543 1457 1686 1495 meus
1710 1444 1908 1508 venire,
1936 1450 1984 1495 et
2007 1457 2109 1495 cae-

518 1536 650 1601 perit
671 1543 939 1604 percutere
958 1549 1235 1588 conservos
1261 1549 1413 1599 suos,
1442 1534 1720 1586 manducet
1751 1541 1923 1586 autem
1952 1540 1998 1584 et
2029 1530 2109 1584 bi-

517 1626 603 1680 bat
629 1642 748 1681 cum
773 1626 949 1681 ebriis.
984 1626 1062 1680 Ex
1090 1625 1467 1693 superioribus
1490 1623 1724 1694 pendet,
1777 1622 1921 1692 quod
1966 1623 2109 1677 sicut

517 1715 786 1779 sollicitus
813 1729 1007 1772 servus
1035 1724 1093 1772 et
1128 1729 1345 1782 semper
1383 1712 1676 1769 adventum
1708 1712 1910 1768 domini
1966 1728 2105 1783 prae-

2213 519 2260 591 (ι
2288 519 2414 578 Cor.
2434 522 2559 593 vn).
2593 520 2698 576 Sed
2727 519 2860 575 mihi
2888 517 3104 574 videtur
3136 534 3203 574 ex
3235 516 3616 588 superioribus
3663 518 3825 573 alius

2211 628 2411 670 sensus
2441 628 2570 669 esse
2592 614 2684 682 qui
2710 612 2936 679 dicitur,
2966 621 3024 666 et
3052 627 3163 666 non
3215 610 3285 665 ad
3342 610 3634 682 virginalia
3681 624 3825 664 cor-

2210 718 2387 774 pora,
2435 705 2532 760 sed
2576 705 2644 758 ad
2693 720 2859 759 omne
2890 704 3180 758 hominum
3239 716 3418 773 genus
3471 702 3827 771 comparatio

2213 795 2512 861 pertinere.
2538 794 2696 851 Sicut
2719 798 2866 850 enim
2897 795 3009 850 duo
3050 795 3108 848 in
3139 808 3308 864 agro,
3365 801 3422 849 et
3448 792 3570 848 dum
3599 794 3832 849 molen—

2215 894 2320 955 tes,
2372 887 2512 943 duos
2533 887 2850 957 signiﬁcant
2875 887 3134 957 populos,
3156 884 3598 941 Christianorum
3626 894 3681 940 et
3710 884 3833 941 Ju—

2212 980 2483 1051 daeorum,
2518 981 2639 1037 sive
2687 991 3007 1035 sanctorum
3045 989 3105 1035 et
3155 990 3513 1050 peccatorum
3548 1021 3563 1045 ,
3615 978 3709 1049 qui
3757 978 3831 1033 in

2214 1074 2462 1129 Ecclesia
2488 1075 2799 1140 constituti,
2831 1073 3086 1128 videntur
3131 1071 3352 1142 quidem
3384 1083 3440 1127 et
3485 1072 3591 1142 ipsi
3645 1086 3830 1128 arare

2211 1176 2267 1221 et
2288 1169 2530 1233 molere;
2579 1166 2674 1222 sed
2704 1176 2904 1221 cuncta
2957 1165 3011 1221 in
3063 1165 3342 1236 hypocrisi
3372 1163 3578 1220 faciunt
3604 1180 3618 1218 :
3650 1166 3733 1220 sic
3758 1172 3833 1220 et

2212 1274 2358 1314 nunc
2388 1259 2579 1314 decem
2605 1258 2854 1330 virgines
2899 1272 3092 1313 omnes
3140 1256 3394 1313 homines
3424 1258 3831 1328 complectun-

2212 1359 2320 1419 tur,
2354 1351 2444 1421 qui
2472 1348 2735 1405 videntur
2757 1350 2869 1406 Deo
2897 1348 3132 1405 credere
3158 1387 3175 1414 ,
3216 1356 3274 1404 et
3324 1347 3671 1418 applaudunt
3700 1348 3836 1404 sibi

2211 1443 2265 1497 in
2294 1442 2598 1512 Scripturis
2621 1441 2850 1510 sanctis,
2884 1449 2998 1496 tam
3051 1438 3493 1504 ecclesiasticos,
3527 1455 3686 1511 quam
3713 1440 3837 1495 Ju-

2209 1533 2386 1598 daeos,
2418 1543 2587 1604 atque
2616 1533 2937 1589 haereticos.
2968 1530 3073 1599 Qui
3104 1531 3317 1588 idcirco
3344 1546 3540 1588 omnes
3566 1532 3837 1602 virgines

2210 1624 2588 1696 appellantur,
2613 1623 2746 1690 quia
2794 1623 3107 1693 gloriantur
3139 1622 3193 1675 in
3249 1621 3545 1679 unius’Dei
3576 1622 3772 1679 notitia
3801 1663 3833 1690 ,

2210 1725 2267 1772 et
2293 1730 2450 1771 mens
2497 1730 2689 1771 eorum
2732 1714 3059 1771 idololatria:
3083 1714 3242 1769 turba
3289 1711 3400 1786 [ΑΙ.
3434 1712 3673 1786 turbine]
3701 1728 3836 1770 non

519 1809 748 1875 stolaus,
778 1807 944 1864 tradit
967 1807 1251 1863 conservis
1276 1806 1484 1862 cibaria
1511 1805 1565 1860 in
1588 1815 1834 1875 tempore
1863 1820 1994 1871 suo,
2047 1816 2102 1859 et
2134 1801 2185 1861 B
2210 1817 2630 1878 constupratur.
2655 1806 2854 1863 Oleum
2877 1806 3084 1863 habent
3111 1804 3385 1876 virgines,
3418 1819 3541 1875 qua:
3561 1804 3716 1874 juxta
3747 1805 3838 1860 ﬁ—

519 1911 706 1972 postea
751 1915 918 1971 super
963 1900 1146 1955 omnia
1184 1898 1327 1954 bona
1375 1897 1785 1968 patrisfamilias
1821 1896 2110 1951 constitui-

518 2004 609 2048 tur
636 2009 652 2047 :
675 1992 747 2047 ita
776 1988 1111 2057 econtrario,
1147 1990 1241 2059 qui
1266 1988 1419 2057 juxta
1448 1986 1796 2042 Ezechielem
1818 1986 1961 2042 dixit
1992 2003 2005 2040 :
2040 1984 2109 2040 In

516 2094 748 2158 tempora
771 2084 928 2155 longa
958 2083 1049 2150 ﬁet
1074 2081 1216 2137 istud
1246 2079 1467 2151 (Ezech.
1500 2095 1607 2147 xu,
1638 2079 1758 2149 22),
1787 2090 1839 2134 et
1871 2094 1980 2134 non
2012 2094 2110 2150 puo

516 2185 598 2233 tat
620 2174 902 2232 dominum
931 2173 1043 2229 cito
1083 2187 1207 2229 esse
1240 2181 1569 2237 venturum;
1619 2170 1794 2226 factus
1841 2170 2108 2237 securior,

517 2274 683 2324 vacat
708 2266 887 2337 epulis
914 2276 1077 2334 atque
1102 2263 1336 2319 luxuriae
1362 2280 1376 2316 :
1409 2271 1464 2318 et
1497 2276 1605 2316 non
1637 2261 1815 2317 lenem
1861 2271 2112 2332 patrem-

515 2357 770 2422 lamilias,
797 2354 895 2411 sed
926 2355 1336 2409 severissimum
1367 2352 1572 2407 sentiet
1594 2350 1857 2420 iudicem.

589 2447 777 2519 (Vers.
802 2443 895 2513 50,
920 2443 1038 2512 51.)
1072 2443 1256 2498 Veniet
1288 2443 1531 2497 dominus
1558 2443 1691 2496 serui
1748 2440 1916 2506 illius,
1949 2443 2003 2496 in
2027 2443 2112 2498 die

517 2555 624 2610 qua
649 2555 753 2593 non
777 2545 971 2609 sperat,
1009 2546 1058 2590 et
1082 2534 1215 2590 hora
1249 2552 1353 2605 qua
1381 2538 1587 2606 ignorat
1615 2550 1635 2589 :
1657 2542 1701 2587 et
1730 2534 1923 2589 dividet
1971 2551 2110 2600 eum,

520 2638 817 2702 partemque
844 2631 956 2700 ejus
981 2635 1133 2699 ponet
1175 2642 1295 2680 cum
1322 2626 1607 2698 hypocritis
1635 2641 1654 2680 :
1685 2625 1793 2680 illic
1824 2627 1920 2680 erit
1959 2629 2112 2697 ﬂetus

518 2733 570 2779 et
593 2722 790 2778 stridor
819 2721 1074 2776 dentium.
1110 2719 1272 2790 202
1297 2718 1407 2772 Hoc
1436 2720 1613 2788 ipsum
1641 2716 1823 2784 docet,
1853 2726 1914 2773 ut
1941 2719 2116 2773 sciant

518 2813 741 2886 quando
774 2829 882 2867 non
914 2820 1141 2882 putatur
1170 2811 1429 2866 dominus
1451 2850 1467 2876 ,
1510 2820 1640 2864 tunc
1665 2827 1789 2865 eum
1832 2825 1953 2866 esse
1982 2826 2113 2866 ven-

524 2920 728 2966 turum,
758 2915 813 2960 et
841 2903 1140 2973 vigilantiae
1172 2918 1235 2957 ac
1266 2900 1656 2957 sollicitudinis
1696 2902 2113 2972 dispensatores

523 3000 810 3058 admonet.
859 2997 1034 3053 Porro
1061 2995 1210 3067 quod
1241 2996 1397 3060 dicit,
1433 2995 1628 3050 dividet
1654 3012 1769 3050 eum
1793 3036 1808 3061 ,
1851 3011 1961 3049 non
2003 3010 2112 3064 quo

521 3090 709 3162 gladio
731 3105 856 3146 eum
880 3088 1154 3154 dissecet;
1187 3088 1283 3143 sed
1310 3103 1417 3158 quo
1446 3104 1476 3140 a
1508 3097 1829 3143 sanctorum
1887 3101 2113 3143 conserv

2211 1902 2338 1957 dem
2366 1911 2420 1957 et
2448 1900 2712 1971 operibus
2764 1899 3135 1955 adornantur.
3187 1897 3305 1955 Non
3351 1897 3561 1953 habent
3600 1897 3834 1966 oleum,

2210 2008 2333 2064 quae
2382 1992 2641 2048 videntur
2667 1989 2838 2048 simili
2865 1990 3087 2061 quidem
3142 1989 3251 2045 ﬁde
3296 1989 3586 2045 Dominum
3640 1989 3837 2045 contio

2212 2084 2359 2149 teri;
2424 2083 2524 2140 sed
2580 2083 2844 2139 virtutum
2904 2097 3077 2153 opera
3144 2080 3450 2152 negligant.
3513 2080 3838 2136 Possumus

2211 2178 2457 2248 quinque
2482 2175 2747 2246 virgines,
2774 2174 3057 2245 sapientes
3075 2181 3131 2230 et
3162 2173 3379 2238 stultas,
3415 2172 3662 2240 quinque
3685 2186 3836 2226 sen-

2211 2283 2308 2324 sus
2331 2267 2493 2340 203
2510 2265 2867 2337 interpretari
2899 2283 2913 2318 :
2941 2279 3175 2335 quorum
3200 2263 3301 2318 alii
3322 2261 3586 2318 festinant
3608 2263 3673 2318 ad
3697 2276 3836 2320 coe-

2212 2360 2394 2427 lestia,
2426 2369 2483 2416 et
2509 2374 2746 2428 superna
2775 2357 3095 2414 desiderant
3132 2374 3146 2411 :
3175 2356 3272 2411 alii
3311 2355 3545 2412 terrenis
3579 2354 3829 2412 faecibus

2215 2451 2515 2516 inhiantes,
2543 2449 2792 2506 fomenta
2824 2465 2932 2504 non
2956 2449 3158 2505 habent
3187 2446 3460 2511 veritatis,
3491 2446 3691 2516 quibus
3712 2462 3833 2504 sua

2212 2545 2379 2601 corda
2409 2545 2742 2600 illuminent.
2781 2543 2859 2599 De
2880 2544 3023 2608 visu,
3053 2552 3111 2597 et
3135 2540 3344 2604 auditu,
3379 2550 3437 2595 et
3459 2549 3605 2595 tactu
3637 2539 3836 2610 spiri-

2218 2638 2439 2693 tualiter
2461 2636 2667 2692 dictum
2699 2647 2785 2692 est
2817 2651 2833 2692 :
2869 2635 3025 2703 Quod
3053 2633 3297 2699 vidimus,
3319 2632 3462 2705 quod
3491 2632 3824 2699 audiuimus,

2214 2729 2355 2801 quod
2371 2729 2538 2783 oculis
2568 2729 2760 2782 nostris
2781 2727 3165 2799 perspeximus,
3190 2735 3238 2779 et
3263 2740 3449 2779 manus
3477 2732 3666 2780 nostra:
3695 2721 3831 2790 pal-

2215 2836 2401 2893 paaere
2429 2819 2476 2890 (ι
2495 2818 2656 2873 Joan.
2686 2835 2706 2873 ι
2727 2863 2742 2887 ,
2776 2817 2856 2885 1).
2911 2817 2989 2873 De
3027 2826 3187 2886 gustu
3221 2833 3233 2869 :
3258 2813 3478 2870 Gustate
3505 2856 3522 2883 ,
3573 2824 3622 2870 et
3648 2814 3828 2870 videte

2215 2914 2464 2984 quoniam
2485 2913 2656 2967 suavis
2678 2922 2753 2966 est
2804 2909 3063 2964 Dominus
3088 2908 3211 2978 (Ps.
3239 2923 3440 2969 xxxm.
3467 2907 3548 2979 9).
3572 2906 3650 2963 De
3679 2907 3829 2961 odo-

2216 3014 2335 3059 ratu
2363 3022 2377 3058 :
2402 3002 2471 3058 In
2494 3005 2707 3058 odorem
2726 3011 3112 3074 unguentorum
3128 3012 3336 3055 tuorum
3357 2999 3614 3054 currimus
3632 2997 3827 3070 (Cant.

2216 3112 2256 3162 ι,
2281 3096 2361 3167 5).
2397 3097 2464 3152 Et
2489 3113 2505 3152 :
2530 3096 2720 3151 Christi
2751 3097 2915 3150 bonus
2937 3094 3067 3149 odor
3093 3109 3271 3149 sumus
3300 3091 3369 3164 (ll
3401 3090 3530 3147 Cor.
3557 3106 3629 3158 ιι.
3659 3090 3779 3159 15).

523 3181 603 3238 tio
632 3196 760 3237 eum
790 3189 1034 3250 separet,
1065 3186 1123 3233 et
1152 3187 1362 3246 partem
1392 3177 1516 3247 ejus
1566 3187 1731 3245 ponat
1761 3192 1883 3232 cum
1933 3178 2108 3250 hypo-

2291 3186 2472 3258 (Vers.
2511 3186 2595 3259 5.)
2637 3185 2845 3241 Moram
2889 3194 3064 3240 autem
3093 3185 3317 3257 faciente
3360 3198 3578 3254 sponso,
3617 3182 3826 3237 dormi-

520 3271 717 3330 eritis:
752 3286 876 3327 cum
912 3269 998 3324 his
1032 3268 1318 3334 videlicet,
1348 3269 1442 3338 qui
1474 3279 1634 3323 erant
1664 3270 1718 3323 in
1757 3285 1911 3339 agro,
1936 3283 1992 3324 et
2018 3271 2110 3340 qui

521 3362 828 3426 molebant,
855 3370 912 3417 et
936 3359 1298 3415 nihilominus
1324 3359 1575 3415 derelicti
1605 3371 1755 3415 sunt.
1783 3362 1944 3431 Saepe
1966 3361 2112 3417 dixi-

523 3472 647 3513 mus
672 3455 1018 3527 hypocritam
1046 3453 1196 3509 aliud
1226 3467 1376 3517 esse,
1418 3452 1567 3506 aliud
1595 3454 1889 3510 ostendere
1921 3472 1937 3511 :
1969 3457 2116 3511 sicut

523 3561 577 3608 et
608 3550 664 3605 in
688 3564 845 3619 agro,
872 3557 931 3603 et
956 3546 1013 3600 in
1054 3545 1197 3600 mola
1226 3545 1376 3599 idem
1406 3543 1694 3599 videbatur
1721 3546 1903 3602 facere
1925 3589 1939 3613 ,
1968 3547 2115 3618 quod

522 3641 935 3701 ecclesiasticus
963 3637 1069 3705 vir,
1098 3639 1198 3692 sed
1227 3638 1407 3694 exitus
1432 3637 1670 3694 diversa:
1697 3640 1995 3696 voluntatis
2021 3656 2116 3713 ap-

529 3733 732 3806 paruit.

601 3824 761 3895 (Cap.
786 3819 959 3877 XXV.
988 3848 1059 3861 --
1085 3817 1247 3875 Vers;
1277 3819 1304 3873 1
1339 3818 1483 3890 seq.)
1520 3819 1665 3874 Tune
1701 3822 1873 3875 simile
1913 3826 2009 3878 erit
2034 3841 2117 3880 re-

527 3931 685 3987 gnum
705 3912 950 3966 ctelorum
976 3911 1151 3964 decem
1178 3910 1483 3980 virginibus,
1504 3928 1621 3983 qua:
1650 3914 1959 3985 accipientes
1981 3916 2116 3971 lam-

524 4005 683 4074 pades
711 4020 851 4071 suos,
877 4003 1115 4057 exierunt
1149 4001 1352 4055 obviam
1379 4020 1573 4074 sponso
1598 4010 1649 4058 et
1685 4020 1909 4076 sponsae.
1959 4009 2117 4073 Quin-

525 4112 624 4167 que
648 4102 821 4149 autem
848 4109 913 4149 ea:
941 4095 1018 4149 eis
1047 4101 1196 4146 erant
1227 4095 1418 4164 future,
1469 4102 1518 4147 et
1547 4094 1774 4165 quinque
1810 4098 2111 4167 prudentes.

528 4184 636 4244 Sed
666 4185 890 4255 quinque
920 4189 1079 4253 [atate
1099 4184 1328 4250 acceptis
1357 4185 1687 4251 lampadibus
1710 4226 1725 4250 ,
1756 4204 1857 4241 non
1881 4206 2117 4258 sumpse-

523 4289 646 4333 runt
677 4275 847 4331 oleum
879 4291 1072 4330 secum.
1116 4275 1407 4330 Prudentes
1444 4291 1563 4329 vero
1592 4289 1905 4342 acceperunt
1947 4281 2117 4336 oleum

523 4373 582 4426 in
611 4370 747 4425 vasis
775 4367 884 4422 suis
915 4382 1032 4420 cum
1072 4366 1417 4437 lampadibus.
1452 4367 1603 4422 Hanc
1653 4372 1965 4436 parabolam
1990 4415 2007 4441 ,
2062 4375 2115 4430 id

529 4472 653 4527 est,
708 4457 1126 4515 similitudinem
1151 4459 1341 4514 decem
1377 4459 1653 4529 virginum
1682 4506 1697 4531 ,
1729 4462 2003 4520 fatuarnm
2034 4479 2118 4521 at-

2218 3286 2453 3333 taverunt
2481 3294 2655 3333 omnes
2684 3287 2734 3332 et
2745 3278 3090 3332 dormierunt.
3123 3275 3243 3331 Non
3270 3273 3417 3329 enim
3443 3288 3506 3343 pa
3518 3289 3637 3327 rum
3671 3282 3820 3327 tem-

2219 3371 2368 3440 poris
2397 3369 2539 3425 inter
2572 3369 2812 3439 priorem
2854 3378 2912 3424 et
2941 3366 3244 3422 secundum
3272 3364 3569 3421 adventum
3600 3364 3819 3420 Domini

2217 3459 2680 3530 praetergreditur.
2717 3458 2907 3515 Omnes
2935 3458 3376 3522 dormitaverunt,
3429 3455 3481 3511 id
3513 3464 3620 3521 est,
3664 3471 3821 3513 mor-

2220 3559 2325 3605 tuae
2354 3560 2484 3605 sunt
2518 3569 2532 3605 :
2562 3551 2684 3619 quia
2714 3561 3029 3606 sanctorum
3058 3564 3208 3605 mors
3232 3562 3458 3603 somnus
3484 3547 3819 3617 appellatur.

2216 3642 2630 3712 Consequenter
2653 3652 2836 3697 autem
2865 3642 3088 3710 dicitur,
3113 3640 3437 3696 dormierunt
3462 3655 3482 3695 :
3502 3638 3630 3711 quia
3657 3647 3819 3710 post-

2215 3749 2280 3790 ea
2310 3733 2639 3789 suscitandas
2677 3743 2826 3788 sunt.

2291 3826 2472 3899 (Vers.
2504 3824 2584 3897 6.)
2630 3824 2811 3881 Media
2860 3834 3034 3878 autem
3075 3832 3222 3879 nocte
3253 3824 3453 3878 clamor
3496 3824 3670 3894 factus
3715 3832 3821 3890 est,

2217 3936 2334 3976 ecce
2361 3936 2579 3989 sponsus
2602 3919 2762 3985 venit,
2791 3919 2932 3973 emite
2955 3917 3157 3972 obviam
3181 3916 3248 3971 ei.
3278 3915 3475 3973 Subito
3505 3914 3652 3971 enim
3681 3931 3821 3987 qua-

2216 4011 2264 4067 si
2308 4013 2635 4079 intempesta
2680 4018 2862 4076 nocte,
2913 4018 2970 4064 et
3014 4006 3229 4064 securis
3272 4005 3556 4073 omnibus,
3596 4007 3821 4076 quando

2215 4103 2568 4175 gravissimus
2604 4117 2772 4169 scpor
2812 4111 2919 4171 est,
2968 4117 3067 4172 per
3118 4102 3439 4169 angelorum
3487 4100 3816 4171 clamorem,

2217 4207 2274 4252 et
2301 4196 2326 4235 δ
2358 4196 2516 4252 tubas
2542 4195 2970 4265 praecedentium
2996 4193 3403 4263 fortitudinum,
3432 4191 3639 4248 Christi
3665 4209 3823 4250 reso-

2218 4288 2368 4343 nabit
2396 4288 2685 4342 adventus.
2736 4287 2994 4342 Dicamus
3020 4284 3227 4356 aliquid
3259 4284 3403 4355 quod
3438 4283 3676 4339 forsitan
3699 4284 3818 4339 lec-

2218 4380 2321 4435 tori
2351 4380 2483 4434 utile
2507 4380 2598 4433 sit.
2631 4376 2880 4433 Traditio
2906 4377 3223 4433 Iudaeorum
3252 4385 3361 4441 est,
3387 4374 3668 4430 Christum
3699 4392 3821 4432 me-

2216 4472 2303 4526 dia
2336 4481 2496 4527 nocte
2530 4481 2819 4525 venturum
2863 4472 2915 4523 in
2946 4467 3360 4525 similitudinem
3402 4465 3646 4538 Egyptii
3668 4473 3816 4523 tem-

527 4569 636 4624 que
669 4550 1045 4623 prudentium,
1077 4550 1298 4619 quidam
1330 4552 1657 4621 simpliciter
1707 4554 1762 4609 in
1803 4555 2109 4627 virginibus
2135 4552 2193 4614 Ι)
2221 4564 2387 4633 poris,
2419 4563 2635 4632 quando
2670 4561 2880 4617 Pascha
2901 4560 3243 4616 celebratum
3268 4567 3379 4622 est,
3407 4567 3463 4613 et
3482 4561 3821 4613 extermina-

527 4648 994 4713 interpretantur:
1020 4658 1250 4713 quarum
1282 4642 1408 4698 aliae
1436 4688 1450 4712 ,
1476 4644 1630 4712 jttxta
1672 4648 2022 4720 Apostolum,
2056 4664 2113 4710 et

529 4750 769 4808 corpore
793 4744 851 4791 et
875 4743 1061 4789 mente
1096 4744 1226 4789 sunt
1254 4736 1497 4807 virgines
1532 4738 1694 4793 :alite
1739 4742 2115 4811 virginitatem

521 4841 735 4888 tantum
761 4842 1054 4898 corporum
1110 4838 1462 4885 reservantes
1495 4872 1510 4894 ,
1561 4830 1650 4887 vel
1703 4844 1902 4888 caetera
1942 4851 2111 4906 opera

418 4960 429 4968 -
521 4943 630 4984 non
688 4924 894 4981 habent
920 4922 1210 4994 proposito
1239 4939 1341 4978 suo
1371 4924 1614 4993 similia,
1669 4928 1755 4983 vel
1809 4941 2107 5000 parentum

521 5134 577 5189 d_
595 5072 624 5101 ἰ
654 5063 830 5186 Ιξῗηθς
856 5061 1295 5131 Victorium,nec
1320 5062 1531 5133 angelos
1548 5063 1794 5119 caelorum
1818 5066 1952 5120 scire
1980 5083 2108 5139 prte-

559 5149 690 5189 ωσι
717 5172 732 5187 .

559 5134 732 5190 iuvit.

596 5204 626 5245 ιι
664 5202 931 5272 Corrupte
957 5217 1123 5272 penes
1146 5203 1536 5262 Martiameum.
1563 5212 1611 5257 et
1629 5205 1822 5258 turbas.

601 5286 625 5315 ο
666 5272 1428 5346 Traditionemapostolicam
1479 5283 1636 5328 vocat
1674 5277 1837 5329 etiam
1872 5277 2109 5346 Epipha-

524 5346 671 5411 nius,
700 5345 899 5399 hteres.
923 5342 1015 5398 70.
1049 5342 1115 5398 Et
1141 5359 1271 5397 vero
1292 5359 1356 5397 ex
1388 5357 1449 5397 ea
1476 5346 1798 5400 constitutio
1843 5342 1937 5401 illa
1975 5342 2110 5412 eum-

523 5416 714 5486 stolica
737 5413 915 5486 efﬁcta
934 5414 1088 5486 estin
1118 5413 1493 5486 Clementinis,
1519 5414 1615 5486 lib.
1647 5432 1698 5483 v,
1715 5432 1834 5486 cap.
1856 5419 1921 5473 l9
1946 5418 2110 5471 :Sab.

528 5485 647 5560 bato
676 5486 826 5560 (ante
850 5483 1177 5560 Paschaletn
1203 5484 1558 5555 Dominicam)
1603 5483 1871 5560 usque'ad
1897 5487 2105 5555 gallici-

525 5557 670 5611 nium
685 5555 1073 5625 permanentes,
1115 5555 1436 5609 illucescente
1481 5573 1586 5611 una
1611 5557 1962 5621 sabbatorum,
1989 5574 2106 5625 qua:

518 5636 595 5697 est
618 5625 743 5697 dies
766 5623 1075 5689 Dominica,
1099 5626 1363 5697 jejunium
1389 5627 1588 5697 solvite,
1623 5644 1656 5680 a
1693 5643 1906 5697 vespera
1941 5623 2103 5697 usque

616 5693 984 5781 {iudicantum
1023 5693 1323 5781 vigilantes...
1347 5706 1395 5752 et
1427 5696 1762 5781 in‘Eccle's‘ia
1780 5693 2104 5781 congregati

516 5762 574 5821 in
619 5762 780 5818 unum
810 5764 1023 5838 uigiliis,
1074 5762 1420 5837 orationibus,
1459 5776 1509 5824 et
1553 5767 1625 5825 ad
1660 5766 1831 5824 Deum
1865 5762 2100 5841 precibus

2224 4667 2309 4712 tor
2335 4656 2503 4719 venit,
2535 4665 2590 4710 et
2622 4654 2887 4710 Dominus
2912 4667 3081 4722 super
3104 4650 3459 4708 tabernacula
3487 4649 3729 4712 transiit,
3758 4658 3819 4707 et

2219 4751 2479 4821 sanguine
2500 4749 2624 4818 agni
2652 4756 2836 4818 postes
2865 4756 3180 4803 nostrarum
3212 4744 3472 4801 frontium
3502 4745 3816 4801 consecrati

2214 4852 2344 4898 sunt
2378 4841 2587 4913 (Exod.
2629 4845 2759 4911 xu).
2793 4839 2951 4897 Unde
2991 4856 3120 4897 reor
3164 4848 3223 4896 et
3272 4836 3621 4893 traditionem
3676 4853 3813 4910 apo-

2212 4938 2460 4992 Stolicam
2506 4947 2528 4975 ο
2582 4936 2984 5005 permansisse,
3033 4934 3176 4989 utin
3226 4932 3318 4989 die
3358 4930 3672 5002 vigiliarum
3709 4931 3817 4988 Pa-

2217 5074 2413 5121 vacate.
2444 5064 2750 5134 Insigniom
2796 5073 2976 5118 autem
3009 5071 3149 5134 sunt
3175 5063 3244 5118 de
3273 5060 3556 5134 pervigilio
3578 5061 3809 5120 Pascha;

2207 5139 2439 5192 aliorum
2463 5133 2776 5191 testimonia
2802 5151 2819 5189 :
2850 5142 2975 5199 puta
3007 5133 3297 5193 Lactantii.
3329 5133 3425 5190 lib.
3457 5147 3552 5200 vn,
3567 5147 3689 5200 cap.
3711 5134 3805 5200 l9,

2214 5223 2337 5276 qme
2389 5208 2560 5261 ferme
2605 5205 2896 5270 descripsit
2940 5204 3201 5270 Isidorus,
3248 5203 3529 5273 Originum
3582 5202 3675 5276 lib.
3719 5219 3801 5269 vr,

2214 5273 2339 5340 cap.
2367 5279 2471 5333 i7:
2502 5276 2634 5331 Hmc
2682 5284 2755 5328 est
2788 5290 2896 5329 nos:
2934 5291 3053 5341 quas
3094 5277 3244 5329 nobis
3281 5287 3490 5345 propter
3529 5273 3806 5329 adventum

2214 5349 2373 5420 regis,
2422 5364 2483 5420 ac
2525 5345 2625 5400 Dei
2651 5346 2814 5420 nostri
2856 5346 3127 5420 pervigilio
3164 5345 3481 5420 celebratur,
3528 5348 3680 5409 cuius
3710 5361 3806 5420 no-

2212 5415 2307 5471 cti's
2334 5418 2530 5481 duplex
2569 5417 2702 5471 ratio
2733 5424 2827 5480 est,
2858 5415 3086 5486 quodin
3118 5434 3177 5471 ea
3206 5428 3251 5470 et
3282 5417 3440 5469 vitam
3470 5424 3580 5467 tant
3612 5415 3806 5480 recepit

2214 5506 2333 5542 cum
2358 5505 2540 5551 passus
2559 5496 2657 5554 est,
2690 5498 2737 5542 et
2764 5496 2936 5554 postea
2970 5487 3109 5541 orbis
3136 5498 3289 5541 terra
3315 5501 3534 5555 regnum
3564 5496 3805 5555 receptu-

2210 5576 2299 5614 rus
2329 5566 2434 5632 est.
2474 5559 2806 5632 llieronymo
2832 5557 3341 5632 suppar_Pallad_i_us
3378 5554 3442 5608 in
3477 5555 3588 5632 vita
3625 5554 3805 5632 Chry-

2209 5630 2438 5683 50stomi
2468 5647 2482 5684 :
2511 5626 2747 5700 Excubat
2773 5628 2997 5700 populus
3029 5629 3085 5682 in
3121 5626 3355 5700 partibus
3379 5626 3574 5700 nostris
3598 5626 3803 5700 adpri-

2208 5716 2347 5774 mum
2375 5717 2535 5767 usque
2565 5699 2698 5774 galli
2723 5695 2953 5774 cantum,
2984 5707 3093 5765 etc.
3121 5697 3296 5772 Vulgo
3327 5706 3516 5755 autem
3543 5695 3800 5771 Patribus

2205 5771 2506 5842 vigiliarum
2528 5770 2633 5827 nbat
2659 5770 2832 5829 audit.
3149 5773 3152 5777 ’
3236 5770 3250 5772 ἡ
3338 5774 3345 5782 ’
3588 5774 3589 5777 “
