4044 6332
243 303 356 364 185

719 302 1390 374 COMMENTARIORUM
1414 301 1483 359 IN
1521 301 1841 361 EVANGEI.

1954 304 1977 361 l
2015 301 2353 361 MATTHEI
2391 301 2523 360 LIB.
2564 302 2656 364 IV.
2698 301 2856 361 CAP.
2895 300 3066 360 XXV.

3435 299 3541 361 186

243 415 394 470 scltte
433 423 562 468 ante
606 412 782 468 noctis
828 413 1116 467 dimidium
1151 413 1377 482 populos
1423 413 1699 467 ditnittere
1730 429 1833 465 non
1868 421 1910 475 Α
1939 431 2046 482 que
2094 416 2409 482 repetitum,
2452 413 2711 468 indicium
2756 413 2880 468 ﬁdei
2935 422 3035 468 est.
3089 413 3194 470 Sed
3220 413 3348 486 quid
3377 413 3546 487 prod-

244 507 428 569 liceat,
482 514 874 574 exspectantes
913 507 1207 558 :Id\'l:llillll|
1257 506 1482 558 thristi.
1529 515 1554 541 ³
1588 505 1650 558 Et
1698 515 1840 570 pust-

241 615 404 669 quatn
457 598 592 651 illud
644 606 855 666 tempus
906 599 1202 660 transierit,
1254 599 1548 652 securitate
1572 614 1842 676 praesum-

245 702 355 762 pta,
409 692 608 746 fe~tutn
649 694 826 745 cuncti
877 703 1045 761 agunt
1071 692 1235 745 diem.
1272 691 1424 746 Unde
1466 703 1521 746 et
1556 692 1840 746 Psaltnista

243 783 498 838 dicebat:
532 780 711 836 Media
751 793 896 837 nocte
937 783 1211 852 surgebam
1257 783 1328 836 ad
1363 783 1712 852 conﬁtendum
1751 782 1841 835 tibi

243 892 402 942 super
418 873 630 940 judicia
643 875 1037 942 iustiﬁcationis
1059 887 1163 930 tua:
1194 875 1366 947 (Psal.
1395 891 1585 934 cxvnt.
1615 875 1730 946 62).

315 966 500 1037 (Vers.
525 965 608 1035 7.)
651 964 792 1019 Tunc
835 977 1173 1021 surrexerunt
1221 984 1398 1022 omnes
1437 969 1658 1037 uirgines
1703 968 1841 1031 illm,

245 1067 289 1110 et
321 1065 634 1110 ornaverunt
679 1056 948 1126 lampades
989 1074 1133 1110 suos.
1175 1057 1375 1112 Omnes
1405 1055 1568 1129 204
1606 1058 1843 1125 virgines

244 1159 630 1214 surrexerunt,
681 1159 736 1203 et
783 1162 1116 1204 ornaverunt
1171 1167 1514 1219 unaquaque
1564 1152 1844 1221 lampades

244 1255 392 1302 suas,
421 1239 474 1294 id
501 1247 608 1304 est,
636 1254 858 1303 sensus,
902 1242 957 1294 in
978 1241 1176 1309 quibus
1204 1242 1387 1296 oleum
1417 1242 1664 1298 scientia:
1702 1245 1844 1300 reci-

245 1333 487 1401 piebant,
519 1340 579 1386 ut
604 1330 633 1369 δ
667 1331 935 1388 baberent
963 1347 1132 1403 opera
1152 1333 1435 1403 virtutum,
1464 1350 1586 1406 quae
1609 1345 1738 1392 ante
1759 1351 1845 1392 ve-

243 1440 367 1478 rum
388 1423 632 1494 indicem
667 1424 1017 1495 refulgerent.

313 1515 496 1586 (Vers.
533 1514 615 1584 8.)
656 1513 844 1571 Fatua:
870 1527 1040 1570 autem
1069 1516 1385 1584 sapientibus
1412 1519 1660 1573 dixerunt
1684 1535 1702 1573 :
1724 1519 1843 1574 Da-

240 1616 291 1661 te
323 1607 473 1662 nobis
498 1607 563 1660 de
588 1606 702 1663 oleo
742 1616 929 1672 vestro,
960 1609 1083 1678 quia
1119 1611 1387 1677 lampades
1426 1619 1616 1664 nostris
1649 1613 1845 1666 exstin-

241 1709 494 1772 guuntur.
537 1700 669 1767 Qua:
712 1699 992 1770 lampades
1023 1716 1150 1754 suas
1180 1713 1485 1767 queruntur
1520 1704 1792 1772 exstingui
1824 1749 1838 1771 ,

1943 516 2030 561 est
2059 524 2189 560 voce
2221 510 2496 570 invocare,
2527 524 2686 576 qttnttt
2713 507 2964 574 operibus
2996 507 3204 574 neges?

2019 599 2206 669 (\‘ers.
2242 600 2359 669 1'2.)
2399 602 2460 651 At
2491 598 2578 652 ille
2603 600 2936 669 respondens,
2968 601 3084 653 ait:
3107 600 3265 653 Amen
3298 599 3417 653 dico
3451 616 3539 653 ro-

1945 691 2042 756 bis,
2085 692 2254 745 nescio
2281 708 2388 746 vos.
2439 691 2594 745 Novit
2646 691 2903 746 Dominus
2949 707 3045 746 eos
3093 693 3184 761 qui
3217 693 3337 759 ejus
3376 701 3533 761 sunt,

1943 793 2000 838 et
2021 784 2111 853 qni
2141 783 2373 852 ignorat,
2403 783 2742 852 ignorabitur
2771 782 2988 854 (llTim.
3006 798 3063 846 tt,
3098 783 3209 853 19).
3240 783 3421 838 Nescit
3442 785 3542 838 Do-

1946 878 2127 930 minus
2155 878 2435 942 operarios
2477 874 2827 940 iniquitatis:
2869 882 2924 927 et
2953 873 3082 928 licet
3126 873 3368 940 virgines
3410 873 3542 940 sint,

1945 976 2000 1020 et
2043 965 2340 1020 secundum
2389 965 2658 1031 duplicem
2709 963 3128 1032 intelligentiam
3171 963 3240 1018 de
3295 965 3543 1034 corporis

1949 1061 2200 1128 puritate,
2251 1065 2308 1112 et
2348 1056 2416 1111 de
2463 1056 2813 1112 confessione
2858 1071 3000 1110 verte
3055 1054 3362 1124 gloriantur
3415 1056 3543 1112 ﬁdei

1947 1152 1987 1223 (Ι
2014 1153 2135 1205 Cor.
2172 1165 2285 1219 xw,
2331 1150 2471 1220 38);
2525 1158 2705 1203 tamen
2752 1150 2879 1218 quia
2933 1147 3117 1202 oleum
3177 1163 3286 1202 non
3339 1149 3545 1203 habent

1945 1244 2220 1311 scientiae,
2263 1242 2462 1298 sufﬁcit
2505 1243 2588 1298 eis
2638 1257 2738 1312 pro
2784 1255 2944 1312 poena
2979 1239 3123 1312 quod
3169 1241 3491 1311 ignorantur
3511 1255 3556 1298 a'

1946 1353 2169 1409 Sponso.

2018 1428 2342 1503 (Vers.15.)
2380 1428 2605 1500 Vigilate
2631 1430 2827 1499 itaque,
2871 1429 2992 1499 quia
3037 1429 3248 1483 nescitis
3277 1429 3414 1483 diem
3456 1446 3547 1485 ne-

1945 1539 2046 1595 que
2073 1523 2273 1577 horam.
2316 1522 2647 1578 Prudentem
2691 1536 2911 1591 semper
2941 1521 3218 1575 admoneo
3259 1521 3544 1589 lectorem,

1946 1625 2006 1671 ut
2041 1631 2147 1671 non
2174 1618 2574 1684 superstitiosis
2603 1617 2916 1686 acquiescat
2945 1615 3495 1684 interpretationibus
3521 1658 3536 1682 ,

1947 1718 2015 1771 et,
2049 1724 2170 1778 quae
2222 1709 2550 1762 coturnatice
2596 1723 2694 1776 pro
2744 1708 3062 1774 ﬁngentium
3114 1705 3372 1760 dicuntur
3399 1705 3551 1760 arbi-

245 1792 544 1848 ostendunt
587 1807 680 1847 eas
718 1808 783 1847 ex
823 1804 976 1860 parte
1013 1793 1197 1848 lucere
1227 1811 1240 1846 :
1273 1805 1327 1848 et
1373 1805 1554 1849 tamen
1601 1813 1706 1848 non
1746 1797 1839 1848 Ita-
1877 1804 1920 1862 Β
1947 1801 2074 1869 trio,
2114 1798 2209 1854 sed
2241 1799 2550 1854 consideret
2581 1800 2788 1870 priora,
2823 1797 3025 1860 media,
3058 1807 3115 1852 et
3143 1797 3460 1866 sequentia,
3490 1803 3548 1851 et

242 1885 378 1940 bent
436 1883 618 1938 lumen
673 1883 1020 1950 indelieiens,
1069 1901 1170 1939 nec
1221 1901 1386 1954 opera
1447 1895 1727 1955 perpetua.
1787 1889 1843 1942 bi

239 1977 370 2046 quis
406 1977 572 2047 igitur
602 1976 763 2031 habet
787 1979 1025 2032 animam
1055 1978 1404 2045 virginalem,
1435 1989 1489 2032 et
1517 1990 1734 2033 amator
1761 1991 1846 2035 est

245 2066 547 2135 pudicitiae,
592 2083 700 2119 non
740 2067 902 2122 debet
950 2068 1326 2122 mediocribus
1359 2083 1482 2124 esse
1526 2081 1841 2136 contentus,

239 2176 366 2226 qua:
404 2159 518 2212 cito
553 2160 894 2218 exolescunt.
939 2170 996 2213 et
1022 2170 1216 2214 exorto
1260 2173 1532 2227 caumate,
1560 2165 1794 2217 areﬁuut
1825 2179 1840 2226 ;

239 2253 340 2306 sed
397 2253 672 2320 perfectas
711 2254 943 2308 virtutes
985 2265 1262 2324 sequatur,
1316 2264 1374 2309 ut
1418 2255 1601 2312 lumen
1650 2256 1845 2312 habeat

239 2344 670 2412 sempiternum.

319 2437 499 2503 (Vers.
537 2436 621 2506 9.)
662 2435 1068 2503 Responderunt
1103 2437 1403 2508 prudentes,
1444 2439 1668 2494 dicentes
1703 2457 1715 2492 :
1763 2440 1846 2494 Ne

242 2529 313 2597 [υ.
331 2536 382 2582 te
403 2545 509 2582 non
537 2528 767 2596 sutﬁciat
806 2528 954 2582 nobis
980 2539 1029 2584 et
1056 2529 1215 2582 vobis.
1253 2531 1366 2584 lloc
1409 2546 1516 2585 non
1564 2532 1634 2586 de
1664 2534 1845 2585 avari-

241 2622 345 2685 tia,
390 2619 488 2675 sed
528 2620 598 2673 de
637 2622 832 2674 timore
879 2622 1234 2688 reSpOndent.
1271 2622 1653 2693 Unusquisque
1699 2623 1840 2679 enim

241 2728 346 2782 pro
375 2713 636 2781 operibus
674 2713 786 2764 suis
838 2714 1145 2766 mercedem
1197 2715 1454 2781 recipiet,
1505 2730 1683 2784 neque
1721 2731 1846 2783 pos-

234 2814 371 2858 sunt
412 2807 464 2857 itt
507 2804 595 2858 die
621 2804 813 2871 judicii
854 2806 1085 2858 aliorum
1133 2804 1398 2869 virtutes,
1444 2806 1673 2859 aliorum
1716 2807 1841 2861 vitia

235 2895 563 2950 sublevare.
595 2896 659 2948 Et
687 2912 865 2964 qnunn
887 2896 957 2950 do
1006 2907 1248 2964 tempore
1279 2897 1590 2966 Babylonia:
1613 2898 1842 2967 captivi-

239 2990 408 3052 tatis,
441 2988 712 3043 Jeremias
742 3001 1064 3058 pt'ccatores
1090 2992 1279 3056 juvare
1311 3006 1418 3044 non
1450 2991 1646 3059 potuit,
1680 3001 1734 3044 et
1761 2991 1843 3044 di-

234 3085 389 3140 citur
412 3084 479 3135 ad
513 3098 641 3137 eum
673 3099 687 3134 :
722 3081 804 3135 Nc
827 3085 1051 3138 oraveris
1073 3100 1169 3155 pro
1189 3085 1380 3154 populo
1403 3085 1501 3138 isto
1525 3083 1839 3156 (Jerem.vtt.

1951 1901 2135 1946 nectat
2159 1890 2263 1945 sibi
2297 1893 2548 1946 universa
2581 1906 2701 1960 qua:
2730 1890 2935 1958 scripta
2967 1898 3113 1944 sunt.
3147 1888 3231 1943 Ex
3281 1889 3382 1941 hoc
3411 1901 3551 1956 ergo

1947 1985 2093 2055 quod
2142 1985 2346 2040 infert:
2403 1983 2644 2054 Vigilate,
2679 1984 2804 2054 quia
2845 1984 3060 2037 nescitis
3085 1983 3222 2036 diem
3266 1994 3433 2050 neque
3451 1979 3549 2034 ho-

1946 2093 2084 2142 ram,
2132 2078 2518 2145 inlelliguntur
2563 2076 2819 2130 universa
2870 2089 2996 2145 qua:
3041 2073 3199 2138 dixit,
3233 2072 3285 2126 id
3338 2081 3446 2133 est,
3476 2070 3549 2125 de

1948 2171 2161 2224 duobus
2187 2171 2278 2237 qui
2325 2173 2376 2222 in
2407 2183 2544 2238 agro
2577 2176 2726 2232 sunt,
2753 2177 2810 2222 et
2835 2166 2902 2220 de
2931 2165 3144 2220 duabus
3177 2161 3540 2228 molenttbus,

1946 2270 2004 2316 et
2038 2261 2106 2315 de
2152 2260 2577 2332 patrefamilias,
2624 2257 2715 2325 qui
2757 2270 2918 2309 servo
2962 2270 3062 2309 sun
3092 2252 3270 2308 credit
3296 2251 3552 2306 substan-

1949 2354 2103 2418 tiam,
2139 2352 2292 2407 etde
2333 2351 2525 2406 decem
2555 2349 2884 2418 virginibus,
2924 2348 3046 2401 ideo
3089 2345 3381 2413 parabolas
3425 2359 3550 2398 esse

1950 2446 2300 2514 praemissis,
2359 2453 2416 2498 ut
2470 2444 2600 2512 quia
2665 2443 2980 2512 ignoramus
3034 2437 3060 2474 ἀ
3115 2453 3308 2491 omnes
3351 2435 3552 2505 judicii

1947 2539 2114 2600 divin,
2170 2537 2408 2590 sollicite
2443 2535 2596 2591 nobis
2626 2535 2811 2588 lumen
2837 2533 3112 2586 bonorum
3142 2545 3371 2598 cperunt
3404 2542 3546 2598 pra:-

1948 2643 2222 2697 paremus,
2257 2643 2347 2693 ne,
2378 2625 2506 2679 dttttt
2547 2627 2881 2693 ignoramus,
2910 2621 3082 2692 judex
3108 2620 3314 2675 veniat.

2019 2720 2201 2788 (νει-ρ.
2239 2717 2324 2785 14,
2361 2719 2473 2786 15.)
2514 2718 2661 2772 Sicut
2705 2717 2843 2770 enim
2871 2716 3022 2768 homo
3065 2728 3275 2782 peregre
3305 2711 3546 2784 proﬁcis-

1947 2827 2086 2876 cens,
2109 2810 2306 2863 vocavit
2326 2825 2494 2862 servos
2516 2825 2656 2875 suos,
2695 2817 2742 2862 et
2769 2806 2985 2861 tradidit
3012 2803 3120 2860 illis
3149 2806 3284 2858 bona
3308 2819 3426 2859 sua.
3468 2801 3542 2857 Et

1945 2901 2035 2954 uni
2065 2901 2204 2953 dedit
2239 2901 2467 2969 quinque
2513 2898 2731 2961 talenta,
2775 2896 2870 2951 alii
2892 2910 3062 2950 autent
3107 2895 3229 2960 duo,
3275 2895 3368 2949 alii
3417 2910 3537 2949 vero

1946 3008 2128 3055 unum,
2162 2991 2441 3054 unicuique
2460 2990 2741 3043 secundum
2770 2992 3031 3058 propriam
3065 2992 3324 3052 virtutem,
3350 2996 3400 3041 et
3421 3003 3542 3056 pro-

1947 3085 2110 3154 fectus
2133 3092 2205 3136 est
2232 3083 2429 3136 statim.
2465 3081 2637 3135 llutno
2666 3081 2769 3136 iste
2815 3080 3227 3150 paterfamilias,
3258 3079 3399 3134 ltattd
3445 3079 3547 3134 du-

238 3175 338 3244 16)
379 3191 394 3227 :
427 3175 511 3228 sic
541 3173 892 3229 formidolosa
933 3177 1040 3230 erit
1083 3178 1172 3230 illa
1204 3178 1343 3242 dies,
1377 3194 1497 3231 cum
1549 3178 1831 3246 unuSquis-
1868 3177 1912 3238 C
1946 3177 2092 3230 bium
2123 3176 2254 3244 quin
2285 3172 2534 3228 Christus
2575 3175 2664 3240 sit,
2697 3174 2790 3243 qui
2837 3174 2902 3225 ad
2948 3173 3162 3226 Patrem
3197 3183 3316 3238 post
3359 3185 3545 3226 resur-

236 3285 352 3338 que
387 3284 488 3335 pro
520 3269 818 3339 semetipso
844 3269 1117 3324 sollicitus
1146 3271 1270 3324 erit.

318 3359 398 3412 Ite
436 3361 611 3430 potius
646 3361 715 3413 ad
753 3362 1044 3426 uendentes,
1085 3373 1132 3416 et
1169 3363 1319 3415 emite
1363 3362 1522 3415 vobis.
1581 3361 1842 3417 Venditur

241 3455 350 3506 lmc
376 3453 580 3515 nlentn,
611 3461 668 3507 et
697 3454 869 3506 multo
893 3455 1093 3507 emitur
1122 3455 1321 3521 pretio,
1363 3469 1425 3508 ac
1450 3453 1660 3507 difficili
1693 3455 1841 3507 labo-

239 3561 307 3597 re
355 3543 741 3612 conquiritur,
794 3545 938 3613 quod
994 3546 1047 3598 in
1097 3546 1465 3616 eleentosynis
1524 3546 1842 3615 cunctisque

243 3637 547 3692 virtutibus
575 3647 630 3690 et
652 3637 900 3692 consiliis
932 3640 1282 3708 intelligimus
1312 3641 1712 3708 magiSIrorum.

320 3726 506 3796 (Vers.
542 3727 658 3798 l0.)
699 3725 841 3781 Dum
866 3739 1040 3784 autem
1065 3730 1195 3784 irent
1218 3746 1400 3788 emere.
1432 3731 1565 3782 venit
1596 3747 1838 3797 sponsus.

242 3821 388 3875 Dant
429 3819 651 3887 quidem
691 3822 850 3888 quasi
883 3822 1181 3889 prudentes
1209 3821 1521 3885 constlium,
1559 3823 1700 3888 quod
1733 3838 1840 3876 non

236 3917 478 3972 debeant
509 3918 630 3972 sine
671 3919 798 3973 oleo
841 3921 1222 3990 lampadarum
1251 3935 1457 3989 sponso
1499 3936 1790 3976 occurrere
1824 3940 1838 3976 :

237 4037 434 4074 verum
465 4021 589 4090 quia
633 4022 746 4090 jam
779 4022 995 4077 emendi
1029 4033 1240 4092 tempus
1281 4033 1618 4088 excesserat,
1664 4036 1717 4078 et
1747 4025 1842 4078 ad-

241 4126 498 4176 \ctttellle
545 4123 737 4190 judicii
791 4124 902 4189 die,
974 4125 1122 4179 locus
1172 4142 1279 4179 non
1321 4137 1439 4180 erat
1474 4127 1839 4195 paenitentiae,

245 4223 527 4277 l’salmista
556 4225 808 4280 dicente:
845 4224 902 4278 In
930 4226 1134 4294 inferno
1177 4235 1346 4279 autent
1373 4228 1487 4298 quis
1515 4229 1843 4299 conﬁtebitur

241 4315 337 4365 tibi
383 4313 560 4379 (Psal.
606 4331 698 4379 vt,
749 4315 860 4385 6)?
927 4333 1038 4370 non
1091 4333 1226 4369 nova
1283 4333 1448 4386 opera
1501 4329 1523 4357 ε
1585 4330 1838 4387 patrare,

238 4417 339 4472 sed
374 4418 777 4485 praeteritorum
801 4428 1073 4487 coguntur
1104 4420 1369 4474 rationein
1399 4422 1705 4476 exsolvere.

322 4508 386 4562 Et
402 4525 522 4579 qua:
542 4525 746 4578 parata:
765 4521 935 4566 erant.
953 4513 1274 4563 intraverunt
1291 4529 1407 4564 cum
1428 4530 1486 4566 eo
1512 4516 1581 4566 ad
1609 4517 1838 4584 nuptias,

241 4609 298 4654 et
340 4599 519 4652 clausa
561 4608 638 4654 est
665 4604 856 4672 janua.
891 4601 1020 4655 Post
1046 4602 1208 4672 205
1235 4602 1424 4670 judicii
1454 4604 1624 4669 diem,
1674 4603 1922 4660 bono-1)

247 4707 374 4747 rum
403 4706 654 4773 operum,
684 4702 737 4746 et
761 4693 985 4760 justitia:
1004 4693 1218 4748 occasio
1247 4709 1354 4747 non
1383 4694 1707 4765 relinquitur
1727 4696 1838 4769 [ΑΙ.

247 4790 637 4863 retinquetnr].

319 4886 504 4955 (Vers.
541 4888 658 4959 11.)
701 4885 988 4942 Novissime
1011 4905 1129 4944 vero
1150 4890 1360 4943 veniunt
1397 4899 1446 4943 et
1482 4889 1696 4962 reliqua:
1743 4893 1845 4946 vir-

240 4988 421 5057 gines,
453 4987 682 5042 dtcentes
712 5005 731 5041 :
763 4987 998 5052 Domine,
1029 4989 1260 5050 domine,
1284 4991 1431 5058 aperi
1473 4991 1636 5046 nobis.
1673 4991 1846 5060 Egre-

240 5077 334 5149 gia
359 5079 580 5149 quidem
612 5078 669 5134 in
700 5080 915 5135 Domini
946 5080 1316 5151 appellatione
1344 5080 1642 5150 confessio,
1670 5083 1844 5138 ident-

321 5335 347 5364 ιι
389 5326 608 5394 Aliquot
659 5340 831 5387 mss.,
887 5325 955 5381 Ut
996 5336 1267 5394 postquam
1311 5339 1332 5378 :
1380 5337 1616 5394 moxque
1664 5323 1832 5390 adeo,

239 5407 402 5466 agant
431 5392 593 5450 diem.
627 5397 731 5450 Alii
769 5412 891 5449 cum
938 5392 1144 5462 pridem
1179 5395 1428 5457 vulgatis,
1478 5392 1665 5466 festum
1704 5413 1836 5449 cnn-

237 5465 338 5520 ctis
388 5468 661 5536 agentibus
720 5466 879 5520 diem.
941 5468 1187 5520 Victurio
1239 5467 1532 5520 emendare
1583 5465 1834 5534 placuit,

235 5543 424 5610 festum
453 5547 675 5610 cunctos
704 5553 857 5610 agere
886 5538 1045 5590 diem.

313 5610 338 5649 δ
381 5608 656 5663 Βιιεοι·ἰ1ιίι
698 5609 897 5661 Victor.
934 5623 997 5659 ex
1043 5609 1219 5660 tribus
1265 5606 1601 5661 Florentinis
1641 5606 1840 5658 (milici-

239 5683 364 5744 latis,
395 5679 603 5748 jnttctin
654 5680 817 5729 etiam
856 5678 1126 5730 Rrixianis
1153 5680 1374 5740 aliquot,
1410 5690 1461 5729 ιε’
1499 5674 1695 5748 alerent
1722 5693 1740 5738 ;
1765 5681 1843 5733 sic

249 5746 420 5821 enini,
457 5755 556 5815 ait,
610 5749 676 5804 ad
713 5762 961 5804 naturam
992 5750 1121 5814 olei,
1171 5766 1278 5818 quo
1309 5752 1486 5802 lumen
1519 5746 1704 5813 a‘ilnr,
1737 5766 1851 5806 tun-

1945 3270 2244 3324 rectionem
2277 3267 2450 3319 victor
2477 3267 2779 3319 ascendens
2803 3305 2819 3326 ,
2845 3264 3056 3316 vocatis
3105 3261 3404 3331 apostolis,
3449 3260 3549 3314 do-

1943 3364 2174 3418 etrinatn
2222 3359 2590 3428 evangelicum
2635 3357 2888 3415 tradidit.
2923 3371 3030 3408 non
3082 3371 3178 3422 pro
3201 3354 3458 3420 largitate
3483 3360 3545 3408 ot

1946 3457 2215 3525 parcitate
2264 3453 2422 3506 alteri
2457 3452 2600 3520 plus,
2634 3461 2690 3506 ct
2734 3449 2892 3503 alteri
2927 3447 3106 3501 minus
3140 3446 3412 3509 tribuens,
3443 3446 3542 3500 sed

1947 3564 2042 3615 pro
2091 3545 2479 3610 accipientium
2530 3544 2738 3596 viribus
2773 3538 3091 3611 :quotnodo
3134 3548 3187 3592 et
3236 3537 3542 3608 Apostolus

1943 3655 2040 3696 eos
2088 3639 2179 3708 qui
2225 3638 2460 3692 solidum
2509 3636 2692 3690 cibum
2730 3649 2929 3700 capere
2968 3648 3075 3686 non
3103 3639 3376 3700 poterant,
3404 3631 3548 3686 lacte

1947 3742 2163 3799 potasse
2207 3745 2268 3784 se
2312 3728 2444 3781 ducit
2478 3726 2518 3791 (Ι
2550 3724 2672 3780 Cor.
2716 3725 2820 3794 tv).
2864 3722 3110 3793 Denique
3153 3731 3208 3775 et
3264 3719 3418 3774 illum
3451 3718 3549 3790 qui

1944 3823 2013 3877 de
2042 3825 2285 3892 quinque
2317 3821 2561 3881 talentis,
2607 3819 2799 3872 decem
2836 3819 3064 3880 fecerat,
3094 3824 3150 3869 et
3180 3812 3276 3883 qui
3305 3813 3376 3868 de
3405 3812 3547 3867 duo-

1947 3924 2045 3978 bus
2077 3933 2336 3993 quatuor,
2387 3920 2553 3975 simili
2599 3918 2804 3987 recepit
2852 3915 3090 3985 gandio;
3133 3930 3241 3968 non
3286 3912 3548 3968 conside-

1946 4039 2072 4076 rans
2118 4023 2250 4076 lttcri
2305 4019 2756 4089 magnitudinem,
2812 4015 2910 4070 sed
2960 4015 3130 4070 studii
3181 4013 3545 4069 voluntatem.

1945 4124 2108 4196 206
2154 4122 2213 4176 ltt
2262 4123 2526 4192 quinque,
2575 4128 2631 4173 et
2680 4117 2916 4182 duobus,
2967 4123 3024 4170 et
3056 4128 3166 4168 uno
3197 4113 3424 4179 talento,
3452 4111 3543 4169 vel

1946 4225 2191 4279 diversas
2234 4224 2440 4291 gratias
2478 4219 2890 4288 intelligamus,
2924 4233 3048 4288 qua:
3097 4215 3392 4283 unicuique
3441 4225 3554 4272 tra-

1945 4318 2075 4371 dita:
2124 4325 2268 4369 sunt.
2321 4314 2415 4368 Vel
2467 4314 2515 4365 in
2567 4311 2777 4382 primo,
2813 4326 3007 4364 ontnes
3039 4322 3238 4363 sensus
3267 4308 3552 4362 examina-

1946 4428 2033 4471 tos
2090 4435 2102 4470 :
2159 4417 2214 4470 In
2275 4413 2560 4478 st'cundo,
2617 4411 3038 4476 intelligentiam
3097 4419 3151 4463 et
3209 4423 3372 4477 opera
3419 4424 3432 4460 :
3489 4405 3550 4463 In

1949 4511 2131 4572 tertio,
2178 4511 2464 4572 rationem,
2488 4510 2591 4575 qua
2637 4505 2888 4560 homines
2919 4521 2949 4558 a
2979 4504 3173 4558 be5tiis
3202 4517 3550 4571 separamur.

2021 4601 2204 4671 (Vers.
2235 4601 2349 4668 16.)
2388 4600 2524 4652 Abiit
2569 4607 2745 4651 autem
2788 4598 2879 4668 qui
2926 4600 3150 4665 quinque
3179 4596 3376 4648 talenta
3401 4609 3552 4648 acce-

1951 4704 2114 4766 perat,
2147 4705 2194 4747 et
2225 4703 2462 4763 operatus
2489 4699 2567 4746 est
2593 4693 2645 4745 in
2672 4696 2743 4746 eis
2770 4707 2788 4756 ;
2812 4700 2859 4743 et
2909 4690 3141 4743 lucratus
3168 4697 3243 4740 est
3273 4687 3379 4739 alia
3401 4685 3554 4754 quin-

1948 4813 2066 4867 que.
2102 4792 2358 4863 Acceptis
2386 4791 2618 4846 terrenis
2661 4788 2917 4843 sensibus
2966 4787 3270 4842 caalestium
3311 4784 3412 4837 sibi
3445 4798 3548 4837 tto-

1952 4888 2126 4943 titiam
2161 4885 2456 4953 duplictht
2489 4899 2504 4935 :
2536 4897 2604 4934 ex
2639 4880 2910 4934 creaturis
2961 4876 3277 4940 intelligens
3319 4871 3548 4925 Creato-

1956 5006 2104 5046 rem:
2133 5005 2199 5042 ex
2229 4984 2632 5056 corporalibus,
2669 4976 3035 5047 incorporalia
3071 4993 3083 5028 :
3115 4990 3181 5027 ex
3213 4970 3550 5042 visibilibus,

1953 5083 2250 5140 invisibilia
2281 5098 2296 5135 :
2325 5096 2392 5136 ex
2421 5076 2706 5146 brevibus,
2737 5082 2971 5130 aeterna.

1947 5327 2029 5396 gis
2059 5325 2340 5379 alludilur.

2023 5409 2046 5437 ο
2087 5397 2431 5452 Martianznus
2460 5391 2696 5460 legebat,
2729 5402 2862 5441 nova
2903 5397 3067 5449 opera
3096 5389 3303 5460 Ραηπέο
3333 5377 3556 5460 “Et?

2461 5441 2740 5514 fictili-ins
2785 5441 2999 5524 quoque
3029 5441 3155 5502 ante
3193 5459 3296 5500 nos
3323 5483 3337 5504 ,
3386 5441 3550 5496 codd.

1952 5556 2083 5594 Illas.
2109 5538 2392 5598 sttlTrngin,
2429 5544 2638 5600 patrare
2661 5531 3037 5589 l‘t‘SCt'ip~t't‘:tl.

2025 5582 2404 5660 Ioiii'tes
2430 5582 2649 5669 il‘titlnttt
2685 5613 2812 5648 tit-'5.
2839 5582 2906 5645 ’τιν
2942 5601 2970 5643 Ι)
2997 5594 3172 5643 ἰηίιεεδ
3208 5582 3461 5658 Ρτωῖθτω
3485 5589 3552 5648 ιδ

1953 5682 2065 5747 alii,
2094 5681 2349 5741 Ιιοηιῗηεδ,
2378 5667 2678 5734 dumtaxat.
2711 5670 2799 5723 Sic
2828 5667 3039 5722 iiildbi).
