4044 6340
475 222 581 283 187

1728 213 1789 271 8.
1830 211 2106 270 EUSEBII
2144 213 2532 273 HIERONYMI

3675 221 3796 279 188

545 326 735 406 (Vere.
770 331 886 403 17.)
926 321 1180 390 Similiter
1221 318 1310 402 qui
1352 328 1457 383 dub
1502 330 1801 397 acceperat,
1836 312 2069 382 lucratus
2092 327 2149 390 Α
2173 328 2261 384 lite
2307 331 2480 404 itaque
2519 331 2583 386 ab
2622 342 2681 388 eo
2709 330 2985 405 talentum,
3017 340 3064 391 et
3093 330 3280 392 daleei
3302 335 3390 408 qui
3421 335 3573 391 habet
3603 332 3798 393 deceris

473 433 548 482 est
576 426 687 480 alia
729 425 855 479 duo.
895 425 963 480 Et
993 426 1096 479 iste
1144 438 1246 493 pro
1270 422 1485 476 viribus
1521 419 1783 491 quidquid
1828 419 1880 473 in
1929 420 2074 490 Lege

481 514 778 582 didicerat,
825 514 881 568 in
912 513 1208 583 Evangelia
1251 511 1594 581 duplicavit:
1626 510 1739 565 sive
1782 510 2073 565 scientiam

478 616 537 666 et
556 621 726 678 Opera
771 605 1062 676 presentis
1102 605 1253 671 vitae,
1286 604 1483 659 latura:
1514 600 1876 659 beatitudinis
1912 611 2075 674 typos

480 699 771 756 intellexit.

549 792 732 863 (Vere.
761 787 878 860 18.)
919 788 1024 856 Qui
1045 795 1218 843 autem
1243 804 1407 843 unum
1431 795 1720 860 acceperat,
1770 786 1948 840 abiens
1993 785 2078 855 fo-

478 884 555 940 dit
576 884 635 937 in
677 890 888 948 terram,
920 888 968 935 et
995 880 1266 935 abscondit
1298 880 1573 949 pecuniam
1611 877 1809 932 domini
1833 878 1939 933 sui.
1970 875 2074 931 Ne-

480 990 643 1048 quam
668 988 863 1030 servus
892 974 1129 1028 terrenis
1157 972 1418 1042 operibus
1447 982 1503 1026 et
1545 971 1733 1026 διελευιί
1774 969 2073 1038 voluptate,

485 1068 579 1127 Dei
607 1074 880 1138 precepts
912 1066 1155 1136 neglexit
1174 1076 1230 1122 et
1260 1066 1467 1137 polluit
1500 1083 1515 1118 :
1540 1076 1867 1135 quamquam
1895 1063 1947 1117 in
1968 1063 2078 1117 alio

482 1162 814 1232 evangelista
858 1161 1129 1231 scriptum
1162 1163 1259 1229 sit,
1306 1159 1452 1231 quod
1484 1160 1541 1213 in
1574 1159 1792 1213 sudario
1831 1157 2078 1227 iigaverit

486 1252 641 1327 (Luc.
670 1251 806 1325 xtx),
832 1252 884 1307 id
916 1261 1025 1320 est,
1059 1252 1368 1307 doctrinam
1399 1250 1813 1321 patrisfamilias
1842 1248 2081 1304 molliter

484 1353 543 1401 et
571 1344 811 1399 delicate
839 1342 1080 1398 vivendo
1108 1342 1410 1397 enervarit.

558 1438 741 1510 (Vers.
776 1438 867 1502 i9,
893 1437 1008 1509 ΞΟ.)
1048 1436 1178 1492 Post
1224 1436 1444 1491 multum
1489 1451 1607 1491 vero
1658 1434 1900 1506 temporis
1947 1434 2082 1488 venit

489 1532 735 1586 dominus
764 1545 1028 1583 seruorum
1080 1530 1294 1583 illorum
1318 1564 1336 1597 ,
1383 1537 1431 1582 et
1471 1528 1641 1600 posuit
1677 1529 1930 1581 rationem
1966 1542 2084 1579 cum

491 1624 588 1678 eis.
616 1621 688 1677 Et
712 1622 967 1675 accedens
991 1620 1082 1691 qui
1112 1621 1334 1689 quinque
1364 1618 1560 1674 talents
1586 1627 1872 1687 acceperat,
1899 1617 2087 1672 obtulit

2176 424 2385 479 talenta.
2418 425 2573 493 Quod
2594 434 2877 497 potaverat
2905 444 2965 485 se
2995 446 3093 500 pro
3146 429 3507 486 excusatione
3546 428 3789 499 dixisse,

2175 514 2229 570 in
2277 517 2493 585 culpam
2541 520 2819 589 propriam
2864 522 3116 578 vertitur.
3161 522 3367 579 Servus
3396 529 3577 578 autem
3606 522 3797 578 maius

2176 610 2510 679 appellatur:
2558 614 2685 684 quia
2733 615 3061 671 calumniam
3108 617 3330 672 domino
3380 616 3530 672 facit.
3586 614 3793 686 Piger,

2177 703 2298 772 quia
2323 704 2497 758 noluit
2520 705 2777 761 talentum
2800 708 3101 777 duplicare,
3131 717 3189 763 ut
3211 709 3264 763 in
3286 708 3461 763 altero
3483 706 3793 778 superbire,

2179 796 2234 851 in
2256 798 2428 851 altero
2449 799 2792 868 negligentiae
2815 800 3236 856 condemnetur.
3262 801 3342 865 Si,
3367 800 3562 870 inquit,
3585 794 3798 855 durum

2178 898 2235 944 et
2260 889 2537 945 crudelem
2564 904 2686 947 esse
2714 908 2801 947 me
2830 908 3084 964 noveras,
3117 901 3173 948 et
3200 894 3378 949 aliena
3407 892 3636 957 sectari,
3685 891 3803 947 ibi-

2180 996 2285 1051 que
2312 995 2519 1036 metere
2550 984 2638 1037 ubi
2670 999 2779 1038 non
2807 987 3063 1053 severim,
3098 1000 3269 1057 quare
3300 1002 3410 1040 non
3456 986 3552 1041 tibi
3596 985 3803 1040 istius-

2179 1073 2326 1127 modi
2374 1075 2639 1142 cogitatio
2686 1076 2914 1132 incussit
2960 1078 3235 1145 titnorem,
3260 1086 3319 1131 ttt
3348 1078 3521 1133 scires
3549 1093 3635 1132 me
3665 1088 3794 1132 mea

2181 1164 2492 1235 diligentius
2522 1169 2896 1237 qntcsiturutn,
2942 1181 2998 1226 et
3041 1168 3202 1227 dares
3246 1174 3530 1243 pecuniam
3579 1188 3790 1239 meam,

2181 1261 2297 1315 sive
2327 1269 2609 1331 argentum
2642 1264 3054 1319 nummulariis?
3088 1260 3388 1337 Utrumque
3433 1266 3577 1321 enim
3618 1268 3797 1344 ἀργύ-

2182 1375 2319 1431 ριον,
2350 1354 2572 1410 Grtecus
2600 1370 2783 1411 sermo
2814 1359 3101 1428 signinum.
3137 1354 3380 1429 Eloquia,
3416 1357 3625 1428 inquit,
3674 1352 3796 1409 Das

2182 1447 2309 1499 mini
2333 1448 2537 1517 eloquia
2565 1456 2729 1513 casta,
2763 1457 3032 1520 argenlunl
3060 1450 3177 1521 igne
3201 1448 3570 1513 examinatum,
3597 1442 3796 1519 proba-

2183 1546 2291 1590 tum
2336 1549 2508 1605 terrte,
2546 1550 2823 1611 purgatum
2849 1541 3142 1613 scptupluin
3168 1532 3300 1614 (Ps.
3336 1555 3406 1607 at,
3440 1540 3519 1613 7).
3550 1534 3795 1596 Pecunia

2186 1644 2317 1699 ergo
2336 1639 2389 1685 et
2412 1638 2721 1707 argentum,
2748 1631 3061 1703 prtcdicatio
3104 1628 3380 1703 Evangelii
3402 1641 3508 1701 est,
3533 1639 3589 1688 et
3607 1630 3798 1688 sermo

491 1717 845 1787 aliaquinque
876 1713 1094 1781 talenta,
1127 1715 1344 1769 dicens:
1379 1714 1620 1779 Domine,
1642 1714 1869 1783 quinque
1890 1712 2085 1766 talenta
2116 1721 2165 1781 B
2191 1721 2423 1788 divinus,
2456 1723 2547 1793 qui
2578 1723 2693 1777 dari
2726 1722 2915 1779 debuit
2963 1723 3341 1779 nummulariis
3371 1732 3425 1779 et
3470 1718 3795 1792 trapezilis,

492 1809 755 1865 tradidisti
793 1809 948 1876 mihi,
981 1823 1099 1862 ecce
1133 1808 1243 1861 alia
1270 1809 1499 1879 quinque
1530 1806 1921 1878 seperlucratus
1949 1821 2084 1859 sunt.

492 1904 713 1961 Grande
762 1911 979 1972 tempus
1025 1911 1113 1956 est
1154 1902 1300 1957 inter
1348 1901 1728 1956 ascensionem
1760 1898 2086 1964 Salvatoris,

490 2006 549 2054 et
581 1996 885 2052 secundum
910 1995 1030 2064 ejus
1058 1994 1374 2051 adventum.
1405 1995 1464 2051 Si
1484 2005 1667 2051 autem
1702 1993 1936 2061 apostoli
1965 1992 2091 2047 red-

494 2087 662 2143 ditari
687 2094 818 2141 sunt
843 2087 1142 2151 rationem,
1172 2095 1201 2123 ιι
1241 2096 1299 2141 et
1332 2086 1436 2141 sub
1470 2094 1621 2142 metu
1659 2085 1863 2156 iudicis
1903 2098 2090 2140 resurt

495 2179 724 2246 recturi,
754 2179 882 2247 quid
913 2195 1012 2233 nos
1041 2187 1261 2248 oportet
1282 2178 1504 2233 facere?

570 2274 756 2347 (Vere.
785 2270 1012 2343 Qi-Qﬁ.)
1053 2273 1138 2326 Ait
1163 2271 1243 2325 illi
1270 2272 1517 2325 dominus
1555 2274 1672 2343 ejus
1699 2286 1718 2325 :
1749 2269 1921 2341 Euge,
1949 2280 2094 2324 serue

496 2366 649 2433 bone,
677 2375 725 2419 et
755 2365 947 2434 ﬁdelis,
975 2364 1103 2435 quia
1139 2379 1297 2433 super
1329 2378 1498 2434 pauca
1544 2362 1689 2432 fuisti
1720 2360 1913 2431 ﬁdelis,
1937 2376 2095 2430 super

501 2459 667 2514 multa
713 2467 761 2511 te
811 2457 1126 2510 constituam
1154 2471 1172 2509 :
1199 2458 1339 2509 intra
1388 2456 1440 2509 in
1473 2455 1726 2527 gaudium
1764 2454 1961 2507 domini
1993 2455 2091 2508 tui.

501 2548 766 2604 Accedens
785 2555 958 2600 autem
989 2555 1039 2599 et
1061 2547 1151 2616 qui
1179 2546 1283 2599 duo
1310 2546 1507 2599 talenta
1527 2552 1816 2613 acceperat,
1849 2546 1922 2597 ait
1946 2560 1964 2598 :
1988 2543 2094 2599 Do-

504 2643 663 2710 mine,
694 2642 798 2695 duo
837 2639 1031 2695 talenta
1075 2640 1337 2693 tradidisti
1378 2639 1550 2693 mihi:
1585 2653 1704 2692 ecce
1737 2638 1845 2691 alia
1863 2636 1969 2690 duo
2011 2636 2097 2690 lu-

502 2746 676 2791 crutsts
697 2750 830 2789 sunt.
860 2735 945 2789 Ait
966 2733 1050 2787 illi
1071 2733 1314 2788 dominus
1338 2736 1451 2806 ejus
1483 2750 1503 2789 :
1530 2732 1698 2807 Euge,
1723 2748 1862 2787 serve
1889 2733 2018 2787 bone
2050 2742 2096 2786 et

506 2826 701 2899 fidelis,
722 2828 849 2897 quia
883 2838 1040 2896 super
1064 2838 1230 2894 pauca
1270 2828 1419 2898 fuisti
1446 2826 1618 2893 fidelis
1635 2868 1649 2891 ,
1677 2842 1831 2898 super
1857 2826 2021 2879 multa
2050 2833 2098 2878 te

506 2923 857 2976 constituam:
886 2922 1027 2973 intra
1069 2920 1124 2973 in
1173 2921 1420 2990 gaudium
1466 2920 1667 2973 domini
1717 2919 1811 2973 tut.
1863 2918 2097 2989 Utrique

504 3024 691 3079 servo,
724 3023 781 3067 ut
808 3012 1076 3082 anteiam
1124 3013 1259 3078 dixi,
1290 3020 1345 3067 et
1372 3014 1462 3083 qui
1492 3013 1561 3067 de
1586 3013 1827 3083 Quinque
1848 3012 2091 3077 talentis,

2192 1814 2246 1869 id
2277 1823 2381 1882 est,
2410 1817 2493 1869 vel
2520 1816 2733 1870 caeteris
2759 1814 3075 1870 doctoribus
3104 1815 3285 1885 (quod
3315 1814 3561 1869 fecerunt
3586 1823 3640 1870 et
3666 1829 3804 1886 apo-

2192 1908 2336 1970 stoli,
2362 1921 2458 1975 per
2480 1906 2725 1975 singulas
2755 1908 3061 1978 provincias
3095 1908 3465 1978 presbyteros,
3495 1910 3551 1960 et
3578 1905 3806 1975 episeo-

2193 2015 2291 2071 pos
2304 2000 2667 2069 ordinantes),
2694 2001 2779 2055 vel
2810 2001 3023 2055 cunetis
3046 1998 3421 2064 credentibus,
3448 1994 3539 2069 qui
3569 1996 3803 2067 possunl

2194 2092 2474 2161 pecuniam
2505 2091 2803 2160 duplicare,
2830 2094 2998 2164 208
3028 2099 3221 2146 etcum
3248 2090 3424 2146 usuris
3453 2088 3703 2156 reddere,
3735 2097 3797 2145 ut

2194 2184 2453 2255 quidquid
2486 2190 2740 2240 sermone
2765 2183 3089 2251 didicerant,
3126 2201 3294 2252 opere
3335 2185 3636 2253 exlilcrent.
3672 2182 3803 2239 Tol-

2194 2274 2323 2329 litur
2363 2280 2541 2329 autem
2587 2274 2870 2341 talentum,
2905 2282 2960 2329 et
2981 2272 3139 2328 datur
3170 2276 3216 2329 ci
3250 2276 3338 2343 qui
3370 2273 3555 2330 decem
3590 2275 3800 2330 talenta

2196 2367 2420 2433 fecerat,
2452 2376 2512 2421 ut
2553 2367 2944 2438 intelligamus,
2993 2368 3122 2422 licet
3168 2368 3224 2421 in
3276 2366 3561 2437 utriusque
3609 2367 3801 2424 labore

2196 2459 2404 2530 aequale
2448 2458 2518 2515 sit
2556 2457 2811 2529 gaudium
2862 2459 3098 2526 domini,
3155 2456 3257 2513 hoc
3304 2467 3423 2521 est.
3474 2468 3531 2513 et
3556 2461 3675 2527 ejus
3704 2460 3800 2529 qui

2196 2552 2435 2621 quinque
2474 2551 2529 2605 in
2556 2551 2745 2605 decem
2777 2550 3167 2621 duplicaverat,
3201 2559 3256 2605 et
3289 2549 3407 2618 ejus
3456 2550 3545 2620 qui
3585 2549 3694 2605 duo
3740 2550 3798 2606 in

2196 2652 2468 2713 quatuor:
2495 2649 2679 2697 tamen
2708 2644 2883 2709 majus
2910 2641 3101 2698 deberi
3127 2643 3406 2711 prartnium
3432 2639 3504 2707 ei,
3545 2641 3636 2711 qui
3678 2640 3801 2711 plus

2198 2736 2253 2790 in
2280 2734 2482 2790 domini
2507 2736 2730 2804 pecunia
2760 2733 3043 2790 laborarit.
3065 2734 3223 2790 Unde
3245 2734 3378 2790 dicit
3400 2741 3456 2790 et
3482 2730 3799 2803 Apostolus:

2200 2826 2532 2899 Presbyteros
2562 2827 2778 2891 honora,
2809 2828 2900 2898 qui
2927 2845 3039 2881 vere
3064 2827 3352 2899 presbyteti
3394 2837 3534 2894 sunt,
3575 2826 3802 2881 maxime

2199 2922 2287 2993 qui
2315 2920 2551 2975 laborant
2592 2922 2643 2975 in
2676 2921 2825 2975 verbo
2854 2919 2951 2974 Dei
2982 2920 3035 2989 (l
3064 2921 3200 2974 Tim.
3233 2938 3285 2987 v,
3316 2922 3424 2990 Π).
3459 2921 3536 2975 Ex
3563 2936 3631 2977 eo
3656 2908 3800 2992 quod

2202 3015 2378 3069 malus
2421 3026 2609 3068 servus
2652 3024 2814 3067 ausos
2847 3022 2931 3066 est
2958 3013 3143 3069 dicere
3170 3032 3181 3067 :
3210 3011 3365 3067 Metis
3395 3012 3479 3066 ubi
3508 3027 3611 3065 non
3642 3013 3800 3066 semi-

501 3105 698 3161 decetn
731 3103 972 3171 iecerat,
1018 3114 1076 3160 et
1123 3106 1215 3175 qui
1262 3104 1330 3161 de
1374 3105 1608 3174 duobus,
1661 3112 1921 3174 quatuor,
1953 3104 2093 3159 idem
2123 3100 2169 3164 C
2201 3106 2358 3171 nasti,
2405 3114 2454 3160 et
2501 3112 2776 3177 cattgrcgas
2824 3105 2912 3159 ubi
2958 3116 3060 3159 non
3102 3107 3337 3177 sparsisti
3366 3147 3380 3169 ,
3426 3104 3799 3175 intelligimus,

506 3196 915 3269 patrisfamilias
944 3210 1131 3252 sermo
1163 3196 1457 3253 blanditur.
1493 3197 1559 3251 Et
1604 3198 1906 3251 notandum
1954 3195 2099 3267 quod

502 3292 841 3361 omniaquae
887 3290 945 3346 in
988 3291 1244 3362 praesenti
1289 3290 1586 3353 habemus.
1620 3290 1784 3364 207
1817 3292 1945 3347 licet
1986 3296 2101 3346 mea

505 3388 612 3456 gris
632 3383 926 3438 videantur
952 3391 1009 3438 et
1041 3383 1281 3453 plurima
1306 3398 1321 3438 :
1353 3392 1532 3439 tamen
1562 3385 1974 3455 comparatione
2015 3383 2101 3439 fu-

508 3482 774 3539 turorum,
827 3486 996 3544 parve
1040 3482 1098 3529 et
1136 3488 1309 3545 pauca
1357 3484 1506 3529 sunt.
1564 3473 1735 3539 Intra,
1796 3476 1992 3545 inquit,
2046 3476 2101 3529 in

506 3566 763 3640 gaudium
786 3566 996 3623 domini
1022 3567 1099 3622 tui
1129 3609 1144 3632 ,
1172 3578 1229 3623 et
1270 3567 1490 3633 suscipe
1519 3574 1643 3635 «tua!
1683 3578 1787 3623 nec
1810 3568 2001 3622 oculos
2026 3568 2106 3621 vi-

507 3660 613 3730 dit,
660 3672 765 3715 nec
803 3659 955 3713 suris
982 3657 1215 3724 audivit,
1238 3668 1339 3714 nec
1373 3661 1427 3714 in
1454 3666 1549 3714 cor
1576 3658 1820 3714 hominis
1842 3659 2107 3716 ascende-

506 3759 633 3810 ﬁtnt
676 3752 720 3824 (1
758 3751 879 3807 Cor.
912 3751 993 3822 ιι).
1041 3751 1181 3820 Quid
1212 3756 1396 3807 autem
1436 3760 1619 3822 potest
1658 3753 1834 3823 inajus
1873 3754 1991 3810 dari
2042 3754 2104 3808 li-

508 3842 619 3899 dett
641 3854 826 3909 servo,
860 3850 1022 3910 quam
1066 3852 1191 3899 esse
1215 3852 1342 3898 cum
1370 3844 1626 3910 Domitio,
1657 3853 1711 3899 et
1739 3844 1936 3901 videre
1973 3860 2106 3916 gaiu-

508 3932 665 3988 diitm
698 3932 919 3986 Domini
953 3933 1076 3986 sui?

581 4024 776 4095 (Vere.
801 4024 897 4093 Ἃ,
929 4025 1051 4096 35.)
1070 4025 1329 4081 Accedens
1355 4038 1528 4082 autem
1558 4038 1605 4083 et
1629 4030 1717 4099 qui
1742 4047 1900 4083 unum
1941 4032 2110 4087 talen-'-

510 4130 619 4175 tunt
638 4128 930 4187 acceperat,
956 4120 1065 4175 ait:
1094 4118 1339 4188 Domine,
1368 4122 1476 4175 scio
1504 4122 1627 4194 quia
1654 4123 1804 4178 homo
1829 4124 1991 4179 durus
2019 4141 2072 4179 es
2089 4138 2110 4180 :

509 4212 660 4268 metis
681 4211 767 4265 ubi
788 4227 890 4266 non
918 4212 1203 4275 seminasli,
1230 4222 1279 4267 et
1308 4229 1588 4286 congregas
1613 4213 1698 4268 ubi
1719 4232 1824 4268 non
1846 4217 2109 4286 sparsisti:

508 4311 556 4361 et
584 4304 767 4357 timens
787 4302 918 4367 abii,
949 4312 995 4356 et
1024 4300 1272 4355 abscondi
1302 4304 1552 4358 talentum
1580 4314 1727 4359 tuum
1753 4305 1808 4359 in
1838 4312 1994 4359 terra.
2038 4305 2107 4361 Et

510 4412 625 4451 ecce
646 4394 801 4449 habes
830 4395 969 4465 quod
1000 4405 1146 4449 tuum
1175 4404 1268 4453 est.
1308 4394 1445 4451 Vere
1488 4396 1631 4466 quod
1675 4398 1936 4465 scriptum
1982 4408 2106 4453 est:

2202 3199 2362 3253 etiam
2384 3198 2664 3267 gentilium
2693 3204 2749 3253 et
2779 3197 3221 3266 philosophorum
3252 3197 3448 3252 bonam
3472 3197 3637 3252 vitam
3664 3199 3805 3254 reci-

2204 3305 2334 3360 pere
2363 3289 2673 3354 Dominum,
2705 3298 2757 3344 et
2783 3290 2941 3345 aliter
2964 3287 3168 3345 habere
3197 3304 3295 3344 eos
3319 3288 3409 3360 qui
3435 3288 3609 3360 juste,
3642 3290 3801 3345 aliter

2204 3381 2295 3450 qui
2327 3380 2525 3450 injuste
2558 3389 2741 3451 agant,
2769 3390 2823 3437 et
2850 3382 2915 3435 ad
2946 3382 3409 3451 comparationem
3435 3380 3553 3452 ejus
3578 3383 3670 3453 qni
3701 3399 3801 3437 na-

2207 3473 2365 3528 turali
2418 3472 2522 3543 legi
2567 3475 2807 3542 serviat,
2858 3475 3208 3531 condemnari
3249 3486 3345 3532 eos
3399 3476 3494 3545 qui
3541 3477 3803 3548 scriptam

2207 3564 2381 3637 legem
2414 3565 2711 3637 negligant.

2280 3659 2299 3729 (
2324 3658 2477 3714 Vcrs.
2504 3658 2622 3728 29.)
2659 3657 2814 3713 Uinni
2838 3661 2973 3715 enim
2994 3658 3202 3716 habenti
3232 3659 3457 3727 dabitur,
3482 3667 3532 3717 et
3574 3659 3812 3717 abunda-

2209 3750 2309 3804 bit:
2338 3752 2386 3805 ei
2411 3759 2581 3805 autem
2603 3750 2691 3819 qui
2720 3766 2823 3806 non
2853 3751 3021 3821 habet,
3066 3760 3113 3806 et
3159 3751 3299 3822 quod
3343 3752 3546 3807 videtur
3584 3750 3808 3823 habere,

2208 3845 2471 3912 auferetur
2497 3841 2561 3895 ab
2585 3856 2664 3895 eo.
2696 3841 2846 3897 Multi
2876 3857 2999 3898 cum
3026 3844 3302 3913 sapientes
3328 3843 3440 3898 sint
3465 3844 3808 3914 naturaliter,

2208 3942 2263 3989 et
2293 3933 2530 3988 habeant
2553 3948 2784 3990 acumen
2810 3934 3032 4005 ingenii,
3062 3936 3110 3990 si
3141 3935 3342 3991 fuerint
3374 3936 3731 4007 negligentes,
3753 3942 3814 3997 et

2208 4025 2413 4081 desidia
2445 4026 2643 4083 bonum
2672 4037 2880 4082 natura:
2906 4029 3273 4098 corruperint,
3319 4029 3385 4082 ad
3436 4027 3805 4097 comparatio-

2210 4134 2335 4175 nem
2382 4120 2499 4188 ejus
2523 4119 2613 4188 qui
2646 4119 2921 4187 pauiulum
2961 4120 3186 4187 tardior,
3219 4121 3409 4176 labore
3446 4132 3501 4176 et
3544 4121 3809 4178 industria

2210 4209 2581 4280 compensavit
2602 4209 2744 4279 quod
2774 4211 2952 4265 minus
2983 4210 3193 4278 habuit,
3227 4211 3459 4282 perdunt
3483 4211 3683 4267 bonum
3715 4227 3813 4267 ηας

2212 4311 2368 4367 tum,
2412 4308 2467 4356 et
2508 4302 2790 4369 praemium
2837 4301 2981 4371 quod
3031 4302 3111 4357 eis
3153 4301 3330 4357 fuerat
3377 4287 3807 4371 repromissum:

2211 4393 2397 4448 vident
2424 4393 2654 4448 transire
2680 4394 2744 4447 ad
2768 4393 2926 4448 alios.
2956 4394 3140 4449 Potest
3160 4404 3215 4449 et
3235 4394 3315 4450 sic
3341 4393 3566 4465 intelligi
3592 4410 3606 4449 :
3636 4395 3686 4449 ei
3713 4395 3808 4465 qui

512 4485 595 4541 Ad
638 4485 966 4541 excusandas
1014 4489 1362 4541 excusationes
1390 4488 1440 4541 in
1470 4490 1691 4558 pecratis
1718 4488 1847 4562 (Ps.
1871 4506 1993 4559 ch,
2023 4491 2105 4562 4),
2134 4488 2187 4548 D
2213 4494 2370 4550 iidem
2400 4495 2582 4562 habet,
2613 4503 2667 4548 et
2698 4492 2890 4548 bonam
2920 4494 2973 4548 in
3003 4495 3233 4549 Domino
3258 4495 3616 4560 voluntatem,
3645 4496 3811 4552 etiam

511 4578 679 4634 etiam
729 4576 856 4633 huic
899 4593 1057 4634 servo
1084 4581 1334 4650 contigit,
1369 4591 1427 4635 ut
1453 4582 1523 4636 ad
1552 4582 1820 4653 pigritiam
1848 4592 1904 4639 et
1929 4585 2108 4655 negli-

510 4670 784 4741 gentiam,
828 4671 1104 4739 superbize
1156 4687 1373 4744 quoque
1410 4674 1617 4730 crimen
1656 4676 1961 4733 accederet.
2004 4666 2106 4744 Qui

512 4763 660 4819 enim
709 4763 1032 4830 simpliciter
1071 4764 1259 4819 debttit
1289 4767 1540 4823 inertiam
1570 4768 1839 4833 confiteri,
1872 4780 1925 4823 et
1948 4785 2109 4825 orare

510 4855 993 4929 patremfamilias,
1039 4861 1348 4915 econtrario
1395 4861 1778 4929 calumniatur,
1812 4872 1867 4918 et
1893 4864 2025 4919 dicit
2052 4880 2110 4920 se.

509 4948 760 5019 prudenti
785 4947 976 5005 fecisse
995 4952 1243 5018 consilio,
1276 4968 1343 5007 ne
1369 4953 1498 5007 dum
1523 4952 1667 5009 lucra
1693 4954 1937 5024 pecuniae
1958 4970 2108 5025 qum-

505 5042 672 5110 rcret,
705 5043 868 5099 etiam
896 5043 967 5100 de
995 5057 1142 5100 sorte
1166 5046 1590 5115 periclitaretur.

586 5133 779 5208 (Vers.
810 5134 1030 5207 26-38.)
1081 5135 1417 5209 Respondeas
1461 5150 1634 5194 autem
1677 5140 1916 5196 dominus
1970 5144 2104 5215 ejus,

508 5226 642 5283 dixit
669 5228 716 5282 ei
736 5243 756 5283 :
778 5227 934 5283 Serve
957 5228 1091 5282 male
1114 5239 1160 5282 et
1179 5231 1345 5302 piger,
1373 5231 1567 5285 sciebas
1594 5233 1717 5302 quia
1748 5244 1879 5288 meto
1900 5235 1987 5289 ubi
2006 5252 2109 5290 non

510 5320 734 5386 semina,
780 5330 831 5374 et
874 5335 1130 5391 congrege
1160 5322 1246 5374 ubi
1276 5339 1376 5376 non
1400 5324 1572 5392 sparsi
1613 5340 1630 5376 :
1658 5327 1883 5395 oportuit
1910 5344 2033 5398 ergo
2065 5337 2113 5383 te

510 5411 824 5465 committere
868 5413 1143 5483 pecuniam
1201 5429 1315 5467 eam
1361 5417 1753 5485 nummulariis,
1812 5427 1860 5471 et
1906 5422 2111 5473 veniens

512 5519 625 5576 ego,
655 5505 958 5574 recepissem
990 5506 1163 5575 utique
1189 5506 1326 5577 quod
1353 5524 1519 5563 meum
1542 5518 1617 5564 est
1639 5526 1753 5563 cum
1775 5527 1954 5564 usura.
1983 5507 2111 5564 Tol-

2210 4596 2256 4650 si
2287 4597 2414 4666 quid
2446 4597 2624 4652 minus
2651 4596 2704 4652 in
2732 4611 2897 4667 opere
2930 4607 2987 4651 ut
3017 4597 3183 4653 homo
3214 4598 3488 4665 habuerit,
3521 4597 3740 4654 dabitur
3766 4604 3802 4655 il

2210 4696 2353 4751 bono
2376 4697 2579 4767 judice.
2608 4696 2714 4764 Qui
2742 4706 2929 4753 autem
2961 4697 3123 4753 iidem
3168 4712 3276 4753 non
3327 4697 3597 4762 habuerit,
3645 4697 3810 4754 etiam

2210 4809 2435 4857 caeteras
2458 4801 2683 4855 virtutes
2703 4815 2836 4871 quas
2853 4799 3139 4855 videbatur
3159 4798 3479 4854 naturaliter
3507 4797 3807 4870 possidere,

2213 4901 2421 4973 perdet.
2457 4901 2521 4955 Et
2547 4902 2823 4971 eleganter
2852 4900 3040 4969 etiam,
3073 4900 3213 4971 quod
3241 4900 3464 4965 videtur,
3496 4899 3691 4971 inquit,
3714 4899 3814 4955 Ita-

2216 5006 2329 5060 bere
2351 5007 2617 5074 auferetur
2643 5002 2707 5056 ab
2733 5019 2813 5058 eo.
2847 5001 3122 5071 Quidquid
3150 5000 3298 5057 enim
3323 5001 3440 5057 sine
3468 4996 3577 5057 ﬁde
3611 5000 3816 5059 Christi

2212 5116 2316 5176 est,
2352 5122 2459 5162 non
2489 5106 2537 5161 ei
2565 5104 2727 5159 debet
2754 5103 3007 5173 imputari
3038 5102 3129 5173 qui
3161 5102 3301 5158 male
3346 5116 3413 5158 eo
3457 5101 3660 5158 abusus
3704 5106 3808 5171 est,

2212 5208 2308 5265 sed
2339 5208 2417 5262 illi
2448 5206 2537 5277 qui
2567 5205 2707 5259 malo
2734 5204 2897 5259 etiam
2927 5218 3087 5257 servo
3119 5212 3324 5260 natura:
3355 5203 3558 5258 bonum
3601 5204 3810 5261 tribuit.

2290 5307 2483 5380 (Vers.
2518 5305 2636 5371 30.)
2674 5303 2736 5358 Et
2765 5302 3003 5357 inutilem
3029 5319 3227 5358 servum
3270 5303 3441 5376 cjicite
3484 5304 3540 5357 in
3584 5305 3814 5362 tenebras

2216 5407 2530 5464 exteriores:
2559 5402 2669 5459 illic
2695 5404 2789 5457 erit
2811 5404 2962 5472 fletus
2985 5412 3029 5456 et
3049 5403 3246 5457 stridor
3269 5401 3522 5455 dentium.
3554 5398 3818 5454 Dominlts

2216 5510 2403 5565 lumen
2445 5515 2561 5573 est;
2597 5506 2698 5581 qui
2734 5505 2801 5562 ab
2841 5520 2907 5562 eo
2937 5504 3083 5561 foras
3115 5505 3365 5571 mittitur,
3398 5499 3555 5559 caret
3572 5517 3707 5559 vero
3736 5502 3819 5557 lu-

590 5688 619 5716 ι
657 5678 835 5737 Penes
866 5680 1070 5738 Victor.
1112 5682 1297 5750 verba,
1327 5693 1373 5737 et
1393 5684 1485 5739 sub
1517 5694 1653 5739 metu
1674 5684 1877 5756 judicis
1900 5682 2269 5753 resurrecturi,
2300 5682 2699 5739 desiderantur.
