4044 6320
118 210 222 270 189

589 206 1254 269 COMMENTARIORUM
1293 206 1361 265 IN
1399 205 1852 268 EVANGELIUM
1892 208 2233 268 MATTHEI
2270 209 2403 267 LIB.
2444 210 2538 268 Π.
2580 211 2736 271 CAP.
2778 213 2976 272 XXVI.

3328 213 3452 273 ’190

126 322 293 382 mine.
319 323 473 393 Quid
508 324 588 381 sit
612 332 793 379 autem
824 322 984 380 ﬂetus
1010 332 1065 380 et
1093 323 1298 379 stridor
1346 323 1613 390 dentium,
1659 339 1750 381 su-
1776 327 1830 387 Α
1854 327 2020 399 210
2048 328 2283 395 Domine,
2310 329 2520 400 quando
2545 338 2593 384 te
2621 331 2839 385 vidimus
2878 332 3212 397 esurientem,
3254 339 3345 386 aut
3384 330 3455 387 si-

137 434 229 493 pra
256 418 528 474 diximus.

208 510 402 582 (Vers.
436 509 508 566 5i
541 506 690 581 seq.)
723 508 853 563 Cum
884 512 1053 562 autem
1079 508 1268 563 venerit
1318 505 1490 564 Filius
1528 508 1750 562 hominis

146 604 195 656 in
221 604 502 676 majestate
526 612 648 667 sua,
677 609 726 656 et
750 600 1114 672 omnesangeli
1141 616 1256 655 cum
1283 616 1343 656 eo
1368 616 1386 656 :
1410 606 1533 655 tunc
1553 598 1752 655 sedebit

147 713 293 766 super
312 697 490 752 sedem
512 695 801 769 majestatis
819 710 947 762 sure,
973 702 1019 749 et
1036 696 1481 768 congregabantur
1496 704 1615 749 ante
1633 694 1753 749 eum

150 802 315 843 omna
339 794 543 861 gentes;
570 796 616 840 et
639 785 902 855 separabit
930 802 1014 840 eos
1035 785 1096 838 ab
1121 787 1358 852 invicem,
1403 786 1535 839 sicut
1576 786 1754 858 pastor

147 888 377 953 segregat
407 890 524 933 obes
552 877 616 932 ab
637 878 819 932 Itwdis.
850 877 919 931 Et
942 884 1125 932 statuet
1151 892 1265 931 oves
1294 868 1456 951 209
1479 876 1692 948 quidem
1721 893 1755 932 a

151 973 342 1026 dextris
367 972 500 1037 suis,
545 970 722 1024 btedos
748 976 921 1022 autem
957 985 989 1021 a
1017 969 1262 1025 sinistris.
1307 968 1456 1024 Tunc
1496 970 1627 1023 dicet
1665 984 1755 1025 rex.

150 1064 225 1118 his
253 1064 340 1135 qui
367 1076 399 1116 a
428 1064 627 1117 dextris
656 1064 768 1135 ejus
796 1071 967 1115 erant.
994 1046 1123 1115 i’ost
1151 1062 1373 1116 biduum
1407 1050 1616 1116 Pascha
1643 1058 1754 1114 fac-

152 1166 321 1218 turus.
354 1165 411 1211 et
437 1152 738 1209 tradendus
766 1152 936 1218 cruci,
970 1162 1027 1208 et
1056 1150 1367 1209 illudendus
1409 1152 1476 1207 ab
1520 1150 1756 1205 homini-

153 1248 285 1312 bus;
315 1256 371 1302 et
397 1256 553 1302 aceto
583 1259 644 1301 ac
673 1244 799 1299 felle
830 1243 1117 1314 putandus,
1147 1252 1295 1299 recte
1319 1242 1601 1315 prmitiittit
1640 1241 1756 1311 glo-

152 1342 286 1394 riam
330 1337 745 1406 triumphantis,
796 1342 856 1390 dt
894 1344 1145 1390 secutura
1174 1334 1452 1401 scandala,
1490 1332 1758 1404 pollicita-

153 1432 315 1487 tionis
359 1432 586 1501 prazmiu
632 1438 1035 1500 compcnsaret.
1069 1430 1134 1484 Et
1162 1429 1463 1484 notandum
1493 1427 1635 1497 quod
1663 1426 1754 1498 qui

151 1526 205 1580 in
235 1526 522 1595 majestate
545 1521 853 1578 cernendus
868 1532 970 1589 est,
995 1521 1167 1577 Filius
1190 1522 1431 1576 hominis
1452 1520 1541 1575 sit.
1570 1519 1757 1588 Quods

152 1634 256 1687 que
275 1616 555 1687 sequitur:
592 1617 798 1672 δείπνει
822 1629 937 1670 oves
957 1615 1167 1686 quidem
1196 1632 1227 1669 a
1250 1615 1443 1669 dextris
1478 1614 1610 1679 suis,
1644 1610 1746 1667 Ιιιε-

1856 416 2081 487 rientem,
2129 431 2217 474 aut
2259 414 2533 491 hospitem,
2577 431 2669 478 aut
2694 425 2910 492 nudum,
2939 437 3029 481 aut
3050 428 3335 496 infirmum,
3362 435 3452 480 aut

1854 509 1907 563 in
1933 527 2156 576 carcere,
2187 521 2235 565 et
2260 530 2363 567 non
2386 514 2785 571 ministravimus
2812 518 2942 571 tibi?
2963 517 3111 571 Tunc
3131 517 3454 589 respondebit

1854 600 1984 670 illis,
2017 604 2229 659 dicens:
2270 603 2429 660 Amen
2468 606 2585 671 dico
2624 609 2795 674 vobis,
2838 609 3085 680 quamdiu
3114 625 3219 663 non
3262 610 3456 680 fecistis

1857 697 1947 751 uni
1975 696 2039 751 de
2066 697 2350 753 minoribus
2381 700 2483 765 Itis,
2514 716 2605 754 nec
2631 701 2757 755 mihi
2786 702 3001 772 fecistis.
3050 702 3245 760 Libera
3294 704 3454 760 nobis

1857 796 1974 844 erat
1996 789 2371 860 intelligentia,
2394 790 2534 861 quod
2560 790 2613 846 in
2634 795 2781 847 omni
2806 808 3039 864 paupere
3061 793 3311 850 Christus
3331 811 3457 850 esu-

1857 882 2005 939 riens
2034 892 2364 953 pasceretur,
2396 881 2587 939 sitiens
2635 894 2941 954 putaretur,
2988 885 3184 956 hospes
3232 885 3454 942 induce—

1857 980 2006 1030 retur
2036 975 2087 1029 in
2118 986 2337 1041 tcctmn,
2370 975 2546 1029 nudus
2571 978 2896 1044 vestiretur,
2928 977 3177 1033 inﬁrmus
3205 977 3456 1036 visitare-

1858 1070 1973 1137 tur,
2004 1062 2222 1123 clausus
2250 1082 2471 1122 carcere
2500 1068 2729 1123 haberet
2774 1069 3029 1123 solatium
3070 1069 3451 1142 colloquentis.

1859 1160 1962 1217 Sed
1995 1166 2064 1216 es
2099 1150 2200 1216 huc
2230 1160 2371 1230 quod
2402 1162 2683 1230 sequitur:
2719 1161 2980 1228 Quamdiu
3010 1163 3203 1234 fecistis
3250 1152 3343 1217 uni
3388 1163 3456 1218 de

1858 1252 1938 1308 Itis
1964 1254 2211 1325 fratribus
2242 1256 2363 1307 meis
2389 1247 2638 1321 minimis,
2668 1254 2796 1306 mihi
2821 1255 3034 1325 fecistis,
3069 1269 3175 1309 non
3215 1253 3344 1309 mihi
3373 1255 3457 1309 vi-

1857 1345 2013 1402 detur
2063 1330 2262 1400 dixisse
2305 1346 2635 1416 generaliter
2678 1346 2745 1400 de
2776 1346 3126 1417 pauperibus,
3152 1345 3246 1401 sed
3273 1346 3341 1403 de
3371 1347 3456 1404 his

1858 1438 1947 1508 qui
1976 1452 2239 1508 pauperes
2264 1438 2457 1507 spiritu
2488 1446 2640 1505 sunt,
2670 1436 2736 1492 ad
2766 1454 2903 1509 quos
2939 1428 3185 1493 'tendens
3212 1455 3452 1507 manum,

1858 1524 2097 1586 dixerat:
2128 1518 2345 1583 Fratres
2376 1529 2475 1582 mei
2501 1539 2546 1583 et
2570 1539 2731 1584 mater
2752 1546 2865 1585 mea
2887 1530 2940 1583 hi
2963 1514 3104 1596 sunt,
3131 1532 3219 1600 qui
3255 1531 3455 1605 faciunt

1858 1623 2171 1703 voluntatem
2194 1620 2369 1677 Patris
2391 1622 2489 1674 mei
2510 1616 2706 1693 (Marc.
2728 1638 2807 1703 tu,
2830 1622 2919 1689 54,
2935 1623 3037 1689 55;
3058 1620 3183 1677 Luc.
3205 1638 3322 1688 vm,
3337 1622 3455 1693 ii);

154 1711 245 1765 das
270 1719 443 1763 autem
470 1708 767 1775 asinistris,
798 1706 950 1775 juxta
984 1705 1114 1761 illud
1148 1705 1408 1777 intellige,
1438 1704 1581 1777 quod
1621 1704 1749 1761 alibi
1778 1716 1828 1776 Β
1927 1698 2122 1781 (Vers.
2164 1702 2284 1782 46.)
2336 1712 2403 1766 Et
2449 1712 2591 1767 ibunt
2630 1714 2682 1766 hi
2728 1698 2782 1768 in
2823 1715 3132 1786 supplicium
3179 1710 3455 1783 (sternam,

152 1800 319 1872 legis:
352 1800 455 1855 Cor
482 1798 733 1869 sapientis
762 1794 816 1852 in
842 1798 1025 1852 dextra
1054 1799 1189 1868 ejus,
1220 1808 1267 1852 et
1285 1814 1374 1853 cor
1393 1798 1535 1853 stulti
1557 1799 1609 1851 in
1626 1799 1751 1852 sini-

152 1902 257 1945 stra
278 1890 425 1944 illius
446 1889 627 1962 (Eccl.
656 1904 712 1953 ι,
742 1890 825 1959 2).
856 1888 923 1942 Et
952 1904 1115 1957 supra
1147 1890 1200 1943 in
1234 1890 1337 1943 hoc
1358 1888 1550 1945 eodem
1577 1882 1751 1945 Evan-

151 1983 325 2052 gelia:
378 1980 597 2036 Nesciat
640 1981 853 2035 sinistra
898 1989 989 2033 tua
1034 1980 1162 2051 quid
1211 1980 1366 2052 faciat
1409 1982 1623 2036 dextera
1662 1991 1751 2035 tua

153 2074 365 2145 (Supra
388 2084 466 2138 vt,
498 2074 579 2145 5).
604 2072 751 2129 Oves
781 2073 834 2126 id
865 2080 1020 2142 parte
1049 2071 1316 2141 justorum
1362 2080 1509 2128 stare
1554 2072 1753 2142 juben-

152 2175 238 2223 tur
267 2166 336 2221 ad
364 2162 647 2222 dexteram
671 2183 684 2220 :
716 2162 879 2230 haedi,
908 2164 1011 2219 hoc
1041 2173 1146 2231 est,
1173 2172 1507 2235 peccatores,
1532 2164 1597 2219 ad
1621 2165 1752 2220 sini-

152 2267 337 2326 stram,
368 2259 457 2329 qui
482 2268 700 2327 semper
743 2272 840 2326 pro
882 2262 1113 2328 peccato
1160 2257 1459 2314 oﬂeruntur
1503 2256 1560 2313 in
1606 2256 1751 2330 Lege

154 2352 363 2425 (Exod.
392 2352 512 2423 an).
546 2349 656 2406 Nec
682 2351 834 2412 dixit.
871 2356 1087 2420 capras,
1117 2366 1241 2423 qua:
1273 2358 1496 2422 possunt
1548 2352 1751 2410 habere

150 2444 309 2512 fetus,
338 2454 395 2501 et
436 2452 609 2499 tonsae
638 2444 997 2514 egrediuntur
1024 2445 1095 2500 de
1126 2445 1376 2512 lavacro,
1418 2452 1608 2501 omnes
1651 2458 1752 2516 ge-

152 2538 326 2593 mellis
374 2537 599 2602 felibus,
642 2545 698 2591 et.
740 2537 943 2592 sterilis
981 2537 1125 2592 nulla
1159 2540 1299 2593 inter
1327 2539 1601 2611 eas(Can.
1637 2540 1745 2609 tv);

152 2629 242 2684 sed
271 2630 483 2694 hamos,
521 2630 783 2685 lascivum
811 2628 1011 2683 animal
1042 2640 1095 2685 et
1128 2631 1422 2701 petulcum,
1455 2636 1509 2687 et
1536 2634 1749 2689 fervens

150 2737 361 2792 semper
394 2720 462 2776 ad
491 2724 719 2777 coitum.

214 2817 417 2889 (Vera.
446 2819 513 2873 5i
540 2817 681 2889 seq.)
718 2817 918 2887 Venite,
952 2819 1204 2874 benedicti
1240 2814 1412 2875 Patris
1464 2825 1584 2891 mei,
1630 2841 1751 2896 pos-

147 2910 307 2964 sidcte
335 2918 577 2978 paratum
611 2909 752 2964 vobis
801 2926 1013 2983 regnum
1060 2930 1093 2966 a
1136 2916 1500 2971 constitutione
1546 2918 1748 2974 mundi.

149 3000 357 3058 Esarivi
382 3005 543 3069 enim,
571 3015 617 3059 et
645 3004 859 3059 dedistis
882 3005 1011 3060 mihi
1031 3007 1361 3063 manducare.
1393 3008 1568 3078 Sitivi,
1593 3018 1641 3065 et
1662 3011 1750 3065 de-

1846 1802 1982 1875 jnsli
2010 1812 2183 1856 autem
2203 1803 2254 1856 in
2278 1803 2433 1857 vitam
2456 1814 2720 1861 teternam.
2749 1796 2994 1861 Prudens
3019 1805 3210 1878 lector,
3235 1806 3455 1864 attende

1857 1903 1882 1929 τι
1911 1892 2053 1964 quod
2082 1903 2137 1949 et
2166 1888 2428 1963 supplicia
2461 1906 2664 1950 aeterna
2689 1896 2822 1962 sint,
2851 1906 2905 1951 et
2932 1897 3037 1951 vita
3062 1907 3321 1968 perpetua
3342 1913 3455 1954 me-

1858 1997 1968 2041 tum
2000 1985 2256 2056 deinceps
2291 1990 2398 2043 n'on
2430 1986 2625 2044 habeat
2656 1988 2960 2045 ruinarum.

1927 2076 2093 2152 (Cap.
2126 2068 2317 2133 XXVI.
2349 2107 2421 2119 --
2444 2065 2602 2134 Vers.
2641 2080 2665 2134 t
2698 2080 2840 2151 seq.)
2874 2080 2941 2135 Et
2976 2082 3173 2153 factum
3194 2092 3290 2149 est,
3335 2098 3454 2139 cum

1854 2180 2253 2224 consummasset
2278 2169 2429 2224 Iesus
2458 2188 2717 2226 sermones
2746 2173 2839 2227 Itos
2881 2190 3076 2241 omnes,
3119 2174 3251 2228 dixit
3295 2176 3457 2230 disci-

1854 2264 1991 2335 pulis
2025 2266 2165 2320 suis:
2196 2264 2355 2321 Scitis
2380 2267 2501 2336 quia
2526 2276 2637 2337 post
2669 2267 2884 2321 biduum
2911 2268 3106 2340 pascha
3131 2270 3251 2339 ﬁet:
3280 2278 3328 2324 et
3353 2267 3456 2325 Fi-
3515 2281 3524 2290 ‘

1855 2356 1958 2413 lius
1982 2357 2205 2413 hominis
2236 2360 2485 2426 tradetur,
2511 2369 2568 2414 ut
2591 2362 2944 2431 cruciﬁgatur.
2986 2361 3324 2417 Erubescant
3362 2362 3455 2432 qui

1854 2456 2044 2519 putant
2083 2451 2421 2507 Salvatorem
2476 2453 2719 2508 timuisse
2758 2463 3034 2520 mortem,
3080 2463 3136 2510 et
3186 2455 3456 2525 passionis

1854 2557 2057 2612 pavore
2086 2542 2323 2598 dixisse:
2356 2543 2535 2610 Pater,
2571 2543 2616 2597 si
2643 2545 2759 2616 fieri
2805 2554 2992 2618 potest.
3038 2554 3265 2602 transeat
3305 2566 3339 2603 a
3374 2566 3455 2605 ms

1852 2626 1991 2688 calix
2016 2637 2107 2689 iste
2140 2634 2303 2708 (Luc.
2331 2652 2463 2706 χιιι,
2495 2635 2610 2703 42).
2645 2636 2772 2691 Post
2801 2637 3024 2693 biduum
3057 2639 3256 2705 pascha
3284 2641 3454 2697 iactu-

1853 2741 1967 2794 rus,
2016 2724 2334 2781 tradendum
2384 2743 2445 2782 se
2487 2738 2544 2782 ut
2589 2728 2938 2798 cruciﬁgatur
2988 2731 3160 2798 novit,
3188 2741 3243 2786 et
3271 2741 3452 2791 tamen

1852 2832 1960 2871 non
2011 2812 2245 2872 declinat
2292 2818 2535 2883 insidias,
2585 2836 2689 2874 non
2724 2822 2953 2876 territus
2982 2822 3151 2893 fugit:
3183 2824 3453 2882 intanlum

1854 2915 1914 2962 ut
1940 2908 2125 2975 etiam,
2158 2910 2377 2964 caeteris
2406 2910 2487 2965 ire
2512 2910 2846 2978 nolentibus,
2880 2925 3077 2985 pergat
3106 2916 3410 2987 intrepidus
3432 2957 3451 2986 ,

1852 3000 2067 3069 quando
2095 2996 2228 3055 dicit
2271 3000 2552 3056 Thomas:
2592 3001 2789 3058 Eamus
2829 3015 2879 3060 et
2926 3022 3041 3074 nos,
3084 3017 3133 3064 et
3170 3011 3455 3065 moriantur

149 3095 290 3149 distis
316 3095 445 3150 mihi
469 3096 658 3152 bibere.
696 3096 897 3169 Hospes
928 3115 1089 3164 eram,
1123 3108 1170 3153 et
1197 3100 1473 3172 collrgistis
1501 3120 1596 3157 me.
1632 3103 1684 3157 Ν
1693 3122 1750 3157 u-

1857 3110 1969 3147 rum
1994 3111 2051 3148 eo
2082 3084 2270 3165 (Joan.
2298 3111 2376 3163 XI,
2425 3096 2540 3166 16).
2588 3096 2655 3151 Ει
2700 3098 2861 3154 linem
2906 3102 3115 3157 carnali
3168 3104 3452 3160 festivitati

151 3188 243 3243 dus
268 3232 285 3256 ,
330 3201 381 3244 et
418 3186 695 3259 aperuisiis
739 3204 839 3246 me.
881 3189 1160 3262 Inﬁrmus,
1206 3204 1252 3248 et
1284 3196 1524 3249 visitastis
1552 3214 1650 3253 me.
1682 3194 1748 3252 In

150 3298 351 3338 carcere
372 3298 536 3349 eram,
569 3278 618 3338 et
646 3286 852 3339 venistis
871 3286 942 3338 ad
966 3296 1062 3340 tne.
1103 3283 1245 3340 Tunc
1281 3287 1662 3358 respondebunt
1705 3284 1751 3343 ei

152 3375 292 3441 iusti,
325 3374 589 3429 dicentes:
620 3372 874 3445 Domine,
904 3376 1113 3448 quando
1160 3382 1209 3432 te
1255 3377 1478 3433 vidimus
1519 3380 1752 3435 esurien-

152 3473 267 3529 tem,
297 3474 346 3519 et
376 3466 607 3532 ponimus
636 3475 686 3519 te
704 3482 724 3518 :
749 3466 1024 3529 sitientem,
1050 3477 1099 3521 et
1126 3468 1362 3522 dedimus
1408 3469 1500 3523 tibi
1537 3464 1753 3541 potum?

155 3556 378 3623 Quando
419 3567 591 3610 autem
619 3566 668 3610 te
703 3558 924 3611 vidimus
953 3558 1226 3631 hospitem,
1253 3569 1300 3613 et
1332 3561 1633 3634 collegimus
1663 3569 1711 3615 te
1729 3578 1751 3627 ;

152 3655 238 3701 aut
279 3649 505 3716 nudum,
546 3658 593 3703 et
622 3650 979 3719 Cdoperuimus
1004 3654 1086 3706 te:
1111 3654 1199 3703 aut
1228 3652 1432 3722 quando
1463 3662 1509 3705 te
1530 3652 1751 3707 vidimus

151 3736 441 3806 inﬁrmum,
462 3746 553 3793 aut
584 3741 639 3793 in
668 3755 892 3809 carcere,
921 3749 968 3794 et
992 3743 1217 3796 venimus
1248 3740 1317 3795 ad
1342 3744 1424 3797 te?
1452 3734 1514 3796 Et
1538 3760 1753 3813 respon-

154 3830 271 3885 dens
298 3847 411 3896 rex,
430 3831 563 3886 dicet
583 3830 710 3887 illis.
742 3832 855 3887 Huc
872 3833 1024 3903 juxta
1054 3835 1454 3903 przcscieutiam
1482 3834 1579 3891 Dei
1606 3836 1752 3892 acci-

152 3922 424 3991 piendum,
452 3924 596 3991 apud
622 3938 783 3994 quem
814 3924 996 3979 futura
1022 3924 1130 3993 jam
1165 3926 1301 3979 tacta
1330 3934 1476 3979 sunt.

222 4013 421 4084 (Vers.
457 4014 545 4079 ιο,
591 4013 714 4085 41.)
762 4013 925 4069 Amen
965 4015 1081 4068 dico
1128 4016 1308 4069 robisf
1347 4017 1596 4086 quamdiu
1637 4016 1747 4090 [ΑΙ.

153 4104 379 4178 quando]
403 4106 596 4175 fecistis
616 4106 708 4159 uni
736 4105 802 4159 de
821 4107 900 4160 his
931 4104 1176 4177 fratribus
1196 4109 1325 4161 meis
1348 4108 1597 4175 minimis,
1624 4110 1751 4164 mihi

158 4196 359 4265 fecistis.
404 4194 554 4250 Tunc
596 4195 730 4249 dicet
757 4206 804 4249 et
823 4195 903 4249 his
930 4197 1020 4267 qui
1042 4208 1075 4249 a
1102 4197 1324 4251 Sinistris
1351 4206 1501 4251 erunt
1524 4212 1541 4250 :
1574 4196 1750 4252 Disce-

154 4286 255 4340 dite
279 4298 315 4339 a
338 4303 436 4350 me,
468 4285 748 4349 maledicti,
781 4286 837 4338 in
865 4286 1033 4357 ignem
1073 4296 1317 4340 tctcrnum
1339 4328 1353 4353 ,
1403 4288 1493 4359 qui
1534 4298 1750 4357 paratus

156 4390 225 4432 est
267 4379 479 4433 diabolo
508 4389 554 4434 et
589 4376 785 4451 angelis
808 4381 942 4451 ejus.
970 4376 1179 4432 Esurivi
1209 4381 1364 4447 enim,
1396 4390 1441 4433 et
1470 4396 1573 4434 non
1600 4380 1750 4435 dedi-

1854 3185 2044 3241 volens
2070 3184 2377 3256 imponere,
2404 3186 2707 3257 umbraque
2731 3198 3069 3260 transeunte,
3094 3194 3310 3261 paschae
3327 3195 3456 3250 red-

1852 3274 1986 3335 dere
2029 3280 2351 3346 Veritatem,
2394 3280 2629 3335 dixerit:
2680 3280 2951 3337 Desiderio
2997 3285 3289 3341 desideravi
3352 3288 3449 3342 hoc

1853 3363 2044 3441 paiclta
2070 3370 2381 3449 manducare
2416 3371 2698 3439 vobiscum,
2741 3382 3018 3442 antequam
3060 3377 3233 3447 patiar
3278 3377 3452 3449 (Luc.

1855 3458 1988 3526 xx",
2045 3450 2158 3529 15).
2205 3444 2417 3517 Elenim
2466 3465 2663 3533 pascha
2712 3474 2959 3520 nostrum
3009 3444 3321 3523 immolatus
3368 3478 3458 3526 est

1854 3546 2102 3609 Christus
2122 3594 2137 3619 ,
2184 3553 2230 3609 si
2284 3565 2460 3609 tamen
2488 3556 2836 3612 comedamus
2867 3557 2999 3613 illud
3028 3559 3079 3614 in
3111 3561 3316 3632 azymis
3342 3565 3455 3618 sin-

1853 3646 2094 3702 ceritatis
2125 3657 2178 3703 et
2205 3648 2448 3703 Veritatis
2473 3647 2526 3720 (Ι
2554 3648 2677 3705 Cor.
2712 3667 2764 3717 ν,
2798 3652 2877 3722 7).
2929 3652 3104 3709 Porro
3150 3654 3299 3725 quod
3342 3656 3453 3712 ait:

1854 3728 1984 3794 Ροεὲ
2005 3730 2216 3795 biduum
2240 3732 2431 3811 pascha
2453 3730 2561 3812 ﬁet,
2588 3744 2820 3815 simplici
2844 3744 3199 3816 intelligentia
3229 3758 3454 3819 praeter-

1854 3828 2040 3898 missa,
2062 3826 2113 3888 id
2134 3828 2275 3904 quod
2296 3844 2568 3890 sacratum
2589 3834 3138 3912 [Algsacratnentum]
3155 3851 3257 3906 est,
3277 3840 3456 3910 requi-

1855 3942 2057 3981 ramus.
2092 3922 2222 3982 Post
2245 3916 2383 3982 duos
2409 3928 2524 3984 dies
2549 3929 2840 3985 clarissimi
2870 3930 3094 3986 luminis
3112 3976 3127 4001 ,
3159 3933 3363 3989 veteris
3389 3948 3456 3991 ac

1855 4020 1977 4073 novi
2007 4006 2359 4086 'i‘estamenti,
2386 4035 2571 4074 verum
2596 4036 2698 4091 pro
2721 4022 2924 4075 mundo
2954 4022 3152 4091 pascha
3199 4024 3454 4080 celebra-

1856 4121 1961 4165 tur.
1986 4112 2216 4176 PaScha,
2235 4113 2383 4183 quod
2400 4113 2662 4168 llebraice
2682 4114 2878 4170 dicitur
2900 4132 3069 4171 passa
3092 4119 3279 4188 (non),
3294 4132 3402 4174 non
3425 4132 3456 4173 a

1856 4196 2014 4276 211
2035 4202 2281 4273 passione
2300 4202 2328 4242 δ
2354 4212 2411 4258 ιιι
2430 4204 2673 4275 plerique
2691 4207 3047 4273 arbitrantur,
3064 4207 3159 4263 sed
3174 4224 3204 4262 a
3221 4210 3456 4264 transitu

1856 4298 2214 4351 nominatur:
2266 4311 2332 4351 eo
2379 4295 2524 4367 quod
2566 4299 2962 4354 exterminatur
3004 4298 3199 4354 videns
3242 4300 3462 4371 sangui-

1856 4404 2001 4455 uem,
2037 4389 2088 4443 in
2117 4386 2325 4445 furibus
2353 4388 2720 4444 lsraelitarum
2750 4391 3153 4463 pertransierit,
3187 4408 3292 4449 nec
3334 4409 3457 4464 per-

154 4472 241 4526 stis
268 4473 395 4526 mihi
418 4472 754 4525 manducare.
789 4470 966 4559 Sitivi,
997 4481 1043 4524 et
1078 4488 1177 4525 non
1224 4472 1438 4526 dedistis
1486 4474 1611 4526 mihi
1651 4493 1748 4545 po-
1778 4484 1831 4544 ι)
1857 4480 2091 4535 cusserit
2137 4496 2250 4535 eos.
2300 4479 2397 4535 Vel
2448 4481 2563 4550 ipse
2606 4482 2868 4536 Dominus
2909 4483 3157 4563 prccbeus
3187 4484 3454 4540 auxilium

160 4571 280 4616 tum.
331 4561 536 4635 Hospes
575 4578 738 4629 erant,
784 4572 831 4616 et
858 4551 978 4616 'non
1021 4563 1300 4634 collegistis
1332 4579 1429 4618 me.
1463 4564 1674 4635 Nudus,
1704 4576 1751 4621 et

159 4674 255 4711 non
274 4660 552 4730 operuistis
584 4674 680 4709 me.
712 4656 968 4727 Inﬁrmus
996 4666 1043 4710 et
1073 4658 1124 4710 in
1148 4674 1352 4712 carcere
1374 4675 1539 4724 eram,
1566 4670 1613 4715 et
1651 4678 1755 4717 non

159 4752 393 4807 risitastis
440 4768 541 4807 me.
596 4750 743 4806 Tunc
780 4750 1158 4820 respondebunt
1202 4752 1248 4805 ei
1272 4762 1319 4806 et
1343 4753 1463 4822 ipsi,
1488 4752 1754 4810 dicentes:

228 4923 253 4951 ι
278 4912 382 4980 Qui
414 4912 804 4982 Hieronymum
834 4911 1158 4966 cavillantur
1192 4926 1225 4966 e
1266 4918 1541 4974 posn'emd
1585 4912 1747 4969 Coms

158 4988 544 5039 meutariurum
593 4981 646 5036 in
698 4982 892 5037 Isaiam
936 4985 1131 5051 capite,
1160 4992 1215 5035 et
1244 4981 1467 5052 Dialogu
1499 4985 1522 5037 i
1558 4986 1749 5040 contra

161 5054 491 5123 Pelagianos,
526 5070 677 5108 num.
700 5052 794 5115 ξε,
820 5056 1100 5121 suppetias
1118 5053 1306 5108 tulisse
1324 5060 1542 5110 vesanae
1556 5060 1746 5111 eorum

159 5128 469 5193 Opinationi,
502 5128 594 5195 qui
626 5126 916 5179 terminum
941 5123 1196 5178 habitura
1227 5127 1495 5179 malorum
1534 5128 1745 5195 suppli-

158 5198 236 5251 cia
279 5197 587 5262 crederent,
629 5206 925 5266 agnoscant
949 5197 1141 5250 saltem
1169 5208 1236 5251 ex
1270 5198 1372 5250 hoc
1402 5196 1547 5262 loco,
1580 5212 1743 5267 quem

162 5268 267 5338 ipse
292 5270 360 5323 de
388 5269 652 5323 induswia
687 5267 877 5321 lectori
932 5268 1150 5337 ingerit,
1200 5268 1439 5323 sensisse
1486 5272 1746 5337 perquam

161 5339 436 5405 catholice,
461 5339 605 5411 quod
634 5347 682 5392 et
710 5338 963 5409 supplicia
984 5348 1178 5392 aeterna
1214 5339 1317 5392 sint
1361 5348 1410 5392 et
1438 5340 1541 5393 vita
1568 5356 1748 5411 perpe-

163 5419 263 5463 tua.

225 5478 252 5520 δ
276 5481 476 5538 Horum
508 5479 845 5538 sententiam
877 5479 1203 5537 luculentius
1253 5483 1478 5550 exponit
1517 5479 1746 5536 Nazian-

159 5565 319 5608 zenus
343 5555 495 5610 Orat.
527 5556 563 5609 9.
596 5555 652 5605 in
684 5561 930 5605 sanctum
954 5551 1162 5607 Pascha
1193 5567 1258 5605 ex
1298 5552 1438 5605 Billii
1479 5551 1748 5619 interpre-

163 5623 392 5692 tatione:
429 5624 692 5692 Quidam,
733 5621 925 5690 inquit,
962 5623 1247 5692 salutifera:
1265 5622 1518 5691 passionis
1562 5636 1746 5675 nomen

162 5689 248 5750 hoc
266 5711 375 5753 esse
394 5689 666 5763 arbitrati,
694 5707 756 5747 ac
782 5691 984 5761 deinde,
1006 5710 1100 5763 per
1119 5689 1369 5749 litterce‘o
1396 5693 1450 5747 in
1476 5703 1541 5762 11,
1566 5704 1614 5749 et
1634 5706 1670 5747 tt
1692 5708 1744 5747 tn

1866 4560 2062 4641 populo
2081 4586 2179 4626 suo
2199 4568 2436 4641 desuper
2459 4573 2841 4628 ambulaverit.
2868 4573 3014 4643 Lege
3047 4560 3221 4630 Exodi
3256 4576 3455 4631 librum

1863 4662 2027 4734 (Cap.
2053 4680 2134 4727 st,
2160 4666 2282 4734 xu),
2308 4664 2375 4719 de
2396 4680 2505 4734 quo
2536 4665 2770 4735 plenius,
2789 4676 2810 4704 ε
2840 4666 2888 4721 si
2918 4666 3028 4721 vita
3054 4683 3243 4723 comes
3270 4667 3460 4736 fuerit;

1863 4758 2280 4828 disputabimus.
2309 4755 2582 4811 Transitus
2602 4767 2783 4813 autem
2815 4767 3025 4826 noster,
3055 4758 3111 4815 id
3130 4767 3234 4827 est,
3264 4764 3456 4829 vitast,

1848 4928 1893 4973 Χ
1921 4915 2445 4985 υιιιιαιὶοηωηνὴαησ
2491 4931 2669 4985 vocem
2717 4915 2785 4985 ad
2816 4916 3046 4985 linquant
3086 4917 3324 4985 Greecam
3366 4920 3459 4973 ac-

1851 4989 2259 5052 conuitodantes,
2288 4984 2427 5040 hunc
2455 4985 2590 5040 diem
2626 4984 2831 5039 Pascha
2856 4984 3212 5041 nominarunt.
3241 4984 3456 5045 Rectis-

1852 5059 2012 5130 sime
2045 5066 2243 5130 autem
2279 5062 2394 5126 Ipse
2448 5070 2571 5113 cum
2629 5055 3294 5130 llierunymo_semi_ens,,
3337 5060 3457 5130 ΙΙορ

1852 5128 2086 5193 Pascha,
2120 5124 2319 5198 inqdit,
2354 5136 2599 5198 magnum
2646 5138 2692 5183 et
2733 5124 3080 5181 venerandum
3130 5124 3342 5184 Phasim
3389 5126 3454 5187 ab

1852 5199 2088 5254 Hebraeis
2110 5202 2268 5270 juxta
2309 5214 2481 5253 eorum
2523 5200 2757 5269 linguam
2814 5200 3133 5270 nominatur,
3194 5217 3311 5269 qua:
3357 5218 3456 5257 vos:

1853 5268 2130 5343 transitum
2177 5268 2655 5343 sonat,_ltistorica
2698 5268 2918 5343 quidem
2984 5268 3214 5324 ratione,
3241 5282 3452 5343 propter

1853 5341 2219 5415 Israclitarum
2240 5355 2303 5415 es
2332 5339 2563 5413 /Egypto
2593 5342 2647 5395 in
2685 5340 3041 5395 (Ihananteam
3070 5339 3349 5412 regionem
3369 5349 3453 5415 fu-

1852 5429 1972 5483 gam
1984 5482 1991 5483 7
2004 5420 2051 5465 et
2080 5410 2460 5483 migrationem,
2478 5410 2596 5464 etc.

1929 5493 1950 5521 ο
1977 5478 2176 5549 innuit,
2207 5482 2424 5550 opinor,
2457 5481 2787 5550 quaestiones
2820 5478 3112 5536 llebraicas
3139 5482 3191 5536 in
3236 5483 3457 5539 univer-

1852 5566 1967 5623 sam
1998 5554 2357 5623 Scripturam,
2419 5552 2575 5621 cujus
2603 5552 2794 5621 Operis
2835 5567 3162 5617 tutatuqnam
3214 5553 3349 5609 sola:
3398 5556 3450 5609 in

1851 5622 2104 5694 Genesim
2124 5622 2418 5694 superent,
2455 5623 2575 5677 licia
2615 5635 2792 5677 tauuru
2824 5634 2877 5677 et
2918 5624 3260 5693 subtegmina
3291 5627 3344 5679 in
3370 5642 3450 5680 re-

1853 5692 2029 5765 liquos
2077 5692 2377 5765 Scriptura:
2406 5694 2576 5750 libros
2624 5700 2933 5764 paraverat,
2979 5692 3101 5764 quas
3126 5701 3218 5752 aut
3241 5704 3453 5754 mutato
