4044 6348
536 286 638 346 191

1774 287 1834 344 S.
1879 285 2155 346 EUSEBli
2193 287 2582 348 illERONYMl

3735 289 3862 349 193

535 406 610 462 ita
636 407 960 473 celebratur,
993 406 1036 461 si
1065 415 1280 462 terrena
1327 412 1383 459 ct
1428 404 1728 477 Egyptum
1774 407 2132 474 diiiiittemes,
2163 413 2212 470 Α
2243 410 2498 466 tenuerit.
2533 421 2585 461 et
2616 407 2705 462 l‘ur
2733 408 2800 464 ab
2831 407 2988 463 initio
3016 406 3200 472 fuerit,
3232 414 3288 462 et
3315 405 3602 462 Mattheus
3631 406 3868 463 scribat

539 499 606 553 ad
636 499 879 556 coelestia
905 499 1240 554 festinemus.

617 591 802 657 (Vers.
837 591 870 643 3
891 589 1072 657 seqq.)
1101 587 1245 641 Tunc
1279 591 1576 660 congrrgati
1603 599 1724 643 sunt
1767 591 2022 662 principes
2047 611 2133 646 sa-

543 683 829 742 ct'rtlotum,
865 693 908 732 et
931 683 1158 733 seniores
1184 681 1362 752 populi
1394 684 1445 734 in
1470 684 1661 736 atrium
1689 686 1939 754 principis
1961 702 2133 738 sacer-

545 774 746 838 dotum,
779 775 866 842 qui
893 773 1155 824 dicebatur
1183 773 1431 841 Caiphas,
1473 785 1521 827 et
1578 775 1854 827 Consilium
1882 778 2136 843 feCerunt,

549 877 603 918 ut
624 864 802 918 Iesum
822 867 943 918 dolo
967 874 1217 930 tenerent,
1249 875 1295 919 et
1319 866 1629 919 occiderent.
1661 867 1909 920 Dicebant
1930 879 2100 921 autem
2122 883 2138 920 :

548 959 667 1013 Non
695 960 747 1012 in
789 958 876 1013 die
907 960 1054 1030 festo,
1101 976 1164 1013 ne
1215 963 1348 1030 forte
1380 961 1630 1015 tumultus
1657 963 1798 1030 ﬁeret
1845 963 1896 1015 in
1927 962 2140 1030 populo.

549 1050 652 1118 Qui
682 1049 989 1106 debtier.-iit
1019 1051 1282 1108 PtISChale
1311 1052 1491 1106 vicino
1518 1069 1826 1120 pra-parare
1860 1052 2140 1118 victimas,

549 1144 786 1213 It-vigare
824 1143 1010 1212 templi
1059 1146 1318 1212 parietes,
1371 1145 1676 1213 pavimenta
1727 1159 1969 1213 verrere,
2018 1159 2144 1196 vasa

551 1236 837 1300 mundare,
867 1248 921 1291 ct
947 1244 1248 1293 secundum
1273 1241 1434 1292 ritum
1463 1238 1620 1306 Legis
1647 1241 1944 1308 purilicari,
1970 1251 2024 1290 tit
2050 1252 2148 1292 e-u

553 1329 676 1398 agni
701 1330 849 1393 illuni
882 1330 1104 1394 ﬁerent,
1133 1342 1538 1400 congregantur
1561 1331 1811 1385 ineuntes
1835 1331 2146 1393 cmisilitim,

550 1421 830 1491 quomodo
862 1423 1117 1477 occidant
1151 1425 1468 1492 Dominum,
1499 1442 1604 1480 non
1638 1427 1892 1479 timentes
1921 1424 2149 1479 seditio-

553 1528 703 1583 nem,
737 1523 797 1568 ut
814 1515 1047 1585 simplex
1071 1533 1254 1572 sermo
1277 1519 1617 1572 denimiStrat
1641 1535 1654 1582 ;
1681 1518 1774 1571 sed
1803 1529 2060 1574 caventes
2084 1535 2153 1572 nc

551 1606 753 1660 auxilio
776 1609 956 1675 pOpuli
986 1609 1055 1662 de
1081 1610 1196 1662 suis
1231 1610 1479 1663 manibus
1511 1609 1816 1664 tolleretur.

626 1694 818 1766 (Vers.
854 1699 888 1751 6
925 1697 1100 1767 )Cum
1120 1709 1293 1754 autem
1334 1699 1487 1755 Jesus
1529 1711 1660 1755 esset
1707 1703 1760 1756 in
1790 1700 2070 1766 Bethania,
2103 1701 2154 1754 in

557 1787 712 1841 domo
742 1788 972 1844 Simonis
1004 1791 1210 1862 leprosi.
1247 1792 1516 1847 Passurus
1543 1810 1638 1860 pro
1670 1795 1815 1847 omni
1843 1795 2068 1854 mundo,
2099 1803 2153 1847 et
2186 1795 2229 1854 B

561 1881 848 1934 universas
873 1884 1124 1936 nationes
1163 1898 1266 1938 suo
1293 1885 1559 1952 sanguine
1606 1884 2008 1954 redempturus,
2041 1898 2156 1937 mo—

566 1982 718 2024 ratur
748 1973 802 2025 in
837 1974 1121 2040 Bethania,
1154 1975 1309 2028 domo
1356 1976 1682 2042 obedientiw,
1722 1989 1845 2044 quis:
1881 1977 2152 2046 quondam

562 2061 666 2116 fuit
687 2063 926 2118 Simonis
955 2065 1180 2136 leprosi.
1211 2066 1326 2120 Non
1359 2068 1504 2135 quod
1534 2068 1782 2136 leprosos
1803 2079 1855 2122 et
1889 2066 1985 2121 illo
2025 2077 2158 2121 leni-

561 2169 692 2224 pore
708 2166 1076 2226 peimzineret,
1093 2159 1188 2211 sed
1203 2161 1296 2228 qui
1317 2159 1762 2226 antealeprosus,
1786 2170 1970 2227 postea
1993 2175 2023 2212 a
2049 2159 2159 2215 Sal-

562 2255 756 2301 Vatore
781 2249 1074 2302 mundatus
1103 2259 1211 2314 est,
1245 2253 1466 2304 nomine
1516 2250 1744 2319 pristino
1787 2260 2156 2319 permanente.

565 2348 622 2394 tit
653 2340 829 2393 virtus
851 2341 1094 2395 curantis
1123 2354 1406 2411 appareat.
1436 2342 1570 2396 Nam
1602 2343 1653 2395 iii
1677 2344 1922 2412 catalogo
1945 2352 2163 2408 aposto-

572 2431 748 2484 lorum
779 2447 902 2485 cum
939 2434 1166 2500 pristino
1190 2434 1325 2487 vitio
1353 2446 1407 2488 et
1434 2433 1640 2501 ofﬁcio,
1667 2435 1948 2488 Mattlia-us
1982 2433 2162 2502 publi-

566 2538 736 2573 c:iiins
759 2524 1087 2591 appellatur,
1113 2541 1199 2593 qui
1229 2541 1374 2578 certe
1406 2527 1720 2592 publicanus
1749 2542 1870 2581 esse
1899 2526 2158 2580 desierat.

565 2613 793 2681 Quidam
819 2615 1278 2683 Simonisieprosi
1301 2617 1546 2675 domum,
1567 2633 1684 2670 eam
1715 2617 1910 2670 volunt
1938 2615 2162 2686 intelligi

571 2708 733 2778 212
781 2717 987 2776 partem
1037 2711 1252 2777 populi,
1299 2725 1422 2780 qua:
1467 2709 1762 2764 crediderit
1795 2712 2056 2772 Domino,
2114 2719 2166 2762 rt

572 2800 642 2852 ab
659 2817 724 2854 eo
741 2809 929 2852 curata
953 2804 1045 2854 sit.
1069 2800 1258 2855 Simon
1279 2817 1494 2871 quoque
1518 2804 1631 2870 ipse
1657 2801 1920 2856 obediens
1946 2801 2164 2868 dicitur,

571 2893 664 2956 qui
691 2889 844 2959 juxta
885 2894 1046 2945 aliam
1085 2893 1500 2962 intelligentiam
1540 2895 1775 2948 mundus
1816 2895 2169 2964 interpretati

574 2994 774 3052 potest,
821 2984 874 3037 iii
905 2985 1061 3052 cujis
1088 2986 1254 3038 domo
1283 2996 1468 3038 curata
1503 2998 1584 3040 est
1622 2986 1890 3040 Ecclesia.

650 3073 832 3144 (Vers.
854 3075 934 3142 7.)
962 3077 1187 3129 Accessit
1210 3077 1278 3129 ad
1300 3095 1414 3129 eum
1441 3077 1628 3131 mulier
1647 3077 1838 3132 habens
1851 3079 2170 3132 alabastrum

2239 517 2433 555 omnes
2461 501 2741 568 apostolos
2773 500 3100 568 indignatos,
3136 497 3451 554 nescientes
3479 508 3719 570 tropum,
3753 498 3860 568 qui

2239 605 2462 645 vocatur
2485 591 2756 660 σύλληψις,
2790 589 2816 628 ιι
2845 593 2926 645 vel
2957 589 3275 661 synecdoche
3317 607 3337 650 :
3375 607 3484 660 quo
3509 601 3563 646 et
3592 607 3692 660 pro
3741 607 3864 646 uno

2241 700 2452 750 omnes,
2487 695 2541 737 et
2568 701 2664 753 pro
2697 684 2884 738 multis
2921 700 3058 738 unus
3089 684 3351 752 appellari
3393 685 3586 738 soleat.
3623 684 3765 738 Nam
3800 692 3866 738 et

2243 773 2444 828 Paulus
2459 775 2509 827 in
2529 775 2768 844 Epistula
2796 790 2888 828 sua
2909 791 3029 844 qua:
3054 776 3312 829 scribitur
3335 777 3401 828 ad
3421 775 3679 832 l-lebraios
3696 777 3866 848 (licet

2243 867 2311 920 de
2341 882 2402 919 ea
2439 868 2595 921 inulti
2628 867 2948 922 Latinorum
2999 869 3318 938 dubitent),
3358 884 3483 921 cum
3525 878 3866 924 sanctorum

2249 962 2528 1028 passiones
2565 973 2614 1012 et
2644 960 2835 1013 merita
2874 961 3295 1028 descripsisset,
3328 960 3512 1014 intulit
3554 977 3567 1012 :
3605 959 3869 1032 Lapfdali

2243 1061 2385 1115 sunt,
2417 1052 2594 1105 tentati
2631 1063 2770 1116 sunt,
2801 1053 2922 1105 secti
2952 1052 3062 1124 [ΔΙ.
3086 1052 3294 1123 δενναιιι
3325 1061 3466 1117 sunt,
3503 1054 3557 1106 in
3585 1054 3869 1108 occasione

2247 1147 2410 1219 gladii
2441 1147 2628 1200 mortui
2649 1158 2768 1200 sunt
2797 1145 2984 1216 (Hebr.
3017 1163 3096 1209 ιι.
3125 1147 3240 1216 57),
3273 1163 3394 1201 cum
3421 1163 3586 1201 unum
3618 1156 3868 1200 tantum-

2252 1238 2412 1293 modo
2443 1238 2639 1293 lsaiam
2697 1239 3024 1307 Propltetani
3067 1249 3278 1294 sectum
3323 1238 3497 1294 Judaei
3545 1247 3867 1294 autument.

2254 1330 2548 1384 Possumus
2571 1340 2624 1384 et
2654 1331 2814 1384 aliter
2837 1330 3044 1390 dicere,
3079 1329 3222 1392 quod
3263 1329 3500 1398 apostoli
3540 1345 3690 1396 vere,
3725 1344 3867 1398 pro-

2255 1440 2377 1498 pter
2402 1442 2671 1497 pauperes
2701 1426 2963 1496 indignati
2990 1425 3149 1497 213
3171 1427 3275 1478 sint
3301 1442 3315 1480 :
3339 1423 3508 1480 Judas
3529 1434 3712 1479 autem
3732 1439 3870 1493 pro-

2256 1531 2378 1589 pter
2405 1519 2556 1574 lucra
2589 1534 2712 1573 sua.
2742 1517 2898 1574 Unde
2959 1531 3014 1572 et
3071 1516 3380 1570 iiztissitatio
3426 1515 3546 1583 ejus
3592 1529 3714 1568 cum
3757 1513 3872 1567 cri-

2259 1613 2405 1665 mine
2437 1612 2678 1680 ponitur,
2711 1609 2855 1678 qnod
2894 1625 2999 1663 noo
3024 1624 3212 1662 curam
3252 1622 3546 1678 pauperum
3573 1605 3871 1674 ~habuerit,

2259 1705 2350 1758 sed
2382 1719 2481 1757 suo
2511 1704 2654 1756 furto
2683 1701 2915 1756 voluerit
2939 1701 3250 1770 providere.

2327 1796 2508 1864 (Vers.
2541 1795 2631 1858 10,
2663 1793 2774 1865 li.)
2808 1794 2988 1850 Sciens
3014 1803 3184 1846 autent
3210 1791 3394 1857 Iesus,
3429 1794 3499 1845 ait
3524 1793 3626 1846 illis
3660 1807 3678 1844 :
3721 1791 3868 1858 Quid

2256 1887 2454 1942 molesti
2478 1888 2596 1941 estis
2632 1888 2751 1940 huic
2784 1885 3027 1938 mulieri?
3060 1885 3206 1952 Opus
3244 1884 3380 1937 enim
3421 1883 3610 1936 bonum
3651 1896 3871 1951 operata

2258 1993 2331 2036 est
2360 1982 2412 2034 in
2445 1997 2542 2034 me.
2589 1979 2730 2033 Nam
2770 1994 2970 2050 semper
3013 1994 3268 2049 pauperes
3295 1974 3543 2030 habebitis
3580 1976 3869 2042 vobiscum,

2260 2089 2338 2126 me
2367 2084 2538 2126 autem
2568 2088 2670 2124 non
2700 2085 2899 2138 semper
2939 2068 3215 2122 habebitis.
3260 2067 3377 2121 Alia
3408 2067 3662 2121 oboritur
3690 2081 3872 2136 quaas-

2263 2164 2358 2230 tio,
2391 2178 2560 2232 quare
2605 2163 2866 2215 Dominus
2905 2169 3032 2231 post
3067 2158 3525 2214 resurrectionem
3568 2158 3770 2212 dixerit
3801 2157 3872 2212 ad

2262 2255 2557 2322 discipulos
2589 2273 2601 2308 :
2634 2253 2768 2308 Ecce
2797 2270 2889 2325 ego
2919 2252 3175 2306 vobiscum
3197 2268 3310 2304 sum
3335 2267 3496 2321 usque
3518 2249 3586 2303 ad
3617 2265 3866 2304 consum-

2265 2351 2539 2402 mationem
2564 2348 2778 2410 mundi;
2823 2357 2879 2402 et
2931 2360 3074 2400 nunc
3124 2345 3396 2413 loquatur,
3441 2359 3522 2397 me
3547 2353 3720 2397 autem
3766 2358 3876 2398 non

2265 2457 2462 2508 semper
2512 2439 2783 2493 habebitis.
2830 2438 2940 2494 Sed
2989 2437 3123 2491 tiiilii
3151 2436 3370 2488 videtur
3416 2435 3468 2488 iii
3516 2435 3620 2488 hoc
3650 2435 3770 2488 loco
3801 2433 3874 2489 de

2268 2533 2558 2604 praesentia
2575 2533 2758 2586 dicere
2785 2529 3074 2598 corporali.
3104 2527 3245 2595 quod
3269 2542 3607 2596 nequaquam
3633 2541 3754 2580 cuin
3779 2525 3864 2580 eis

2269 2629 2338 2680 ita
2363 2626 2573 2680 futurus
2601 2626 2670 2678 sit
2714 2636 2833 2689 post
2881 2621 3361 2683 resurrectionem,
3403 2618 3679 2687 quoiiiodo
3728 2633 3877 2674 nunc

2273 2721 2323 2770 i.i
2346 2721 2492 2771 omni
2521 2718 2702 2770 ronvit
2727 2727 2779 2768 lti
2824 2725 2878 2768 et
2921 2713 3312 2767 familiaritate.
3345 2709 3512 2780 Cujus
3543 2711 3620 2764 rei
3659 2725 3872 2765 memor

2272 2813 2566 2881 Apostolus
2591 2815 2665 2863 ait
2695 2828 2707 2864 :
2758 2807 2823 2862 Et
2865 2809 2911 2862 si
2943 2823 3246 2861 noveramus
3291 2805 3470 2859 Iesum
3503 2803 3764 2860 Christum
3784 2823 3875 2859 se-

2275 2915 2504 2958 cundum
2566 2920 2793 2973 carnem,
2841 2904 2928 2958 sed
2973 2919 3110 2956 nunc
3153 2907 3271 2974 jam
3326 2917 3430 2954 non
3483 2901 3712 2955 novimus
3756 2916 3876 2956 eum

2274 2997 2340 3069 (ll
2361 2996 2480 3052 Cor.
2513 3014 2568 3062 v,
2603 2997 2714 3065 i6).

2351 3089 2536 3159 (Vers.
2597 3089 2709 3158 l2.)
2752 3089 2959 3142 Mittens
3001 3088 3134 3140 enim
3171 3085 3282 3141 lucc
3329 3097 3652 3160 unguentum
3695 3087 3789 3142 hoc
3819 3088 3876 3142 in

580 3169 826 3237 unguenti
868 3169 1083 3236 pretiosi
1108 3210 1122 3234 ,
1164 3180 1209 3222 et
1260 3169 1444 3234 effudit
1485 3188 1641 3240 super
1688 3183 1837 3243 caput
1879 3171 2044 3243 ipsius
2095 3187 2165 3224 re-

2278 3197 2464 3251 corpus
2488 3197 2677 3243 meum,
2707 3180 2776 3234 ad
2797 3181 3146 3253 sepeliendum
3188 3197 3265 3233 ine
3295 3179 3435 3248 fecit.
3467 3178 3625 3244 Quod
3657 3192 3755 3234 vos
3774 3195 3876 3245 pu-

577 3259 877 3312 cumbentis.
902 3258 1075 3315 Nemo
1106 3271 1258 3330 putet
1284 3261 1531 3316 ramdcm
1562 3273 1586 3300 °
1609 3280 1730 3318 esse
1761 3279 1878 3334 qua:
1905 3281 2068 3334 super
2084 3280 2175 3319 ca—

582 3363 674 3420 put
705 3353 896 3406 elIudit
945 3366 1299 3423 unguentum,
1349 3367 1403 3410 et
1463 3372 1584 3426 qua:
1627 3373 1791 3425 super
1840 3359 2026 3427 pedes.
2080 3356 2178 3410 Illa

579 3442 722 3512 enim
755 3455 811 3496 et
835 3446 1091 3515 lacrymis
1123 3447 1294 3510 lavat,
1321 3455 1378 3500 et
1405 3447 1556 3502 crine
1594 3449 1778 3516 tergit,
1809 3461 1862 3502 et
1890 3447 2178 3503 manifeste

579 3549 844 3590 meretrix
873 3538 1203 3608 appellatur.
1241 3538 1318 3592 De
1360 3539 1458 3592 liae
1488 3552 1674 3593 autem
1707 3541 1838 3593 iiibil
1888 3543 1996 3595 tale
2039 3539 2176 3594 serio

579 3641 724 3700 ptuiii
771 3642 875 3686 est.
921 3632 1033 3687 Nec
1081 3633 1228 3686 enim
1276 3642 1487 3701 poterat
1517 3637 1700 3687 statim
1741 3636 1918 3703 Capite
1969 3634 2178 3688 Domini

581 3725 844 3779 meretrix
879 3725 1037 3794 digna
1067 3727 1207 3778 lieri.
1237 3725 1390 3780 Alius
1414 3727 1749 3796 evangelista
1780 3743 1878 3796 pro
1903 3727 2182 3782 alabastro

580 3817 1260 3888 unguentipretiosi(quod
1285 3834 1454 3886 genus
1477 3830 1560 3872 est
1591 3820 1934 3889 marmoris),
1957 3820 2180 3874 nardum

582 3909 834 3974 ri~ticani
868 3909 1048 3977 posuit
1077 3908 1260 3977 (Joan.
1300 3908 1418 3980 sit),
1463 3910 1564 3964 lioe
1605 3919 1710 3977 est,
1743 3925 1927 3966 veram
1963 3923 2018 3965 et
2061 3912 2186 3966 abs-

581 4016 687 4067 que
719 4000 870 4064 dolo,
932 4011 989 4054 ut
1043 4001 1209 4055 iidem
1265 4002 1527 4056 Ecclesiae
1579 4012 1633 4056 et
1661 4003 1912 4071 gentium
1957 4003 2185 4059 demon-

585 4105 810 4146 sliaret.
958 4095 967 4106 “

653 4184 832 4255 (Vers.
882 4185 1045 4253 8.9.)
1104 4185 1348 4239 Videntes
1381 4195 1553 4240 autem
1607 4186 1874 4258 discipuli,
1927 4187 2186 4258 indignati

579 4290 718 4343 sunt,
753 4280 980 4334 dicentes
1017 4295 1035 4334 :
1087 4278 1157 4335 Ut
1197 4281 1320 4349 quid
1359 4282 1583 4348 perditio
1635 4284 1784 4334 lucc?
1825 4279 2005 4334 Potuit
2052 4282 2187 4333 enim

581 4370 724 4426 istud
754 4373 1041 4425 venundati
1073 4371 1256 4438 multo,
1290 4382 1336 4426 et
1365 4374 1483 4426 dari
1511 4373 1846 4444 pauperibus.
1875 4372 2003 4428 Scio
2025 4389 2190 4443 quos-

582 4464 708 4518 dam
744 4463 887 4518 liunc
911 4465 1088 4518 locum
1116 4467 1461 4538 calumniari,
1493 4481 1664 4534 quare
1692 4466 1830 4519 alius
1854 4467 2186 4535 evangelista

2279 3275 2404 3328 talis
2429 3274 2786 3339 perditionem
2809 3288 2934 3328 esse
2961 3272 3258 3342 unguenti,
3301 3269 3540 3326 ofﬁcium
3572 3270 3873 3340 sepulturae

2279 3373 2378 3419 est.
2406 3365 2514 3421 Nec
2543 3368 2738 3419 mirum
2765 3364 2809 3418 si
2843 3363 2972 3418 tiiilii
3007 3363 3208 3418 bonum
3234 3363 3462 3418 odorem
3488 3361 3609 3416 ﬁdei
3637 3376 3747 3416 sua:
3781 3361 3878 3416 dc-

2279 3457 2463 3522 dci-it,
2518 3472 2642 3510 eum
2698 3471 2799 3526 ego
2849 3472 2946 3524 pro
3001 3469 3064 3509 ea
3127 3453 3344 3509 [usurus
3396 3453 3500 3508 sim
3551 3451 3870 3522 sanguinem

2282 3564 2458 3602 meum
2469 3588 2481 3600 .

2354 3638 2536 3708 (Vers.
2565 3637 2784 3708 12-14.)
2811 3637 2972 3692 Amen
3005 3637 3123 3690 dico
3153 3636 3317 3703 vobis,
3346 3635 3652 3701 ubicumque
3685 3633 3881 3705 pra’di-

2283 3741 2455 3785 catum
2479 3732 2634 3800 fuerit
2653 3730 2753 3784 hoc
2780 3731 3116 3801 Evangelium
3145 3729 3199 3782 in
3228 3737 3330 3782 toto
3354 3727 3570 3794 mundo,
3605 3727 3804 3781 dicetur
3829 3734 3884 3780 et

2283 3825 2422 3896 quod
2444 3825 2554 3879 htec
2581 3825 2700 3894 fecit
2729 3826 2778 3877 in
2822 3825 3126 3879 memoriam
3159 3821 3290 3888 ejus.
3334 3819 3482 3874 Tunc
3508 3819 3628 3873 abiit
3658 3835 3787 3872 unus
3817 3819 3882 3872 de

2287 3918 2581 3982 duodecim,
2610 3919 2699 3990 qui
2727 3919 2989 3973 dicebatur
3010 3915 3045 3970 J
3051 3917 3182 3969 udas
3205 3915 3498 3977 lscariotis,
3526 3915 3595 3966 ad
3627 3913 3882 3982 principes

2285 4010 2625 4064 sacerdotum.
2677 4010 2732 4065 lii
2785 4020 2898 4065 toto
2953 4009 3153 4063 mundo
3201 4022 3308 4062 non
3362 4017 3468 4060 tam
3512 4005 3709 4058 mulier
3755 4002 3882 4069 ista,

2287 4119 2447 4173 quam
2483 4104 2726 4159 Ecclesia
2763 4103 3114 4172 prtedicatur,
3143 4101 3288 4170 quod
3321 4099 3602 4165 sepelierit
3631 4098 3890 4154 Salvato-

2290 4213 2427 4265 rem,
2457 4199 2603 4266 quod
2653 4199 2874 4253 auxerit
2915 4204 3080 4266 caput
3107 4195 3245 4264 ejus.
3282 4194 3345 4247 Et
3374 4193 3596 4247 attende
3637 4190 3887 4247 notitiam

2292 4287 2623 4356 futurorum,
2646 4288 2793 4356 quod
2820 4302 3074 4354 passurus
3101 4296 3220 4354 post
3245 4285 3468 4339 biduum
3494 4294 3545 4337 et
3570 4283 3888 4351 moriturus,

2293 4382 2428 4433 sciat
2463 4379 2810 4445 Evangelium
2835 4393 2990 4432 suum
3027 4379 3078 4431 in
3108 4384 3222 4430 toto
3253 4375 3382 4428 orlie
3409 4373 3815 4428 ci-lelirandum.

2368 4468 2550 4539 (Vers.
2597 4469 2714 4538 15.)
2762 4470 2823 4522 lt't
2862 4469 2936 4522 ait
2965 4469 3069 4521 illis
3102 4484 3120 4521 :
3155 4465 3292 4530 Quid
3318 4467 3473 4519 vultis
3506 4465 3632 4518 mihi
3662 4464 3808 4532 dare,
3841 4472 3892 4517 et

581 4555 779 4612 Judain
815 4562 990 4612 solum
1021 4557 1222 4613 dixerit
1269 4560 1674 4623 COﬂllislillUlll,
1709 4576 1774 4612 eo
1803 4560 1946 4630 quod
1978 4559 2184 4614 loculos
2219 4553 2267 4611 D
2291 4577 2384 4631 ego
2415 4561 2553 4614 vobis
2587 4577 2704 4614 eum
2744 4561 2986 4614 tradant?
3008 4557 3200 4615 Infelix
3233 4557 3422 4623 Judas,
3454 4556 3715 4611 damnum
3745 4555 3891 4627 quod

583 4715 814 4769 consilio
846 4716 1152 4782 repudiavit
1183 4727 1392 4785 postea,
1424 4724 1518 4769 aut
1553 4715 1694 4768 intra
1722 4713 2054 4785 domesticos
2087 4727 2183 4780 pa-

586 4787 756 4840 rietes
789 4787 968 4856 perire
1013 4784 1278 4856 permisit.
1312 4788 1466 4842 Nulla
1507 4796 1654 4841 certe
1683 4789 1732 4839 in
1782 4784 1954 4837 Bsodi
1985 4785 2182 4856 librum

585 4855 903 4938 llierOiiyiiii
933 4855 1276 4915 elucubratio
1305 4870 1575 4929 superem,
1606 4867 1700 4911 aut
1729 4869 1984 4931 umquam
2028 4855 2184 4910 iuno-

587 4941 712 4982 lllll.

659 5008 685 5035 ι
709 5001 1045 5071 Quamquam
1075 5001 1326 5067 Origenis
1364 5000 1416 5071 in
1451 4998 1596 5071 hunc
1627 4999 1802 5050 locum
1834 4999 2180 5071 Commentaf

582 5073 660 5124 ria
696 5089 803 5126 non
847 5069 1131 5135 superent,
1177 5073 1316 5125 lianc
1367 5070 1434 5124 de
1481 5070 1679 5128 (ΙιινΙιοί
1737 5069 1935 5123 l'emiua
1981 5069 2183 5124 Christi

586 5145 832 5195 unetricc
872 5145 1200 5196 seiitt-ntiam
1235 5143 1621 5209 llivronyttltttn
1652 5155 1717 5193 ex
1763 5139 2001 5200 Ot‘iiteﬂe
2049 5140 2182 5192 ιΙιτΙί-

584 5212 765 5276 basse,
819 5216 1002 5267 nullus
1050 5213 1255 5266 dubito.
1293 5212 1419 5265 ll.ec
1440 5213 1720 5262 enimvero
1751 5213 2041 5276 peculiaris
2071 5213 2186 5272 eius

584 5283 772 5351 opinio
804 5285 900 5336 l'iiit
939 5325 953 5345 ,
986 5287 1294 5343 mulierem,
1351 5297 1469 5346 qua:
1522 5281 1686 5347 pedes
1735 5281 1928 5334 laverit
1956 5281 2183 5345 Christi,

584 5354 968 5422 peccatricem,
1001 5370 1122 5423 qme
1150 5368 1280 5405 vero
1307 5362 1465 5415 caput
1493 5361 1778 5423 unguenta
1805 5351 2025 5410 liuierit.
2059 5368 2186 5423 san-

584 5421 1042 5488 ctainesstttisse}
1067 5426 1313 5490 adeoque
1334 5424 1564 5475 alteram
1588 5425 1732 5487 apud
1756 5421 2035 5477 SimOiiein
2056 5421 2192 5472 l'lia-

587 5495 825 5552 risasuin,
868 5499 1094 5549 alteram
1126 5498 1265 5561 apud
1312 5495 1351 5548 ὃ
1380 5509 1592 5545 tiioiieiu
1638 5494 1942 5560 Leprosunt
1990 5492 2191 5544 debere

588 5566 843 5632 intelligi.
878 5566 933 5620 lii
970 5566 1218 5618 llotutliis
1253 5582 1304 5616 in
1335 5563 1616 5617 C-iiiticuiii
1663 5574 2026 5624 canticorum,
2058 5577 2194 5628 quas

590 5634 783 5688 lmine
817 5636 1179 5706 Hieronymus
1201 5637 1510 5706 explicavit.
1549 5635 1704 5686 Iloiii.
1739 5636 1789 5700 l,
1826 5632 2196 5706 Ubserva,_iii_-

590 5706 729 5775 quit.
781 5701 1056 5774 diligenter
1099 5720 1215 5770 qute
1263 5707 1326 5756 de
1377 5705 1576 5756 duabus
1609 5721 1762 5775 super
1804 5711 1957 5767 caput
1999 5701 2196 5769 fuderit

593 5771 902 5831 Saluatoris.
936 5775 1209 5845 Siquidem
1225 5778 1482 5845 peccatrix
1503 5771 1840 5844 superpetles
1869 5814 1883 5841 ,
1917 5783 1965 5826 et
1996 5789 2054 5824 ea
2082 5789 2197 5841 qua:

2291 4731 2394 4768 non
2423 4714 2618 4770 dicitur
2655 4719 2936 4788 peccatrix,
2962 4732 3118 4788 super
3165 4723 3324 4788 caput
3353 4717 3467 4788 ejus
3510 4713 3710 4788 {adﬁge
3746 4727 3893 4788 mpn-

2290 4795 2503 4838 stratur.
2559 4788 2624 4842 Et
2655 4781 2896 4842 llomilia
2925 4781 3184 4842 secunda
3222 4781 3323 4839 stili
3353 4781 3564 4838 initium
3588 4825 3602 4844 .
3635 4781 3893 4852 Loquitur

2295 4855 2674 4926 Evangelium.
2729 4859 2850 4924 quia
2906 4859 3038 4911 venit
3095 4857 3282 4911 mulier
3334 4855 3524 4909 habens
3573 4853 3891 4926 alabastrum

2291 4923 2538 4998 unguenti
2588 4923 2748 4982 nardi
2789 4929 2962 4998 pistici
3008 4930 3263 4997 pretiosi:
3313 4943 3417 4980 non
3456 4923 3886 4998 ilta__peccat_ri.c,

2291 4945 2538 5048 uiyuenu
2588 4945 2739 4982 norat
2789 4945 2962 4998 pistici
3008 4945 3263 4997 pretiosi:
3313 4945 3417 4980 non
3456 4945 3552 4978 tua
3603 4945 3886 4987 peccatrix,

2288 5013 2343 5050 se
2403 5007 2603 5055 sancta.
2637 4998 2701 5051 de
2729 5016 2831 5066 qua
2884 5015 3020 5052 nunc
3051 5000 3176 5051 mihi
3217 5014 3382 5050 sermo
3410 5007 3525 5066 est._
3549 4995 3673 5049 Scio
3705 4994 3893 5064 quippe

2293 5067 2488 5140 Lucani
2515 5069 2578 5121 de
2601 5064 2904 5140 peccatrice,
2934 5067 3239 5140 otthazum
3264 5084 3380 5140 vero
3417 5076 3464 5119 et
3491 5064 3749 5140 oannem
3789 5081 3890 5140 non

2291 5138 2356 5192 de
2387 5133 2670 5202 peccatrice
2713 5141 2926 5193 dixisse.
2974 5139 3132 5194 Plura
3191 5141 3260 5192 de
3312 5139 3411 5192 liae
3459 5138 3578 5203 eius
3621 5133 3890 5188 sententia

2291 5210 2359 5263 ad
2390 5209 2504 5278 haec
2532 5210 2646 5278 ipsa
2690 5210 2806 5264 loca
2855 5212 3252 5277 cniigessimus.
3290 5207 3360 5262 Et
3389 5222 3519 5261 vero
3541 5219 3890 5278 quamquam

2292 5276 2656 5347 quaestioni-tn
2701 5276 3070 5348 singularibus
3100 5282 3243 5333 inter
3264 5279 3509 5348 eruditos
3537 5276 3694 5348 libris
3722 5277 3890 5344 agita-

2297 5345 2432 5414 tam,
2459 5351 2595 5420 nihil
2631 5352 2718 5404 liie
2765 5345 3065 5420 rceoquere
3095 5350 3336 5414 intersit,
3387 5345 3782 5420 verisimillinia
3815 5357 3892 5398 ta-

2296 5435 2419 5473 men
2476 5419 2592 5474 litnc
2647 5423 2783 5491 ipsa,
2832 5417 2993 5491 quam
3029 5423 3393 5487 llit'r0tiytnus
3427 5419 3640 5491 prohat,
3685 5417 3891 5491 videtur

2297 5493 2605 5551 sententia;
2642 5486 2692 5544 iit
2731 5486 2864 5546 licet
2903 5509 3040 5545 unus
3090 5486 3340 5558 idemque
3388 5489 3575 5543 Simon
3603 5497 3657 5537 t-t
3712 5486 3892 5541 Pliari-

2299 5576 2445 5613 Sm'ts
2475 5574 2526 5612 οἰ
2559 5561 2832 5625 Leprosns
2877 5580 2943 5629 pit
2976 5562 3100 5615 andi
3135 5563 3265 5616 sint.
3306 5577 3409 5611 non
3444 5567 3757 5629 nontamen
3806 5571 3892 5608 ea-

2299 5633 2536 5694 demque
2569 5636 2765 5686 iiinlier
2795 5628 2976 5701 luerit,
3011 5649 3128 5701 qua:
3151 5629 3358 5685 Citriin
3385 5628 3605 5683 ttiiiierit
3629 5636 3814 5698 caput,
3840 5633 3892 5683 et

2300 5719 2420 5772 qua:
2451 5704 2649 5754 laverit
2679 5704 2864 5765 pedes.

2372 5774 2398 5811 δ
2438 5774 2636 5827 Victor.
2671 5774 2835 5828 verba
2867 5774 2942 5826 rel
2964 5769 3280 5844 synecdoche
3305 5776 3468 5829 tacet.
