4044 6342
507 337 619 399 19⁵

1750 333 1809 389 5.
1853 330 2130 389 EL’SEBH
2164 329 2545 388 HIERONYMI

3702 304 3838 385 196

512 470 652 519 eum,
685 453 843 509 dixit.
867 450 1001 518 Quia
1050 447 1235 504 caeteri
1265 446 1470 515 tristes,
1504 453 1562 501 et
1602 444 1761 500 valde
1810 444 1996 500 tristes
2022 445 2101 500 in-
2132 448 2182 507 Α
2209 461 2375 516 gnum
2432 442 2614 498 Patris
2652 441 2899 515 (attende
2924 441 3069 513 quod
3102 441 3266 509 dicat,
3297 438 3493 506 Patris,
3524 454 3631 497 non
3657 439 3833 512 Dei),

514 553 923 616 terrogawrant
964 561 978 595 :
1017 539 1285 611 Numquid
1314 554 1409 612 ego
1440 555 1574 604 sum,
1608 535 1871 589 Domine?
1903 538 1977 590 Ne
2026 547 2106 591 ta-

514 637 690 692 cendo
714 654 771 690 se
796 634 1028 705 prodere
1058 632 1359 699 videretur,
1399 642 1453 685 ct
1482 633 1599 703 ipse
1647 630 1903 683 similiter
1943 631 2109 689 inter-

512 737 689 799 rogat.
740 725 905 797 216
955 738 1116 794 quem
1169 721 1507 777 conscientia
1554 719 1926 791 remordebat,
1960 721 2108 791 “qui

513 832 734 874 manum
758 818 1017 872 audacter
1039 817 1268 872 miserat
1293 814 1347 870 in
1372 815 1681 885 paropside.

586 908 860 980 Numquid
883 925 975 985 ego
1023 925 1158 976 sum,
1209 908 1391 962 rabbt.’
1421 908 1503 961 Ait
1533 906 1614 961 illi
1640 923 1659 961 :
1684 904 1761 961 Tu
1811 907 2009 969 dixisti.
2045 906 2107 961 Et

514 1000 850 1057 blandientis
894 1000 1075 1071 jungit
1101 999 1383 1065 allectum,
1438 1002 1558 1054 sive
1596 998 1993 1057 incredulitatis
2040 998 2112 1052 si—

513 1093 919 1165 gnum.Cmteri
949 1094 1097 1149 enim
1119 1092 1210 1163 qui
1242 1108 1350 1146 non
1374 1100 1528 1147 erant
1560 1091 1855 1161 prodituri,
1879 1089 2069 1149 dicunt
2097 1108 2109 1142 :

517 1184 791 1256 Numquid
815 1202 910 1258 ego
930 1202 1064 1253 sum,
1094 1183 1473 1239 Domine?lste
1501 1185 1595 1253 qui
1624 1182 1943 1253 proditurus
1974 1192 2110 1251 erat,

518 1296 630 1336 non
664 1281 985 1345 Dominum,
1007 1279 1103 1334 sed
1129 1279 1449 1351 magistrum
1473 1287 1653 1346 vocat,
1681 1278 1836 1349 quasi
1881 1292 2113 1333 excusa-

521 1374 729 1429 tionem
761 1373 982 1440 babeat,
1009 1373 1054 1427 si
1083 1370 1321 1427 Domino
1346 1372 1636 1443 denegato,
1669 1373 1861 1428 saltem
1918 1370 2119 1447 magis-

452 1463 465 1476 ’
519 1476 669 1523 trum
691 1467 1015 1537 prodiderit.
1063 1464 1134 1521 Et
1161 1468 1234 1522 ait
1261 1466 1341 1521 illi
1372 1483 1391 1521 :
1421 1465 1500 1520 Tu
1540 1466 1737 1520 dixisti.
1776 1463 1978 1519 Eadem
2026 1479 2117 1520 re-

520 1561 820 1632 sponsione
848 1560 1160 1617 confutatus
1180 1568 1267 1616 est
1294 1559 1564 1631 proditor,
1593 1576 1695 1633 qua
1722 1558 1899 1614 Pilato
1924 1568 2113 1630 postea

522 1666 889 1723 reaponsurus
921 1666 1024 1711 est.

597 1746 777 1821 (Vers.
823 1748 894 1803 26
940 1745 1122 1818 seqq.)
1162 1743 1495 1811 Ccenantibus
1554 1755 1725 1800 autem
1771 1744 1866 1814 eis,
1923 1743 2119 1821 accepit

2218 540 2397 593 omnis
2428 538 2593 593 Pater
2623 553 2820 593 nomen
2873 545 2955 590 cst
3002 534 3144 588 Filii.
3179 534 3338 595 Cum,
3367 535 3608 602 inquam,
3634 531 3843 586 credi-

2214 631 2397 685 derint
2428 630 2481 683 in
2516 631 2681 684 Deum
2730 629 2968 697 Patrem,
3001 639 3053 682 et
3085 625 3374 680 adduxerit
3414 641 3513 679 eos
3556 623 3720 679 Pater
3750 622 3842 677 ad

2216 721 2435 788 Filium,
2473 730 2598 775 tunc
2650 720 2718 776 de
2749 721 2877 785 vino
2932 734 3122 775 eorum
3154 718 3301 777 bibet
3337 704 3619 782 Dominus,
3673 723 3734 773 et
3767 714 3838 773 in

2217 812 2626 877 sfttiilitudinem
2654 811 2857 880 Joscph
2889 826 3123 881 regnans
3173 812 3227 864 in
3275 807 3533 882 Egypto,
3565 805 3838 871 inebria-

2219 908 2364 961 bltur
2385 921 2507 960 cum
2533 905 2793 959 fratribus
2819 905 2933 971 suis
2962 902 3177 975 (Cenes.
3204 904 3380 973 sunt).

2290 997 2474 1070 (Vt-rs.
2500 995 2616 1069 30.)
2645 995 2714 1051 Et
2744 996 2937 1069 hymno
2952 995 3112 1061 dicto,
3133 996 3370 1061 exierunt
3391 994 3443 1049 in
3460 1002 3682 1051 montem
3711 990 3843 1049 0ιὶ-

2217 1089 2335 1153 υειί.
2363 1087 2478 1157 Hoc
2505 1098 2589 1144 est
2617 1087 2759 1163 quod
2794 1089 2847 1157 in
2869 1086 3101 1158 quodam
3126 1086 3335 1157 psalmo
3364 1086 3592 1156 legimus
3617 1102 3629 1138 :
3653 1083 3838 1141 Man-

2218 1182 2535 1255 ducauerunt
2556 1190 2604 1234 et
2631 1181 2981 1236 adoraverunt
3033 1195 3206 1247 omnes
3242 1183 3457 1257 pingues
3498 1187 3649 1232 terra?
3693 1174 3837 1247 (Ps.

2220 1290 2336 1345 xxi,
2365 1274 2481 1346 50).
2516 1272 2681 1330 Juxta
2711 1272 2816 1327 hoc
2846 1272 3177 1350 exemplum,
3226 1272 3316 1345 qui
3345 1271 3646 1337 Salvatoris
3677 1285 3841 1341 pane

2220 1377 2516 1431 saturatos,
2565 1375 2622 1422 et
2643 1367 2814 1422 calice
2838 1366 3142 1421 inebriatus
3172 1366 3350 1431 luerit,
3382 1375 3561 1435 potest
3592 1364 3838 1420 laudare

2222 1460 2515 1527 Dominum
2543 1472 2597 1515 et
2622 1458 2994 1527 conscendere
3024 1458 3078 1512 in
3110 1466 3351 1523 montem
3376 1456 3597 1521 Oliveti,
3625 1457 3718 1511 ubi
3745 1457 3841 1512 la-

2227 1558 2418 1631 borum
2454 1555 2705 1623 reiectio,
2738 1554 3050 1623 dolorisque
3096 1552 3374 1619 δοι.ιῑίιιιιι,
3433 1562 3489 1608 et
3515 1550 3627 1608 veri
3652 1550 3835 1607 lumi-

2224 1650 2307 1706 nis
2333 1649 2520 1715 notitia
2544 1659 2645 1707 est.

2297 1741 2479 1814 (γεγε.
2667 1740 2813 1803 Tunc
2834 1740 2961 1807 digit
2981 1739 3092 1803 illis
3120 1737 3274 1803 Ιϐειιβ
3299 1757 3318 1793 :
3346 1739 3537 1803 Doms:
3562 1756 3650 1795 vos
3670 1756 3838 1795 scan-

434 1846 442 1854 '
522 1838 681 1895 Iesus
707 1857 913 1909 panem,
946 1850 994 1895 et
1029 1839 1294 1894 benedixit
1318 1857 1379 1893 ac
1406 1841 1444 1913 [ι
1458 1840 1582 1911 egit,
1613 1839 1855 1911 deditque
1882 1838 2111 1909 discipn-
2155 1840 2198 1897 Β
2225 1834 2407 1901 datum
2456 1834 2727 1909 patiemini
2769 1833 2823 1895 in
2869 1850 2951 1893 me
2979 1833 3033 1889 in
3061 1833 3161 1891 ista
3178 1843 3348 1897 nocte.
3378 1832 3629 1895 Prtedieit
3675 1831 3835 1901 quod

522 1936 591 1992 lis
619 1938 752 2001 suis,
803 1945 851 1989 et
886 1934 959 1988 ait
991 1951 1009 1988 :
1036 1934 1268 2002 Accipite
1296 1942 1341 1985 et
1367 1934 1638 1995 ratnedite,
1668 1932 1765 1985 hoc
1816 1940 1890 1984 est
1935 1946 2123 2005 corpus

522 2044 712 2081 meum.
744 2023 812 2078 Et
830 2026 1089 2101 accipiens
1112 2025 1347 2091 calicem,
1390 2024 1587 2095 gratias
1609 2024 1734 2094 egit.
1758 2032 1805 2076 et
1828 2022 1969 2076 dedit
1990 2021 2119 2086 illis,

523 2117 699 2172 dicens
728 2132 748 2169 :
775 2116 941 2170 Bibite
970 2133 1035 2170 ex
1077 2115 1174 2170 hoc
1200 2131 1401 2170 omnes.
1453 2113 1556 2167 llic
1610 2123 1683 2167 est
1739 2114 1874 2166 enim
1911 2112 2122 2181 sanguis

524 2225 667 2262 meus
718 2209 834 2262 novi
870 2206 1207 2272 Testamenti,
1249 2209 1338 2278 qui
1371 2222 1466 2274 pro
1520 2206 1697 2261 multis
1732 2203 2028 2273 e/fundetur
2069 2204 2125 2257 in

519 2302 871 2357 remissionem
927 2310 1282 2371 peccatorum.
1335 2298 1685 2371 Postquamb
1721 2298 1957 2369 typicum
1990 2297 2122 2351 Pas-

521 2395 626 2448 cha
662 2391 841 2447 fuerat
865 2392 1177 2461 impletum,
1213 2400 1269 2446 et
1316 2392 1438 2461 agni
1473 2406 1666 2446 carnes
1698 2405 1825 2445 cum
1855 2388 2125 2461 apostolis

524 2483 870 2548 comederat,
904 2485 1132 2538 assumit
1163 2499 1386 2553 panem,
1420 2484 1511 2552 qui
1536 2482 1810 2537 conlortat
1834 2497 1930 2536 eor
1951 2480 2129 2537 homi-

529 2577 639 2643 nis,
685 2584 743 2632 et
790 2574 859 2631 ad
906 2590 1092 2630 verum
1135 2576 1356 2631 Pascha:
1384 2574 1785 2646 transgreditur
1815 2589 2129 2629 sacramen-

524 2674 664 2734 tum,
698 2676 753 2722 ut
783 2665 1059 2738 quomodo
1108 2666 1164 2721 in
1196 2665 1637 2737 prteliguratione
1670 2676 1693 2704 ο
1727 2664 1845 2736 ejus
1902 2665 2129 2720 Melchi-

525 2758 755 2825 sedech,
778 2760 979 2815 summi
1009 2759 1108 2815 Dei
1138 2760 1422 2825 sacerdos,
1463 2774 1657 2831 panem
1681 2766 1737 2814 et
1767 2758 1953 2813 vinum
1999 2757 2127 2811 oll'e-

526 2867 655 2908 rens
681 2853 886 2909 iecerat
911 2849 1121 2925 (Cenes.
1168 2853 1305 2917 xxv),
1338 2852 1453 2920 ipse
1485 2866 1703 2922 quoque
1742 2846 1768 2887 ἀ
1811 2849 1864 2903 in
1898 2849 2129 2904 veritate

521 2948 603 3002 sui
626 2948 872 3017 corporis
891 2953 947 3001 et
963 2946 1242 3016 sanguinis
1259 2953 1702 3015 reprmsentaret.
1742 2943 1797 2999 In
1821 2942 1967 2998 Luca
1996 2942 2128 3012 legi-

527 3052 651 3094 mus
683 3038 823 3094 duos
850 3038 1060 3093 calices
1090 3037 1288 3109 quibus
1318 3038 1606 3111 discipulis
1638 3036 1947 3109 propiaarit
1973 3034 2128 3109 (Luc.

531 3130 687 3201 xm).
730 3129 906 3187 Unum
939 3131 1099 3202 primi
1151 3130 1378 3197 mensis,
1426 3141 1480 3185 et
1509 3131 1746 3185 alterum
1781 3128 2029 3197 secundi,
2077 3137 2135 3183 ut

2226 1927 2436 2001 passuri
2468 1936 2615 1996 sunt,
2651 1935 2708 1987 ut
2732 1971 2746 1997 ,
2799 1941 2921 1993 cum
2957 1925 3101 1999 passi
3132 1926 3359 1989 fuerint,
3395 1940 3499 1987 non
3527 1925 3838 1995 desperent

2224 2018 2477 2084 salutem,
2530 2017 2626 2086 sed
2677 2024 2902 2091 agentes
2952 2017 3356 2089 paenitentiam.
3397 2017 3724 2081 liberentur.
3760 2017 3840 2072 Ει

2227 2110 2508 2180 signanter
2539 2108 2775 2176 addidit,
2804 2111 2858 2164 in
2888 2108 2988 2165 ista
3013 2116 3157 2173 nocte
3179 2106 3483 2171 scandalum
3514 2108 3834 2179 patiemini;

2226 2204 2352 2279 quia
2375 2201 2651 2281 quomodo
2692 2202 2786 2271 qui
2817 2201 3179 2267 inebriantur,
3231 2211 3393 2271 nocte
3441 2199 3786 2261 inebriantnr
3816 2217 3833 2255 :

2181 2299 2184 2303 ’
2228 2294 2311 2359 sic
2347 2305 2401 2350 et
2428 2294 2521 2365 qui
2547 2294 2863 2357 scandalum
2894 2294 3173 2363 patiuntur
3196 2335 3213 2365 ,
3246 2293 3301 2348 in
3329 2302 3489 2350 nocte
3508 2301 3564 2347 et
3592 2293 3646 2347 in
3679 2301 3840 2348 tenev

2230 2389 2343 2445 bris
2371 2390 2640 2453 sustinent
2673 2388 2715 2459 (l
2749 2386 2931 2451 Thess.
2964 2387 3042 2459 v).
3083 2387 3192 2447 Nos
3216 2403 3348 2451 vero
3388 2387 3674 2449 dicamus:
3703 2385 3841 2443 Nox

2232 2484 2513 2554 prwteriit,
2547 2484 2655 2543 dies
2686 2493 2856 2541 autent
2882 2484 3319 2554 apprOpinquavit
3346 2482 3529 2551 (Rom.
3560 2499 3678 2549 xm,
3712 2483 3837 2554 12).

2304 2574 2489 2646 (Yers.
2518 2574 2635 2645 52.)
2679 2574 2947 2643 Scriptum
2975 2583 3050 2633 est
3102 2576 3237 2633 enim
3272 2590 3291 2629 :
3320 2573 3619 2635 Percutiam
3651 2586 3839 2640 pasto-

2232 2683 2364 2731 rem,
2410 2677 2457 2727 et
2485 2666 2847 2739 dispergentur
2867 2682 2983 2723 oves
3011 2668 3203 2740 gregis.
3241 2665 3530 2739 Postquam
3552 2678 3722 2723 autem
3750 2685 3843 2723 re-
3908 2676 3927 2687 ί

2235 2776 2535 2826 διηγείρετο,
2554 2760 2842 2833 prtecetlam
2870 2776 2955 2816 vos
2984 2761 3037 2814 in
3059 2760 3359 2823 Galila’am.
3387 2761 3499 2817 Hoc
3519 2762 3640 2817 aliis
3653 2762 3843 2818 verbis

2235 2853 2289 2917 in
2324 2852 2592 2913 Zacharia
2646 2853 2911 2923 propheta
2942 2852 3200 2923 scriptum
3228 2862 3343 2918 est;
3372 2862 3427 2908 et
3453 2854 3530 2923 (ni
3562 2852 3746 2924 fallor)
3767 2870 3841 2911 ex

2237 2960 2468 3017 persona
2516 2943 2793 3014 prophetae
2833 2944 2900 3003 ad
2932 2944 3105 3007 Deum
3136 2945 3334 3001 dicitur
3364 2963 3377 2999 :
3407 2946 3627 3015 Percute
3654 2956 3844 3016 pasto-

2235 3057 2368 3105 rem,
2400 3049 2447 3095 et
2476 3040 2836 3115 dispergentur
2866 3057 2982 3099 ores
3007 3042 3176 3113 gregis
3200 3041 3384 3113 (Zach.
3408 3058 3523 3109 sui,
3558 3043 3634 3112 7).
3663 3041 3844 3099 Sexa-

2239 3133 2447 3200 gesimo
2472 3147 2690 3201 quoque
2719 3143 2775 3186 et
2803 3139 3000 3202 octauo
3028 3133 3262 3202 psalmo,
3292 3134 3384 3204 qui
3417 3143 3560 3191 totus
3587 3149 3619 3191 a
3645 3133 3841 3189 Domi-

525 3224 619 3294 qui
647 3222 790 3277 inter
818 3232 1037 3278 sanctos
1066 3224 1243 3293 primo
1274 3238 1462 3279 mense
1492 3239 1690 3295 agnum
1720 3222 2011 3277 comedere
2024 3237 2130 3277 non
2161 3223 2205 3284 C
2240 3240 2310 3281 no
2329 3226 2567 3291 canitur,
2600 3224 2727 3283 huic
2754 3226 2937 3299 sensui
2971 3236 3316 3297 congruente
3345 3244 3359 3283 :
3390 3227 3652 3299 Quoniam
3686 3243 3842 3298 quem

526 3318 789 3387 potuerit,
813 3315 1057 3371 secundo
1081 3318 1223 3372 inter
1252 3317 1585 3387 pmoitentes
1612 3316 1826 3375 [nedum
1854 3314 2130 3371 comedat.

600 3409 784 3484 (Vers.
815 3409 934 3491 29.)
977 3409 1109 3465 Dico
1126 3420 1303 3465 autem
1333 3411 1497 3479 vobis,
1528 3427 1631 3464 non
1655 3412 1830 3464 bibam
1850 3408 2039 3462 amodo
2070 3408 2135 3463 de

529 3503 630 3559 hoc
648 3506 907 3578 genlmine
929 3506 1048 3559 ritis
1070 3521 1231 3574 usque
1254 3505 1309 3557 in
1327 3505 1465 3557 diem
1488 3503 1663 3571 illum,
1681 3503 1945 3557 cumillud
1969 3503 2136 3559 bibam

529 3596 791 3651 vobiscum
819 3613 1008 3651 norum
1053 3597 1108 3649 in
1148 3611 1306 3671 regno
1340 3594 1518 3648 Patris
1568 3595 1691 3647 mei.
1723 3594 1799 3651 De
1825 3592 2135 3657 carnalibus

534 3690 736 3742 transit
762 3685 832 3741 ad
860 3686 1189 3755 Spiritnalia,
1239 3687 1381 3755 quod
1413 3686 1569 3739 vinea
1601 3684 1669 3739 de
1694 3683 1934 3756 Egypto
1956 3693 2138 3740 trans-

535 3778 779 3850 plantata
810 3777 883 3830 sit
909 3777 1141 3847 pepulus
1170 3776 1357 3845 Israel,
1383 3774 1473 3830 cui
1510 3792 1605 3843 per
1634 3775 1924 3832 Jeremiam
1951 3775 2137 3830 Domi-

538 3884 641 3925 nus
661 3867 932 3938 loquitur:
966 3866 1078 3939 Ego
1102 3876 1150 3921 te
1175 3866 1408 3938 plantavi
1428 3869 1627 3920 vineam
1659 3882 1851 3934 veram,
1883 3869 2138 3938 quomodo

538 3968 738 4013 mutata
766 3974 818 4012 es
862 3958 917 4012 in
954 3958 1359 4012 amaritudinem
1414 3959 1530 4013 vitis
1580 3959 1769 4017 aliena:
1796 3958 1908 4032 [ΑΙ.
1943 3959 2140 4035 aliena]

538 4049 761 4120 (larem.
791 4066 851 4118 ιι,
883 4046 1015 4121 2i)?
1042 4049 1109 4104 Et
1136 4048 1304 4104 Isaias
1344 4048 1611 4121 propheta
1659 4049 1712 4107 in
1749 4052 1964 4115 cantico
1994 4051 2139 4129 quod

458 4166 467 4173 -
540 4141 746 4196 dilecto
773 4142 945 4206 canit,
972 4151 1027 4194 et
1054 4139 1235 4193 omnis
1284 4143 1514 4210 sparsim
1548 4140 1829 4211 Scriptura
1888 4151 2137 4199 testatur.

543 4234 687 4289 Dicit
735 4249 868 4306 ergo
920 4249 978 4289 se
1015 4232 1280 4291 Dominus
1317 4234 1387 4299 de
1435 4235 1538 4297 liae
1579 4236 1742 4291 vinea
1798 4253 2139 4308 nequaquam

540 4339 664 4382 esse
684 4326 1010 4390 bibiturum,
1032 4326 1138 4382 nisi
1164 4327 1220 4383 in
1243 4343 1410 4397 regno
1433 4327 1615 4383 Patris
1634 4330 1745 4384 sul.
1774 4330 2021 4400 Regnum
2044 4332 2144 4385 Pn-

542 4420 667 4489 tris,
706 4419 867 4493 217
918 4419 1077 4474 ﬁdem
1124 4431 1256 4489 puto
1285 4435 1409 4476 esse
1463 4422 1830 4489 credentium,
1880 4422 2143 4495 Apostolo

544 4528 766 4587 quoque
806 4513 1043 4583 idipsum
1076 4514 1439 4571 conﬁrmante
1466 4531 1479 4568 :
1511 4513 1751 4586 Regnum
1773 4514 1869 4570 Dei
1897 4518 2036 4572 intra
2059 4535 2146 4575 uos

2236 3330 2293 3377 tu
2323 3320 2645 3391 percussisti,
2694 3321 2793 3392 ipsi
2824 3322 3077 3392 persecuti
3131 3330 3272 3379 sunt.
3319 3322 3484 3401 218
3529 3322 3844 3395 Perculitur

2237 3420 2418 3469 autem
2450 3421 2636 3481 pastor
2656 3410 2858 3481 bonus,
2883 3421 2942 3469 ut
2964 3421 3128 3483 ponat
3146 3413 3390 3468 animam
3417 3426 3571 3469 suam
3603 3426 3709 3483 pro
3724 3413 3844 3466 ovi.

2238 3501 2341 3558 bus
2371 3502 2599 3564 suis;et
2626 3500 2697 3563 de
2748 3501 2941 3561 multis
2994 3503 3255 3573 gregibus
3305 3519 3553 3559 errorum
3586 3501 3680 3557 ﬁat
3700 3519 3842 3559 unus

2238 3609 2397 3664 grex,
2421 3603 2478 3657 et
2502 3610 2645 3655 unus
2668 3606 2854 3665 pastor
2879 3594 3065 3668 (Joan.
3097 3595 3178 3667 x).
3209 3597 3287 3653 De
3312 3597 3417 3655 bes
3445 3596 3758 3653 testimonio
3784 3599 3843 3653 in

2241 3684 2454 3754 libello.
2474 3700 2637 3757 quem
2658 3684 2967 3757 deOptimo
2990 3695 3014 3725 θ
3038 3686 3257 3745 Genera
3283 3686 3676 3759 interpretandi
3702 3688 3846 3744 scri-

2244 3777 2475 3848 risimus,
2508 3776 2728 3851 plenius
2753 3777 2958 3835 dictum
2985 3786 3090 3835 est.

2319 3868 2501 3945 (Yers.
2534 3870 2653 3940 55.)
2695 3868 3033 3942 Respondeas
3062 3880 3232 3927 autem
3264 3871 3472 3939 Petrus,
3520 3873 3597 3928 ait
3616 3872 3700 3929 illi
3730 3869 3841 3929 :Et
3902 3920 3910 3925 .

2243 3965 2289 4019 si
2315 3980 2490 4029 omnes
2517 3963 2861 4027 scandalizan'
2885 3966 3079 4037 fuerint
3101 3966 3240 4036 inte,
3268 3982 3365 4038 ego
3393 3981 3675 4035 numquam
3695 3981 3845 4020 scan-

2246 4055 2539 4121 dalizabor.
2571 4055 2688 4121 Non
2732 4068 2818 4117 est
2864 4057 3164 4126 temeritas,
3212 4073 3311 4115 nec
3335 4057 3843 4122 mendacium;sed

2249 4148 2387 4204 ﬁdes
2412 4159 2502 4204 est
2527 4149 2761 4218 apostoli
2795 4148 2962 4218 Petri,
3005 4159 3061 4204 et
3104 4154 3302 4205 ardens
3331 4150 3555 4206 allectus
3583 4164 3710 4221 erga
3739 4149 3843 4204 Do-

2247 4243 2455 4298 minum
2487 4244 2848 4303 Salvatorem.
2883 4243 2951 4296 de
2992 4259 3099 4311 quo
3137 4257 3301 4311 supra
3330 4243 3589 4297 diximus.

2325 4336 2506 4405 (γει-ς.
2549 4336 2667 4403 54.)
2703 4334 2787 4387 Ait
2814 4332 2898 4387 illi
2925 4333 3080 4388 Iesus
3106 4348 3125 4387 .°
3147 4336 3308 4387 Amen
3348 4334 3463 4387 dico
3487 4334 3600 4401 tibi,
3632 4334 3754 4403 quia
3785 4335 3841 4389 in

2251 4431 2347 4483 hoc
2378 4439 2526 4483 nocte
2550 4438 2823 4498 araequam
2868 4429 3042 4500 gallus
3067 4439 3257 4496 cantet,
3295 4439 3369 4482 ter
3395 4445 3473 4486 me
3515 4428 3742 4502 negabis.
3773 4429 3844 4487 lit

2250 4521 2445 4577 Petrus
2469 4521 2537 4576 de
2567 4519 2763 4575 ardore
2794 4520 2921 4575 lidei
2946 4521 3323 4589 promittebat,
3352 4530 3407 4574 et
3433 4520 3684 4575 Salvator
3710 4537 3843 4590 qun-

540 4613 615 4663 est
649 4602 798 4678 (Luc.
828 4619 958 4668 xvtt,
985 4604 1105 4673 2i).
1147 4605 1291 4674 Ergo
1332 4620 1458 4661 cum
1487 4603 1662 4661 Judasi
1708 4610 2019 4678 receperint
2056 4625 2143 4665 re-
2175 4603 2229 4665 D
2253 4612 2301 4667 si
2332 4612 2477 4668 Deus
2510 4612 2687 4667 futura
2720 4622 2965 4667 noverat.
3001 4612 3071 4666 Et
3097 4622 3222 4667 nota
3246 4613 3389 4684 quod
3422 4612 3612 4668 Petrus
3636 4612 3692 4668 in
3721 4630 3846 4667 not:-

619 4753 645 4781 ἰ
679 4743 977 4801 Prmlerunt
1005 4756 1138 4800 mss.
1170 4742 1341 4813 nostri
1371 4756 1588 4805 omnes.
1609 4744 1752 4813 quia.

620 4814 650 4855 ι’
677 4816 755 4872 Es
808 4816 912 4869 hoc
963 4814 1085 4869 loco
1117 4828 1282 4879 argue
1310 4810 1639 4877 imperitiam
1670 4814 1823 4869 scioli
1850 4814 2153 4884 t-ujusdam,

549 4889 638 4959 qui
665 4904 772 4941 non
803 4888 923 4955 vult
952 4884 1294 4959 Salvatorem
1336 4885 1461 4952 agili
1504 4899 1699 4959 carnes
1743 4904 1863 4939 cuto
1889 4889 2155 4951 apostolis

550 4956 877 5019 comedisse,
907 4974 1004 5012 nec
1035 4958 1237 5025 pascha
1272 4958 1515 5027 typicnm
1547 4956 1874 5011 et'lebra~se.
1901 4959 2080 5011 Mur.

626 5034 649 5061 ο
673 5029 814 5085 Tres
846 5028 1071 5083 Palatini
1099 5027 1259 5079 codd.
1293 5027 1625 5092 θκςιιθηεὶιινί
1668 5043 1858 5092 sensu,
1888 5030 1955 5081 ei.
2005 5029 2155 5084 Unus

554 5102 843 5158 liet'ceusis
874 5112 1046 5169 penes
1076 5096 1324 5151 Martian.
1353 5098 1686 5151 sacramenti.

623 5169 653 5211 ει
686 5176 854 5225 Antea
882 5168 1024 5223 erat
1080 5168 1344 5231 veritatem
1374 5183 1393 5220 :
1419 5169 1571 5220 nobis
1618 5183 1749 5223 mss.
1797 5169 2037 5223 omnium
2090 5172 2153 5226 li-

550 5246 675 5299 dem
728 5241 881 5310 sequi
919 5239 1176 5306 'placuit,
1233 5253 1395 5291 sensu
1444 5239 1637 5310 eodem
1679 5251 2054 5308 pertnanvnte.
2087 5243 2155 5296 dc

552 5314 785 5369 veritate
811 5309 944 5383 (non
981 5311 1179 5383 ﬁgura,
1223 5317 1280 5383 ut
1311 5309 1497 5383 miseri
1544 5309 1785 5383 haeretici
1814 5312 2157 5383 recentiores

552 5385 795 5455 proiecta
823 5379 1149 5455 itemetitate
1180 5379 1633 5455 calumniantur)
1665 5381 1915 5455 corporis
1950 5393 2007 5437 es
2032 5400 2156 5437 san-

548 5450 863 5528 iuiuis‘sui,
896 5468 1061 5528 quain
1088 5452 1139 5503 in
1169 5464 1304 5528 pane
1330 5464 1393 5528 ac_
1428 5452 1554 5528 vino
1576 5450 1826 5528 Clarittus
1855 5466 2158 5528 Γορτςνξειη-

551 5520 704 5582 favit.
740 5522 948 5580 Placuit
994 5523 1158 5577 etiam
1215 5520 1332 5573 hzre
1376 5521 1558 5585 lectio,
1591 5523 1731 5589 qttt'ul
1779 5523 2157 5590 superioribus

549 5598 602 5670 in
631 5594 1077 5670 pra'ﬁguratione,
1095 5608 1160 5646 ex
1190 5592 1434 5670 adversi:
1452 5591 1984 5670 respondeat._—-_In
2018 5593 2151 5670 (luo-

549 5661 654 5722 bus
677 5661 837 5721 codd.
874 5680 1010 5719 mss.
1043 5663 1361 5717 monasterii
1396 5661 1691 5716 Beccensis
1718 5677 1773 5717 et
1804 5664 1865 5717 S.
1903 5664 2046 5716 Petri
2068 5678 2157 5718 su-

550 5753 648 5808 per
676 5736 867 5808 Dtvam
887 5737 1007 5789 haec
1041 5734 1295 5808 leguntur
1326 5749 1338 5784 :
1366 5732 1489 5802 Ipse
1528 5749 1727 5808 quoque
1751 5735 1805 5788 in
1822 5734 2051 5808 Averitute
2079 5734 2162 5808 sui

553 5804 789 5884 corporis
814 5814 867 5863 ct
888 5804 1166 5876 sanguinis
1190 5812 1583 5877 representare.
1604 5804 1787 5865 Habes
1819 5806 2002 5879 itaque
2021 5805 2165 5863 veri-

2259 4758 2425 4803 tatem
2458 4749 2707 4819 eorporis
2737 4757 2793 4803 et
2817 4747 3343 4820 sanguinisCliristi,
3371 4762 3476 4801 non
3507 4747 3679 4820 solam
3712 4745 3845 4813 ﬂau-

2261 4827 2450 4874 tamet
2482 4817 2677 4873 nudam
2714 4817 2981 4883 umbram,
3013 4830 3062 4870 ut
3091 4817 3379 4888 impudens
3402 4820 3594 4888 dogma
3617 4817 3845 4872 Nox-att:-

2261 4907 2377 4943 rum
2411 4890 2565 4943 docet
2615 4892 2876 4943 adversus
2927 4891 3245 4944 Ervlesiam.
3288 4890 3480 4944 Nescio
3558 4904 3624 4942 an
3664 4898 3843 4959 posrot

2259 4959 2420 5015 hodie
2460 4964 2592 5012 lidos
2623 4962 2886 5013 catholica
2941 4960 3287 5013 manifvstius
3319 4962 3514 5025 exlioni
3566 4976 3725 5027 quam
3762 4962 3843 5014 llic

2257 5045 2285 5083 a
2316 5030 2374 5085 S.
2406 5032 2735 5103 Hieronymo
2759 5032 2855 5084 luit
2888 5034 3149 5103 t‘rXpttSllil.
3181 5030 3334 5086 Unde
3358 5034 3548 5103 mirum
3583 5030 3711 5083 milii
3740 5047 3842 5085 non

2258 5112 2364 5165 8st,
2396 5103 2440 5155 si
2474 5100 2625 5157 tanto
2671 5102 2969 5170 supercilio
3012 5102 3393 5172 llieitmymnm
3444 5100 3845 5157 ealomnicntur

2260 5173 2523 5231 haeretici.
2561 5173 2863 5241 pra~srrtim
2897 5171 3136 5240 imperiti
3182 5171 3386 5225 clerici.
3421 5172 3599 5225 Μιιιιτ.

2333 5252 2356 5280 ε
2388 5243 2637 5311 Epistula
2692 5244 2743 5296 in
2797 5252 2980 5296 nostra
3036 5243 3353 5296 recensione
3384 5244 3473 5296 57.
3524 5241 3680 5295 Libet
3720 5256 3842 5297 vero

2261 5315 2399 5383 ipsa,
2430 5313 2626 5382 quibus
2652 5316 3027 5369 testimonium
3055 5313 3188 5367 illud
3219 5313 3530 5383 edisseruit.
3556 5312 3717 5383 verba
3749 5317 3838 5367 tle-

2261 5381 2505 5439 s'cribere
2532 5403 2544 5437 :
2571 5383 2636 5438 In
2669 5384 2923 5438 Mattha’o
2951 5385 3191 5452 legimus,
3236 5381 3516 5435 Dominum
3566 5382 3843 5443 pradicet!-

2262 5466 2360 5508 tcm
2384 5455 2653 5520 Apostolis
2683 5456 2884 5525 fugam,
2912 5454 3079 5509 ethoc
3117 5456 3283 5524 ipsum
3323 5452 3593 5525 Zachariae
3623 5454 3843 5525 testimo-

2265 5526 2351 5579 nio
2398 5523 2790 5596 conﬁrmantem
2819 5544 2837 5581 :
2865 5523 3144 5593 Scriptum
3170 5535 3274 5596 est,
3292 5528 3387 5588 ait,
3422 5523 3726 5596 Pereutiam
3753 5540 3841 5594 ιιι-

2266 5594 2569 5655 ειθιηπιιιζθι
2593 5598 2976 5666 όιερθιαθιιιιιι·
2992 5610 3139 5649 oves.
3158 5596 3220 5647 At
3246 5595 3303 5647 in
3333 5594 3696 5666 Septuaginta,
3724 5596 3838 5666 etin

2274 5665 2493 5723 Hebraeo
2515 5663 2852 5722 multo—aliter
2870 5683 2888 5732 ;
2906 5683 3011 5720 non
3033 5667 3167 5734 enim
3188 5682 3251 5719 ea:
3273 5663 3489 5734 persona
3512 5663 3609 5717 Dii
3634 5664 3836 5732 dicitur,

2270 5746 2325 5795 tu
2350 5735 2685 5810 Euangeligta
2723 5739 2830 5795 vult
2855 5755 2871 5792 :
2898 5736 2989 5791 sed
3015 5750 3078 5787 ex
3097 5732 3377 5810 Propheta
3423 5732 3593 5788 Deam
3640 5734 3840 5795 Patrem

2271 5804 2522 5881 rogantis
2553 5807 2827 5867 :Percute
2868 5813 3165 5881 pastorem,
3193 5812 3250 5863 et
3274 5804 3654 5880 dispergeutur
3691 5818 3836 5871 oves.
