4044 6374
541 345 646 411 199

1781 345 1839 403 S.
1884 338 2151 403 l-USEBll
2190 339 2573 401 lllEllONYlll

3733 333 3868 397 '100

540 463 749 525 tionem
779 468 995 539 penitus
1022 458 1347 531 refutantes,
1397 455 1490 515 sed
1550 461 1692 516 vires
1731 459 2028 515 sustinendi
2082 460 2135 514 in
2167 465 2219 523 Α
2315 460 2497 529 (Vcrs.
2525 459 2646 528 49.)
2670 455 2739 512 Et
2763 448 3033 530 confestim
3058 447 3306 510 accedens
3334 454 3403 509 ad
3431 454 3631 520 Iesum,
3662 454 3815 512 dixit
3843 473 3870 512 :

549 560 945 617 tentationibus
972 557 1349 626 deprecantes.
1386 552 1529 622 Ergo
1556 562 1609 607 ct
1635 553 1688 606 in
1731 554 2139 621 prmsentiarnm

550 669 661 709 non
685 656 757 705 ait
784 668 797 704 :
836 650 1058 720 Vigilare
1101 658 1146 699 et
1176 655 1346 709 orate,
1379 660 1440 697 ne
1465 632 1771 709 tentemini;
1801 646 1892 699 sed
1911 686 1925 709 ,
1969 662 2031 697 ne
2056 645 2141 697 in-

546 748 690 799 tretis
715 744 771 797 in
795 743 1153 806 tentationcm,
1188 738 1293 792 hoc
1313 749 1422 803 est,
1446 753 1515 792 ne
1537 738 1767 792 tentatio
1795 752 1893 790 vos
1921 745 2146 806 superet

551 851 608 890 et
634 834 838 901 vincat,
862 839 919 888 et
942 844 1039 885 vos
1066 833 1205 883 intra
1236 843 1422 884 casses
1454 844 1584 883 suos
1610 838 1810 883 teneat.
1840 828 2002 883 Verbi
2025 844 2146 899 gra-

548 928 621 982 tia
646 941 662 981 :
692 924 917 997 Martyr,
947 924 1043 995 qui
1069 937 1168 994 pro
1196 921 1545 977 confessione
1576 921 1787 976 Domini
1827 923 2142 991 sanguinem

558 1021 756 1088 fundit,
792 1028 1038 1074 tentatus
1064 1017 1282 1089 quidem
1329 1026 1445 1081 est;
1491 1016 1587 1069 sed
1633 1017 1992 1069 tentatiouum
2033 1012 2142 1086 [ΑΙ.

552 1110 895 1186 teutatinnis]
920 1114 1126 1167 retibus
1154 1126 1264 1166 non
1296 1111 1510 1179 ligatur.
1545 1110 1646 1177 Qui
1676 1116 1854 1163 autent
1884 1120 2063 1178 negat,
2091 1108 2144 1159 in

563 1206 754 1278 plagas
776 1205 1091 1260 tentationis
1129 1203 1380 1259 inettrrit.

627 1296 860 1369 Spiritus
888 1294 1100 1366 quidem
1131 1302 1400 1364 promptus
1429 1300 1504 1346 est
1522 1333 1537 1355 ,
1563 1307 1683 1346 caro
1712 1300 1882 1346 antem
1912 1291 2143 1355 inﬁrma.

567 1391 681 1444 lloc
704 1387 993 1443 adversum
1023 1386 1366 1449 temerarios,
1392 1385 1484 1455 qui
1512 1384 1770 1454 quidquid
1794 1382 2145 1447 crediderint,

568 1491 759 1551 putant
779 1494 839 1533 se
863 1492 1025 1548 posse
1054 1477 1338 1547 coiisequi.
1363 1477 1546 1544 Itaque
1575 1483 1837 1545 quantum
1862 1474 1930 1527 de
1955 1475 2151 1528 ardore

560 1577 765 1630 tuentis
794 1573 1144 1637 conﬁdimus,
1177 1579 1387 1625 tantum
1437 1572 1504 1623 de
1546 1572 1724 1624 carnis
1760 1568 2046 1638 lragilitate
2080 1566 2149 1620 ti-

564 1682 831 1724 meatnus.
876 1665 983 1720 Sed
1029 1676 1209 1718 tamen
1250 1664 1399 1731 juxta
1442 1661 1797 1729 Apostolum,
1856 1675 1908 1712 in
1955 1661 2153 1728 spiritu

565 1760 751 1815 carnis
773 1773 935 1829 opera
967 1755 1367 1811 morttlirantur
1393 1756 1447 1824 (l
1481 1753 1626 1807 l’etr.
1656 1756 1769 1820 tu).

2243 549 2365 611 Are.
2401 550 2583 604 Ιξιιθῖτὶ.
2620 547 2686 603 Et
2716 551 2981 603 osculatus
3006 560 3080 602 est
3112 565 3246 601 eum.
3282 547 3572 619 lmpndeus
3614 550 3864 616 quidem

2246 652 2301 696 et
2337 644 2603 698 scelerata
2650 643 3004 706 conﬁdentia,
3060 644 3380 711 magistrum
3411 658 3634 710 vocare,
3669 653 3729 697 ct
3762 658 3873 697 os-

2247 737 2430 791 culum
2479 737 2528 791 ei
2580 738 2853 807 ingerere,
2903 751 3063 805 quem
3107 735 3377 790 tradebat.
3407 734 3611 790 Tamen
3659 734 3874 789 adhuc

2248 828 2450 898 aliquid
2484 829 2648 885 habet
2675 831 2743 885 de
2770 831 3099 885 verecundia
3127 830 3401 899 discipuli,
3427 844 3553 885 cum
3578 845 3687 885 non
3718 845 3867 885 eum

2191 976 2206 997 ι
2247 922 2424 991 palam
2456 922 2622 975 tradit
2653 923 3121 992 persecutoribus,
3155 923 3248 978 sed
3279 938 3376 993 per
3403 924 3617 991 signum
3645 922 3867 978 osculi.

2249 1014 2364 1067 lloc
2394 1025 2473 1068 est
2498 1015 2733 1083 signum,
2757 1015 2906 1084 quod
2942 1014 3125 1082 posuit
3153 1016 3295 1068 lleus
3336 1015 3390 1067 in
3432 1014 3591 1078 Cain,
3624 1029 3696 1069 ne
3722 1013 3870 1083 qui-

2249 1122 2483 1175 cumque
2512 1106 2833 1167 invenisset,
2863 1107 3198 1161 interﬁceret
3217 1122 3339 1161 eum
3374 1104 3585 1177 (Cenes.
3616 1106 3720 1177 tv).

2324 1198 2508 1269 (Vers.
2540 1199 2662 1266 50.)
2713 1198 2959 1269 Dixitque
2998 1197 3079 1251 illi
3125 1195 3283 1251 Iesus
3312 1213 3332 1252 :
3358 1197 3550 1258 Amice.
3603 1197 3675 1251 ad
3724 1197 3869 1269 quid

2250 1291 2470 1343 venisti?
2502 1288 2645 1343 Tunc
2674 1300 2997 1343 accesserunt
3037 1300 3085 1343 et
3131 1304 3318 1343 manus
3355 1290 3647 1361 injecerunt
3675 1289 3734 1342 in
3760 1289 3866 1342 Ie-

2253 1398 2364 1434 sum
2383 1422 2397 1447 ,
2423 1389 2472 1434 et
2491 1389 2760 1434 tenuerunt
2790 1397 2929 1434 eum.
2965 1380 3220 1444 Verbum,
3247 1380 3444 1442 Amice,
3476 1381 3563 1434 vel
3593 1382 3732 1436 κατὰ
3763 1383 3862 1436 ἀν-

2253 1476 2492 1548 τίφρασιν
2519 1473 2958 1542 intelligendum,
2980 1472 3062 1526 vel
3092 1484 3244 1527 certe
3268 1473 3420 1540 juxta
3442 1470 3573 1526 illud
3602 1474 3749 1543 quod
3770 1490 3864 1529 su-

2257 1581 2354 1631 pra
2382 1566 2615 1633 legimns
2650 1582 2664 1621 :
2697 1566 2893 1634 Amice,
2927 1564 3184 1635 quomodo
3211 1567 3314 1618 huc
3348 1566 3579 1634 intrasti,
3612 1583 3717 1619 non
3759 1565 3863 1620 Ita-

2257 1660 2376 1712 bens
2397 1668 2583 1713 vestem
2614 1659 2901 1723 nuptialem
2926 1657 3108 1730 (Matt.
3139 1674 3269 1722 uti,
3305 1658 3432 1728 £2)?

2328 1752 2508 1821 (Vers.
2527 1753 2644 1820 51.)
2666 1751 2732 1805 Et
2754 1768 2869 1805 erce
2896 1769 3031 1806 unus
3052 1768 3117 1805 ea:
3142 1750 3250 1816 Itis,
3272 1752 3364 1823 qui
3382 1762 3531 1807 erant
3559 1768 3675 1806 cum
3695 1751 3858 1818 Iesu,

637 1852 820 1926 (Vers.
856 1850 968 1920 62.)
996 1851 1197 1902 lterum
1225 1846 1455 1902 secundo
1481 1846 1605 1899 abiit
1634 1856 1681 1899 et
1710 1844 1874 1899 oravit
1892 1884 1908 1907 ,
1941 1843 2153 1898 dicens:
2185 1843 2234 1904 B
2261 1846 2420 1916 222
2446 1844 2726 1898 extendens
2756 1859 2971 1897 manum
2990 1844 3174 1898 exemit
3200 1843 3436 1917 gladium
3463 1861 3634 1908 suum,
3656 1855 3707 1898 et
3730 1860 3860 1913 per-

566 1941 731 1999 Patcr
760 1942 869 2009 mi,
900 1941 943 1995 si
987 1956 1088 1993 non
1129 1949 1292 2011 potest
1333 1938 1418 1990 hic
1455 1937 1595 1991 ralia:
1620 1936 1845 1990 transire
1864 1935 1964 1989 nisi
1991 1935 2161 1987 bibam

569 2037 742 2104 illum,
777 2034 869 2101 ﬁat
909 2031 1145 2086 voluntas
1175 2042 1286 2083 tua.
1319 2028 1577 2084 Secundo
1601 2041 1746 2095 orat,
1791 2043 1850 2081 ut
1885 2028 1929 2081 si
1968 2026 2161 2082 Ninive

567 2128 730 2183 aliter
752 2126 955 2182 salvari
981 2141 1086 2179 non
1119 2132 1320 2194 potest,
1354 2123 1456 2176 uisi
1486 2120 1696 2176 aruerit
1725 2119 2027 2185 cucurbita,
2071 2120 2162 2172 llat

577 2221 828 2275 voluntas
856 2219 1034 2274 Patris
1057 2261 1072 2285 ,
1106 2233 1226 2286 qua
1268 2232 1375 2270 non
1411 2224 1495 2270 est
1519 2216 1789 2269 contraria
1820 2213 1936 2267 Filii
1971 2214 2163 2266 vnlttn-

572 2313 687 2374 tati,
716 2309 932 2365 dicente
957 2310 1077 2376 ipso
1107 2324 1201 2377 per
1231 2307 1551 2378 prophetam
1581 2326 1593 2361 :
1631 2304 1696 2360 Ut
1730 2306 1951 2377 [acerem
1978 2303 2163 2357 volun-

572 2412 728 2457 tatem
769 2416 935 2467 tuam,
969 2400 1112 2454 Deus
1139 2417 1299 2457 meus.
1331 2399 1466 2453 rolui
1495 2398 1616 2470 (Ps.
1652 2412 1838 2458 xxxix,
1860 2395 1938 2467 9).

645 2494 828 2567 (Vt-rs.
854 2495 945 2560 45,
978 2491 1101 2560 44.)
1133 2491 1200 2545 Et
1227 2494 1360 2545 venit
1384 2493 1598 2558 iterum,
1633 2501 1678 2543 et
1706 2491 1901 2544 invenit
1930 2505 2015 2543 eos
2045 2487 2170 2541 dor-

573 2590 811 2641 mientes.
855 2584 1020 2640 Erant
1056 2584 1192 2638 enim
1223 2583 1357 2637 oculi
1414 2599 1594 2637 eorum
1628 2583 1847 2651 gravati.
1879 2579 1949 2635 Et
1979 2579 2170 2635 relictis

580 2680 711 2747 illis,
741 2681 929 2732 iterum
957 2676 1104 2740 abiit,
1136 2686 1184 2729 et
1219 2676 1381 2728 oravit
1408 2674 1587 2739 tertio,
1616 2674 1853 2727 eumdem
1885 2687 2170 2726 sermonem

577 2772 773 2825 dicens.
806 2769 970 2822 Solus
999 2776 1122 2821 orat
1154 2782 1250 2834 pro
1276 2765 1551 2830 omnibus,
1583 2763 1727 2819 sicut
1763 2776 1816 2818 et
1853 2763 2001 2817 solus
2027 2762 2169 2830 pati-

580 2872 668 2917 tur
699 2863 860 2933 221
905 2875 1002 2930 pro
1053 2858 1343 2913 universis.
1394 2857 1839 2926 Languescebant
1885 2869 2065 2909 autem
2115 2861 2174 2908 et.

580 2960 1039 3025 opprimebantur
1069 2949 1441 3021 apostolorum
1472 2948 1615 3003 oculi
1648 2945 1939 3017 negatione
1970 2946 2170 3000 vicina.

653 3045 835 3119 (Vers.
861 3042 985 3113 45.)
1014 3042 1160 3097 Tunc
1196 3041 1332 3096 venit
1369 3042 1439 3095 ad
1476 3040 1764 3111 discipulos
1793 3056 1944 3101 suos,
1974 3049 2024 3093 ct
2045 3037 2173 3092 dicit

575 3135 686 3191 illis
714 3151 734 3190 :
767 3133 1001 3188 Dorntite
1021 3136 1164 3206 jam,
1190 3143 1241 3186 et
1265 3133 1568 3204 requiescite
1595 3147 1612 3185 :
1636 3147 1750 3185 ecce
1778 3132 2172 3203 apprOpinqua-

581 3232 648 3281 t'il
682 3230 833 3293 liora,
864 3235 913 3280 et
934 3223 983 3278 F
984 3226 1106 3280 ilius
1130 3223 1354 3279 hominis
1382 3226 1614 3278 tradetur
1640 3226 1693 3277 in
1725 3240 1909 3277 manus
1941 3230 2176 3295 peccato-
2203 3206 2252 3273 C

580 3336 696 3374 rum
731 3315 947 3390 (Matth.
994 3331 1126 3371 xvtu
1170 3325 1227 3370 et
1265 3316 1308 3370 ll
1338 3314 1457 3370 Cor.
1508 3318 1647 3384 xm).
1686 3316 1977 3385 Postquam
2014 3313 2175 3369 tertio

586 3420 875 3475 oraverat,
907 3417 963 3463 ut
996 3407 1049 3461 iu
1073 3423 1170 3462 ore
1194 3407 1425 3461 duorum
1450 3409 1533 3461 vel
1567 3407 1728 3461 trium
1764 3406 1979 3461 testium
2005 3415 2180 3461 staret

584 3516 747 3557 omne
779 3500 1039 3564 verbum,
1089 3509 1146 3555 et
1199 3498 1574 3570 apostolorum
1625 3499 1878 3555 timorem
1928 3499 2177 3569 sequenti

582 3595 902 3665 paenitentia
947 3590 1782 3663 impetraveratcorrigendum,
1832 3605 2061 3649 securus
2109 3590 2179 3645 de

585 3686 842 3757 passione
871 3699 967 3738 sua
1002 3684 1181 3753 pergit
1205 3683 1271 3736 ad
1312 3693 1716 3753 persecutores,
1740 3693 1794 3736 et
1822 3683 1966 3737 ultro
1997 3698 2059 3738 se
2089 3682 2176 3737 in-

581 3776 960 3835 terﬁciendum
992 3775 1218 3845 praebet,
1251 3774 1491 3843 dicitque
1513 3773 1795 3842 discipulis
1823 3776 1937 3828 suis
1967 3790 1984 3829 :

656 3869 840 3943 (Vers.
863 3867 957 3930 46,
990 3863 1111 3936 4⁵1.)
1136 3864 1370 3934 Surgite,
1390 3879 1597 3927 eamus,
1628 3880 1744 3918 ecce
1788 3866 2182 3937 apprOpinqua-

584 3962 650 4016 νει
682 3962 772 4032 qui
797 3975 880 4013 me
910 3957 1101 4011 tradet.
1130 3956 1316 4011 Adhuc
1345 3971 1405 4010 eo
1430 3955 1685 4027 loquente,
1708 3972 1826 4011 ecce
1842 3955 2017 4011 Iudas
2045 3975 2181 4013 unus

587 4054 651 4108 de
674 4051 949 4106 duodecim
978 4049 1138 4115 venit,
1178 4058 1226 4102 et
1254 4064 1373 4102 cum
1394 4064 1454 4101 eo
1478 4047 1628 4101 turba
1649 4050 1815 4103 multa
1841 4065 1957 4103 cum
1986 4050 2183 4123 gladiis

586 4157 638 4201 et
666 4144 914 4217 fustibus,
937 4142 1079 4195 missi
1103 4158 1135 4193 a
1154 4141 1475 4212 principibus
1502 4140 1851 4206 sacerdotum,
1879 4154 1929 4195 et
1957 4144 2182 4197 seniori-

587 4243 680 4291 bus
712 4234 914 4307 populi.
954 4233 1032 4289 Ne
1069 4247 1170 4286 nos
1198 4232 1477 4285 inveniant
1508 4232 1665 4301 quasi
1688 4234 1944 4287 timentes
1970 4242 2027 4289 et.
2048 4243 2073 4271 ι
2095 4250 2185 4290 re-

590 4331 892 4394 trahentes,
928 4326 1073 4380 ultro
1105 4340 1399 4395 pergamus
1427 4324 1494 4377 ad
1529 4335 1785 4393 mortem,
1820 4335 1876 4381 ut
1900 4327 2182 4384 conliden-

590 4431 719 4477 tiam
745 4430 801 4475 et
823 4418 1081 4490 gaudium
1116 4414 1337 4486 passuri
1368 4415 1606 4470 videant.

665 4513 850 4584 (Vers.
883 4508 1001 4581 48.)
1035 4508 1135 4575 Qui
1180 4515 1349 4560 autem
1380 4508 1599 4561 tradidit
1622 4523 1761 4574 eum,
1792 4508 1933 4563 dedit
1955 4508 2061 4563 illis
2081 4510 2187 4582 sig-

2262 1939 2460 1990 rutiens
2486 1952 2687 1989 servum
2719 1935 2969 2006 principis
2993 1936 3353 2005 sacerdotum,
3385 1936 3676 2007 amputavit
3709 1938 3864 1991 auri-

2263 2031 2432 2084 culum
2465 2031 2601 2101 ejus.
2634 2027 2692 2083 ln
2724 2028 2832 2082 alio
2861 2027 3196 2096 evangelista
3226 2027 3337 2101 [AL
3366 2026 3686 2102 EVangelio]
3722 2031 3864 2085 scri—

2264 2131 2415 2191 ptum
2447 2129 2562 2181 est,
2593 2119 2735 2190 quod
2765 2118 2958 2175 Petrus
3011 2120 3116 2175 hoc
3165 2120 3352 2175 iecerit
3374 2163 3391 2187 ,
3427 2119 3620 2177 eodem
3658 2120 3865 2175 mentis

2266 2211 2463 2265 ardore
2490 2225 2601 2280 quo
2646 2222 2866 2266 caetera.
2896 2210 3097 2266 Servus
3146 2225 3361 2280 quoque
3388 2212 3644 2281 principis
3669 2225 3864 2266 sacer-

2267 2307 2455 2358 dotum
2500 2302 2742 2357 Malchns
2773 2303 3078 2373 appellatur
3104 2301 3210 2376 [ΑΙ.
3239 2303 3635 2378 appellibatur]
3663 2323 3679 2360 :
3710 2305 3869 2360 auri-

2268 2399 2386 2448 rnla
2419 2411 2542 2466 quae
2564 2406 2897 2465 amputatur,
2921 2395 3145 2451 dextera
3169 2405 3274 2451 est.
3308 2397 3640 2453 Transiturie
3671 2397 3871 2453 dicen-

2268 2491 2431 2548 dum.
2463 2488 2608 2558 quod
2641 2489 2907 2555 Malchus,
2944 2490 2994 2542 id
3039 2502 3115 2544 est
3140 2531 3157 2556 ,
3187 2507 3280 2545 rea:
3320 2492 3590 2561 quomlam
3627 2482 3871 2561 populus

2270 2582 2605 2647 theornm,
2628 2596 2820 2637 servus
2843 2581 3015 2636 factus
3045 2581 3116 2636 sit
3136 2581 3431 2651 impietatis
3455 2594 3510 2638 et
3546 2585 3871 2638 dei-oratio-

2274 2678 2357 2730 nis
2385 2674 2749 2730 sacerdotum.
2784 2674 3183 2745 Dexteramque
3207 2675 3507 2745 perdiderit
3539 2675 3865 2742 auriculam,

2272 2778 2332 2823 ut
2356 2767 2382 2805 δ
2413 2777 2579 2822 totam
2611 2767 2807 2823 litterae
2855 2768 3118 2822 vilitatem
3163 2768 3348 2821 amliat
3376 2768 3430 2822 in
3463 2769 3684 2824 sinistra
3715 2784 3731 2820 :
3762 2770 3866 2824 sed

2277 2860 2539 2914 Dominus
2576 2859 2629 2914 in
2661 2857 2782 2926 his,
2832 2859 2922 2928 qui
2953 2874 3020 2913 ex
3048 2857 3255 2914 Iudaeis
3286 2859 3509 2915 credere
3547 2860 3865 2927 voluerunt,

2273 2951 2512 3007 reddidit
2554 2965 2741 3006 aurem
2789 2949 3061 3018 dextram,
3094 2959 3149 3006 et
3175 2952 3305 3007 fecit
3325 2966 3543 3008 servum
3566 2967 3734 3024 genus
3769 2967 3867 3009 re-

2274 3044 2395 3116 gale
2420 3052 2475 3098 et
2497 3042 2863 3099 sacerdotale.

2352 3135 2532 3209 (Vers.
2562 3134 2679 3206 52.)
2709 3134 2855 3191 Tunc
2880 3137 2955 3192 ait
3000 3137 3083 3192 illi
3119 3124 3274 3192 Iesus
3297 3154 3317 3192 :
3354 3136 3603 3193 Converte
3629 3138 3868 3212 gladium

2283 3239 2425 3282 tuum
2452 3228 2507 3283 in
2533 3226 2702 3283 locum
2725 3244 2897 3284 suum.
2931 3212 3121 3284 Ornnes
3159 3231 3297 3286 enim
3324 3232 3417 3302 qui
3437 3233 3728 3305 acceperint
3750 3234 3871 3306 gla-

2276 3320 2445 3386 dium,
2470 3319 2649 3393 gladio
2677 3320 2942 3389 peribunt.
2973 3320 3043 3377 Et
3089 3322 3135 3377 si
3181 3336 3289 3378 non
3313 3323 3513 3379 frustra
3543 3333 3725 3396 portat
3749 3325 3870 3396 gls-

2276 3412 2427 3467 dium
2449 3452 2465 3478 ,
2509 3412 2602 3482 qui
2641 3414 2785 3467 ultor
2823 3412 3117 3468 Dominicte
3160 3412 3258 3468 ira:
3284 3416 3494 3484 positus
3519 3415 3679 3470 estin
3707 3430 3863 3486 eum,

2278 3504 2370 3573 qni
2421 3504 2619 3557 malum
2649 3516 2908 3572 operatur
2938 3521 2953 3559 :
2987 3513 3225 3562 attamen
3254 3506 3583 3579 quicumque
3627 3507 3868 3580 gladium

2278 3594 2604 3662 sumpserit,
2637 3592 2822 3664 gladio
2849 3595 3068 3665 peribit.
3101 3596 3221 3665 Quo
3263 3597 3486 3666 gladio?
3540 3599 3637 3654 illo
3676 3615 3871 3673 nempe

2279 3688 2367 3755 qui
2415 3686 2604 3756 igneus
2646 3688 2880 3743 vertitur
2919 3696 3045 3744 ante
3086 3689 3395 3759 paradisum
3420 3690 3634 3764 (Cenes.
3663 3691 3744 3764 tu)
3769 3710 3784 3749 :
3810 3703 3872 3750 et

2279 3777 2460 3846 gladio
2513 3774 2769 3847 spiritus,
2816 3780 2908 3851 qui
2958 3779 3014 3835 in
3079 3780 3178 3837 Dei
3226 3779 3558 3839 describitur
3596 3796 3872 3843 armatura

2282 3868 2505 3942 (Epltes.
2532 3870 2630 3940 νι).

2357 3962 2539 4033 (Vers.
2573 3964 2663 4028 55,
2696 3963 2816 4035 54.)
2844 3965 2923 4019 An
2952 3974 3105 4035 putas
3127 3967 3253 4039 quia
3299 3984 3402 4023 non
3439 3986 3652 4042 possum
3685 3987 3874 4042 rogare

2284 4051 2503 4107 Patrem
2527 4070 2718 4120 meum,
2773 4063 2823 4110 et
2882 4055 3139 4112 exhibebit
3185 4059 3313 4112 mihi
3357 4061 3508 4116 modo
3548 4063 3666 4134 plus
3714 4080 3874 4133 quam

2286 4144 2559 4197 duodecim
2590 4144 2817 4216 legiones
2859 4147 3163 4219 angelorum
3186 4149 3212 4203 7
3238 4149 3509 4213 Quomodo
3536 4169 3658 4224 ergo
3684 4151 3871 4224 imple-

2286 4233 2477 4288 buntur
2505 4234 2797 4306 Scriptura:
2823 4252 2841 4289 :
2871 4238 2994 4306 quia
3028 4238 3105 4292 sic
3135 4248 3334 4310 Oportet
3369 4241 3522 4310 ﬁeri?
3566 4243 3680 4298 Non
3727 4245 3873 4299 indi-

2285 4343 2386 4397 geo
2417 4326 2700 4381 duodecim
2754 4329 3127 4397 aposmlorum
3176 4332 3398 4398 auxilio,
3440 4334 3653 4389 etiamsi
3684 4350 3874 4391 omnes

2289 4433 2374 4471 lttu
2403 4416 2775 4484 deieudercnt,
2803 4422 2894 4489 qui
2920 4434 3139 4490 possum
3165 4421 3373 4478 habere
3395 4422 3679 4482 duodecim
3706 4427 3877 4497 legio-

2290 4530 2386 4567 ﬂes
2418 4511 2645 4579 angelici
2697 4514 2993 4569 exercitus.
3029 4514 3143 4571 Una
3175 4516 3315 4586 legio
3358 4518 3498 4589 apud
3531 4532 3738 4576 veteres
3775 4538 3872 4578 seu

593 4621 740 4668 nmn,
768 4602 945 4656 dicens
978 4616 997 4655 :
1033 4600 1415 4668 Quemcumque
1441 4597 1704 4654 osculatus
1733 4605 1910 4671 fuero,
1943 4602 2054 4672 ipse
2079 4615 2181 4671 est,
2210 4581 2269 4645 Β
2295 4606 2531 4659 millibus
2559 4604 2933 4674 complebatur
2964 4605 3268 4663 hominum.
3297 4610 3399 4663 l‘ro
3428 4612 3693 4668 brevitate
3723 4623 3876 4669 tem-

594 4706 762 4750 teuete
784 4709 923 4749 eum.
952 4692 1115 4748 Miser
1144 4690 1336 4758 Iudas,
1381 4703 1435 4747 et
1478 4699 1657 4748 tamen
1689 4709 1795 4748 non
1835 4696 2182 4766 miserabilis,

593 4787 787 4843 eadem
812 4784 1166 4847 inﬁdelitate,
1200 4798 1303 4855 qua
1329 4783 1647 4853 magistrum
1678 4793 1735 4839 et
1764 4784 2050 4840 Dominum
2073 4799 2187 4842 tra-

590 4880 750 4947 didit,
780 4879 1004 4950 putabat
1027 4878 1207 4948 signa,
1233 4891 1356 4947 quia».
1380 4876 1728 4932 Salvatorem
1751 4878 1960 4934 viderat
1982 4879 2185 4937 facien-

591 4983 724 5033 tem.
752 4987 861 5028 non
884 4970 1171 5041 majestate
1193 4968 1398 5038 divina,
1423 4971 1520 5025 sed
1548 4972 1772 5042 magicis
1792 4974 2005 5030 artibus
2027 4977 2184 5031 facta.

591 5065 659 5121 Et
685 5063 812 5134 quia
839 5077 965 5116 eum
987 5063 1132 5116 forte
1153 5060 1402 5115 audierat
1433 5063 1487 5116 in
1513 5070 1698 5117 monte
1720 5065 2181 5135 transfiguratum,

591 5158 822 5212 timebat
850 5168 922 5210 ne
947 5153 1118 5209 simili
1152 5152 1641 5207 translormatione
1669 5153 1982 5209 elaberetur
2011 5175 2042 5211 e
2073 5175 2186 5212 tna-
2210 5200 2213 5205 λ

588 5251 750 5305 nibus
793 5246 1197 5300 ministrorum.
1247 5244 1345 5297 Dat
1386 5259 1519 5313 ergo
1547 5244 1783 5315 signum,
1816 5255 1875 5301 ut
1904 5247 2078 5302 sciant
2108 5249 2190 5319 ip-

585 5356 707 5395 sum
740 5352 888 5403 esse,
921 5351 1084 5406 quem
1115 5335 1307 5390 osculo
1335 5333 1756 5392 demonstraret.

586 5527 707 5585 lat-ii
740 5526 794 5578 in
828 5523 1021 5591 psalm.
1062 5535 1256 5578 cum,
1289 5519 1368 5573 lit.
1406 5521 1451 5576 l.
1485 5529 1533 5568 ιιι
1588 5519 1858 5574 Ambrosii
1890 5522 1956 5575 de
1991 5523 2187 5577 Sacra-

588 5599 790 5655 tuentis
821 5595 913 5647 lib.
943 5609 994 5645 ν.

663 5680 685 5705 ι·
710 5665 989 5721 Rescrihit
1018 5663 1224 5715 Vn-tnr.
1249 5676 1312 5713 ex
1350 5661 1521 5711 tribus
1550 5658 1837 5713 Florentia-
1877 5662 2180 5730 codicibus,

577 5742 934 5881 ignauum
957 5748 978 5791 :
1006 5734 1292 5789 maluerim
1319 5745 1456 5804 ego,
1495 5737 1852 5789 retrectantes.
1881 5732 1971 5790 Sic
1995 5731 2183 5790 libab-

651 5824 685 5867 ιδ

651 5818 774 5870 ιδιιιι

2291 4698 2439 4767 potis
2465 4706 2485 4735 ο
2512 4712 2798 4752 numerum
2854 4714 2960 4752 non
3000 4701 3340 4755 occurrimus
3382 4702 3672 4773 explicare,
3719 4714 3875 4777 typos

2294 4800 2499 4843 tantum
2529 4789 2733 4845 dixisse
2761 4788 2996 4844 sul‘llciat
3022 4809 3036 4844 :
3063 4793 3402 4862 septuaginta
3434 4793 3542 4847 duo
3569 4793 3734 4850 millia
3771 4812 3872 4852 an-

2289 4885 2562 4951 ge'orum,
2599 4880 2654 4935 in
2685 4889 2816 4950 quot
2840 4889 3032 4952 gentes
3060 4882 3336 4938 hominum
3372 4884 3548 4955 lingua
3569 4884 3736 4941 divisa
3764 4900 3870 4959 est,

2290 4975 2337 5029 d‘
2368 4973 2577 5028 odecim
2608 4973 2915 5042 legionibus
2948 4974 3087 5029 lteri.
3112 4974 3360 5046 Sequens
3387 4980 3655 5033 sententia
3692 4996 3871 5051 prom-

2293 5073 2441 5135 ptum
2473 5067 2538 5119 ad
2573 5065 2882 5134 patiendum
2912 5066 3253 5123 demonstrat
3280 5070 3545 5139 animum,
3573 5073 3714 5144 quod
3737 5074 3873 5132 frus.

2290 5169 2370 5212 Ira
2419 5156 2705 5226 propheta
2750 5157 3085 5223 cecinerint,
3142 5160 3241 5214 nisi
3287 5161 3545 5219 Dominus
3595 5180 3690 5220 eos
3745 5182 3871 5225 vere

2288 5249 2523 5313 dixisse,
2551 5246 2803 5317 passione
2842 5260 2939 5301 sua
2971 5252 3284 5306 asseruerit.

2362 5340 2546 5414 (Vers.
2585 5338 2701 5409 55.)
2733 5336 2801 5392 In
2830 5338 2926 5392 illa
2954 5337 3087 5395 hora
3108 5341 3242 5396 dixit
3280 5342 3435 5399 Iesus
3468 5346 3634 5401 turbis
3667 5364 3685 5402 :
3723 5347 3871 5404 Tam-

2364 5524 2387 5560 "
2421 5522 2649 5578 Palatini
2672 5536 2826 5581 mss”
2855 5532 2909 5575 ut
2930 5532 3102 5574 notam
3124 5522 3304 5577 littera!
3324 5524 3609 5581 vilitatem:
3639 5543 3699 5583 ac
3726 5539 3867 5588 certa

2295 5612 2328 5664 ι,
2370 5609 2644 5668 ςη-νηιηιιιΔ
2671 5593 2771 5668 lint'
2808 5594 3027 5668 varium
3073 5594 3444 5668 reponendum
3470 5599 3567 5650 lttil
3605 5613 3704 5668 pro
3732 5603 3868 5658 utili-

2295 5662 2472 5724 tutmt,
2502 5664 2646 5733 q-tud
2692 5663 3029 5714 Martianmus
3072 5662 3220 5725 legit.

2370 5746 2391 5773 ο
2421 5738 2476 5788 In
2508 5748 2617 5789 uno
2647 5733 2907 5795 Palatino,
2938 5746 3266 5789 numerorum
3287 5749 3391 5789 non
3418 5738 3745 5798 occurrimus
3787 5758 3866 5801 es-

2292 5805 2488 5893 plicarc
2515 5814 2663 5887 typos
2686 5815 2709 5865 ε
2732 5809 2937 5859 tantum
2952 5838 2972 5874 ,
2995 5809 3106 5864 etc.
3756 5810 3763 5817 ‘
