4044 6350
96 274 200 330 201

634 274 1305 334 (ΣΟΜΜΕΝΤΑΒΙΟΒΗΜ
1344 274 1413 330 ΙΝ
1453 273 1795 334 EVANGELI

1937 275 2276 333 MATTHEI
2316 274 2444 332 LIB.
2487 276 2576 332 IV.
2617 275 2773 333 CAP.
2815 278 3008 337 XXVI.

3358 283 3467 341 202

110 408 262 459 quam
323 391 405 444 ad
472 392 765 447 latronem
813 394 992 447 existis
1046 408 1162 446 cum
1200 390 1393 462 gladiis
1455 402 1502 445 et
1548 392 1766 463 fustibus
1795 398 1847 455 Α
1875 394 2096 459 solvite,
2129 408 2234 448 non
2267 408 2414 463 ego:
2450 392 2578 463 quia
2628 393 2875 449 illicitum
2904 405 3009 461 est,
3057 404 3116 450 ut
3167 397 3267 467 ipsi
3309 400 3468 456 nobis

117 486 601 556 contprekendere
647 504 732 542 me
758 504 777 541 :
814 486 1042 556 quotidie
1088 486 1230 559 apud
1255 501 1344 539 ros
1372 485 1608 539 sedebam
1630 530 1644 549 ,
1675 486 1771 539 do-

126 598 238 636 cens
284 581 346 633 in
380 580 650 650 templo,
685 588 738 635 et
767 597 868 633 non
898 595 979 634 me
1003 579 1258 633 t'enuistis.
1279 577 1514 633 Stultum
1544 587 1657 639 est,
1689 580 1768 632 in-

130 674 265 743 quit,
282 688 431 729 eum
446 689 591 727 Cllm
617 670 814 741 gladiis
824 681 879 728 et
896 669 1130 726 fustibus
1147 686 1417 741 quaerere,
1432 669 1526 740 qui
1548 670 1688 724 ultro
1710 686 1770 727 se

136 766 317 822 tradat
328 767 563 822 vestris
580 764 858 830 manibus,
873 775 928 819 et
954 763 1012 818 in
1026 772 1185 817 nocte
1197 762 1358 835 223
1368 762 1523 833 quasi
1547 762 1770 817 latitan-

138 868 264 919 tem.
293 868 359 913 et
393 873 430 913 a
464 857 681 911 vestris
710 856 884 912 oculis
907 853 1273 912 declinantem
1302 869 1403 923 per
1437 853 1771 923 proditorem

140 951 527 1022 investigare,
558 948 657 1020 qui
678 947 924 1018 quotidie
955 946 1008 1001 in
1037 945 1242 1013 templo
1270 944 1486 1000 doceat.
1511 944 1619 1000 Sed
1649 944 1773 1001 ideo

145 1045 462 1100 adversum
522 1056 615 1096 me
665 1041 722 1095 in
776 1038 1019 1095 tenebris
1046 1037 1480 1109 coogrcgamini,
1516 1039 1639 1109 quia
1671 1056 1773 1110 po-

148 1145 325 1192 testas
361 1145 567 1189 vestra
596 1133 652 1187 in
679 1131 917 1188 tenebris
938 1140 1042 1186 est.

216 1228 416 1300 (νει-ς.
457 1224 582 1296 56.)
618 1224 731 1278 Hoc
759 1234 929 1278 autem
964 1231 1128 1276 totum
1165 1223 1360 1290 factum
1382 1230 1479 1285 est,
1513 1232 1567 1275 ut
1598 1221 1774 1274 adiut-

154 1321 439 1391 plcrentur
467 1316 765 1386 Scriptura:
789 1315 1181 1383 praplietarum.
1213 1313 1363 1367 Tunc
1383 1313 1629 1385 discipuli
1658 1329 1774 1366 om—

154 1429 267 1478 nes,
294 1409 500 1465 relicto
521 1424 606 1474 eo,
628 1411 891 1480 fugerunt.
924 1406 1056 1475 Qua:
1079 1416 1205 1461 sunt
1228 1405 1524 1475 Scriptura:
1543 1406 1777 1473 prophe-

157 1502 383 1559 tarum?
430 1499 705 1555 Foderunt
750 1515 933 1553 manus
980 1513 1141 1564 meas,
1195 1505 1243 1550 et
1292 1497 1447 1569 pedes
1477 1512 1616 1550 meos
1655 1494 1774 1568 (Ps.

160 1615 276 1666 xxi,
320 1597 454 1667 l7);
482 1609 539 1651 et
571 1594 704 1649 alibi
731 1610 746 1649 :
778 1593 927 1649 Sicut
957 1594 1064 1646 ovis
1100 1591 1169 1644 ad
1208 1592 1468 1645 uictimam
1496 1591 1679 1644 ductus
1707 1598 1780 1643 est

161 1690 328 1759 (Isai.
360 1705 479 1751 un,
514 1687 595 1757 7).
620 1686 687 1742 Et
726 1686 779 1741 in
816 1686 923 1740 alio
964 1684 1072 1757 [ΑΙ.
1106 1681 1327 1753 eodem]
1362 1682 1482 1736 loco
1514 1698 1529 1735 :
1564 1681 1637 1735 Ab
1674 1682 1780 1735 ini—

1874 482 2172 540 iuferamus
2204 500 2417 539 manus.
2454 484 2664 540 Deinde
2716 485 2794 541 illi
2847 496 3064 541 vertunt
3095 504 3109 540 :
3142 498 3190 543 et
3228 500 3342 560 post
3374 492 3470 544 tri-

1872 577 2032 632 duum
2060 579 2379 648 recedi/icore
2421 578 2589 645 illud;
2647 589 2705 633 ut
2753 582 2975 649 proprie
3013 579 3082 635 de
3110 584 3312 650 templo
3364 583 3466 639 Ju-

1870 669 2028 725 daico
2056 670 2262 726 dixisse
2310 670 2572 726 videatur.
2627 670 2890 726 Dominus
2930 682 3136 736 autem.
3178 683 3237 728 ut
3286 684 3473 730 osten-

1872 759 2028 817 deret
2049 761 2289 816 animale
2315 772 2371 816 et
2400 761 2614 830 spirans
2652 761 2937 830 templum,
2965 763 3180 818 dixerat
3210 781 3224 819 :
3257 763 3325 818 Et
3374 782 3466 837 ego

1871 854 1925 908 in
1954 854 2129 909 triduo
2155 854 2417 910 suscitabo
2464 854 2618 907 illud.
2668 854 2827 909 Aliud
2872 864 2960 910 est
3001 855 3297 924 aediﬁcare,
3324 858 3473 914 aliud

1872 946 2165 1002 suscitare.

1948 1037 2126 1110 (Vers.
2181 1037 2299 1109 62.)
2344 1037 2415 1093 Ει
2461 1054 2679 1110 surgens
2723 1041 2962 1111 princeps
3009 1044 3358 1110 sacerdotum,
3398 1046 3473 1099 ait

1874 1132 1954 1185 illi
1981 1146 2000 1185 :
2022 1129 2176 1185 Nihil
2206 1131 2490 1203 respondes
2510 1132 2579 1184 ad
2601 1148 2661 1185 ea
2691 1148 2808 1200 quia
2830 1133 2917 1186 isti
2946 1134 3219 1189 adversum
3260 1146 3306 1189 te
3335 1138 3476 1191 testi-

1877 1223 2137 1289 [it-antur?
2164 1220 2320 1276 Iesus
2361 1231 2529 1277 autem
2559 1222 2781 1277 tacebat.
2812 1223 2895 1278 Ira
2944 1239 3189 1297 prmerps
3219 1237 3271 1281 et
3312 1227 3338 1265 δ
3372 1228 3475 1283 im-

1879 1316 2092 1384 patiens
2128 1330 2235 1370 nou
2270 1316 2556 1371 inveniens
2599 1315 2893 1371 calumnia:
2926 1319 3126 1381 locum,
3178 1322 3387 1374 excutit
3413 1321 3483 1377 de

1878 1406 2019 1461 solio
2043 1408 2377 1477 pontiﬁcem,
2404 1415 2466 1462 ut
2503 1408 2781 1462 vesaniam
2823 1409 3020 1463 mentis
3052 1421 3201 1463 motu
3233 1412 3482 1480 corporis

1880 1500 2305 1556 demonstraret.
2352 1502 2566 1567 Quanto
2636 1501 2799 1557 .Iesus
2853 1502 3065 1557 Iacebat
3108 1502 3176 1556 ad
3231 1503 3483 1574 indignos

1881 1590 2241 1660 responsione
2267 1605 2390 1655 sua,
2423 1590 2590 1645 falsos
2623 1601 2789 1647 testes
2832 1602 2886 1647 et
2911 1592 3233 1649 sacerd0tes
3264 1594 3482 1664 impios,

1884 1693 2038 1738 tanto
2083 1686 2256 1754 magis
2315 1683 2562 1755 pontifex
2613 1683 2801 1741 furore
2847 1697 3179 1756 superatus,
3233 1704 3356 1743 eum
3414 1689 3484 1744 ad

162 1782 463 1855 quisatibus
515 1778 700 1851 populi
753 1777 852 1831 mei
899 1777 1082 1831 ductus
1113 1785 1189 1831 est
1213 1774 1283 1829 ad
1330 1782 1546 1827 mortem
1586 1769 1776 1842 (Ibid.,
1813 1780 1861 1840 Β
1887 1774 2336 1846 respondendum
2388 1784 2654 1845 provocat
2683 1793 2695 1831 :
2725 1786 2783 1831 ut
2809 1792 2876 1831 ex
2906 1778 3149 1847 qualibet
3193 1781 3487 1837 occasione

164 1895 266 1932 sec.
294 1873 508 1944 LXX).

236 1971 433 2041 (ἵει-ε.
483 1966 603 2038 57.)
649 1966 713 2020 At
760 1966 841 2020 illi
880 1972 1108 2020 tenentes
1150 1959 1354 2029 Iesum,
1406 1960 1666 2015 duxerunt
1712 1961 1782 2013 ad

176 2062 439 2132 Caiptiam
460 2059 746 2131 principem
765 2055 1111 2120 sacerdotum,
1146 2052 1233 2106 ubi
1264 2050 1463 2108 Scriba:
1492 2060 1539 2105 et
1559 2051 1783 2105 seniores

179 2161 550 2210 convenerant.
579 2149 816 2220 Moyses,
864 2149 974 2203 Deo
1021 2146 1269 2216 jubente,
1323 2152 1679 2213 praeceperat,
1726 2152 1787 2197 ut

182 2248 477 2320 pontiﬁces
525 2244 772 2314 patribus
817 2240 1194 2305 succederent,
1227 2247 1282 2293 et
1320 2236 1687 2307 generationis
1731 2235 1784 2290 in

181 2340 568 2399 sacerdotibus
619 2338 793 2394 series
821 2345 1100 2391 texeretur
1144 2330 1344 2404 (Exod.
1376 2332 1548 2402 xxix).
1599 2329 1789 2386 Refert

186 2437 464 2505 losepltus
510 2435 674 2487 istum
703 2428 969 2500 Caipbam
1000 2426 1160 2481 unius
1190 2433 1398 2481 tantum
1430 2423 1559 2478 anui
1591 2434 1615 2460 ³
1649 2423 1789 2478 Pon-

190 2532 458 2587 tiﬁcatqu
511 2525 582 2580 ab
634 2521 854 2579 Herode
900 2520 1078 2590 pretio
1120 2516 1440 2573 redemisse.
1489 2513 1604 2569 Non
1658 2528 1790 2585 ergo

192 2625 397 2680 mirum
428 2628 534 2685 est,
563 2617 610 2673 si
642 2630 875 2688 nequam
906 2613 1151 2686 pontifex
1193 2611 1378 2683 inique
1406 2611 1515 2686 [AL
1549 2606 1790 2679 iniquus]

189 2716 424 2788 iudicet.

263 2809 456 2880 (Vera.
480 2804 598 2877 58.)
634 2802 824 2858 Petrus
868 2810 1040 2856 autem
1067 2799 1373 2866 sequebatur
1399 2812 1514 2851 eum
1558 2812 1591 2849 a
1644 2793 1793 2864 longe

192 2918 359 2973 usque
379 2905 432 2953 in
452 2899 645 2954 atrium
684 2894 934 2967 principis
962 2891 1309 2963 sacerdotum.
1342 2889 1390 2946 Α
1410 2889 1571 2958 longe
1596 2901 1792 2956 seque-

192 2998 376 3060 batur,
410 3001 500 3065 qui
524 2990 820 3047 Dominum
851 2996 970 3043 erat
991 2995 1308 3058 negaturus.

269 3091 454 3161 (Veis.
498 3087 587 3149 59.
632 3084 751 3154 60.)
783 3081 852 3137 Et
898 3083 1162 3155 ingressus
1201 3080 1362 3141 intro,
1420 3075 1630 3131 sedebat
1679 3090 1798 3129 cum

1884 1869 2161 1923 sermonis
2222 1867 2403 1922 locum
2452 1867 2697 1922 inveniat
2759 1869 3073 1923 accusandi.
3121 1869 3487 1927 Nihilominus

1882 1960 2040 2016 Jesus
2068 1961 2299 2017 tacebat.
2354 1960 2576 2018 Sciebat
2624 1964 2794 2026 enim,
2825 1963 2977 2032 quasi
3009 1963 3173 2028 Deus,
3217 1964 3479 2034 quidquid

1886 2054 2262 2123 respondisset
2290 2055 2653 2125 torquendum
2678 2054 2745 2109 ad
2774 2056 3124 2111 calumniam.

1959 2145 2143 2215 (Vers.
2205 2145 2323 2216 65.)
2352 2143 2419 2199 Et
2446 2146 2687 2218 princeps
2730 2146 3061 2201 sacerdotum
3105 2150 3180 2202 ait
3228 2149 3310 2203 illi
3340 2148 3490 2204 :Ad-

1883 2239 2006 2309 juro
2028 2246 2078 2290 te
2100 2252 2192 2309 per
2222 2234 2392 2292 Deum
2432 2238 2623 2305 vivum,
2654 2247 2710 2291 ut
2741 2238 2887 2291 dicas
2918 2240 3065 2292 nobis
3094 2241 3141 2292 si
3170 2250 3225 2293 tu
3257 2257 3307 2295 es
3338 2240 3490 2296 Chri-

1888 2340 2000 2384 stus
2030 2327 2080 2382 F
2082 2330 2206 2385 ilius
2238 2330 2374 2384 Dei?
2411 2330 2554 2398 Quid
2599 2329 2839 2399 adjuras,
2875 2332 3197 2398 impiissime
3222 2334 3491 2404 sacerdo-

1892 2432 2026 2488 tum,
2058 2431 2116 2477 ut
2158 2436 2406 2487 accuses,
2452 2437 2520 2476 an
2555 2430 2614 2476 ut
2644 2422 2877 2477 credas?
2918 2422 2975 2479 Si
3020 2436 3077 2478 ut
3119 2440 3367 2489 accuses,
3401 2443 3491 2481 ar-

1892 2522 2066 2586 guunt
2116 2513 2209 2567 alii
2245 2531 2257 2567 :
2292 2523 2315 2552 ε
2347 2513 2713 2569 condemnate
2745 2523 3039 2569 tacentem.
3083 2516 3137 2569 Si
3186 2524 3244 2570 ut
3278 2517 3492 2583 credas,

1892 2623 2063 2679 quare
2088 2607 2368 2663 confitenti
2394 2607 2623 2663 credere
2650 2606 2908 2663 noluisti?

1968 2698 2151 2771 (Vers.
2192 2698 2308 2762 64.)
2337 2697 2485 2754 Dixit
2513 2699 2596 2753 illi
2622 2696 2779 2754 Iesus
2813 2715 2830 2752 :
2865 2698 2942 2753 Tu
2974 2701 3175 2756 dixisti.
3216 2701 3494 2757 Verumta-

1896 2810 2010 2848 men
2036 2794 2153 2847 dico
2182 2793 2323 2847 vobis
2354 2810 2373 2846 :
2404 2792 2591 2847 amodo
2620 2793 2859 2848 videbitis
2902 2790 3107 2848 Filium
3149 2796 3376 2850 hominis
3417 2814 3497 2852 se-

1897 2886 2104 2941 dentem
2132 2900 2165 2938 a
2184 2885 2381 2939 dextris
2409 2885 2614 2939 virtutis
2648 2885 2765 2952 Dei,
2798 2897 2848 2941 et
2882 2888 3164 2942 venientem
3194 2888 3248 2941 in
3280 2889 3500 2943 nubibus

1898 2979 2053 3033 caeli?
2091 2978 2158 3032 Et
2202 2977 2490 3031 adversum
2526 2977 2789 3042 Pilatum,
2822 2986 2877 3032 et
2920 2978 3208 3034 adversum
3240 2979 3497 3050 Caipbam

1900 3071 2097 3127 similis
2119 3071 2428 3140 responsio,
2445 3079 2500 3123 ut
2517 3071 2736 3138 propria
2753 3071 3026 3124 sententia
3042 3071 3495 3127 condemnentur.

197 3159 469 3243 ministris,
520 3187 576 3232 ut
622 3176 818 3231 videret
846 3173 1022 3242 ﬁnem.
1049 3170 1322 3242 Principes
1351 3175 1523 3221 autem
1550 3164 1794 3220 sacerdo—
1822 3174 1868 3238 ο
1972 3163 2152 3236 (Vers.
2177 3162 2270 3225 65,
2319 3162 2437 3230 66.)
2484 3159 2632 3216 Tunc
2682 3162 2923 3230 princeps
2976 3165 3306 3217 sacerdotum
3347 3166 3498 3219 scidit

200 3284 308 3328 tum
337 3282 386 3326 et
412 3284 562 3324 omne
588 3264 869 3321 concilium
897 3260 1193 3333 quambant
1223 3258 1415 3329 falsum
1444 3255 1799 3311 testimonium

198 3381 380 3424 contra
401 3366 607 3432 Iesum,
647 3370 704 3418 ut
740 3362 896 3416 morti
923 3375 1039 3414 eum
1064 3358 1346 3412 traderent.
1380 3355 1445 3409 Et
1470 3371 1575 3409 non
1595 3355 1801 3408 invene-

200 3471 345 3523 runt,
384 3476 499 3514 cum
524 3457 676 3512 multi
704 3455 829 3526 falsi
875 3462 1026 3508 testes
1069 3449 1420 3505 accessissent.
1469 3446 1563 3501 Vel
1612 3460 1801 3502 amore

200 3552 478 3621 discipuli,
534 3550 619 3606 vel
671 3549 907 3603 humana
958 3543 1277 3600 curiositate
1323 3542 1466 3595 scire
1511 3538 1796 3608 cupiebat,

202 3644 331 3715 quid
372 3641 649 3712 judicaret
695 3638 766 3694 de
818 3637 1049 3691 Domino
1106 3633 1386 3705 pontifex:
1446 3639 1625 3686 utrum
1676 3646 1799 3685 eum

202 3738 322 3793 neci
370 3734 673 3798 addiceret,
723 3746 792 3785 an
847 3727 1080 3799 ﬂagellis
1125 3740 1326 3782 caesum
1376 3723 1695 3778 dimitteret.
1738 3721 1806 3776 Et

204 3830 259 3887 in
291 3830 397 3884 hoc
442 3824 732 3883 diversitas
774 3821 964 3878 decem
1010 3819 1379 3889 apostolorum
1424 3823 1479 3869 et
1520 3814 1685 3869 Petri.
1719 3812 1803 3868 Illi

205 3924 439 3993 fugiunt,
493 3919 621 3988 iste,
673 3929 1003 3987 quamquam
1059 3910 1272 3983 procul,
1323 3908 1574 3978 sequitur
1619 3915 1801 3962 tamen

203 4018 576 4073 Salvatorem.

283 4111 471 4181 (Vers.
513 4104 632 4179 6L)
681 4103 976 4160 Novissime
1018 4109 1195 4155 autent
1237 4106 1479 4153 venerunt
1530 4096 1635 4149 duo
1683 4094 1806 4165 falsi

205 4214 385 4266 testes,
415 4211 465 4255 et
494 4200 739 4255 dixerunt
761 4212 778 4249 :
803 4194 908 4249 Hie
933 4193 1098 4248 dixit:
1121 4190 1347 4245 Possum
1371 4188 1635 4243 destruere
1679 4195 1805 4240 tem-

203 4299 362 4368 plum
392 4292 514 4359 Dei,
542 4299 587 4345 et
615 4297 726 4362 post
751 4287 978 4343 triduum
1004 4283 1322 4353 rea'diﬁcare
1342 4279 1496 4336 illud.
1526 4276 1808 4347 Quomodo

205 4386 337 4444 falsi
370 4393 540 4439 testes
578 4392 723 4447 sunt,
751 4380 797 4434 si
823 4393 885 4436 ea
921 4377 1127 4439 dicunt,
1163 4389 1287 4445 qua:
1310 4373 1601 4428 Dominum
1643 4384 1806 4440 supra

209 4478 434 4537 dixisse
478 4473 742 4543 legimus?
771 4471 872 4529 Sed
919 4470 1091 4525 falsus
1135 4468 1289 4522 testis
1331 4476 1437 4530 est,
1467 4464 1558 4535 qui
1600 4477 1708 4518 non
1756 4462 1808 4516 in

1900 3259 2198 3311 vestimenta
2244 3272 2361 3321 sua,
2406 3254 2582 3307 dicens
2622 3269 2639 3307 .'
2682 3252 3088 3325 Bluspltemavit.
3145 3256 3284 3321 Quid
3327 3256 3502 3311 adhuc

1900 3365 2104 3421 egemus
2143 3348 2397 3402 testibus?
2455 3344 2592 3400 Ecce
2639 3362 2781 3401 nunc
2835 3347 3055 3400 audistis
3103 3346 3499 3419 blasphemiam.

1904 3444 2044 3509 Quid
2088 3441 2230 3498 vobis
2270 3441 2506 3494 videtur?
2546 3440 2613 3492 At
2658 3438 2740 3493 illi
2785 3438 3175 3510 respondentes,
3204 3440 3450 3494 dixerunt
3484 3458 3499 3494 :

1903 3536 2044 3592 Reus
2072 3545 2147 3589 est
2190 3534 2389 3588 mortis.
2447 3520 2620 3601 Quem
2665 3531 2736 3586 de
2781 3530 2921 3585 solio
2978 3531 3298 3586 sacerdotali
3352 3530 3504 3587 furor

1902 3635 2244 3691 excusserat,
2271 3625 2463 3681 eadem
2495 3622 2674 3679 rabies
2700 3622 2767 3678 ad
2798 3622 3122 3678 scindendas
3166 3633 3346 3678 vestes
3376 3639 3504 3694 pro-

1904 3730 2084 3775 vocat.
2109 3717 2277 3773 Scidit
2308 3725 2489 3772 autem
2523 3715 2842 3771 vestimenta
2873 3730 2992 3781 sua,
3029 3722 3090 3769 ut
3128 3714 3384 3769 ostendat
3410 3713 3506 3770 Ju-

1902 3813 2049 3867 daeos
2071 3811 2365 3867 sacerdotii
2387 3810 2619 3879 gloriam
2636 3806 2956 3877 perdidisse,
2973 3814 3029 3861 et
3043 3822 3269 3862 vacuam
3304 3806 3491 3862 sedem

1908 3904 2112 3960 habere
2145 3902 2170 3941 ά
2204 3902 2513 3972 pontifices.
2547 3899 2655 3955 Sed
2696 3909 2752 3955 et
2806 3898 3224 3956 consuetudinis
3266 3898 3506 3955 Judaica:

1909 4006 2017 4061 est,
2052 4012 2176 4051 cum
2207 3994 2408 4065 aliquid
2450 3990 2802 4062 blasphemia:
2853 4001 2909 4045 et
2937 3991 3094 4060 quasi
3117 3999 3309 4045 contra
3338 3991 3503 4047 Deum

1908 4090 2202 4153 audierint,
2226 4086 2388 4161 225
2413 4085 2667 4142 scindere
2691 4083 3017 4140 vestimenta
3046 4098 3163 4138 sua.
3188 4083 3343 4151 Quod
3373 4084 3505 4140 Pau-

1909 4185 2019 4240 lum
2052 4195 2265 4254 quoque
2294 4192 2346 4235 et
2378 4178 2706 4243 Darnabam,
2740 4174 2955 4246 quando
2986 4174 3040 4229 in
3073 4175 3341 4246 Lycaonia
3371 4176 3505 4231 deo-

1912 4292 2030 4329 rum
2082 4275 2229 4330 cultu
2281 4269 2715 4331 honorabautur,
2751 4267 2947 4323 fet-isse
2981 4267 3230 4337 legimus.
3268 4266 3507 4323 Herodes

1911 4380 2117 4433 autem,
2147 4365 2271 4436 quia
2317 4379 2426 4417 non
2473 4362 2627 4418 dedit
2654 4360 2916 4415 honorem
2950 4360 3088 4427 Deo,
3120 4359 3215 4414 sed
3243 4360 3510 4431 acquievit

1911 4458 2272 4515 immoderato
2295 4456 2462 4518 favori
2496 4454 2701 4526 populi,
2735 4457 2920 4508 statim
2953 4453 3023 4507 ab
3044 4453 3238 4524 angelo
3283 4469 3506 4523 percus-

209 4573 409 4630 eodem
438 4581 606 4624 sensu
631 4565 772 4621 dicta
819 4562 1070 4634 intelligit
1095 4575 1204 4629 quo
1232 4559 1508 4615 dicuntur.
1553 4556 1811 4611 Dominus
1839 4563 1888 4621 D
1915 4569 2008 4610 sus
2029 4561 2131 4607 est.

212 4666 360 4721 enim
391 4662 607 4717 dixerat
641 4658 709 4713 de
740 4656 940 4727 templo
968 4650 1219 4721 corporis
1244 4650 1486 4707 sui.Sed
1512 4658 1568 4704 et
1598 4649 1649 4702 in
1674 4646 1809 4717 ipsis

213 4755 396 4812 verbis
428 4750 856 4813 calumniantur,
903 4756 959 4803 et
1002 4746 1189 4814 paucis
1225 4742 1423 4798 additis
1451 4741 1537 4797 vel
1565 4740 1809 4804 mutatis,

213 4847 369 4919 quasi
385 4845 589 4917 justam
620 4841 945 4896 calumniam
996 4838 1222 4893 faciunt.
1272 4834 1523 4891 Salvator
1550 4833 1766 4889 dixerat
1796 4852 1808 4888 :

216 4941 419 4997 Solvite
470 4934 745 5004 Templum
796 4930 961 5004 224,
1010 4928 1142 4992 hoc;
1195 4925 1288 4982 isti
1335 4933 1708 4994 commutant,
1760 4931 1815 4978 et

215 5032 403 5089 aiunt:
432 5028 661 5085 Possum
689 5025 955 5078 destruere
982 5019 1229 5091 templum
1277 5016 1395 5073 Dei.
1438 5015 1566 5082 Vos,
1612 5013 1810 5087 inquit,

289 5197 315 5224 ι
348 5188 421 5242 De
453 5183 686 5254 Caipha,
719 5183 837 5254 sive
873 5179 1137 5254 Josepbo,
1164 5178 1252 5254 cui
1278 5186 1335 5231 et
1363 5173 1587 5254 (iaiphm
1619 5188 1814 5254 nomen

217 5258 339 5328 fuit,
373 5246 621 5328 loquitur
646 5253 869 5323 quidem
898 5246 1173 5328 Iosephus
1197 5248 1339 5328 libro
1367 5246 1816 5328 Att-tiquitl..§vm

217 5316 467 5398 bis,'cap'.
493 5330 527 5384 5
557 5336 615 5382 et
639 5316 706 5390 ές
750 5334 806 5379 at
830 5339 955 5398 eum
990 5316 1165 5398 pretio
1191 5321 1259 5374 ab
1284 5319 1503 5398 lierode
1535 5316 1820 5398 pontiﬁca-

220 5386 329 5457 tum
355 5386 702 5465 redemisse,
736 5386 1002 5451 tuadilttm'
1027 5394 1095 5447 ab
1121 5391 1386 5465 historico
1429 5386 1547 5465 non
1576 5386 1814 5444 invenio.

286 5472 314 5513 ι)
340 5473 476 5530 Tres
509 5462 682 5534 mss.,'
702 5478 752 5522 et
776 5467 1121 5534 impatientia,
1152 5478 1251 5534 pro
1266 5462 1573 5534 impatiens.

291 5556 313 5585 ε
343 5533 753 5606 \‘ictorius,cui
778 5533 1003 5593 mutilus
1032 5544 1190 5590 antea
1223 5533 1520 5606 liiclocus,
1548 5542 1821 5606 sensuque

216 5632 401 5675 carere
422 5599 588 5669 ivisus
610 5599 720 5675 est,
748 5610 816 5665 de
844 5624 945 5663 suo
974 5608 1059 5661 hic
1086 5604 1387 5669 interserit,
1420 5603 1715 5672 volantque,
1745 5599 1823 5653 le-

214 5705 366 5763 gens,
427 5684 717 5763 coluntque
739 5680 1131 5763 "condemnare.
1157 5675 1561 5763 tacentem)“.
1598 5680 1821 5763 praeter:

214 5747 374 5837 quam
424 5754 578 5831 quod
630 5747 776 5806 nihil
821 5764 984 5821 supra
1033 5747 1195 5804 codd.
1250 5758 1385 5801 mss.
1438 5747 1820 5801 auctoritatem

504 5855 792 5916 ΡΑΤιιοι..
838 5846 1078 5912 XXVI.

1985 4643 2166 4717 (Vers.
2200 4641 2314 4712 67.)
2344 4640 2491 4695 Tunc
2550 4647 2861 4706 exspuerunt
2887 4638 2940 4691 in
2970 4639 3154 4709 [aciem
3182 4642 3316 4711 ejus,
3346 4651 3392 4693 et
3419 4657 3508 4695 co-

1914 4736 2082 4807 laphis
2110 4750 2226 4787 eum
2260 4733 2590 4787 acciderunt.
2627 4729 3105 4795 Utadimpleretur
3135 4730 3277 4798 quod
3302 4730 3506 4786 dictum

1914 4839 1992 4885 est
2018 4847 2030 4883 :
2060 4826 2194 4880 Dedi
2221 4822 2466 4879 maxillas
2488 4838 2624 4876 meas
2654 4819 2762 4892 [AL
2800 4819 3070 4874 maxillam
3096 4820 3283 4893 meum]
3314 4823 3507 4894 alapis,

1914 4933 1962 4976 et
2011 4921 2191 4992 faciem
2233 4932 2399 4971 meam
2446 4931 2547 4968 non
2585 4914 2747 4967 averti
2795 4929 2828 4965 a
2882 4912 3188 4982 confusione
3234 4921 3508 4980 sputorum

1918 5012 2133 5085 (Threu.
2162 5025 2242 5078 tu,
2270 5008 2385 5080 30).

1918 5169 2089 5227 licere
2119 5168 2302 5234 debet,
2346 5166 2619 5237 superﬂua
2666 5164 2826 5237 plane
2874 5160 3124 5237 videatur
3161 5162 3366 5237 additio
3400 5167 3513 5231 illa,

1922 5252 2237 5298 contestum
2286 5233 2635 5309 menit-mque
2664 5235 2722 5293 S.
2753 5233 2999 5309 Doctoris
3044 5235 3367 5309 attendeuti,
3421 5242 3515 5309 qui

1921 5311 2335 5369 accusatoribus
2358 5308 2658 5379 principem
2691 5306 3032 5379 sacerdotum
3055 5306 3311 5374 iungens,
3342 5317 3399 5362 ut
3428 5306 3521 5363 su-

1923 5383 2183 5455 perditam
2215 5375 2517 5455 illam:_esse
2536 5375 2819 5455 :monstret
2841 5375 3518 5455 interrogationemaccu-

1924 5446 2077 5510 ἐθηάὶ
2121 5453 2257 5518 ﬁne,
2302 5452 2428 5506 aliis
2472 5449 2649 5518 palam
2701 5446 3073 5517 arguentibus,
3125 5448 3286 5503 simul
3329 5449 3515 5517 infert,

1924 5526 2262 5580 condemnate
2291 5530 2562 5577 tacentem.

1996 5594 2025 5633 ἀ
2055 5595 2210 5652 Unus
2241 5609 2323 5649 ms
2357 5635 2370 5658 ,
2401 5589 2695 5661 Pontiﬁcis.
2728 5599 2838 5643 tum
2871 5588 2982 5656 pari
3014 5601 3205 5661 omnes
3224 5605 3517 5661 consensu,

1926 5668 2129 5739 aliquid
2159 5665 2534 5739 blasphemum,
2562 5659 2655 5715 aut
2684 5661 2833 5731 quasi
2855 5668 3035 5714 contra
3063 5659 3254 5727 Deum,
3280 5670 3386 5717 etc.

2987 5830 3029 5889 7
