4044 6316
563 290 672 353 803

1810 288 1871 344 8.
1916 284 2191 345 EUSEBII
2228 285 2617 345 HIEBONYMI

3760 289 3872 349 204

642 404 825 473 (Vers.
854 403 973 475 68.)
1001 403 1106 459 Alii
1131 409 1304 456 autem
1330 399 1534 471 palmas
1559 400 1615 454 in
1652 401 1839 471 faciem
1867 402 1982 472 ejus
2011 400 2166 455 dede-
2189 400 2240 463 Α
2268 401 2544 457 consilium
2592 401 2821 456 inierunt
2865 414 3041 456 omnes
3073 401 3332 473 principes
3361 402 3687 459 sacerdotum
3711 413 3762 458 et
3789 421 3872 459 se-

568 505 712 563 runt,
769 496 992 551 dicentes
1022 509 1041 549 :
1070 491 1391 563 Prophetiza
1436 491 1612 558 nobis,
1663 489 1892 557 Christe,
1929 492 2047 562 quis
2089 499 2167 545 est

564 591 658 660 qui
686 599 731 643 te
760 587 1053 659 percussit?
1076 585 1315 643 Stultum
1336 594 1460 641 erat
1498 584 1916 642 verberantibus
1936 600 2165 654 respon-

560 679 721 745 dere,
754 688 809 735 et
858 677 1241 750 prophetizare
1267 686 1294 719 ει
1321 676 1646 744 caedentem,
1681 693 1806 734 cum
1834 677 2012 749 palam
2041 690 2166 746 per-

561 770 826 829 cutientis
883 769 1163 827 videretur
1220 771 1453 828 insania.
1507 771 1616 831 Sed
1662 770 1807 827 sicut
1853 770 1961 827 hoc
2006 770 2167 825 vobis

561 879 671 922 non
701 863 1065 936 prophetavit,
1092 865 1173 921 sic
1200 864 1335 921 illud
1355 863 1803 921 manifestissime
1830 863 2165 919 vaticinatus

556 975 663 1033 est,
694 965 843 1036 quod
887 964 1325 1021 circumdarctur
1355 964 1662 1021 Jerusalem
1695 962 1764 1018 ab
1807 960 2076 1030 exercitu,
2109 969 2165 1016 et

562 1073 672 1114 non
698 1057 1108 1129 relinqueretur
1134 1057 1274 1127 lapis
1303 1071 1469 1126 super
1492 1055 1727 1124 lapidem
1760 1054 1816 1110 in
1848 1053 2072 1122 templo.

629 1148 814 1224 (Vers.
838 1149 961 1221 69.)
984 1148 1176 1204 Petrus
1201 1164 1320 1203 vero
1345 1147 1556 1203 sedebat
1578 1148 1708 1219 foris
1731 1146 1787 1200 in
1817 1146 1972 1201 atrio.
2006 1142 2164 1199 Foris

553 1241 802 1306 sedebat,
854 1251 914 1296 ut
965 1240 1180 1297 videret
1226 1240 1436 1295 exitum
1482 1240 1586 1296 rei.
1637 1238 1706 1293 Et
1737 1254 1843 1293 non
1869 1237 2164 1307 apprOpin-

554 1334 758 1403 quabat
784 1332 937 1398 Jesu,
963 1347 1034 1388 ne
1059 1332 1326 1387 ministris
1348 1331 1529 1402 aliqua
1557 1330 1796 1401 suspicio
1821 1338 2159 1385 nasceretur.

626 1426 810 1501 (Vers.
841 1426 955 1499 72.)
981 1424 1049 1481 Et
1077 1426 1261 1480 iterum
1291 1427 1493 1497 negavit
1523 1440 1643 1479 cum
1674 1428 2005 1497 juramento,
2038 1423 2162 1493 quia

551 1533 659 1573 non
694 1518 811 1573 novi
841 1518 1119 1572 hominem.
1167 1515 1236 1570 Et
1270 1525 1385 1588 post
1416 1516 1667 1585 pusillum
1706 1522 2030 1570 accesserunt
2073 1513 2161 1585 qui

552 1610 783 1678 stabant,
817 1622 864 1666 et
880 1613 1127 1667 dixerunt
1150 1610 1328 1666 Petro.
1350 1608 1516 1667 Sciob
1542 1609 1810 1682 quosdam
1835 1607 1908 1680 pii
1931 1609 2159 1666 allectus

553 1701 680 1775 [ΑΙ.
726 1704 815 1773 pio
853 1701 1085 1775 affectu]
1122 1717 1254 1773 erga
1302 1702 1626 1772 Apostolum
1680 1703 1933 1767 Petrum,
1979 1702 2156 1757 locum

2267 495 2437 552 niores
2463 496 2643 567 pepuli
2672 495 2916 551 adversus
2944 494 3149 563 Iesum,
3179 505 3235 549 ut
3264 511 3378 551 eum
3409 497 3561 551 morti
3582 498 3869 552 traderent.

2265 584 2336 640 Et
2376 587 2604 642 vinctum
2650 586 3003 655 adduxerunt,
3045 596 3097 642 et
3137 586 3468 642 tradiderunt
3509 604 3625 643 eum
3673 587 3874 643 Pontio

2264 674 2443 732 Pilato
2470 678 2704 749 prtesidi.
2736 678 2853 735 Non
2884 680 3062 736 solum
3089 679 3156 736 ad
3185 680 3444 748 Pilatum,
3477 682 3574 736 sed
3607 683 3776 737 etiam
3801 683 3875 736 ad

2266 768 2537 825 Herodem
2566 770 2765 829 ductus
2810 780 2914 840 est,
2956 782 3015 827 ut
3062 781 3293 843 uterque
3320 772 3554 828 Domino
3583 773 3872 830 illuderet.

2264 860 2334 915 Et
2359 876 2525 917 cerne
2554 862 2981 919 sollicitudinem
3007 862 3357 920 sacerdotum
3382 865 3437 919 in
3466 865 3692 920 malum.
3723 863 3870 920 Tota

2266 963 2429 1009 nocte
2453 954 2848 1025 vigilaverunt,
2877 965 2936 1010 ut
2976 954 3329 1013 homicidium
3360 956 3621 1014 facerent.
3652 956 3723 1011 Et
3755 957 3881 1011 vin-

2263 1056 2401 1102 ctum
2445 1046 2777 1104 tradiderunt
2821 1048 3020 1105 Pilato.
3056 1050 3337 1107 Habebunt
3381 1052 3531 1106 enim
3575 1051 3719 1106 hunc
3751 1065 3879 1107 mo-

2264 1155 2406 1207 rem,
2459 1150 2518 1196 ut
2557 1157 2717 1213 quem
2767 1142 3169 1213 adjudicassent
3213 1145 3399 1214 morti,
3435 1144 3662 1216 ligatum
3689 1143 3877 1216 judici

2265 1232 2569 1288 traderent.

2340 1324 2485 1380 Tunc
2513 1328 2686 1381 ridens
2715 1325 2910 1395 Judas,
2941 1329 3030 1400 qui
3065 1345 3182 1383 eum
3209 1329 3446 1396 tradidit,
3470 1329 3610 1398 quod
3644 1330 3879 1383 damna-

2265 1428 2347 1473 tus
2368 1428 2518 1487 esset,
2551 1422 2853 1491 paenitentia
2893 1422 3096 1488 ductus,
3149 1424 3327 1477 retulit
3361 1423 3572 1496 triginta
3598 1432 3883 1496 argenteos

2261 1510 2589 1582 principibus
2637 1513 2965 1568 sacerdotum
2993 1523 3043 1568 et
3068 1514 3379 1583 senioribus,
3422 1515 3641 1570 dicens:
3668 1514 3881 1569 Pecca-

2263 1603 2334 1669 ui,
2365 1602 2575 1658 tradens
2612 1606 2912 1677 sanguinem
2942 1610 3166 1678 justum.
3218 1606 3481 1662 Avaritiae
3534 1608 3879 1677 magnitudi-

2263 1710 2386 1752 nem
2433 1696 2542 1768 [ΑΙ.
2593 1698 2991 1770 magnitudine]
3035 1699 3331 1769 impietatis
3362 1698 3577 1770 pondus
3605 1699 3876 1756 exclusit.

550 1792 701 1850 hunc
756 1797 829 1851 ita
882 1796 1274 1865 interpretatos
1300 1834 1316 1859 ,
1376 1805 1436 1850 ut
1480 1795 1726 1852 dicerent
1771 1795 1991 1851 Petrum
2048 1811 2157 1850 non
2188 1783 2238 1845 Β
2264 1788 2658 1846 VidensJudas
2678 1791 2971 1847 Dominum
3004 1790 3380 1861 adjudicatum
3403 1793 3589 1860 morti,
3621 1794 3881 1864 pretium

552 1884 729 1943 Deum
763 1900 1015 1956 negasse,
1049 1886 1147 1943 sed
1204 1887 1507 1954 hominem,
1537 1896 1735 1943 etesse
1758 1901 1980 1943 sensum
2013 1904 2025 1940 :
2055 1886 2161 1942 Ne-

550 1978 668 2033 scio
698 1977 999 2045 hominem,
1024 1978 1147 2047 quia
1181 1978 1297 2034 seio
1327 1978 1517 2034 Deum.
1546 1978 1661 2036 Hoc
1711 1994 1873 2050 quam
1902 1977 2157 2034 frivolum

548 2070 644 2136 sit,
669 2069 913 2141 prudens
965 2071 1141 2127 lector
1189 2070 1472 2141 intelligit;
1517 2071 1597 2127 sic
1622 2069 1827 2144 [ALsi]
1860 2071 2160 2127 defendunt

549 2164 961 2235 Apostolum,ut
973 2164 1138 2220 Deum
1155 2165 1423 2221 mendacii
1437 2179 1590 2221 reum
1606 2162 1887 2221 faciant.Si
1900 2164 2043 2220 enim
2060 2164 2160 2220 iste

549 2271 662 2311 non
689 2256 933 2327 negavit,
962 2270 1099 2328 ergo
1123 2258 1388 2313 mentitus
1416 2266 1501 2312 est
1524 2255 1813 2324 Dominus,
1864 2256 1960 2325 qui
2000 2256 2157 2312 dixe-

547 2357 634 2402 rat
659 2365 675 2403 :
709 2349 871 2402 Amen
897 2346 1016 2402 dico
1062 2348 1175 2413 tibi,
1206 2350 1327 2419 quia
1355 2348 1455 2402 hac
1492 2358 1664 2415 nocte,
1686 2357 1963 2419 antequam
1986 2349 2159 2421 gallus

550 2448 743 2508 cantet,
775 2451 851 2495 ter
877 2458 954 2495 me
985 2441 1220 2513 negabis.
1254 2442 1431 2499 Cerne
1453 2441 1585 2513 quid
1616 2441 1781 2511 dicat,
1811 2460 1892 2498 me
1921 2444 2154 2515 negabis,

546 2544 660 2588 non
693 2532 998 2587 hominem.

620 2626 803 2696 (Vers.
837 2626 952 2697 7'5.)
990 2626 1123 2682 Vere
1158 2637 1205 2681 et
1252 2637 1307 2683 tu
1354 2644 1419 2683 ea:
1460 2628 1568 2684 illis
1600 2646 1654 2685 es
1686 2645 1853 2685 :nam
1882 2640 1929 2683 et
1955 2631 2161 2701 loquela

546 2726 636 2774 tua
663 2729 709 2773 te
736 2720 1071 2791 manifestum
1101 2721 1248 2791 facit.
1280 2719 1401 2776 Non
1444 2720 1588 2792 quod
1621 2722 1850 2778 alterius
1877 2723 2156 2779 sermonis

546 2821 700 2868 esset
734 2813 948 2879 Petrus,
981 2821 1073 2867 aut
1103 2814 1280 2882 gentis
1302 2823 1527 2870 exter-.e.
1564 2815 1767 2871 Omnes
1812 2815 2015 2886 quippe
2045 2815 2154 2871 He-

547 2905 682 2962 ι)τωὶ
709 2915 889 2972 erant,
920 2916 975 2962 et
1003 2907 1092 2977 qui
1122 2908 1443 2979 arguebant,
1477 2918 1534 2964 et
1562 2910 1653 2980 qui
1685 2909 2014 2979 arguebatur
2044 2908 2153 2980 [Αι.

541 2997 1073 3070 arguebantur];sed
1098 3000 1245 3070 quod
1270 3014 1610 3071 unaqnthue
1623 3000 1899 3070 provincia
1924 3010 1977 3055 et
2006 3000 2158 3070 regio

546 3093 751 3149 habeat
800 3093 1165 3164 proprietates
1224 3108 1376 3161 suas,
1430 3103 1485 3149 et
1535 3093 1643 3165 [ΑΙ.
1679 3093 1758 3165 ut]
1799 3094 2153 3149 vernaculum

2265 1882 2455 1937 retulit
2504 1883 2920 1951 sacerdotibus,
2964 1885 3120 1955 quasi
3160 1888 3214 1939 in
3255 1892 3529 1955 potestate
3574 1900 3671 1941 sua
3718 1893 3883 1941 esset

2264 1987 2678 2046 persecutorum
2706 1989 2922 2033 mutare
2966 1978 3320 2034 sententiam.
3353 1977 3540 2049 Itaque
3577 1978 3705 2034 licet
3744 1995 3879 2034 mu-

2265 2071 2459 2127 laverit
2487 2071 2833 2143 voluntatem
2884 2087 3059 2141 suam,
3114 2083 3293 2129 tamen
3340 2072 3636 2129 voluntatis
3676 2074 3881 2143 prinue

2262 2166 2468 2221 exitum
2496 2181 2603 2221 non
2632 2168 2883 2223 mutavit.
2918 2167 2974 2225 Si
3020 2176 3202 2223 autem
3237 2168 3482 2238 peccavit
3512 2166 3606 2222 ille
3629 2168 3722 2238 qui
3753 2176 3880 2221 ιτα-ο

2262 2257 2739 2331 diditsanguinem
2759 2260 2990 2330 justum,
3022 2268 3232 2331 quanto
3269 2261 3441 2330 magis
3461 2258 3632 2315 Judaei
3669 2274 3883 2327 pecca~

2262 2362 2475 2418 verunt,
2509 2353 2601 2422 qui
2634 2362 2888 2408 emerunt
2916 2352 3563 2423 sanguinemjustum,et
3585 2350 3884 2408 oll'erendo

2258 2446 2519 2515 pretium,
2557 2445 2623 2500 ad
2669 2446 3042 2516 proditionem
3086 2445 3411 2516 discipulum
3461 2446 3879 2514 provocarunt?

2260 2539 2361 2603 Qui
2406 2538 2651 2595 diversas
2702 2548 2927 2593 naturas
2973 2547 3241 2594 conantur
3278 2537 3652 2606 introducere,
3695 2547 3751 2595 et
3786 2540 3875 2595 di-

2260 2641 2386 2685 cunt
2430 2630 2627 2686 Judam
2674 2630 3016 2702 proditorem
3073 2632 3232 2687 mala:
3281 2632 3446 2686 fuisse
3486 2644 3717 2697 naturas,
3768 2649 3877 2690 nec

2259 2723 2531 2778 electione
2591 2723 2699 2794 [ΑΙ.
2750 2722 3078 2778 electionem
3130 2733 3176 2777 et
3226 2722 3473 2795 servare]
3519 2724 3873 2792 apostolatus

2260 2816 2504 2885 potuisse
2531 2816 2764 2883 servari,
2798 2815 3175 2886 respondeant
3198 2816 3473 2886 quomodo
3499 2824 3694 2871 natura
3724 2817 3872 2873 mala

2258 2909 2433 2978 egerit
2462 2909 2863 2979 paenitentiam.
3611 2904 3632 2927 ‘

2331 2998 2516 3069 (Vers.
2549 2998 2628 3069 5.)
2649 3000 2715 3053 At
2742 2998 2823 3053 illi
2845 2998 3091 3054 dixerunt
3118 3015 3136 3053 :
3171 2998 3315 3065 Quid
3336 2999 3405 3052 ad
3435 3002 3567 3055 nos?
3605 2997 3682 3054 Tu
3714 3001 3868 3056 uide-

2258 3093 2351 3148 ris.
2389 3093 2457 3147 Et
2506 3094 2753 3165 projectis
2788 3094 3048 3165 argenteis
3073 3094 3129 3147 in
3158 3094 3371 3163 templo,
3414 3092 3573 3165 227
3604 3096 3819 3149 recessit
3852 3108 3872 3149 ξ

535 3185 799 3255 loquendi
827 3199 1023 3240 sonum
1052 3186 1227 3240 vitare
1250 3201 1358 3239 non
1387 3184 1582 3255 possit.
1614 3183 1771 3240 Unde
1798 3194 1855 3240 et
1885 3196 1907 3224 ο
1940 3183 2152 3254 Epitra-
2181 3172 2228 3241 C
2257 3195 2307 3241 et
2334 3185 2533 3253 abiens,
2581 3184 2767 3257 laqueo
2798 3202 2852 3241 se
2876 3185 3170 3255 suspendit.
3213 3185 3357 3241 Nihil
3402 3188 3606 3256 profuit
3625 3185 3652 3224 ά
3683 3190 3870 3259 egisse

539 3276 668 3331 tluei
696 3277 750 3331 in
783 3276 1034 3333 iudicum
1056 3275 1199 3331 libro
1227 3276 1372 3347 (cap.
1400 3274 1498 3346 xtt)
1527 3289 1635 3331 non
1669 3285 1899 3347 possunt
1922 3279 2155 3347 σύνθημα

540 3369 749 3427 dicere.

612 3465 795 3537 (Vers.
828 3464 914 3532 74,
948 3465 1070 3537 75.)
1092 3463 1239 3519 Tunc
1270 3465 1419 3535 t'tepit
1442 3463 1690 3518 detestari
1717 3474 1763 3517 et
1795 3468 2006 3537 jurare,
2029 3465 2156 3531 quia

538 3576 645 3614 non
671 3559 836 3631 226
855 3559 1079 3613 novisset
1100 3558 1383 3613 hominem.
1409 3555 1476 3609 Et
1500 3558 1749 3611 continuo
1776 3557 1948 3629 gallus
1970 3566 2152 3611 canta.

541 3654 631 3706 uit.
660 3650 729 3705 Et
755 3650 1053 3706 recordatus
1078 3661 1152 3704 est
1184 3650 1377 3705 Petrus
1407 3651 1545 3705 uerbi
1568 3649 1715 3716 Jesu,
1743 3651 1884 3720 quod
1904 3650 2105 3705 dixerat
2132 3667 2151 3704 :

542 3740 863 3812 Priusquam
912 3742 1086 3813 gallus
1142 3750 1334 3807 cantet,
1398 3751 1476 3795 ter
1526 3758 1608 3794 me
1652 3741 1882 3811 negabis.
1934 3740 1991 3796 lu
2040 3742 2151 3795 alio

539 3835 835 3905 Evangelio
868 3835 1102 3905 legimus
1135 3851 1150 3887 :
1195 3834 1320 3904 quia
1355 3844 1477 3903 post
1510 3833 1860 3903 negationem
1893 3833 2064 3899 Petri,
2097 3842 2151 3888 et

539 3937 761 3983 cantum
790 3926 947 3997 galli,
972 3928 1278 3996 respexerit
1300 3924 1552 3983 Salvator
1580 3927 1830 3993 Petrum,
1864 3936 1919 3981 et
1949 3928 2146 3981 intuitu

540 4031 643 4073 suo
671 4032 797 4074 eum
825 4017 891 4073 ad
920 4032 1136 4073 amaras
1166 4017 1443 4088 lacrymas
1488 4020 1819 4089 provocarit.
1844 4017 1979 4075 “Nec
2027 4018 2147 4076 ﬁeri

535 4119 775 4180 poterat,
808 4119 866 4165 ut
890 4110 943 4164 in
964 4109 1272 4179 negationis
1295 4110 1540 4166 tenebris
1571 4120 1943 4181 permaneret,
1984 4127 2144 4183 quem

541 4201 637 4259 lux
668 4211 991 4274 respexerat
1017 4203 1235 4258 mundi.

610 4295 682 4349 Et
707 4312 941 4368 egressus
979 4295 1145 4365 foras,
1190 4296 1333 4365 ﬂevit
1382 4312 1577 4350 amare.
1631 4295 1690 4350 In
1736 4298 1875 4351 atrio
1920 4296 2143 4366 Caipha‘.

532 4387 768 4455 sedens,
818 4401 927 4442 non
961 4396 1174 4457 poterat
1202 4402 1365 4458 agerc
1414 4388 1813 4459 ptenitentiam.
1851 4388 2144 4459 Egreditur

534 4480 690 4536 foras
743 4479 813 4536 de
861 4478 1153 4551 impiorum
1200 4479 1456 4547 concilio,
1482 4491 1541 4535 ut
1596 4482 1807 4552 pavidae
1838 4482 2142 4553 negationis

536 4572 729 4629 sordes
755 4572 958 4628 amaris
987 4572 1205 4627 fletibus
1234 4572 1400 4627 lavet.

609 4664 767 4739 (Cap.
798 4663 1263 4723 XXVll.—Vers.
1289 4666 1314 4719 1
1349 4664 1541 4738 seqq.)
1573 4665 1732 4723 Mane
1762 4677 1935 4723 autem
1973 4673 2136 4741 facta,

610 4883 638 4912 τι
676 4874 852 4930 Antea
896 4870 1206 4942 legebatur,
1255 4869 1591 4925 credentibus.
1627 4869 1823 4926 Verior
1861 4884 2024 4942 quam
2059 4886 2151 4926 re-

536 4946 830 5015 posuimus
863 4942 931 4997 ad
957 4941 1015 4998 S.
1048 4941 1227 4997 Patris
1256 4951 1495 4998 mentem
1539 4942 1781 4997 omnium
1815 4941 1949 4998 is.
1978 4941 2146 4997 lectio

540 5025 646 5124 est:
672 5087 745 5141 Ex
782 5086 868 5139 his
914 5098 1056 5138 unus
1089 5083 1304 5139 videtur
1344 5084 1401 5138 S.
1444 5082 1792 5151 Ambrosius,
1830 5082 1986 5151 cujus
2029 5085 2146 5139 lure

536 5158 810 5213 sententia
856 5154 951 5210 lib.
977 5171 1010 5209 x
1042 5155 1093 5208 in
1124 5154 1326 5210 Lucam
1347 5196 1359 5213 .
1395 5170 1451 5207 u.
1484 5152 1558 5208 82
1590 5171 1604 5206 :
1637 5149 1778 5224 Bene
1809 5149 2011 5224 negavit
2052 5155 2147 5211 ha-

534 5231 748 5298 mincm,
776 5226 900 5298 quia
913 5226 1109 5298 sciebat
1136 5226 1321 5280 Deum.
1352 5226 1415 5278 Et
1442 5224 1656 5298 pridem
1680 5222 1917 5280 fortasse
1940 5224 1997 5280 S.
2030 5226 2146 5293 ipso

539 5292 799 5363 Hilarius,
833 5297 925 5364 qui
960 5298 1015 5350 in
1047 5300 1191 5351 ltllttc
1226 5298 1425 5368 locum,
1446 5292 1529 5347 ’Et
1557 5310 1671 5349 rere
1691 5298 2001 5368 prop_e,ait,
2022 5292 2141 5368 jam

537 5370 649 5423 sine
688 5363 897 5439 piaculo
936 5367 1203 5439 hominem
1230 5367 1468 5439 negabat,
1495 5382 1649 5439 quam
1678 5363 1773 5439 Dei
1795 5363 1854 5418 ‘F
1858 5366 2001 5422 ilium
2022 5363 2139 5437 'prio

535 5455 652 5511 mus
676 5435 976 5511 agnoverat.
1024 5435 1620 5494 Dixeriut'excusandi
1671 5435 1892 5505 adeelu,
1942 5435 2052 5493 nou
2082 5447 2140 5493 ut

537 5510 752 5578 Culpam
786 5519 1071 5578 negarent.

613 5591 633 5616 ε
662 5579 896 5635 Tessera
930 5580 1206 5645 militaris,
1235 5578 1393 5647 vulgo
1416 5578 1556 5647 apud
1582 5595 1676 5633 nos
1702 5581 1748 5633 le
1769 5588 1874 5633 ntot
1897 5578 1967 5631 du
1993 5591 2133 5647 guet.

537 5649 817 5705 dicebatur
843 5651 1078 5721 σύνθημα
1108 5650 1191 5705 vel
1224 5649 1743 5721 conﬁciamsignum
1769 5650 1913 5720 quod
1944 5649 2012 5704 ad
2037 5663 2140 5720 pu-

575 5732 699 5771 nam
730 5718 1056 5775 exeuntibus
1086 5718 1320 5774 dabatur
1340 5718 1570 5773 vitanda:
1586 5718 1922 5774 coiifusionis
1945 5718 2130 5775 causa.

583 5787 849 5844 abaadita:
881 5803 1012 5859 ergo
1043 5788 1322 5847 habebant
1362 5805 1462 5858 pro
1506 5789 1663 5860 signo
1693 5806 1755 5846 ac
1785 5789 2131 5861 synthemate

2258 3278 2661 3350 patuiteutiam,
2694 3293 2793 3349 per
2816 3293 2976 3348 quam
3004 3278 3190 3334 scelus
3213 3279 3493 3349 cerrigere
3525 3293 3632 3334 non
3665 3281 3864 3350 potuit.

2260 3371 2319 3426 Si
2348 3370 2565 3442 quando
2595 3371 2673 3425 sie
2702 3370 2871 3426 frater
2898 3379 3087 3440 peccat
3117 3371 3169 3425 in
3202 3370 3453 3435 fratrem,
3481 3382 3536 3427 ut
3561 3372 3867 3428 emendare

2259 3462 2436 3516 valeat
2467 3461 2610 3530 qttod
2649 3462 2911 3530 peccavit,
2959 3470 3137 3531 potest
3181 3464 3232 3517 ei
3275 3462 3500 3518 dimitti.
3532 3462 3630 3519 Sin
3674 3471 3863 3519 autem

2257 3564 2578 3624 permanent
2604 3568 2791 3623 opera,
2831 3553 3031 3609 frustra
3076 3569 3208 3610 voce
3256 3555 3552 3611 assumitur
3584 3558 3862 3627 poeniten-

2254 3647 2350 3701 tia.
2383 3648 2497 3702 lloc
2527 3655 2611 3703 est
2638 3647 2780 3718 quod
2812 3648 2866 3702 in
2898 3649 3109 3718 psalmo
3134 3650 3202 3704 de
3231 3649 3423 3705 eodem
3469 3649 3864 3706 infelicissimo

2254 3737 2394 3794 Juda
2417 3739 2662 3795 dicitur:
2699 3739 2768 3794 Et
2823 3741 2997 3794 oratio
3034 3742 3149 3811 ejus
3206 3741 3392 3810 ﬁatin
3438 3751 3703 3810 peccatum
3739 3740 3857 3813 (Ps.

2254 3846 2409 3896 cvm,
2440 3831 2525 3901 7);
2554 3843 2612 3886 ut
2652 3848 2759 3887 non
2786 3831 2967 3887 solum
2997 3833 3295 3888 emendare
3340 3835 3644 3905 nequiverit
3673 3834 3863 3903 prodi-

2255 3926 2418 3981 tionis
2445 3925 2622 3994 nefas,
2671 3925 2771 3981 sed
2816 3925 2883 3981 ad
2920 3927 3075 3995 prius
3103 3927 3287 3982 scelus
3314 3928 3478 3983 etiam
3515 3929 3725 3997 proprii
3758 3929 3855 3983 ho-

2251 4019 2460 4074 micidii
2487 4020 2694 4075 crimen
2742 4018 3034 4075 addiderit.
3067 4020 3198 4075 Tale
3223 4021 3351 4091 quid
3384 4029 3438 4077 et
3467 4022 3772 4091 Apostolus
3803 4022 3857 4077 in

2258 4113 2494 4168 secunda
2529 4112 2596 4168 ad
2624 4111 2936 4168 Corinthios
2969 4111 3212 4183 Epistola
3246 4113 3488 4183 loquitur
3521 4130 3534 4169 :
3583 4112 3668 4168 Ne
3693 4116 3857 4169 abun-

2251 4203 2483 4257 dantiori
2509 4203 2721 4257 tristitia
2752 4202 3088 4258 absorbeatur
3119 4205 3278 4273 frater
3307 4212 3330 4240 θ
3364 4203 3430 4275 (ll
3460 4203 3579 4259 Cor.
3612 4220 3668 4271 tt,
3704 4205 3783 4275 7).

2325 4296 2511 4368 (Vers.
2539 4294 2619 4367 6.)
2669 4295 2949 4366 Principes
2994 4305 3169 4350 autem
3226 4296 3590 4366 sacerdotum,
3633 4297 3860 4368 acceptis

2248 4392 2509 4464 argenteis
2532 4433 2546 4458 ,
2590 4389 2838 4444 dixerunt
2865 4406 2882 4442 :
2918 4388 3042 4443 Non
3080 4390 3199 4444 licet
3228 4407 3317 4444 eos
3346 4393 3545 4445 mittere
3575 4392 3629 4446 in
3669 4392 3844 4446 carbo-

2246 4501 2367 4539 nam
2414 4484 2534 4556 [AL
2585 4481 2901 4555 corbanam]
2928 4525 2943 4550 ,
2991 4484 3111 4554 quia
3146 4484 3369 4554 pretium
3418 4484 3689 4556 sanguinis
3744 4493 3839 4537 est.

2162 4552 2218 4615 Β
2249 4577 2388 4633 Vere
2415 4552 2646 4633 culicem
2679 4552 2955 4648 liquantcs
2976 4552 3009 4642 ,η
3041 4583 3098 4632 et
3119 4552 3386 4631 catnelum
3417 4552 3735 4649 gluiientes.
3781 4572 3843 4630 Si

2247 4670 2396 4726 enim
2426 4669 2552 4726 ideo
2583 4684 2690 4725 non
2724 4669 2948 4723 mittunt
2979 4668 3269 4739 pecuniam
3304 4668 3356 4724 in
3389 4668 3715 4736 corbonam,
3752 4666 3857 4723 hoc

2248 4889 2442 4930 vocem
2473 4859 2659 4942 n‘mu,
2683 4874 3027 4942 schibboleth,
3061 4891 3223 4947 quam
3255 4875 3574 4946 Ephrathaei
3606 4891 3849 4947 pronun-

2252 4968 2459 5022 tiabant
2502 4953 2686 5039 r3510,
2725 4968 2999 5024 sibboleth.
3034 4969 3174 5025 Vide
3212 4969 3462 5024 iudicum
3498 4970 3587 5023 lib.
3626 4985 3744 5039 cap.
3776 4983 3849 5039 xu

2250 5054 2396 5121 vers.
2447 5040 2499 5094 6.
2529 5038 2706 5094 Man'r.
2743 5069 2814 5079 —
3077 5042 3265 5121 possit
3297 5044 3471 5121 ipsum
3516 5037 3847 5121 Schibboletlt

2249 5112 2475 5197 verbum
2494 5152 2508 5175 ,
2557 5124 2677 5197 pro‘
2696 5124 2803 5180 quo
2855 5107 3471 5197 Sibbo'let'hnEpltrathtei
3496 5110 3846 5197 Iprouunti'a-

2250 5180 2401 5247 bant,
2436 5181 2776 5251 propositum
2808 5181 3084 5249 exemplo.
3117 5180 3250 5236 Mss.
3285 5192 3463 5237 tamen
3494 5181 3688 5237 habent
3723 5181 3845 5235 σύν-

2250 5254 2403 5323 θημα,
2438 5263 2532 5306 aut
2556 5252 2747 5323 Latine
2767 5252 3058 5321 synthema,
3078 5254 3223 5321 quod
3256 5254 3341 5323 hic
3368 5254 3585 5322 proprie
3611 5254 3840 5323 sigmnn,

2250 5321 2395 5391 nota,
2441 5325 2555 5378 sive
2583 5321 2834 5376 indicium
2864 5333 2969 5381 est.
3001 5338 3109 5392 quo
3148 5324 3218 5378 ab
3266 5321 3609 5393 Epitrathatis
3646 5322 3841 5393 Galea:

2247 5388 2893 5473 ditaridis‘ti‘ngtteitantur.
2920 5388 3167 5473 Diximus
3187 5395 3257 5448 de
3284 5388 3385 5473 hoc
3406 5394 3574 5450 verbo
3610 5390 3740 5473 alibi
3769 5388 3835 5442 ad

2244 5464 2405 5531 epist.
2439 5462 2593 5529 “8,'
2618 5463 2686 5519 ad
2728 5462 2999 5518 Julianuni
3047 5466 3223 5529 initio,
3267 5465 3358 5519 ubi
3405 5473 3581 5521 tamen
3610 5463 3834 5517 diverso

2243 5536 2520 5604 paulisper
2546 5536 2616 5591 ab
2643 5538 2746 5589 hoc
2777 5534 3395 5605 signiﬁcatnaccipitnr.

2312 5605 2339 5645 ά
2382 5608 2559 5665 Penes
2591 5604 2893 5662 Victor-ium
2916 5647 2929 5670 ,
2969 5604 3103 5659 nihil
3132 5607 3327 5676 profuit
3356 5608 3403 5660 ei
3435 5622 3549 5662 sera
3575 5605 3822 5677 peniten-

2241 5678 2337 5743 tia,
2371 5694 2465 5758 per
2483 5695 2663 5758 quam,
2697 5685 2878 5758 ete.m
3173 5745 3184 5757 _
3246 5746 3256 5757 .

2325 5724 2337 5743 ,
2371 5695 2464 5749 per
2524 5695 2663 5744 nam,
2697 5695 2802 5732 etc.

2315 5758 2339 5787 ο
2384 5695 2610 5804 Addunt
2636 5745 2879 5803 nonnulli
2911 5760 3071 5812 mss.,
3095 5745 3184 5816 qui
3207 5746 3464 5815 ejusmodi
3490 5756 3584 5803 est.
