4044 6310
519 263 624 320 207

1776 250 1835 308 S.
1880 246 2155 307 EUSEBII
2195 242 2577 301 HIERONYMI

3714 231 3822 289 208

524 388 634 441 est,
663 377 757 447 qui
788 389 885 432 rex
914 381 1103 430 vester
1126 378 1229 426 est.
1271 368 1514 436 Cumque
1542 364 1968 436 responderent,
1990 364 2123 418 Cru-
2147 368 2204 428 Α
2227 379 2347 417 cens
2387 376 2481 433 ego
2525 376 2643 414 sunt
2676 375 2711 413 a
2747 359 3003 429 sanguine
3022 355 3158 428 justi
3198 353 3355 426 hujus
3376 391 3391 419 ,
3419 360 3475 407 et
3494 358 3684 423 postea
3718 349 3821 405 ﬂa-

527 470 802 541 ciﬁgalur,
833 483 944 523 non
971 464 1153 521 statim
1175 461 1446 532 acquievit
1472 478 1491 526 ;
1515 460 1609 516 sed
1635 459 1788 529 juxta
1814 458 2127 529 suggestio-

531 579 658 618 nem
718 560 941 625 uxoris,
989 573 1109 628 qua:
1156 553 1556 610 mandaverat:
1605 551 1760 606 Nihil
1788 552 1878 606 tibi
1904 560 1953 605 et
1975 552 2124 621 justo

532 654 615 708 illi
642 696 657 719 ,
691 652 810 721 ipse
844 664 1061 720 quoque
1102 645 1423 717 respondit:
1460 644 1597 711 Quid
1641 645 1778 697 enim
1813 642 1937 695 ntali
1965 640 2127 712 fecit?

533 748 647 802 lloc
673 743 943 808 dicendo,
977 741 1185 797 Pilatus
1224 740 1462 795 absolvit
1494 740 1701 793 .lesum.
1745 736 1815 792 At
1846 736 1926 791 illi
1954 735 2129 806 magis

527 837 882 900 clamabant,
925 834 1207 889 dicentes:
1252 831 1626 902 Cruciﬁgatur.
1688 828 1757 885 Ut
1799 828 2126 898 impleretur

523 930 669 1000 quod
726 929 779 984 in
819 928 1086 998 vigesimo
1118 927 1294 997 primo
1324 924 1536 995 psalmo
1579 923 1826 978 dixerat:
1889 921 2126 977 Circum-

519 1026 772 1081 dederuut
810 1040 893 1078 me
928 1038 1081 1076 canes
1119 1021 1267 1075 multi
1289 1036 1308 1074 :
1356 1027 1407 1074 et
1460 1020 1790 1090 congregatio
1828 1017 2125 1088 malignan-

529 1118 660 1171 tium
693 1116 889 1171 obsedit
926 1132 1004 1170 me
1043 1113 1216 1186 (Psal.
1247 1128 1366 1179 xxi,
1398 1110 1510 1183 12).
1571 1112 1637 1166 Ει
1667 1109 1798 1165 illud
1828 1109 2120 1165 Jeremiaa:

524 1206 700 1263 Facta
729 1218 805 1262 est
834 1207 963 1262 mihi
980 1205 1259 1261 hwreditas
1283 1221 1395 1259 mea
1420 1205 1552 1259 sicut
1580 1204 1660 1259 leo
1689 1205 1743 1257 iu
1770 1202 1941 1259 silva:
1970 1205 2124 1257 dede-

527 1313 651 1358 runt
676 1319 833 1373 super
861 1319 940 1356 me
966 1316 1138 1355 vocem
1159 1317 1307 1354 suum
1335 1298 1553 1371 (Jerem.
1586 1315 1683 1364 ιιι,
1715 1300 1791 1368 8).
1823 1297 1963 1353 lsaia
1990 1312 2124 1367 quo-

528 1410 637 1467 que
669 1396 723 1449 in
753 1394 855 1449 hac
880 1393 1152 1450 sententia
1182 1400 1549 1462 congruente:
1578 1388 1887 1462 Exspectavi
1909 1397 1962 1442 ut
1990 1390 2125 1459 face-

523 1495 639 1541 rent
660 1485 956 1557 judicium,
1000 1483 1227 1554 {ecerunt
1255 1491 1429 1537 autem
1459 1481 1797 1551 iniquitatem,
1825 1489 1872 1535 et
1903 1495 2005 1534 non
2027 1482 2123 1552 ju-

523 1579 745 1644 stitiam,
774 1578 864 1631 sed
889 1575 1168 1630 clamorem
1199 1574 1354 1645 (lsai.
1380 1592 1438 1644 v,
1472 1573 1549 1645 7).

598 1670 786 1740 (Vers.
813 1667 936 1739 24.)
983 1666 1171 1722 Videas
1198 1676 1374 1722 autem
1415 1665 1626 1720 Pilatus
1655 1670 1776 1732 quia
1799 1666 1933 1719 nihil
1959 1665 2124 1737 proﬁ-

2224 456 2483 525 gellatum
2537 450 2829 507 tradidisse
2871 449 3058 505 Jesum
3109 456 3167 502 ut
3225 444 3671 515 cruciﬁgeretur?
3714 441 3821 498 Sed

2225 548 2511 603 sciendum
2580 554 2669 601 est
2717 545 2981 600 Romanis
3020 559 3146 599 eum
3197 541 3410 611 legibus
3454 540 3823 605 ministrasse,

2227 641 2427 709 quibus
2469 638 2739 693 sancitum
2784 646 2900 702 est,
2946 636 3121 707 utqui
3155 633 3511 703 crucifigitur,
3555 630 3704 702 prius
3727 630 3824 686 lla-

2226 731 2385 802 gellis
2415 731 2754 785 verberetur.
2815 728 3075 783 Traditus
3114 738 3198 783 est
3230 726 3418 796 itaque
3445 723 3608 780 Jesus
3636 723 3826 779 militi-

2226 824 2328 879 bus
2374 822 2755 879 verberandus
2781 861 2798 888 ,
2846 833 2901 878 et
2953 821 3082 876 illud
3124 820 3553 875 sacratissimum
3596 832 3821 889 corpus,

2226 926 2525 989 pectusque
2557 916 2649 970 Dei
2675 931 2871 984 capax,
2901 913 3113 983 ﬂagella
3146 920 3458 969 secuerunt.
3496 911 3606 965 Hoc
3636 921 3824 964 autem

2223 1011 2427 1066 factum
2471 1020 2593 1075 est,
2647 1017 2705 1063 ut
2750 1008 2877 1078 quia
2930 1007 3197 1075 scriptum
3226 1013 3376 1060 erat:
3411 1001 3587 1058 Multa
3612 1001 3830 1073 ﬂagella

2225 1109 2552 1172 peccatorum
2590 1097 2770 1168 (Psal.
2811 1114 2958 1163 xxxi,
3005 1098 3118 1167 te).
3174 1096 3272 1150 illo
3314 1094 3618 1165 ﬂagellato,
3665 1106 3767 1147 nos
3796 1109 3831 1147 a

2224 1193 2547 1248 verberibus
2582 1192 2969 1254 liberaremur,
3017 1189 3178 1262 231
3206 1198 3233 1226 ³
3280 1188 3499 1252 dicente
3536 1186 3830 1256 Scriptura

2224 1288 2291 1342 ad
2318 1287 2496 1342 virum
2528 1287 2736 1356 justum
2771 1304 2782 1340 :
2820 1283 3121 1356 Flagellum
3150 1300 3253 1338 non
3277 1282 3713 1356 apprOpinquabit
3738 1291 3829 1337 ta-

2225 1381 2503 1436 bernaculo
2526 1390 2618 1435 tuo
2646 1379 2825 1452 (Psal.
2858 1395 2949 1444 xc,
2974 1379 3091 1449 10).

2251 1511 2256 1515 -
2296 1472 2479 1540 (Vers.
2508 1473 2579 1526 27
2601 1469 2788 1543 seqq.)
2830 1470 2980 1525 Tunc
3006 1471 3197 1524 milites
3221 1470 3464 1540 praesidis
3492 1468 3832 1541 suscipientes

2223 1563 2405 1620 Jesum
2431 1565 2487 1619 in
2513 1563 2542 1602 δ
2565 1564 2827 1634 prtetorio,
2878 1571 3315 1635 congregaverant
3343 1561 3413 1615 ad
3443 1578 3557 1616 eum
3612 1562 3830 1617 univcr-

2223 1673 2335 1711 sam
2365 1657 2651 1723 cohortem,
2680 1664 2729 1711 et
2749 1664 2993 1711 exucntes
3022 1671 3161 1721 eum,
3186 1653 3510 1725 chlamydem
3533 1654 3834 1708 coccineam

526 1773 694 1829 ceret,
739 1761 829 1815 sed
856 1760 1022 1833 magis
1051 1759 1301 1814 tumultus
1324 1758 1500 1827 ﬁeret,
1534 1766 1748 1830 accepta
1776 1757 1941 1829 23o
1964 1773 2123 1826 aqua,
2157 1749 2203 1809 Β
2229 1748 2686 1805 circumdederunt
2720 1751 2786 1806 ei.
2818 1748 2885 1803 Et
2909 1748 3191 1821 plectentes
3235 1763 3482 1801 coronam
3527 1747 3593 1801 de
3634 1747 3826 1817 spinis,

526 1855 651 1910 lauit
684 1869 871 1908 manus
898 1868 1074 1906 coram
1099 1849 1317 1923 papula,
1356 1851 1530 1904 dicens
1551 1866 1569 1903 :
1600 1848 1857 1903 Innocens
1883 1864 1977 1919 ego
2008 1864 2122 1902 sum

526 1964 561 1999 a
583 1946 835 2016 sanguine
856 1942 1017 2014 hujus
1031 1944 1168 2016 justi
1192 1959 1211 1997 :
1252 1958 1342 1997 vos
1361 1942 1617 1996 uideritis.
1680 1941 1888 1996 Pilatus
1917 1941 2124 2011 accepit

529 2052 751 2107 aquam,
779 2036 934 2104 juxta
963 2034 1094 2088 illud
1127 2035 1538 2104 propheticum:
1578 2032 1787 2087 Lavabo
1809 2034 1943 2087 inter
1970 2034 2122 2087 inno-

523 2136 697 2183 centes
737 2142 924 2181 manus
964 2142 1102 2180 meas
1141 2123 1259 2195 (Ps.
1295 2140 1433 2190 xxv,
1460 2122 1551 2196 6);
1582 2134 1642 2178 ut
1672 2127 1723 2178 in
1756 2124 1974 2180 lavacro
2005 2140 2119 2179 ma-

526 2235 693 2276 nuum
737 2218 858 2289 ejus
900 2215 1200 2274 Gentilium
1231 2231 1401 2287 opera
1432 2227 1819 2286 purgarentnr,
1850 2225 1905 2271 et
1929 2217 1998 2271 ab
2024 2217 2123 2270 im-

525 2314 734 2383 pietate
767 2310 1082 2367 Judtcorum
1106 2352 1120 2374 ,
1154 2310 1246 2380 qui
1276 2312 1690 2378 clamaverunt,
1719 2311 1961 2381 cruci/iga
1984 2327 2120 2377 eum,

529 2420 631 2462 nos
666 2404 877 2460 alienos
915 2403 1123 2458 laceret
1146 2444 1161 2469 ,
1203 2400 1610 2471 quodammodo
1647 2402 1754 2457 hoc
1783 2410 2119 2471 contestans,

527 2512 584 2556 et
613 2498 839 2554 dicens:
880 2497 996 2567 Ego
1033 2495 1252 2566 quidem
1294 2497 1642 2552 innocentem
1677 2497 1823 2552 volui
1854 2497 2122 2564 liberare;

530 2592 627 2652 sed
656 2587 914 2660 quoniam
963 2587 1072 2662 [ΑΙ.
1103 2587 1297 2661 etiam]
1325 2588 1523 2643 seditio
1552 2589 1759 2655 oritur,
1795 2599 1847 2645 et
1869 2590 2124 2661 perduel-

530 2684 696 2740 lionis
719 2681 851 2737 mibi
877 2692 1068 2737 contra
1097 2679 1371 2737 Caesarem
1396 2683 1601 2737 crimen
1628 2683 1985 2754 impingitur:
2031 2684 2128 2739 In-

531 2792 723 2830 nocens
751 2790 841 2846 ego
863 2789 981 2828 sum
1013 2790 1045 2827 a
1072 2774 1323 2843 sanguine
1336 2774 1472 2846 justi
1495 2773 1678 2845 hujus.
1718 2774 1893 2831 Judex
1921 2777 2008 2846 qui
2034 2792 2127 2832 co—

530 2868 677 2939 gitur
716 2873 910 2921 contra
950 2863 1227 2919 Christum
1276 2865 1606 2919 sententiam
1658 2865 1839 2933 ferre,
1888 2882 1995 2921 non
2031 2867 2126 2923 da-

529 2967 683 3015 mnat
718 2956 1006 3021 oblatum;
1056 2955 1154 3011 sed
1199 2957 1379 3026 arguit
1422 2954 1738 3024 offerentes,
1764 2956 1970 3027 justum
2002 2973 2127 3014 esse

526 3051 891 3125 pronuntians
934 3048 1027 3120 qui
1072 3048 1474 3119 cruciﬁgendus
1502 3058 1607 3105 est.
1661 3048 1790 3120 Vos,
1823 3050 2022 3119 inquit,
2051 3052 2127 3105 vi-

2225 1850 2507 1913 posuerunt
2535 1859 2697 1910 super
2725 1852 2880 1914 caput
2912 1847 3046 1914 ejus,
3080 1850 3129 1895 et
3158 1840 3468 1895 arundinem
3512 1840 3571 1894 in
3608 1840 3831 1893 dextera

2222 1938 2336 2005 ejus
2361 1950 2383 1990 :
2403 1945 2451 1990 et
2480 1951 2616 2008 genu
2642 1938 2779 2006 ﬂexo
2805 1945 2925 1989 ante
2957 1951 3094 1999 eum,
3127 1932 3417 1988 illudebant
3441 1932 3510 1998 ei,
3553 1932 3785 1986 dicentes
3810 1948 3831 1986 :

2223 2028 2349 2096 Ave,
2372 2044 2465 2082 rea:
2482 2025 2815 2082 Judworum.
2850 2027 3047 2082 Milites
3063 2024 3305 2097 quidem,
3338 2025 3463 2096 quia
3493 2039 3589 2079 rex
3609 2022 3832 2079 Iudaeo-

2224 2136 2346 2175 rum
2369 2119 2548 2175 fuerat
2569 2120 2881 2191 appellatus
2908 2159 2924 2185 ,
2957 2128 3012 2173 et
3042 2118 3150 2173 hoc
3176 2119 3224 2174 ei
3252 2118 3459 2174 Scriba:
3488 2127 3543 2172 et
3571 2116 3834 2173 sacerdo-

2226 2221 2308 2268 tes
2342 2213 2550 2268 crimen
2584 2212 2928 2283 objecerant,
2953 2211 3098 2282 quod
3139 2211 3241 2267 sibi
3298 2211 3353 2265 in
3404 2209 3603 2281 populo
3655 2209 3830 2265 Israel

2226 2315 2522 2376 usurparet
2553 2305 2871 2375 imperium,
2907 2304 3206 2361 illudcntes
3234 2302 3343 2359 hoc
3380 2302 3606 2370 faciunt,
3638 2313 3695 2357 ut
3723 2318 3835 2356 nu-

2225 2398 2412 2454 datum
2438 2398 2682 2469 pristinis
2707 2399 2974 2466 vestibus,
3008 2397 3237 2453 induant
3268 2395 3598 2467 chlamydeu
3640 2395 3834 2452 cocci-

2226 2507 2384 2548 neam
2413 2479 2516 2562 pro
2546 2503 2567 2530 ε
2592 2492 2711 2547 rufo
2741 2491 2929 2556 limbo,
2960 2505 3070 2563 quo
3088 2506 3243 2562 reges
3266 2495 3830 2554 veteresntebantur:

2225 2592 2281 2640 et
2310 2600 2409 2656 pro
2437 2584 2742 2639 diademate
2774 2594 2976 2655 ponant
3006 2583 3058 2639 ei
3106 2599 3371 2641 coronam
3403 2586 3650 2656 spineam
3682 2606 3698 2643 :
3728 2605 3830 2660 pro

2224 2686 2442 2746 sceptro
2466 2678 2629 2746 regali
2644 2676 2777 2732 dent
2796 2676 3093 2741 calamum,
3117 2684 3173 2733 et
3192 2677 3426 2734 adorent
3446 2680 3601 2750 quasi
3617 2696 3827 2752 regem.

2225 2768 2335 2824 Nos
2361 2782 2542 2824 autem
2579 2769 2694 2825 haec
2733 2772 2915 2825 omnia
2949 2770 3324 2841 intelligamus
3369 2775 3620 2846 mystice.
3676 2776 3831 2844 Quu-

2227 2861 2391 2915 modo
2422 2861 2567 2916 enim
2618 2859 2853 2933 Caipltas
2882 2861 3063 2916 dixit:
3090 2862 3309 2934 Oportet
3358 2880 3521 2920 unum
3567 2867 3831 2924 hominem

2223 2954 2355 3007 mori
2387 2971 2481 3024 pro
2509 2954 2745 3009 omnibus
2768 2953 2951 3028 (Joan.
2979 2970 3055 3018 st,
3082 2955 3198 3025 50),
3229 2957 3485 3013 nesciens
3514 2960 3645 3030 quid
3677 2960 3832 3019 dice-

2225 3054 2312 3099 ret
2340 3061 2355 3101 :
2385 3045 2462 3099 sic
2486 3054 2539 3099 et
2568 3045 2660 3100 isti
2686 3061 3046 3117 quarcumque
3072 3046 3339 3116 fecerunt,
3367 3050 3492 3107 licet
3512 3052 3616 3108 alia
3640 3064 3831 3112 mente

526 3146 729 3201 dei-itis.
778 3144 896 3215 Ego
947 3143 1199 3199 minister
1239 3158 1359 3199 sum
1406 3142 1585 3215 legum
1615 3161 1629 3199 ε
1665 3152 1847 3201 vestra
1876 3159 1981 3200 νοι
2005 3159 2125 3201 san.
2150 3126 2197 3191 C
2229 3135 2478 3202 fecerint,
2523 3146 2703 3194 tamen
2761 3140 2940 3208 nobis,
2998 3141 3089 3210 qui
3141 3142 3439 3214 credimus,
3481 3157 3830 3204 sacramenta

525 3240 742 3312 guinem
775 3235 971 3291 fundit.

600 3330 781 3402 (Vers.
815 3327 936 3399 25.)
965 3324 1033 3381 Et
1060 3326 1377 3400 respondens
1398 3326 1664 3383 universus
1692 3328 1938 3399 populus,
1958 3330 2124 3384 dixit:

534 3423 765 3495 Sanguis
791 3424 906 3494 ejus
936 3437 1094 3490 super
1129 3437 1222 3475 nos
1250 3429 1298 3475 et
1328 3436 1481 3490 super
1502 3420 1641 3489 filios
1662 3432 1885 3476 nostros.
1930 3421 2127 3479 Perse-

530 3524 687 3573 verat
721 3529 897 3585 usque
924 3513 978 3567 in
1004 3522 1334 3582 pratsentem
1363 3512 1510 3567 diem
1539 3512 1659 3567 haec
1688 3514 2008 3582 imprecatio
2039 3530 2129 3570 su-

527 3623 627 3681 per
652 3607 895 3671 Judaaos,
928 3614 985 3659 et
1011 3603 1237 3673 sanguis
1265 3602 1483 3658 Domini
1513 3619 1619 3657 non
1654 3602 1908 3659 aufertur
1928 3606 1998 3661 ab
2024 3606 2124 3661 eis.

535 3699 688 3757 Unde
718 3712 816 3766 per
840 3694 1035 3750 lsaiam
1066 3693 1310 3764 loquitur
1336 3712 1346 3745 :
1394 3693 1457 3749 Si
1501 3694 1788 3749 levaveritis
1814 3695 1884 3749 ad
1913 3712 1993 3751 me
2017 3713 2130 3751 ma-

530 3809 651 3858 nus,
681 3805 786 3843 non
812 3787 1090 3842 exaudiam
1110 3802 1222 3841 vos.
1251 3783 1442 3840 Manus
1466 3787 1603 3839 enim
1627 3796 1809 3841 vestra:
1831 3788 2131 3856 pleuwsunt

529 3881 784 3954 sanguine
825 3877 982 3951 (lsai.
1010 3895 1052 3945 ι,
1080 3879 1191 3946 l5).
1240 3877 1511 3949 Optimam
1543 3878 1920 3937 haereditatem
1957 3880 2131 3937 Judaei

535 3980 664 4035 filiis
685 3977 1000 4046 relinquunt
1024 3974 1140 4048 [ΑΙ.
1175 3974 1566 4048 reliquerunt],
1595 3975 1876 4032 dicentes:
1902 3976 2134 4049 Sanguis

535 4072 648 4142 ejus
676 4084 831 4141 super
847 4081 962 4135 nos,
993 4077 1040 4121 et
1066 4082 1226 4133 super
1257 4064 1396 4134 ﬁlios
1422 4074 1649 4121 nostros.

610 4158 795 4231 (Vers.
814 4157 935 4227 26.)
958 4155 1104 4211 Tunc
1124 4157 1317 4211 dimisit
1338 4157 1445 4213 illis
1472 4156 1817 4227 Barrabbam,
1833 4162 1865 4216 ,Ι
1872 4177 2017 4217 esum
2040 4179 2135 4217 au-

537 4262 639 4308 tem
652 4250 977 4322 ﬂagellatam
994 4248 1214 4303 tradidit
1228 4248 1303 4304 eis
1322 4259 1376 4303 ut
1398 4252 1807 4323 cruciﬁgeretur.
1834 4254 2134 4312 Barrabbas

533 4344 807 4414 latro,qui
830 4340 1128 4397 seditiones
1152 4340 1385 4398 iaciebat
1411 4344 1463 4398 in
1492 4346 1685 4409 turbis.
1703 4346 1794 4418 qui
1813 4347 2135 4419 homicidio-

536 4456 658 4496 rum
693 4447 882 4493 auctor
901 4445 1040 4503 erat,
1078 4436 1336 4492 dimissus
1355 4446 1441 4493 est
1466 4440 1668 4510 pupulo
1693 4439 2004 4499 Iudaeorum
2024 4486 2039 4511 ,
2080 4444 2135 4502 id

2226 3231 2561 3287 tribuerunt.
2594 3232 2653 3287 In
2698 3232 2989 3306 chlamyde
3028 3239 3310 3304 coccinea,
3367 3252 3535 3309 opera
3579 3242 3830 3313 gentium

2227 3332 2452 3379 cruenta
2485 3333 2798 3381 sustentat:
2852 3326 2904 3381 in
2963 3342 3168 3382 corona
3215 3329 3425 3400 spinea,
3477 3332 3828 3389 maledictum

2227 3418 2392 3474 solvit
2421 3419 2704 3490 antiquum
2742 3437 2755 3473 :
2785 3419 2837 3475 in
2870 3420 3104 3489 calamo,
3134 3432 3405 3479 venenata
3455 3425 3659 3480 occidit
3706 3426 3828 3483 ani-

2228 3512 2415 3569 malia.
2449 3515 2574 3569 Sive
2604 3515 2873 3569 calamum
2908 3515 3129 3572 tenebat
3168 3515 3224 3571 in
3272 3531 3459 3582 manu,
3501 3527 3562 3573 ut
3606 3520 3830 3577 sacrile—

2229 3609 2376 3677 gium
2409 3607 2674 3662 scriberet
2700 3605 3034 3663 Judteorum.

2301 3696 2485 3771 (Vers.
2518 3700 2634 3769 50.)
2661 3698 2728 3753 Et
2756 3710 3063 3771 exspuentes
3088 3700 3141 3755 in
3164 3714 3304 3771 eum,
3328 3712 3643 3773 acceperunt
3662 3720 3829 3760 arun-

2232 3792 2427 3859 dinem,
2448 3803 2493 3847 et
2516 3795 2871 3867 percutiebant
2903 3806 3055 3869 caput
3101 3799 3232 3862 eius.
3284 3796 3365 3854 Eo
3405 3807 3653 3871 tempore
3681 3817 3832 3858 com-

2234 3885 2443 3957 pletum
2476 3896 2559 3942 est
2589 3904 2604 3952 ;
2638 3886 2763 3942 Non
2806 3889 2969 3942 averti
3007 3890 3194 3961 faciem
3229 3905 3397 3944 nteant
3442 3907 3476 3944 a
3526 3893 3831 3963 contusione

2232 3988 2503 4052 sputorum
2533 3979 2689 4051 (lsai.
2724 3997 2776 4049 ι,
2810 3981 2891 4054 6),
2939 3994 2992 4038 et
3032 3991 3208 4039 tamen
3229 3999 3353 4040 cum
3380 3995 3543 4056 caput
3570 3985 3689 4057 ejus
3712 4001 3833 4057 per-

2234 4072 2447 4127 cutiant
2473 4073 2759 4138 arundine,
2783 4074 3022 4130 sustinet
3043 4085 3237 4132 cuncta
3269 4077 3560 4147 patienter,
3583 4087 3642 4134 ut
3670 4078 3830 4150 232

2236 4164 2392 4221 Isaia:
2427 4182 2613 4224 verum
2654 4168 2908 4225 ostendat
2942 4169 3280 4238 vaticinium,
3303 4172 3567 4229 dicentis:
3601 4173 3833 4229 Arundi-

2237 4278 2354 4316 nem
2375 4272 2677 4334 quassatam
2702 4280 2805 4320 non
2835 4265 3126 4338 confringet
3154 4263 3311 4334 (lsai.
3340 4282 3472 4334 xui,
3500 4268 3580 4341 '5).

2310 4355 2493 4426 (Vers.
2516 4356 2635 4427 51.)
2660 4356 2727 4412 Et
2756 4367 3028 4431 postquam
3046 4359 3323 4415 illuserunt
3344 4361 3415 4429 ei,
3437 4372 3692 4418 exuerunt
3715 4378 3831 4418 eum

2239 4450 2533 4522 chlamyde,
2560 4459 2608 4504 et
2631 4451 2916 4508 induerunt
2941 4469 3059 4507 eum
3085 4454 3400 4529 vestimentis
3428 4458 3567 4528 ejus,
3592 4466 3642 4511 et
3669 4457 3832 4510 duxe-

538 4542 645 4599 cst,
670 4529 946 4595 diabolus,
964 4528 1057 4600 qui
1075 4543 1247 4599 usque
1271 4528 1435 4585 hodie
1458 4541 1647 4603 regnat
1668 4534 1834 4605 ineis,
1854 4548 1909 4593 et
1930 4537 2137 4594 idcirco
2162 4522 2217 4583 Ῐ)
2239 4552 2363 4597 runt
2395 4559 2534 4613 eum,
2566 4552 2622 4597 ut
2647 4545 3030 4619 cruciﬁgerent.
3059 4524 3288 4614 Quando
3317 4522 3623 4619 ﬂagellatur
3650 4547 3828 4612 Jesus,

539 4637 732 4696 pacem
753 4621 955 4677 habere
978 4636 1084 4675 nun
1103 4630 1349 4691 possunt.
1375 4622 1534 4679 Jesus
1550 4635 1731 4682 autem
1753 4644 1783 4682 a
1801 4629 2002 4685 Judaeis
2027 4641 2136 4686 tra~

538 4716 711 4783 ditus,
727 4712 1026 4767 absolvitur
1039 4712 1108 4767 ab
1123 4727 1292 4768 uxore
1309 4713 1491 4782 Pilati,
1518 4726 1571 4771 et
1593 4717 1662 4771 ab
1680 4721 1800 4790 ipso
1822 4723 2052 4790 praeside
2059 4723 2141 4792 ju-

534 4816 656 4864 stus
684 4805 1010 4875 appellatur.
1029 4804 1094 4860 Et
1119 4807 1369 4862 centurio
1396 4808 1690 4866 conﬁtetur
1709 4810 1855 4883 quod
1884 4828 2013 4869 vere
2041 4812 2137 4872 Dei

538 4902 711 4959 Filius
732 4901 824 4957 sit.
850 4905 1070 4967 Quaerat
1091 4900 1341 4958 eruditus
1368 4901 1562 4972 lector,
1582 4906 1861 4976 quomodo
1880 4908 1985 4964 sibi
2004 4924 2139 4965 con.

534 4992 961 5050 veniatPilatum
991 4992 1196 5048 lavisse
1226 5008 1425 5048 manus
1454 5010 1603 5063 suas,
1628 5005 1683 5052 et
1702 4997 1907 5056 dixisse
1932 5018 1945 5056 :
1970 4997 2139 5055 Inno-

607 5164 631 5190 ιι
668 5152 778 5206 Pro
827 5150 977 5206 hisce
1017 5152 1201 5208 verbis
1225 5195 1241 5219 ,
1284 5152 1486 5209 dicente
1534 5155 1814 5221 Scriptura
1857 5160 1926 5213 ad
1966 5161 2135 5216 virum

526 5228 767 5303 justum,
797 5220 915 5303 duo_
934 5222 1162 5303 Palatia.
1208 5237 1365 5291 mss.,
1396 5228 1682 5282 secundum
1716 5230 1855 5297 quod
1880 5233 2132 5303 scriptum

538 5292 638 5358 est,
663 5302 870 5348 tantum
901 5292 1124 5348 habent.

605 5366 635 5404 ι’
658 5365 931 5420 Victorius
950 5375 1061 5418 tam
1090 5364 1141 5418 in
1176 5372 1349 5433 textu,
1373 5383 1536 5433 quam
1562 5368 1617 5423 in
1649 5370 2018 5427 Commentar.
2047 5389 2134 5428 re-

533 5435 710 5510 ponit,
743 5433 1092 5510 Prartorium:
1123 5439 1269 5510 quod
1304 5433 1498 5494 melior
1523 5440 1712 5499 isthmc
1739 5444 1812 5498 sit
1841 5444 2024 5510 lectio,
2054 5446 2131 5499 uti

537 5506 623 5588 Ξςι
663 5508 729 5588 in_
750 5506 986 5576 vulgatis
1013 5508 1484 5588 emendatioribus
1519 5512 1796 5588 codicibus
1827 5506 2128 5588 impressis.

535 5576 676 5656 Eant
718 5576 946 5647 insuper
986 5578 1265 5656 retineant
1297 5580 1478 5635 omnia
1517 5581 1689 5639 ferme
1731 5587 1875 5656 apud
1904 5576 1967 5640 se
1995 5600 2128 5640 mss.

537 5646 1222 5726 Bibliorum’exemplaria,
1252 5650 1356 5726 bac
1369 5663 1474 5726 _est_
1494 5669 1723 5726 numero
1751 5646 2129 5726 quadraginta,

539 5718 683 5774 inter
706 5731 827 5786 qua)
858 5718 1053 5773 librum
1081 5719 1329 5777 Caenobii
1362 5723 1420 5779 S.
1445 5723 1625 5795 Pauli,
1649 5718 1799 5797 saepe
1817 5742 1848 5782 a
1877 5741 1937 5783 se
1958 5718 2133 5784 nomi-

2243 4646 2298 4691 et
2319 4635 2658 4707 conspuitnr,
2683 4645 2739 4693 et
2764 4639 3049 4704 irridetur,
3084 4655 3192 4694 non
3221 4639 3388 4695 habet
3414 4642 3632 4709 propria
3663 4636 3831 4695 vesti-

2245 4736 2424 4781 menta
2451 4745 2464 4781 :
2508 4728 2603 4783 sed
2634 4743 2695 4783 ea
2724 4744 2848 4799 qua:
2877 4738 3094 4799 propter
3121 4737 3304 4785 nostra
3336 4742 3556 4800 peccata
3585 4743 3832 4799 sumpse-

2242 4829 2346 4873 rat.
2395 4819 2532 4874 Cum
2577 4828 2761 4877 autem
2812 4821 3185 4893 cruciﬁgitur,
3238 4832 3293 4877 et
3345 4821 3616 4877 illusionis
3668 4832 3830 4891 atque

2241 4910 2514 4966 irrisionis
2565 4925 2761 4982 pompa
2803 4912 3132 4983 praeterierit
3157 4954 3174 4979 ,
3204 4920 3339 4968 tunc
3365 4912 3622 4981 pristinas
3653 4918 3830 4968 vestes

2240 5002 2472 5072 recipit,
2527 5011 2582 5058 et
2639 5003 2918 5074 proprium
2965 5004 3197 5061 assumit
3256 5010 3509 5060 ornatum
3552 5022 3564 5058 :
3617 5004 3829 5062 statim-

2243 5172 2429 5246 natum
2453 5207 2467 5231 ,
2497 5164 2712 5246 plurimi
2749 5164 2898 5246 facit.
2923 5166 3307 5246 Assentiantur
3330 5184 3546 5246 quoque
3571 5170 3693 5227 huic
3708 5168 3827 5246 Alec-

2238 5236 2377 5312 tioni
2406 5236 2763 5312 antiquissimi
2791 5236 2988 5292 Montis
3012 5238 3226 5296 Cassini
3250 5236 3488 5309 codices,
3517 5240 3827 5312 Langobar-

2240 5306 2378 5361 dicis
2426 5305 2835 5379 characte_ribus
2880 5312 3173 5379 conseripti
3205 5355 3218 5377 ,
3276 5305 3503 5368 numero
3548 5305 3733 5369 decem
3772 5316 3825 5362 et

2240 5386 2449 5452 septem
2483 5419 2497 5439 .
2555 5386 2611 5452 et
2671 5377 3113 5452 Lovaniensium'
3149 5381 3552 5452 Theologornm
3610 5393 3820 5440 attines.

2239 5449 2665 5525 tlrrecusrodex
2707 5450 2950 5516 ejusdem
2999 5451 3248 5508 lectionis
3277 5449 3432 5520 fons,
3467 5457 3585 5524 ipse
3611 5462 3823 5525 quoque

2241 5518 2410 5600 legat,
2442 5523 2518 5600 εἰς.
2543 5523 2603 5576 τὸ
2623 5530 2966 5600 ίνινροιιτῶρρνιοζ

2316 5600 2338 5627 ο
2372 5590 2592 5646 Rectius
2620 5590 2849 5647 fortasse
2874 5592 3045 5647 Palat.
3080 5606 3211 5648 mss.
3240 5591 3467 5657 habent,
3490 5611 3663 5651 russo.
3696 5592 3824 5647 Tre-

2240 5659 2440 5744 bellius
2465 5664 2517 5716 in
2547 5663 2797 5744 Claudio,
2828 5672 2883 5719 et
2912 5662 3173 5732 Vopiscus
3220 5664 3271 5717 in
3303 5663 3606 5744 Aureliano
3639 5662 3823 5734 Itnjus-

2240 5732 2391 5789 modi
2412 5748 2598 5789 russas
2628 5733 2844 5789 tunicas
2875 5748 3062 5803 regum
3094 5740 3419 5789 memorant.
