4044 6378
491 378 594 433 211

1739 366 1799 422 8.
1843 362 2122 422 EUSEBII
2149 363 2533 422 HIERONYMI

3682 369 3794 428 212

489 491 686 549 utiliter
718 497 767 544 et
800 489 1056 560 principes
1087 483 1434 549 sacerdotum,
1463 480 1739 536 illudentes
1762 496 1880 536 cum
1903 479 2088 535 scribis
2113 482 2165 542 A
2191 481 2291 537 soli
2335 482 2619 552 Oppositus
2646 524 2659 548 ,
2721 482 2912 537 breves
2943 492 2997 538 ct
3033 482 3373 553 ferrugineos
3404 481 3605 539 fecisse
3636 493 3793 541 tene.

493 594 540 638 et
568 583 877 648 senioribus,
905 578 1162 634 dicebant.
1194 573 1681 644 Blasphemabant,
1702 573 2089 643 quiapmler-

494 676 881 749 gradiebantur
919 672 1084 737 viam,
1114 676 1172 725 et
1203 671 1258 722 in
1287 682 1419 724 vero
1452 667 1652 722 itinere
1683 664 2088 735 S‘cripturarum

493 767 773 823 ambulare
806 764 1083 821 nolebam.
1110 761 1400 817 Movebant
1424 762 1600 831 capita
1641 774 1737 815 sua
1757 801 1772 827 ,
1802 760 1933 830 quia
1975 759 2090 829 jam

494 868 656 915 antea
683 864 967 914 moverant
989 854 1175 926 pedes,
1200 863 1256 911 et
1278 868 1390 910 non
1412 855 1632 909 stabant
1659 867 1826 923 super
1853 862 2087 923 petram.

491 952 729 1021 ldipsum
760 956 941 1006 autem
970 946 1263 1014 insultans,
1296 946 1433 1003 dicit
1456 944 1639 1001 fatuus
1661 944 1913 1016 populus,
1942 942 2093 1016 quod

490 1043 613 1099 falsi
638 1050 807 1098 testes
830 1039 1241 1097 conﬂuxerant.

567 1135 759 1206 (Vers.
787 1132 907 1205 42.)
936 1133 1080 1189 Alios
1109 1132 1277 1188 salvos
1306 1132 1455 1203 fecit,
1502 1131 1735 1201 seipsum
1774 1146 1878 1184 non
1925 1128 2093 1200 potest

492 1228 695 1285 saluum
722 1229 914 1299 facere.
941 1225 1120 1282 Etiam
1152 1225 1422 1291 nolentes,
1450 1224 1781 1279 confitentur
1801 1220 2009 1278 Scriba:
2038 1228 2096 1276 et

494 1320 781 1387 Pharisaei,
810 1317 956 1390 quod
977 1317 1114 1374 alios
1136 1318 1314 1372 salvos
1339 1316 1549 1373 fecerit.
1579 1315 1766 1386 Itaque
1788 1329 1885 1369 vos
1909 1322 2094 1369 vestra

493 1415 824 1471 condemnat
869 1411 1162 1468 sententia.
1208 1410 1310 1479 Qui
1350 1409 1496 1466 enim
1532 1408 1675 1464 alios
1719 1409 1896 1462 salvos
1935 1405 2091 1475 fecit,

497 1509 687 1579 utique
715 1509 763 1563 si
794 1507 983 1571 vellet,
1015 1507 1259 1576 seipsum
1288 1505 1501 1561 salvere
1528 1511 1763 1575 poterat.

569 1600 752 1675 (Vers.
784 1599 902 1673 t5.)
932 1599 997 1655 Si
1022 1615 1116 1653 rea:
1144 1596 1319 1653 Israel
1341 1606 1440 1663 est,
1472 1596 1747 1653 descendat
1771 1604 1797 1635 ³
1827 1596 1892 1651 de
1918 1612 2091 1664 cruce,

494 1704 543 1750 et
579 1695 839 1750 credimus
882 1693 946 1750 ei.
980 1692 1210 1761 Conﬁdit
1235 1693 1289 1746 in
1324 1690 1476 1757 Deo;
1520 1691 1703 1746 liberet
1731 1708 1851 1745 eum
1883 1708 2019 1745 nunc
2047 1692 2095 1746 si

491 1789 623 1843 vult.
655 1786 802 1843 Dixit
845 1787 980 1842 enim
1001 1827 1017 1853 ,
1063 1786 1187 1856 quia
1213 1784 1387 1840 Filius
1424 1783 1522 1841 Dei
1551 1802 1690 1842 sum.
1722 1785 2095 1841 Fraudulenta

2194 572 2340 642 bras,
2377 574 2540 628 trium
2564 575 2819 628 horarum
2843 573 3077 644 spatium
3104 574 3350 644 ponitur,
3377 583 3436 629 ut
3455 575 3636 630 omnis
3655 590 3789 631 caue

2194 664 2427 719 sontium
2461 664 2681 719 occasio
2712 665 3021 720 tolleretur.
3078 664 3145 719 Et
3176 666 3281 720 hoc
3302 663 3507 720 factum
3541 679 3701 731 reor,
3737 673 3798 723 ut

2194 757 2562 827 compleretur
2613 755 2725 829 [ΑΙ.
2769 756 3129 830 compleatur]
3177 756 3499 827 prophetia,-
3556 756 3788 814 dicens:

2198 848 2474 904 Occumbet
2499 850 2580 904 sol
2605 848 2844 916 meridie,
2874 857 2922 904 et
2945 848 3392 905 contenebrabitur
3417 865 3575 921 super
3600 855 3799 905 terram

2194 940 2247 994 in
2274 940 2357 994 die
2382 940 2477 995 lux
2511 939 2711 1010 (Amos,
2742 955 2856 1008 vni,
2882 938 2940 1011 9)
2967 957 2983 1006 ;
3027 949 3082 997 et
3113 940 3166 995 in
3194 939 3306 997 alio
3333 941 3453 997 loco
3480 957 3511 995 :~
3532 940 3796 997 Occubuit

2194 1034 2273 1089 sol
2299 1050 2415 1088 cum
2434 1033 2608 1088 adhuc
2628 1032 2801 1089 media
2831 1043 2959 1090 esset
2987 1034 3098 1089 dies
3122 1032 3342 1107 (Jerem.
3371 1051 3469 1105 xv,
3498 1033 3576 1108 9).
3621 1035 3800 1093 .Vide-

2196 1136 2387 1198 turque
2412 1128 2543 1183 mihi
2565 1128 2930 1184 clarissimum
2961 1128 3143 1185 lumen
3169 1129 3358 1186 mundi
3383 1167 3402 1196 ,
3441 1130 3544 1187 hoc
3569 1140 3674 1199 est,
3705 1130 3795 1185 lue

2198 1223 2406 1277 minare
2421 1221 2597 1292 majus
2623 1223 2917 1278 retraxisse
2938 1221 3121 1278 radios
3138 1237 3291 1289 suos,
3332 1237 3402 1278 ne
3423 1230 3518 1278 aut
3547 1223 3797 1293 pendena

2198 1323 2305 1371 tem
2335 1315 2546 1371 videret
2573 1315 2856 1371 Dominum
2880 1355 2894 1381 ,
2927 1323 3022 1372 aut
3048 1316 3198 1387 impii
3228 1315 3668 1387 blasphemantes
3692 1331 3796 1374 sua

2198 1409 2316 1464 luce
2341 1407 2671 1464 fruerentur.

2270 1503 2452 1575 (Vers.
2482 1504 2598 1574 46.)
2644 1501 2714 1557 Et
2735 1503 2872 1557 circa
2904 1504 3084 1558 horam
3112 1518 3301 1559 nonam
3321 1544 3336 1570 ,
3370 1502 3608 1558 clamavit
3632 1500 3797 1559 Jestss

2196 1612 2564 1668 vscemagua,
2618 1597 2823 1651 dicens:
2872 1595 2996 1664 Eli,
3046 1594 3173 1663 Eli,
3217 1607 3239 1636 ε
3270 1594 3796 1653 lammasabactltani.

2197 1687 2316 1743 Hoc
2329 1697 2428 1757 est,
2449 1687 2586 1744 Deus
2607 1704 2772 1757 meus,
2789 1686 2932 1744 Deus
2952 1705 3114 1757 meus,
3144 1689 3338 1759 utquid
3350 1688 3804 1758 dereliquislinse?

2196 1781 2468 1853 Principio
2490 1783 2663 1856 236
2680 1783 2922 1855 vicesimi
2951 1780 2978 1821 ιι
3022 1783 3184 1853 primi
3220 1784 3417 1853 psalmi
3454 1783 3657 1839 abusus
3686 1789 3803 1850 est,

496 1880 811 1952 promissio.
838 1877 975 1946 Quid
1009 1889 1092 1933 eSt
1122 1877 1242 1947 plus
1270 1877 1337 1933 de
1365 1892 1530 1933 cruce
1556 1877 1732 1933 adhuc
1760 1877 2096 1935 descendere
2125 1874 2174 1936 B
2200 1874 2441 1944 illudque
2469 1875 2611 1943 quod
2645 1878 2695 1929 in
2727 1876 2910 1931 medio
2935 1877 3200 1932 versiculo
3236 1878 3460 1949 legitur;
3496 1877 3721 1950 Respice
3750 1878 3807 1934 in

500 1976 808 2040 viventem,
838 1988 907 2027 an
933 1973 1005 2029 de
1031 1972 1286 2042 sepulcro
1331 1981 1603 2027 mortuum
1637 1972 1958 2041 resurgere?
1987 1971 2095 2028 Re-

490 2067 752 2131 surrexit,
780 2074 965 2121 etnon
1007 2063 1337 2120 credidistis.
1364 2063 1511 2134 Ergo
1539 2063 1584 2118 si
1625 2063 1785 2118 etiam
1832 2063 1901 2120 de
1932 2067 2095 2120 cclcc

491 2157 853 2216 descenderet
873 2196 889 2223 ,
920 2156 1181 2213 similiter
1210 2170 1316 2213 non
1349 2156 1671 2213 crederetis.
1696 2155 1961 2212 Sed‘mihi
1992 2156 2095 2212 hoc

492 2252 747 2310 videntur
774 2251 1054 2308 daemones
1087 2250 1402 2307 immittere.
1433 2249 1627 2306 Statim
1657 2250 1802 2305 enim
1833 2259 1887 2305 ut
1916 2250 2096 2306 cruci-

495 2346 635 2400 fixus
679 2352 762 2399 est
809 2343 1069 2397 Dominus
1096 2386 1109 2410 ,
1158 2349 1451 2399 senserunt
1492 2341 1753 2398 virtutem
1783 2343 1997 2410 crucis,
2039 2350 2098 2399 et

500 2438 890 2494 intellexerunt
928 2438 1128 2493 fractas
1166 2451 1290 2493 esse
1316 2437 1464 2492 vires
1504 2451 1655 2502 suas,
1687 2446 1743 2492 et
1773 2437 1876 2493 hoc
1906 2446 2091 2509 agunt,

498 2540 563 2587 ut
598 2530 666 2585 de
714 2544 877 2586 cruce
916 2528 1248 2593 descendat;
1289 2529 1450 2601 235
1497 2528 1593 2586 sed
1625 2529 1888 2587 Dominus
1913 2532 2097 2590 sciens

496 2622 938 2679 adversariorum
988 2621 1219 2681 insidias
1245 2664 1260 2689 ,
1316 2631 1605 2693 permanet
1635 2623 1688 2678 in
1721 2623 1967 2694 patibulo
1995 2666 2010 2690 ,
2039 2634 2099 2681 ut

500 2715 779 2770 diabolum
809 2715 1076 2771 destruat.

570 2806 752 2878 (Vers.
779 2806 899 2878 44.)
949 2806 1190 2879 Idipsum
1229 2817 1402 2863 autent
1436 2816 1485 2863 et
1509 2808 1733 2864 latrones
1757 2850 1772 2876 ,
1803 2810 1892 2880 qui
1921 2810 2092 2864 cruci-

502 2900 599 2971 ﬁxi
625 2908 777 2954 erant
800 2915 915 2954 cum
942 2916 1026 2967 eo,
1057 2900 1474 2970 imprOperabant
1500 2901 1566 2956 ei.
1601 2900 1699 2956 Hic
1728 2916 1824 2970 per
1853 2911 2092 2971 tropum,

498 2992 592 3062 qui
637 2991 942 3061 appellatur
986 2990 1014 3031 ι’
1042 2991 1314 3064 σύλληψις,
1363 3008 1462 3062 pro
1491 3008 1597 3049 uno
1627 2994 1835 3051 latrone
1866 3007 2097 3064 uterque

501 3083 776 3141 inducitur
824 3083 1248 3155 hlasphemasse.
1308 3086 1483 3140 Lttc.ts
1529 3101 1660 3140 vero
1691 3085 1917 3149 asserit,
1950 3085 2097 3155 quod

501 3178 676 3233 altero
702 3177 1138 3248 blasphemante,
1164 3178 1303 3234 alter
1329 3178 1613 3234 cnnl‘ossus
1644 3178 1734 3243 sit,
1764 3187 1821 3233 ct
1843 3186 2099 3234 econtra-

2198 1982 2298 2033 me,
2339 1965 2673 2037 superﬂuum
2702 1978 2804 2023 est.
2836 1968 3058 2039 Legitur
3088 1970 3233 2025 enim
3266 1969 3324 2023 in
3350 1969 3583 2025 licbrmo
3604 1987 3628 2024 τ
3654 1968 3807 2025 Deus

2198 2059 2527 2131 iitcus,iDeus
2554 2078 2716 2126 meus,
2746 2079 2909 2134 quare
2924 2076 3009 2118 me
3031 2063 3386 2135 dereliquisti?
3416 2063 3559 2134 Ergo
3592 2072 3620 2119 °.
3646 2063 3810 2134 impii

2200 2161 2327 2207 sunt
2354 2154 2446 2224 qui
2476 2154 2741 2224 psalmum
2772 2155 2933 2210 istum
2956 2170 3023 2211 ex
3053 2170 3283 2226 persona
3315 2156 3479 2211 David
3499 2197 3515 2221 ,
3558 2156 3671 2211 sive
3699 2156 3809 2211 Es-

2198 2245 2320 2302 ther
2345 2256 2400 2303 et
2414 2246 2740 2301 Μαι-ἀορὴωὶ
2770 2247 2974 2303 dietum
2998 2256 3210 2318 putant,
3243 2262 3364 2302 cum
3382 2246 3545 2303 etiam
3574 2261 3811 2319 cvange-

2202 2344 2339 2398 listte
2366 2343 2673 2399 testimonia
2703 2357 2770 2399 ex
2800 2357 2868 2398 co
2895 2350 3112 2411 sumpta
3138 2357 3304 2411 super
3327 2340 3611 2397 Salvatore
3634 2339 3809 2396 intel-

2199 2436 2399 2505 ligant:
2450 2445 2506 2490 ut
2534 2445 2617 2491 est
2652 2434 2786 2490 illud
2813 2452 2825 2490 ;
2868 2433 3172 2490 Diuiseruut
3199 2436 3299 2489 sibi
3330 2436 3628 2489 vestimenta
3660 2451 3807 2504 utea,

2198 2538 2244 2582 el
2272 2543 2426 2598 super
2454 2535 2640 2582 restem
2660 2543 2826 2581 nteant
2847 2528 3100 2582 miserunt
3129 2535 3340 2582 sortem.
3389 2526 3456 2581 Et
3475 2526 3655 2581 aliud:
3690 2524 3811 2581 Fo-

2200 2622 2387 2676 derunt
2408 2638 2592 2676 manus
2625 2637 2763 2675 meas
2788 2628 2836 2675 et
2868 2620 3022 2690 pedes
3043 2635 3203 2676 meos.
3245 2618 3323 2675 Ne
3351 2619 3566 2675 mireris
3594 2619 3808 2676 verbo-

2199 2730 2317 2769 rum
2348 2714 2706 2769 humilitatem
2739 2721 2794 2769 et
2821 2714 3191 2784 querimonias
3220 2712 3493 2781 derelicti,
3540 2727 3661 2768 cum
3686 2712 3809 2768 for-

2200 2823 2340 2863 mam
2372 2807 2518 2862 servi
2547 2807 2752 2873 sciens,
2787 2808 3101 2863 scandalum
3132 2809 3311 2863 crucis
3332 2807 3538 2862 videas.

2274 2902 2452 2975 (Vers.
2475 2899 2594 2973 47.)
2626 2900 2853 2966 Quidam
2878 2910 3049 2957 autem
3071 2902 3181 2956 illic
3207 2909 3397 2955 stantes
3427 2911 3475 2954 et
3505 2900 3798 2970 audientes,
3894 2896 3899 2901 ’

2201 2994 2476 3049 dicebant:
2520 2992 2695 3048 Etiam
2720 3004 2861 3063 voca!
2890 2996 3004 3049 iste.
3049 2994 3166 3047 Non
3198 3008 3409 3054 omnes.
3444 2994 3538 3047 sed
3576 2993 3799 3063 quidam

2200 3101 2336 3157 quos
2357 3067 2594 3146 arbiiror‘
2614 3088 2823 3143 milites.
2844 3086 3327 3154 fuiSsoRomanos,
3359 3087 3801 3156 nou'intelligen-

2203 3188 2284 3233 tes
2311 3180 2580 3234 sermonis
2609 3178 2861 3234 llebralci
2897 3179 3307 3249 proprietatem,
3340 3176 3434 3233 scd
3465 3184 3527 3233 ex
3556 3193 3626 3233 eo
3655 3177 3799 3247 quod

500 3271 582 3324 rio
627 3269 992 3337 increpavcrit
1044 3269 1505 3339 blaspbcmautcm
1541 3269 1695 3342 (Luc.
1744 3269 1921 3342 χχιιι).
1971 3268 2091 3326 Νοιι
2121 3265 2165 3328 C
2198 3272 2369 3329 dixit:
2414 3271 2537 3340 Eli,
2572 3272 2658 3328 Eli
2679 3282 2700 3340 ,'
2744 3281 2997 3343 putantes
3046 3273 3218 3328 Eliam
3267 3272 3431 3328 abeo
3461 3272 3794 3329 invocatum.

500 3366 646 3436 quod
673 3364 988 3434 discrepent
1012 3365 1304 3435 Evangelia
1330 3382 1345 3430 ;
1377 3366 1471 3422 sed
1500 3366 1642 3436 quod
1678 3366 1911 3434 primum
1947 3375 2098 3427 uter-

500 3473 604 3529 que
658 3457 1160 3528 hlasphemaverit,
1219 3458 1418 3513 dehinc
1468 3458 2096 3530 sole'fttgiente,».terra

502 3561 773 3607 commota
800 3592 815 3617 ,
853 3550 1111 3620 saxisque
1138 3550 1431 3619 disruptis,
1462 3561 1517 3607 et
1540 3551 1917 3623 ingruentibus
1948 3563 2098 3609 tene-

501 3644 648 3711 bris,
681 3658 822 3699 unus
844 3642 1146 3699 crediderit
1172 3643 1225 3696 in
1255 3641 1446 3698 Jesum
1468 3684 1483 3709 ,
1515 3654 1569 3698 et
1594 3646 1832 3713 priorem
1859 3646 2102 3716 negatio-

501 3750 629 3792 nem
646 3732 891 3803 sequenti
913 3732 1261 3789 coufessione
1278 3734 1671 3791 emendaverit.
1705 3734 1764 3790 In
1786 3737 1997 3793 duobus
2018 3738 2096 3794 la-

507 3826 759 3882 tronibus
792 3835 1021 3894 uterque
1043 3824 1275 3896 populus
1296 3863 1309 3890 ,
1344 3835 1396 3879 et
1426 3824 1746 3892 Gentilium,
1790 3837 1843 3883 et
1874 3828 2097 3884 JUtltBO-

501 3934 625 3973 rum
656 3918 890 3987 primum
917 3916 1204 3973 Dominum
1234 3915 1650 3985 blasphemavit.
1698 3917 1889 3975 Postea
1918 3918 2102 3990 signo-

503 4024 628 4065 rum
656 4007 1025 4080 magnitudine
1054 4007 1193 4065 alter
1219 4008 1513 4065 exterritus
1555 4010 1665 4080 egit
1697 4010 2098 4081 pteniteutiam,

503 4108 563 4156 et
606 4113 777 4169 usque
830 4096 989 4155 hodie
1028 4097 1250 4157 Judmos
1293 4098 1540 4170 increpat
1590 4100 1697 4175 [ΑΙ.
1739 4102 2101 4177 increpuerit]

503 4192 978 4263 blasphemantos.

580 4286 768 4359 (Vers.
795 4285 917 4359 45.)
944 4288 991 4343 Α
1010 4295 1157 4343 sexta
1178 4294 1351 4342 autem
1371 4287 1526 4353 liora,
1563 4289 1785 4344 tenebris
1807 4290 1959 4360 facta:
1979 4300 2103 4348 sunt

506 4398 663 4454 super
708 4383 998 4436 universam
1032 4389 1220 4435 terram
1249 4396 1409 4452 usque
1438 4381 1507 4434 ad
1536 4381 1717 4435 horam
1745 4399 1954 4437 nouam.
2000 4383 2103 4451 Qui

506 4474 841 4543 scripserunt
868 4483 1060 4528 contra
1083 4472 1401 4544 Evangelia,
1428 4474 1779 4544 suspicantur
1805 4474 2101 4546 deliquium

506 4565 660 4631 solis,
684 4563 827 4637 quod
849 4567 1016 4622 certis
1037 4565 1363 4634 statutisque
1387 4567 1724 4635 temporibus
1745 4568 1994 4625 accidere
2016 4583 2105 4625 so-

2201 3366 2294 3422 Sin
2325 3365 2763 3423 autemtdndams
2789 3370 2881 3436 qui
2915 3369 3020 3423 hoc
3049 3366 3281 3421 dixerint
3308 3407 3323 3428 ,
3368 3366 3681 3436 intelligere
3702 3382 3796 3422 vo-

2199 3459 2457 3515 luerimus
2483 3500 2497 3524 ,
2530 3468 2580 3514 et
2613 3459 2716 3515 hoc
2745 3474 2894 3513 more
2925 3458 3026 3514 sibi
3055 3460 3221 3515 solito
3248 3459 3450 3513 faciunt
3476 3500 3490 3525 ,
3526 3470 3579 3513 ut
3608 3460 3795 3515 Domi-

2200 3568 2326 3607 num
2356 3553 2746 3609 imbecillitatis
2778 3554 3074 3619 infament,
3112 3555 3204 3625 qui
3239 3554 3369 3610 Elia:
3396 3555 3660 3610 auxilium
3695 3556 3795 3611 do-

2201 3659 2473 3719 precetur.

2277 3739 2455 3811 (Vers.
2497 3739 2616 3812 48.)
2664 3738 2733 3796 Ει
2760 3743 3005 3796 continuo
3034 3758 3245 3797 currens
3269 3759 3399 3797 unus
3424 3759 3487 3797 ea:
3518 3744 3612 3807 eis,
3646 3759 3792 3798 acre-

2204 3841 2346 3900 ptam
2391 3833 2663 3905 spongiam
2709 3834 2936 3905 implevit
2960 3844 3139 3888 aceto:
3171 3844 3219 3888 et
3248 3836 3488 3907 imposuit
3512 3835 3787 3901 armulini,

2200 3938 2249 3982 et
2278 3927 2435 3983 dabat
2466 3930 2511 3982 ei
2539 3930 2722 4007 bibere.
2779 3930 2863 3985 Et
2885 3930 3003 3986 haec
3030 3932 3165 3986 facta
3193 3942 3320 3987 sunt
3343 3941 3402 3987 ut
3426 3916 3797 4003 compleretur

2205 4020 2527 4091 pr0phetia:
2577 4020 2645 4077 In
2701 4022 2787 4076 siti
2839 4038 2950 4077 mea
2993 4032 3298 4096 putaverunt
3353 4041 3432 4078 me
3479 4033 3626 4078 aceto
3666 4022 3787 4091 (Ps.

2204 4129 2394 4182 uvm,
2420 4112 2535 4183 22).
2586 4113 2769 4185 Usque
2813 4115 2975 4171 hodie
3017 4114 3188 4170 Judaei
3229 4126 3281 4172 et
3305 4130 3495 4172 omnes
3524 4116 3793 4172 increduli

2204 4204 2505 4261 Dominicm
2552 4206 2970 4261 resurrectionis
3018 4218 3173 4263 aceto
3224 4219 3279 4263 et
3316 4208 3440 4263 felle
3482 4217 3671 4279 potant
3710 4208 3801 4263 Je-

2207 4310 2367 4355 sum:
2405 4304 2461 4351 et
2501 4295 2632 4350 dant
2679 4295 2730 4349 ei
2775 4295 2962 4351 vinum
2993 4297 3331 4369 myrrhatum
3362 4307 3417 4354 ut
3456 4313 3578 4353 eum
3603 4312 3797 4354 conso-

2210 4387 2379 4457 piaut,
2410 4397 2465 4441 et
2491 4386 2632 4441 mala
2664 4401 2849 4441 eorum
2882 4402 2990 4442 non
3023 4389 3223 4444 videat.

2280 4478 2461 4551 (Vers.
2491 4474 2608 4550 50.)
2628 4476 2781 4533 Iesus
2803 4488 2973 4533 autem
2990 4481 3176 4534 iterum
3200 4481 3428 4535 clamans
3446 4496 3564 4535 uoce
3585 4498 3796 4552 ntagna,

2207 4571 2375 4626 emisit
2394 4570 2651 4643 spiritum.
2705 4570 2910 4626 Divina:
2931 4572 3214 4641 potestatis
3240 4570 3496 4628 indicium
3528 4583 3612 4627 est
3642 4572 3800 4628 crnit-

505 4659 617 4725 let,
648 4658 949 4730 discipulos
976 4657 1177 4715 Christi
1207 4659 1277 4713 ob
1305 4660 1636 4731 imperitiam
1669 4674 1834 4730 super
1857 4676 2104 4717 resurre—
2130 4652 2181 4712 D
2209 4671 2322 4717 lere
2350 4660 2601 4728 Spiritum
2628 4705 2640 4728 ,
2672 4670 2729 4717 ut
2760 4661 2875 4730 ipse
2906 4678 3124 4733 quoque
3146 4663 3393 4719 dixerat:
3433 4662 3597 4718 Nemo
3627 4670 3795 4732 potest

504 4750 690 4806 ctione
742 4749 956 4804 Domini
1006 4750 1433 4819 interpretatos:
1491 4768 1613 4807 cum
1667 4752 1916 4809 defectos
1965 4754 2099 4809 solis

504 4859 805 4915 numquam
827 4844 927 4898 nisi
949 4852 1069 4900 ortu
1096 4843 1239 4898 luna;
1264 4846 1375 4898 llcri
1394 4845 1587 4901 soleat.
1619 4845 1767 4901 Nulli
1792 4854 1973 4900 autem
2001 4845 2101 4899 du-

502 4938 650 4994 bium
680 4947 765 4994 est
795 4939 1007 5008 pascha:
1037 4947 1282 5009 tempore
1315 4939 1494 4994 limam
1516 4938 1676 4994 fuisse
1700 4939 2096 5008 plenissimam.

499 5030 570 5085 Et
597 5045 663 5085 ne
692 5030 912 5086 forsitan
949 5030 1224 5086 videretur
1249 5030 1436 5085 umbra
1460 5041 1639 5097 terrm,
1670 5031 1755 5085 vel
1779 5031 1927 5087 orbis
1957 5033 2099 5089 luna:

572 5241 596 5271 ει
629 5232 966 5286 lnterscrunt
992 5230 1212 5301 quidam
1241 5244 1375 5285 mss.
1404 5230 1671 5300 voculam,
1705 5247 1862 5286 nunc.

571 5301 599 5341 ι)
632 5301 893 5357 Videntur
938 5311 1181 5373 veterum
1225 5301 1385 5355 codd.
1438 5302 1808 5368 cxscriptores
1841 5304 1939 5373 logi
1975 5320 2091 5358 ma-

510 5375 677 5429 luisse
699 5373 966 5444 σύμμιξις,
985 5372 1127 5439 quod
1142 5379 1244 5437 est,
1258 5373 1590 5444 commixtio;
1614 5373 1727 5427 fere
1742 5375 1827 5428 cui
1839 5392 1886 5426 ιιι
1900 5372 2094 5430 omnes

504 5443 822 5518 prstiterunt,
846 5457 1174 5512 queinquam
1198 5443 1456 5497 mendosa
1481 5444 1775 5514 scriptura,
1805 5444 2095 5518 σύμιίιιτις,

501 5523 591 5568 aut
619 5513 891 5585 σνμέωξις.

572 5597 593 5622 ε
627 5582 763 5639 Tres
790 5597 921 5637 mss.
948 5626 962 5649 ,
1012 5582 1477 5638 Lanmbacthaoi
1499 5601 1517 5638 :
1554 5595 1605 5639 et
1634 5601 1783 5653 mox,
1814 5602 1974 5653 (mare
1996 5586 2089 5642 de-

496 5654 774 5723 reliquisti,
806 5663 914 5708 etc.

568 5721 1087 5778 d‘Pseudo-llieron.
1122 5723 1411 5781 Breviario
1441 5726 1495 5782 in
1525 5726 1802 5783 Psalmos:
1842 5723 1954 5778 Hoc
1978 5742 2091 5780 eer-

494 5792 660 5867 siculo
685 5789 936 5867 Dominus
960 5792 1016 5847 in
1044 5808 1206 5867 cruce.
1226 5795 1451 5861 pendens
1474 5815 1603 5867 usus
1628 5807 1725 5863 est,
1754 5811 1821 5851 ea:
1837 5811 1941 5867 quo
1968 5799 2092 5851 aui-

496 5860 866 5915 madrertimus
898 5870 1063 5916 totum
1090 5860 1349 5933 psalmum
1388 5883 1420 5919 a
1464 5865 1686 5924 Domino
1716 5860 1775 5923 in
1810 5860 1963 5920 cruce
1990 5884 2085 5938 po-

2208 4755 2386 4808 tollere
2412 4753 2637 4807 animum
2670 4770 2834 4807 meatu
2857 4770 2887 4806 a
2909 4770 3030 4821 me;
3075 4754 3164 4809 sed
3203 4770 3296 4827 ego
3335 4771 3470 4828 pano
3502 4770 3611 4809 eam
3642 4770 3674 4807 a
3713 4770 3793 4809 me

2207 4846 2341 4919 ipso,
2365 4856 2414 4899 et
2445 4862 2649 4901 rursum
2667 4844 2924 4917 accipiant
2947 4862 3057 4901 eam
3091 4845 3270 4920 (Joan.
3301 4862 3359 4915 χ,
3386 4845 3501 4919 l8).

2276 4937 2458 5008 (Vers.
2489 4937 2605 5006 51.)
2663 4936 2726 4993 Et
2771 4954 2885 4993 ecce
2924 4938 3093 4994 celum
3138 4938 3339 5012 Templi
3382 4939 3598 4995 scissum
3640 4936 3800 4992 estin

2206 5031 2338 5085 duas
2366 5038 2533 5100 partes
2576 5046 2608 5082 a
2647 5044 2846 5084 summo
2894 5046 3052 5101 usque
3097 5030 3357 5086 deorsum.
3390 5028 3579 5085 Velutn
3610 5025 3799 5097 templi

2198 5235 2300 5288 sito
2324 5233 2609 5289 demutari.
2666 5231 2820 5298 Quod
2858 5242 3031 5289 autem
3060 5235 3209 5289 habet
3238 5238 3290 5290 in
3323 5237 3488 5290 medio
3512 5277 3527 5302 ,
3570 5233 3798 5289 Intende

2202 5305 2365 5379 mihi1
2390 5306 2444 5357 iu
2474 5303 2715 5379 Hebrwis
2741 5305 3003 5359 codicibus
3030 5322 3131 5359 non
3157 5308 3388 5379 habetur.
3420 5316 3465 5360 et
3496 5306 3795 5379 appositum

2201 5393 2299 5431 vos:
2331 5375 2540 5448 Domini
2584 5374 2816 5430 declarat
2842 5417 2857 5442 ,
2906 5392 3021 5448 quae
3068 5379 3221 5432 etiam
3271 5375 3405 5431 illud
3435 5381 3486 5431 in
3514 5373 3796 5448 Eitaugrlio

2204 5446 2554 5517 praetermisit,
2587 5454 2695 5517 ctc.

2279 5528 2300 5554 ε
2336 5517 2479 5572 [dem
2513 5516 2564 5569 iu
2599 5516 2884 5586 ipsiusmet
2908 5518 3098 5586 psalmi
3127 5519 3372 5572 titulum:
3417 5516 3574 5572 Hauc
3616 5514 3799 5569 inscri-

2204 5589 2428 5653 ptionem
2457 5586 2668 5641 Hebra’i
2707 5588 2860 5641 aliter
2891 5586 3120 5641 habent:
3174 5588 3281 5642 Pro
3308 5604 3472 5644 cervo
3504 5588 3791 5641 matutino.

2202 5659 2270 5712 Et
2302 5660 2726 5731 interpretatione
2766 5674 3004 5731 perversa
3048 5667 3232 5731 putant
3280 5658 3345 5711 de
3392 5657 3584 5731 Esther
3625 5664 3793 5731 totum

2198 5723 2500 5799 vigesimum
2532 5723 2775 5798 primum
2794 5723 3059 5798 psalmum
3082 5743 3189 5782 esse
3216 5729 3579 5799 compositum.
3636 5723 3792 5799 Quod

2199 5795 2430 5852 uidelicet
2456 5795 2619 5869 ipsius
2648 5795 2876 5869 periculo
2902 5808 2949 5851 et
2977 5795 3342 5869 intercessione
3367 5801 3507 5869 apud
3528 5813 3703 5869 regem
3724 5795 3794 5849 sit

2199 5869 2263 5923 de
2288 5864 2524 5939 periculo
2545 5864 2868 5922 Israeliticae
2900 5868 3127 5938 populus
3147 5864 3416 5928 liberatae;
