4044 6344
504 310 612 366 Ξίὸ

1755 310 1812 363 S.
1858 310 2126 366 EUSEBII
2167 309 2541 366 HIERONYMI

3744 309 3888 365 "216

506 424 743 482 nobilem
771 438 936 498 atque.
958 427 1280 482 ditissimum
1322 425 1525 479 referat
1551 423 1710 478 Jesus
1742 422 1908 477 fuisse
1939 423 2109 479 disci-
2135 426 2187 486 Α
2214 424 2508 480 diceretur.
2537 423 2692 490 Quod
2723 431 2902 477 autem
2944 423 2996 478 in
3028 422 3277 491 sepulcro
3309 422 3594 493 ponendus
3632 434 3839 480 esset
3865 465 3885 490 ,

510 522 736 591 pulum;
781 521 876 576 sed
901 529 958 574 ut
990 519 1239 574 ostendat
1262 532 1480 572 causam
1519 532 1686 587 quare
1721 533 1748 569 a
1786 517 1960 573 Pilato
1988 535 2108 573 eor-

513 626 615 681 pus
637 610 764 666 Jesu
783 609 1013 680 potuerit
1037 609 1349 680 impetrare.
1400 608 1657 677 Pauperis
1684 610 1830 663 enim
1859 621 1913 663 et
1945 611 2108 680 ignoti

517 719 623 758 non
664 712 781 757 erat
825 701 890 754 ad
921 700 1155 754 Pilatum
1207 699 1492 768 prses-idem
1523 698 1783 754 Romana:
1825 700 2112 768 potestatis

515 795 796 856 accedere,
827 804 880 848 et
901 792 1144 847 crucifixi
1176 794 1710 862 corpusimpctrare.
1731 792 1787 846 lu
1808 793 1914 848 alio
1938 794 2110 848 Evan-

517 887 708 958 gelista
736 885 890 953 (Luc.
937 887 1100 951 χχιιι)
1130 885 1331 954 Joseph
1375 885 1477 941 iste
1500 895 1524 922 ⁸
1552 887 1831 958 βουλευτὴς
1866 888 2110 956 appella-

521 990 628 1043 tus,
661 979 710 1032 id
741 987 866 1047 est,
921 977 1254 1032 consiliarius
1277 1021 1292 1044 ,
1339 987 1396 1032 et
1429 978 1497 1033 de
1535 979 1652 1047 ipso
1676 979 1896 1046 quidam
1928 988 2119 1049 putant

516 1071 750 1140 primum
794 1071 1058 1136 psalmum
1099 1085 1221 1124 esse
1267 1070 1670 1138 compositum:
1711 1069 1901 1124 Beatus
1934 1072 2008 1124 vir
2028 1071 2116 1140 qui

518 1181 620 1219 non
650 1165 774 1218 abiit
806 1164 856 1217 in
879 1165 1096 1218 consilio
1126 1165 1426 1232 impiorum,
1458 1175 1511 1220 et
1540 1165 1766 1234 reliqua.

588 1255 775 1326 (Vers.
794 1255 908 1326 59.)
932 1253 1001 1308 Et
1021 1265 1232 1327 accepto
1251 1255 1520 1328 corpore,b
1535 1257 1730 1328 Ioseph
1753 1257 1965 1312 involvit
1985 1259 2119 1314 illud

519 1353 574 1405 in
616 1351 834 1404 sindone
881 1350 1096 1404 munda.
1145 1351 1220 1404 Ex
1269 1349 1504 1418 simplici
1552 1351 1828 1420 sepultura
1865 1353 2116 1418 Domini,

520 1442 747 1497 ambitio
770 1442 992 1495 divitum
1021 1441 1436 1509 condemnatur,
1465 1441 1554 1511 qui
1583 1457 1650 1496 ne
1679 1443 1729 1495 in
1756 1444 1976 1498 tumulis
2001 1445 2122 1514 qui-

521 1534 646 1588 dum
678 1544 902 1603 possunt
929 1549 1120 1589 carere
1159 1532 1384 1588 divitiis.
1437 1534 1732 1588 Possumus
1760 1544 1940 1592 autem
1967 1537 2121 1606 juxta

521 1625 938 1695 intelligentiam
951 1625 1286 1694 spiritualem
1312 1636 1366 1678 et
1395 1624 1498 1680 hoc
1513 1626 1902 1695 sentire,quod
1928 1643 2124 1697 corpus

529 1716 742 1770 Domini
775 1731 881 1770 non
915 1731 1069 1781 auro,
1099 1716 1330 1785 gemmis
1353 1725 1408 1771 et
1435 1717 1644 1780 serico,
1675 1717 1771 1773 sed
1805 1719 2125 1775 Ienteamine

2214 515 2492 586 propheta:
2523 515 2889 571 testimonium
2917 525 3021 581 est,
3056 514 3322 569 dicentis:
3365 512 3463 567 Hic
3486 514 3787 569 habitabit
3819 518 3892 570 in

2212 609 2383 662 excisa
2426 609 2669 679 spelunca
2698 618 2856 680 petris
2897 607 3193 677 fortissima:
3225 603 3399 676 (Isai.
3435 621 3612 660 χχχιιι
3648 647 3668 672 ,
3712 607 3799 661 16
3831 606 3890 678 ).

2215 699 2516 768 Statimque
2544 707 2662 767 post
2686 697 2824 752 duus
2848 697 3144 752 versiculos
3165 697 3408 766 sequitur
3435 714 3447 749 :
3481 696 3712 769 Regem
3741 714 3894 751 cum

2215 791 2381 862 gloria
2407 790 2642 844 videbitis
2670 787 2864 863 (lbid.,
2893 790 3006 859 i7).

2289 884 2416 952 Cap.
2447 882 2681 938 XXVIII.
2705 913 2775 922 —
2797 881 2955 937 Vers.
2986 881 3063 952 1.)
3133 881 3348 954 Vespere
3403 892 3584 936 autem
3636 883 3893 939 sabbati

2217 991 2331 1046 qua:
2361 975 2565 1029 lucescit
2591 976 2645 1028 in
2669 975 2836 1046 prima
2858 973 3053 1028 sabbati
3079 1016 3094 1039 ,
3145 975 3281 1028 venit
3307 973 3480 1028 Maria
3503 975 3556 1028 Μ
3571 975 3896 1047 agdalene

2219 1077 2264 1120 et
2295 1069 2460 1120 altera
2503 1066 2677 1119 Maria
2714 1067 2884 1121 videre
2912 1068 3224 1138 sepulcrum.
3259 1066 3409 1134 Quod
3433 1067 3673 1122 diversa
3715 1079 3893 1123 tem-

2222 1175 2351 1226 pora
2396 1159 2618 1212 istarum
2653 1160 2941 1213 mulierum
2971 1160 3024 1212 in
3054 1157 3362 1228 Evangeliis
3392 1158 3890 1226 describuntur,

2223 1270 2329 1309 non
2373 1255 2640 1309 mendacii
2673 1255 2885 1325 signum
2927 1265 3011 1308 est
3037 1294 3052 1318 ,
3102 1263 3159 1309 ut
3189 1253 3340 1323 impii
3367 1253 3658 1324 objiciunt
3690 1297 3708 1320 ,
3767 1254 3891 1310 sed

2224 1346 2429 1400 sedulte
2465 1346 2790 1400 visitationis
2814 1345 3049 1399 ofﬁcium
3075 1389 3088 1412 ,
3136 1344 3263 1398 dum
3292 1343 3488 1398 crebro
3533 1345 3778 1400 abeunt
3817 1362 3895 1400 ac

2226 1447 2511 1493 recurrunt
2538 1478 2553 1500 .
2603 1449 2656 1492 et
2694 1453 2800 1492 non
2841 1437 3171 1505 patiuntura
3210 1437 3461 1506 sepulcro
3494 1436 3749 1493 Domini
3777 1437 3890 1494 diu

2227 1529 2421 1584 abesse
2446 1531 2526 1584 vel
2547 1530 2782 1598 loogius.

2299 1620 2480 1692 (Vers.
2505 1620 2564 1686 2,
2592 1619 2672 1691 ὅ.)
2706 1619 2772 1674 Et
2800 1636 2911 1674 ecce
2933 1627 3251 1674 terrazmotus
3294 1621 3460 1690 factus
3487 1629 3572 1675 est
3601 1637 3889 1693 magnus.

2230 1711 2453 1781 Angelus
2483 1711 2622 1766 enim
2653 1709 2866 1764 Domini
2894 1711 3154 1765 descendit
3184 1711 3247 1765 de
3279 1716 3404 1766 caelo
3428 1753 3441 1776 ,
3468 1721 3519 1766 et
3555 1716 3853 1769 accedens
3873 1756 3892 1781 ,

524 1824 664 1878 puro
693 1808 1094 1863 obvolvendum
1127 1809 1220 1876 sit,
1256 1825 1584 1879 quamquam
1616 1821 1668 1864 et
1699 1811 1805 1866 hoc
1830 1813 2118 1882 signiﬁcet,
2156 1817 2200 1875 Β
2227 1802 2758 1876 revolvitlupidcm,et
2785 1804 3152 1875 sedebatsuper
3170 1821 3306 1858 eum.
3330 1802 3462 1857 Erat
3483 1816 3686 1861 autem
3717 1823 3895 1874 aspe-

525 1899 669 1971 quod
700 1900 792 1956 ille
821 1901 872 1954 in
895 1900 1123 1955 sindone
1148 1900 1346 1955 munda
1374 1901 1601 1956 involvit
1630 1901 1839 1971 Jesum,
1871 1905 1961 1975 qui
1992 1920 2126 1976 pura

536 2000 720 2047 mente
750 2007 873 2048 eum
905 1993 1232 2060 susceperit.

603 2083 783 2154 (Vers.
815 2084 929 2153 60.)
964 2083 1027 2137 Et
1052 2085 1227 2155 posuit
1254 2086 1389 2140 illud
1417 2088 1468 2140 in
1497 2099 1827 2143 monumento
1854 2106 1948 2143 suo
1975 2106 2128 2156 novo,

528 2177 666 2248 quod
693 2177 957 2231 exciderat
986 2178 1039 2230 in
1063 2190 1228 2250 petra,
1260 2189 1309 2232 et
1333 2179 1558 2234 advolvit
1584 2198 1768 2234 saxum
1789 2199 2036 2253 magnum
2063 2184 2131 2236 ad

531 2271 722 2325 ostium
753 2275 1110 2338 monumenti,
1157 2281 1201 2325 et
1231 2272 1380 2328 abiit.
1433 2272 1490 2327 ιιι
1518 2289 1661 2328 novo
1692 2276 1912 2344 ponitur
1941 2291 2132 2331 monu-

533 2371 718 2417 mento
736 2404 749 2427 ,
783 2377 850 2418 ne
881 2371 1001 2430 post
1030 2363 1486 2419 resurrectionem
1508 2411 1522 2432 ,
1565 2367 1780 2421 caeteris
1808 2369 2132 2437 corporibus

538 2453 980 2518 remanentibus,
1013 2455 1379 2510 rcsurrexisse
1411 2455 1549 2511 alius
1583 2457 1898 2527 ﬁngeretur.
1949 2459 2133 2515 Potest

533 2553 994 2601 autemctnovum
1020 2549 1330 2617 sepulcrum
1364 2549 1543 2605 Maria:
1570 2553 1888 2622 virginalem
1919 2564 2129 2609 uterum

535 2639 914 2693 demonstrare
947 2657 958 2690 :
993 2654 1293 2709 saxumque
1321 2642 1465 2697 ostio
1492 2645 1823 2712 appositum,
1857 2654 1910 2698 et
1943 2663 2129 2702 saxum

535 2743 791 2799 magnum
815 2729 1106 2786 ostendere
1131 2731 1549 2800 absqueauxilio
1573 2734 1927 2805 plurimorum
1952 2737 2132 2806 sepul-

532 2838 688 2879 crum
722 2838 828 2879 non
864 2825 1108 2892 potuisse
1137 2827 1396 2883 reserari.

608 2915 790 2989 (Vers.
821 2918 885 2972 61
911 2922 1093 2989 seqq.)
1122 2917 1254 2974 Erat
1299 2931 1472 2977 autem
1503 2922 1570 2976 ibi
1601 2922 1774 2977 Maria
1821 2925 2134 2996 Magtlalene

537 3020 580 3065 et
622 3011 788 3064 altera
838 3009 1011 3065 Maria
1039 3053 1054 3076 ,
1102 3014 1337 3068 sedentes
1375 3023 1554 3068 eontra
1586 3015 1900 3087 sepulcrum.
1953 3017 2134 3073 Altera

536 3112 710 3156 autem
739 3103 822 3157 die
844 3120 961 3174 qua!
1001 3113 1077 3158 est
1102 3114 1218 3177 post
1247 3123 1578 3176 parasceren,
1611 3119 1950 3163 convenerunt
1983 3111 2131 3181 prin-

2233 1905 2343 1950 ctus
2365 1899 2474 1969 ejus
2491 1898 2621 1950 sicut
2643 1898 2818 1966 fulgur
2859 1894 3186 1967 [Aqulgor]
3209 1938 3224 1960 ,
3259 1905 3304 1950 et
3343 1896 3737 1951 restimentum
3762 1901 3893 1968 ejus

2232 1989 2361 2042 sicut
2387 1990 2496 2044 nix.
2531 1989 2792 2044 Dominus
2819 2001 3003 2045 noster
3023 2003 3163 2044 unus
3188 1999 3348 2060 atque
3371 1987 3519 2043 idem
3547 1989 3745 2045 Filius
3777 1991 3886 2048 Dei

2233 2092 2282 2137 et
2316 2081 2485 2136 Filius
2525 2081 2784 2144 bontinis,
2825 2082 2980 2151 juxta
3013 2091 3302 2148 utramque
3326 2092 3616 2144 naturam.
3655 2083 3884 2138 divini-

2235 2175 2361 2230 tatis
2386 2186 2441 2231 et
2478 2177 2690 2235 carnis.
2725 2174 2884 2247 241
2917 2191 3058 2230 nunc
3089 2174 3478 2246 magnitudinis
3513 2190 3682 2242 sum,
3723 2192 3887 2232 nunc

2237 2267 2560 2322 humilitatis
2588 2268 2739 2335 signa
2783 2268 3146 2322 demonstrat.
3196 2265 3352 2322 Unde
3379 2276 3436 2320 et
3482 2270 3542 2320 in
3595 2270 3882 2336 praesenti

2236 2357 2378 2424 loco,
2407 2374 2730 2430 quamquam
2761 2359 2923 2414 homo
2950 2359 3022 2414 sit
3051 2359 3140 2428 qtti
3169 2358 3470 2414 cruciﬁxus
3499 2369 3620 2427 est,
3658 2364 3759 2431 qui
3788 2378 3886 2416 se-

2237 2453 2420 2524 pultus
2460 2462 2580 2519 est,
2611 2452 2701 2524 qui
2731 2453 2954 2507 clausus
2987 2452 3226 2518 tumulo,
3259 2467 3418 2518 quem
3451 2451 3604 2522 lapis
3640 2456 3883 2524 opposi-

2237 2554 2321 2600 tus
2350 2545 2586 2610 cohibet,
2623 2559 2802 2601 tamen
2833 2562 2952 2615 qua:
2981 2545 3110 2600 foris
3143 2553 3395 2616 aguntur,
3423 2548 3758 2601 ostendunt
3785 2547 3880 2602 Fi-

2237 2641 2366 2695 liutn
2417 2641 2546 2707 Dei,
2587 2641 2669 2694 sol
2711 2639 2957 2710 fugiens.
3015 2643 3252 2695 tenebra:
3293 2641 3664 2709 ingruentes,
3718 2653 3873 2698 terra

2235 2741 2528 2797 commota,
2563 2734 2739 2787 velunt
2769 2735 3020 2793 scissum.
3055 2747 3182 2785 saxa
3209 2732 3455 2802 dirupta,
3493 2733 3713 2787 mortui
3744 2751 3876 2790 sus-

2237 2825 2408 2890 ισίιειιί,
2432 2825 2748 2895 angelorum
2765 2825 3087 2890 ministeria,
3113 2841 3235 2896 quae
3258 2826 3325 2879 ab
3347 2825 3518 2881 initio
3545 2827 3869 2881 nativitatis

2235 2917 2354 2987 ejus
2377 2919 2542 2973 Deum
2568 2920 2885 2988 probabant.
2918 2919 2998 2974 Ad
3028 2918 3248 2974 Mariam
3272 2918 3501 2974 Gabriel
3525 2921 3707 2985 venit,
3737 2935 3868 2975 cum

2236 3009 2436 3077 Ioseph
2470 3010 2691 3080 angelus
2723 3013 2996 3082 loquitur;
3044 3011 3188 3066 idem
3219 3012 3549 3083 pastoribus
3594 3014 3816 3067 nuntiat
3845 3054 3860 3076 ,

2236 3102 2553 3171 angelorum
2573 3113 2756 3170 postea
2775 3103 2992 3157 auditur
3019 3105 3220 3158 chorus
3265 3103 3583 3158 dicentium
3615 3122 3629 3158 :
3665 3101 3864 3157 Gloria

536 3195 674 3265 cipes
700 3195 1033 3249 sacerdotum
1055 3205 1100 3250 et
1133 3195 1387 3252 Pharisan'
1405 3196 1568 3269 250
1587 3205 1658 3252 ad
1683 3198 1935 3268 Pilatum,
1961 3201 2134 3256 diem.
2164 3195 2210 3259 C
2241 3194 2294 3247 in
2323 3193 2534 3249 excelsis
2565 3193 2690 3256 Deo,
2721 3205 2767 3248 et
2789 3195 2840 3248 in
2867 3204 3003 3249 terra
3023 3211 3127 3267 prta:
3155 3193 3456 3250 hominibus
3481 3195 3635 3250 bona;
3666 3199 3859 3249 volun-

535 3295 612 3340 tes
641 3303 659 3341 :
688 3287 931 3352 Domine,
959 3287 1215 3344 recordati
1244 3306 1444 3356 sumus,
1475 3291 1597 3360 quia
1621 3291 1864 3346 seductor
1889 3291 1979 3347 ille
2004 3294 2136 3347 dixit

533 3377 709 3433 adhuc
728 3381 898 3434 vivens
931 3394 950 3434 :
985 3379 1110 3434 Post
1139 3390 1240 3435 tres
1265 3381 1374 3435 dies
1396 3398 1682 3453 resurgam.
1717 3382 1945 3439 Catteris
1972 3386 2137 3441 relin-

533 3471 826 3542 quentibus
855 3472 1168 3536 Dominum,
1193 3472 1447 3528 mulieres
1475 3474 1524 3526 in
1554 3473 1739 3529 ofﬁcio
1760 3487 2132 3545 perseverant,

532 3572 914 3632 exspectantes
937 3563 1078 3633 quod
1108 3564 1433 3633 promiserat
1458 3563 1615 3619 Jesus
1642 3609 1656 3634 ,
1680 3574 1736 3620 et
1763 3566 1888 3620 ideo
1916 3583 2133 3624 merue-

535 3666 664 3710 runt
696 3658 883 3726 primze
913 3656 1100 3710 videre
1130 3666 1532 3726 resurgentem,
1563 3658 1690 3728 quia
1722 3660 1812 3728 qui
1841 3677 2137 3727 persevera—

533 3752 661 3804 verit
699 3767 860 3820 usque
895 3750 952 3803 in
986 3750 1144 3818 linem
1166 3791 1181 3818 ,
1216 3751 1301 3804 hic
1328 3751 1502 3805 salvus
1529 3753 1624 3806 erit
1659 3753 1894 3823 (Matth.
1929 3772 1994 3819 Χ,
2025 3755 2131 3821 2'2;

536 3855 688 3900 xxrv,
722 3839 792 3894 i3
812 3840 852 3909 ).

609 3931 792 4001 (Vers.
817 3931 887 3987 64
910 3931 1235 4004 seqq.)Jube
1255 3949 1379 4004 ergo
1401 3935 1652 3989 custodiri
1671 3938 1963 4008 sepulcrum
1976 3957 2135 4009 usque

539 4026 595 4078 in
625 4025 762 4078 diem
789 4027 1015 4092 tertium,
1059 4043 1122 4079 ne
1154 4030 1284 4093 forte
1305 4029 1509 4082 veniant
1535 4030 1780 4102 discipuli
1805 4035 1942 4100 eius,
1977 4044 2022 4087 et
2051 4035 2134 4104 fu-

534 4125 716 4168 rentur
745 4130 884 4182 eum,
927 4127 972 4169 et
999 4117 1176 4171 dicant
1204 4118 1357 4189 plebi,
1389 4121 1610 4174 surrexit
1638 4139 1672 4175 a
1697 4124 1933 4189 mortuis,
1965 4137 2010 4177 et
2039 4127 2134 4178 erit

536 4210 848 4265 novissimus
875 4228 1019 4264 error
1047 4215 1193 4284 pejor
1220 4213 1408 4284 priore.
1433 4215 1512 4267 Ait
1527 4215 1633 4269 illis
1657 4213 1894 4271 Pilatus:
1919 4217 2133 4274 Habetis

533 4303 840 4356 custodiam.
878 4303 981 4367 Ite,
1009 4307 1258 4360 custodite
1281 4307 1414 4360 sicut
1442 4309 1605 4362 scitis.
1634 4307 1727 4362 Illi
1743 4319 1913 4364 autem
1935 4311 2130 4365 abeun-

533 4405 630 4460 tes,
660 4397 955 4448 munierunt
985 4395 1298 4468 sepulcrum,
1331 4401 1592 4469 signantes
1619 4399 1846 4472 lapidem
1873 4419 1988 4456 cum
2019 4419 2132 4458 cus-

535 4486 756 4542 todibus.
799 4486 914 4540 Non
961 4487 1247 4542 suffecerat
1280 4491 1612 4559 principibus
1641 4492 1984 4548 sacerdotum
2012 4535 2029 4559 ,
2075 4505 2131 4550 et

2241 3291 2361 3344 tatis
2377 3289 2530 3362 (Luc.
2552 3290 2632 3359 tt).
2653 3290 2914 3345 'I‘entatur
2932 3292 2983 3345 in
3003 3290 3314 3355 solitudine,
3341 3299 3397 3344 et
3416 3300 3549 3360 post
3567 3291 3859 3346 vietoriam

2241 3387 2422 3440 statim
2461 3385 2706 3440 serviunt
2747 3385 2950 3455 angeli.
2984 3384 3137 3439 Nunc
3164 3399 3380 3455 quoque
3413 3386 3675 3457 Angelus
3704 3385 3858 3439 venit

2239 3484 2420 3530 custos
2485 3475 2719 3545 sepulcri
2769 3476 3075 3543 Dominici,
3151 3484 3206 3530 et
3255 3476 3308 3528 in
3347 3478 3560 3531 vestitu
3613 3475 3854 3530 candido

2239 3567 2416 3637 signat
2441 3567 2670 3638 gloriam
2703 3567 3115 3637 triumphantis.
3152 3566 3376 3622 Necnon
3406 3568 3754 3623 ascendente
3782 3568 3850 3621 ad

2238 3660 2408 3714 caelos
2439 3660 2664 3713 Domino
2685 3701 2699 3724 ,
2737 3659 2845 3714 duo
2873 3659 3048 3729 angeli
3079 3661 3130 3712 in
3159 3658 3353 3713 Oliveti
3388 3668 3580 3713 monte
3612 3675 3850 3714 cernun-

2240 3759 2348 3819 tur,
2403 3752 2722 3821 pollicentes
2757 3752 3018 3822 apostolis
3065 3749 3368 3807 secundum
3404 3751 3713 3806 Salvatoris
3745 3751 3844 3805 ad-

2241 3854 2458 3900 ventum
2483 3844 2620 3914 (Act.
2645 3845 2708 3914 t).

2313 3937 2493 4008 (Vers.
2522 3939 2574 4003 4,
2605 3936 2684 4001 5.)
2721 3934 2840 3989 Prae
2867 3936 3051 3989 timore
3077 3945 3248 3989 autem
3279 3935 3415 4003 ejus,
3452 3935 3694 3988 exterriti
3723 3941 3843 3985 sunt

2239 4031 2476 4086 custodes
2495 4073 2508 4097 ,
2537 4040 2581 4086 et
2613 4031 2737 4101 facti
2754 4039 2870 4084 sunt
2893 4031 3028 4085 velut
3056 4028 3262 4083 mortui.
3297 4027 3641 4098 Respondens
3666 4037 3839 4078 autem

2236 4125 2472 4196 angelus,
2499 4124 2630 4179 dixit
2647 4124 2945 4177 mulieribus
2965 4138 2982 4176 :
3003 4120 3179 4175 Nolite
3204 4121 3382 4174 timere
3414 4135 3524 4174 vos.
3555 4118 3678 4172 Scio
3701 4116 3837 4170 enim

2236 4217 2374 4287 quod
2403 4216 2604 4276 Iesum,
2629 4216 2716 4280 qui
2737 4215 3014 4284 cruciﬁxus
3045 4222 3138 4281 est,
3171 4213 3442 4284 qttteritis:
3476 4210 3599 4264 Non
3623 4219 3696 4264 es!
3728 4208 3830 4270 Iti',

2235 4311 2456 4364 surrexit
2485 4311 2622 4362 enim
2649 4309 2779 4361 sicut
2809 4307 2961 4360 dixit.
2979 4306 3270 4370 Custodes,
3299 4305 3498 4357 timore
3524 4301 3830 4371 perterriti,

2238 4401 2767 4456 instarmortuorum
2785 4397 3074 4469 stupefacti
3102 4397 3366 4466 jacent,et
3395 4405 3578 4448 tamen
3608 4391 3831 4461 angelus

2237 4509 2341 4549 non
2376 4492 2619 4557 illos,sed
2642 4487 2896 4546 muliedss
2923 4490 3256 4545 consolatur.
3291 4486 3468 4541 Nolite
3490 4487 3682 4538 timere
3714 4497 3828 4534 vos.

537 4577 744 4637 Scribis
786 4595 850 4634 ac
876 4579 1165 4636 Pharisais
1193 4583 1528 4638 crucifixisse
1560 4583 1848 4639 Dominum
1878 4585 2124 4642 Salvatoo
2163 4589 2210 4648 ι)
2235 4583 2768 4653 Illi,inquit,timeaut
2792 4598 2807 4636 :
2838 4583 2888 4635 itt
2910 4580 2994 4635 his
3016 4588 3319 4650 perseveret
3347 4592 3536 4648 pavttr,
3564 4574 3616 4628 iu
3636 4572 3829 4643 quibus

534 4687 651 4727 rem
675 4712 689 4734 ,
734 4672 835 4726 nisi
861 4671 1166 4738 sepulcrum
1199 4673 1552 4740 custodirent,
1585 4675 1869 4732 cohortem
1909 4679 2124 4747 accipe-

533 4772 682 4831 rent,
706 4764 1257 4833 signarentlapidem,
1288 4779 1550 4835 quantum
1580 4765 1634 4821 in
1661 4767 1768 4822 illis
1781 4776 1885 4835 est,
1909 4784 2126 4823 manum

531 4866 872 4925 opponerent
911 4857 1246 4929 resurgenti,
1287 4867 1344 4911 ut
1383 4858 1660 4929 diligentia
1695 4877 1881 4914 eorum
1929 4869 2128 4916 nostra:

529 4948 656 5003 ﬁdei
702 4950 1032 5019 proliceret:
1081 4952 1297 5015 Quanto
1329 4951 1474 5006 enim
1517 4953 1750 5023 amplius
1791 4963 2123 5022 reservatur,

524 5048 677 5096 tanto
699 5042 868 5110 magis
896 5043 1312 5096 resurrectionis
1336 5043 1507 5097 virtus
1531 5045 1858 5098 ostenditur.
1893 5043 2048 5100 Unde
2077 5056 2132 5101 et

526 5129 581 5184 in
614 5139 967 5186 monumento
997 5148 1157 5198 novo,
1201 5131 1346 5202 quod
1375 5133 1619 5187 excisum
1649 5135 1822 5189 fuerat
1854 5136 1906 5190 in
1938 5146 2122 5207 petra,

527 5223 778 5278 conditus
807 5232 894 5278 est
942 5244 956 5280 :
1003 5240 1071 5279 ne
1101 5225 1148 5278 si
1178 5241 1242 5280 ex
1283 5225 1468 5280 multis
1498 5226 1768 5296 lapidibus
1799 5227 2123 5284 aediﬁcatum

528 5324 705 5381 esset,
741 5314 991 5370 suffossis
1031 5315 1222 5370 tumuli
1263 5315 1671 5386 fundamentis,
1724 5318 1937 5376 ablatus
1984 5320 2126 5376 furto

601 5441 627 5468 ι
661 5432 788 5486 Mss.
810 5442 1062 5495 BorAttc,
1085 5431 1702 5502 pariconsensulegunt.
1729 5433 1902 5490 Porro
1920 5437 2118 5490 nedum

525 5502 852 5574 quibusdam
881 5544 896 5565 ,
933 5504 1026 5556 sed
1063 5505 1248 5557 multis
1271 5504 1542 5572 placuisse
1591 5504 1730 5559 battc
1771 5505 1842 5560 de
1877 5506 2120 5574 Josepho

527 5573 860 5627 sententiam
891 5613 906 5632 .
959 5581 1187 5644 testatur
1217 5575 1498 5642 Erpositio
1544 5575 1872 5642 psalmorum
1903 5573 2074 5631 altera
2098 5617 2114 5644 ,

521 5657 681 5709 quam
706 5659 771 5695 ex
800 5652 950 5708 ptrte
981 5643 1256 5716 Breviario
1280 5647 1594 5716 inpsalmos
1643 5645 1971 5716 Hieronymo
1997 5643 2118 5716 per;

526 5725 709 5778 peram
750 5718 1001 5785 ίιςεινιιιιο
1023 5755 1038 5777 ,
1089 5715 1227 5785 falso
1257 5725 1312 5770 et
1341 5715 1514 5784 ipsam
1550 5717 1806 5772 tributam
1839 5715 2118 5785 subiungi-

528 5792 648 5834 mus
679 5797 696 5833 :
739 5779 1062 5837 Generaliter
1086 5783 1151 5836 de
1179 5779 1404 5853 quolibet
1442 5788 1588 5857 justo
1615 5789 1724 5843 viro
1750 5779 1964 5851 dicitur,
1998 5779 2114 5843 licet

2236 4683 2515 4744 permanet
2541 4673 2913 4728 incredulitas.
2933 4671 3202 4725 Caeterum
3225 4683 3320 4722 vos
3333 4667 3460 4737 quia
3483 4665 3666 4719 lesqu
3683 4677 3828 4732 Illuc-

2233 4767 2352 4822 ritis
2378 4767 2697 4821 cruciﬁxum
2726 4811 2740 4834 ,
2785 4764 2969 4820 audite
3019 4763 3164 4835 quod
3197 4757 3562 4817 resurrexerit
3604 4766 3658 4811 et
3703 4769 3826 4824 pro-

2234 4861 2396 4915 missa
2427 4858 2738 4928 perfecerit.

2305 4952 2487 5021 (Vers.
2517 4953 2572 5015 6,
2601 4953 2684 5020 7.)
2719 4950 2899 5005 Venite
2920 4995 2934 5017 ,
2981 4961 3029 5004 et
3062 4949 3230 5003 videte
3254 4959 3276 4987 ο
3311 4949 3481 5002 locum
3513 4943 3599 4996 ulti
3631 4939 3820 5012 positus

2231 5055 2337 5099 erat
2369 5042 2639 5096 Dominus.
2676 5040 2743 5094 Et
2771 5043 2871 5094 cito
2891 5049 3086 5102 euntes.
3118 5042 3278 5094 dicite
3305 5036 3580 5107 discipulis
3600 5036 3726 5104 ejus.
3757 5027 3824 5082 Ut

2232 5136 2277 5192 si
2309 5136 2443 5191 meis
2466 5135 2645 5189 verbis
2676 5149 2782 5188 non
2807 5133 3052 5198 creditis,
3083 5147 3253 5187 vacuo
3274 5129 3520 5187 credatis
3542 5123 3817 5192 sepulcro.

2235 5239 2286 5283 et
2315 5226 2484 5297 gradu
2517 5227 2729 5280 concito
2760 5226 2966 5295 pergite
2995 5241 3057 5278 ac
3091 5225 3337 5278 nuntiate
3379 5217 3656 5286 discipulis
3681 5217 3818 5285 ejus.

2309 5320 2444 5387 Quia
2479 5319 2740 5385 surrexit,
2774 5327 2820 5370 et
2839 5315 2865 5352 ιι
2889 5333 3004 5370 ecce
3031 5317 3273 5390 prtrcedit
3299 5331 3401 5370 vos
3427 5314 3478 5366 in
3509 5309 3774 5365 Gali/trum
3804 5321 3822 5356 :

2229 5436 2377 5488 multi
2408 5445 2585 5504 putent
2615 5433 2680 5486 de
2703 5432 2896 5500 Ioseph
2925 5434 3122 5487 dictant
3152 5449 3259 5485 esse
3283 5429 3382 5484 illo
3407 5429 3478 5482 ab
3508 5421 3806 5485 Arimatltia,

2225 5507 2314 5577 qui
2345 5523 2446 5560 non
2482 5506 2663 5577 abierit
2695 5506 2749 5559 in
2777 5505 2996 5558 consilio
3026 5504 3356 5577 Italicorum.

2300 5575 2324 5613 δ
2359 5577 2461 5631 Pro
2488 5576 2681 5643 Ioseph
2715 5577 2953 5632 nomine.
2990 5583 3100 5629 tres
3133 5572 3363 5626 Palatini
3395 5583 3521 5622 mss.
3557 5563 3679 5618 Iesu
3711 5562 3802 5613 ha-

2227 5647 2378 5708 bent,
2413 5647 2463 5700 id
2495 5657 2573 5700 est
2603 5661 2815 5713 corpore
2843 5645 2992 5699 Jesu.

2301 5731 2322 5756 ο
2360 5718 2554 5788 Vocem
2586 5719 2756 5770 locum
2786 5715 3010 5788 Palatini
3049 5727 3189 5788 mss.
3215 5715 3485 5781 ignorant.
3547 5775 3559 5788 ο

2297 5789 2321 5824 (ί
2358 5787 2456 5842 llic
2479 5801 2695 5856 quoque
2717 5786 2936 5845 verbum
2965 5799 3077 5839 ecce
3099 5779 3270 5838 Palai.
3300 5795 3430 5838 mss.
3454 5779 3726 5833 omittunt.
