4044 6368
164 348 167 379 ν

237 256 314 311 ΞΠ

668 255 1340 318 COMMENTARIORUM
1379 261 1445 316 IN
1488 259 1940 320 EVANGFIJUM
1978 263 2307 319 SIATTll/El
2350 262 2481 319 LIB.
2527 264 2617 321 IV.
2659 264 2820 321 CAP.
2866 263 3105 321 XXVIII.

3438 267 3547 325 2I8

228 376 283 429 ili
302 392 411 429 eant
431 374 705 431 uidebitis
740 392 763 430 :
816 394 926 432 ecce
953 377 1171 450 pradixi
1199 378 1361 435 nobis.
1420 378 1533 434 Hoc
1553 388 1636 433 est
1665 380 1721 433 in
1749 394 1844 433 νο-
1869 382 1924 440 A
1950 388 2167 435 vertunt
2192 380 2245 434 in
2277 379 2705 449 redemptionem
2732 381 3001 436 mendacii
3028 422 3044 447 ,
3095 381 3236 436 sicut
3265 392 3421 437 antea
3456 384 3555 438 tri-

227 470 472 525 lutabrum
506 470 822 539 gentium,
858 471 946 526 ubi
982 481 1109 526 ante
1135 486 1291 527 error
1318 480 1438 528 erat
1461 480 1516 527 et
1538 470 1803 527 lubricum
1826 513 1842 537 ,

225 572 265 616 tt
290 562 442 617 lirmo
477 576 552 617 ac
582 562 801 618 subiti
834 563 968 633 pede
997 564 1283 635 vestigium
1314 581 1425 619 non
1456 565 1715 636 ponebat.

278 654 452 721 (Ἶρις.
479 654 591 725 8.)
636 655 722 710 Et
759 658 994 711 exierunt
1024 658 1124 711 cito
1153 658 1218 711 de
1248 668 1576 712 monumento
1614 675 1733 712 cum
1779 658 1848 711 ti-

222 764 337 801 um
359 757 412 801 et
440 748 671 817 gaudio
702 747 913 821 'magno
936 791 951 815 ,
994 759 1251 804 currentes
1297 751 1537 805 nuntiare
1573 751 1844 822 discipulis

223 845 328 911 ejus.
345 841 579 911 Duplex
610 851 852 899 mentes
870 843 1160 898 mulierum
1175 846 1394 899 tenebat
1411 844 1659 910 affectus,
1685 845 1843 900 timo-

218 936 274 989 ris
298 945 347 991 et
371 934 582 1005 gaudii
625 954 641 990 :
685 935 838 991 alter
865 936 932 991 de
963 935 1205 992 miraculi
1232 936 1608 1006 magnitudine
1631 978 1648 1005 ,
1679 937 1842 1011 262

218 1024 331 1079 alter
353 1040 424 1080 ex
454 1024 777 1081 desiderio
806 1027 1168 1097 resurgentis;
1200 1035 1257 1083 et
1286 1038 1468 1083 tamen
1498 1038 1728 1100 uterque
1764 1030 1844 1086 fe-

217 1116 434 1172 mineum
458 1117 821 1173 concitabat
840 1119 1091 1189 gradum.
1118 1119 1426 1191 Pergebant
1447 1122 1513 1176 ad
1536 1123 1837 1193 apostolos,

218 1219 261 1263 nt
285 1225 374 1278 per
404 1212 542 1266 illos
583 1210 736 1267 ﬁdei
764 1212 1117 1267 seminarium
1150 1224 1520 1284 spargeretur.

267 1302 450 1375 (νει-ε.
466 1302 565 1375 9.)
601 1303 685 1359 Et
709 1322 827 1361 ecce
846 1304 1000 1360 Iesus
1020 1309 1241 1361 occurrit
1264 1308 1394 1372 illis,
1419 1307 1598 1362 dicens
1621 1326 1639 1363 :
1665 1308 1837 1364 Aucte.

212 1394 321 1462 Qu:
344 1396 427 1451 sic
460 1398 850 1466 quaerebant,
883 1412 1004 1467 qute
1036 1400 1108 1453 ita
1136 1399 1454 1465 currebant,
1488 1401 1840 1457 merebantur

212 1488 407 1543 obvium
442 1490 695 1546 habere
728 1491 1018 1545 Dominum
1046 1501 1424 1562 resurgentem
1451 1536 1465 1557 ,
1518 1502 1572 1547 et
1602 1493 1835 1558 primum

212 1579 398 1645 audire,
434 1581 622 1636 Aucte
654 1598 678 1636 :
703 1591 769 1636 ut
797 1582 1140 1638 maledictum
1190 1582 1317 1638 Evzc
1358 1583 1608 1639 mulieris
1637 1584 1692 1638 in
1718 1599 1838 1640 mu-

212 1670 421 1727 lieribus
445 1674 929 1729 subverteretur.

263 1762 380 1819 Ille
406 1777 612 1820 autem
644 1777 1015 1833 accesserunt,
1058 1776 1106 1822 et
1135 1776 1406 1822 tenuerunt
1425 1767 1576 1839 pedes
1598 1772 1712 1839 ejus
1733 1810 1748 1835 ,
1778 1779 1827 1824 et
1857 1772 1907 1833 B

208 1854 555 1910 dormt
594 1873 749 1911 eum.
780 1856 898 1912 Istae
922 1858 1188 1914 accedunt
1213 1868 1269 1914 et
1295 1867 1481 1915 tenent
1505 1858 1673 1931 pedes
1697 1860 1836 1931 ejus,

210 1948 315 2015 quia
342 1948 758 2005 adoraverunt
780 1965 924 2004 eum.
956 1949 1228 2006 Ceterum
1263 1951 1378 2018 illa,
1410 1968 1535 2023 qua:
1561 1953 1839 2023 qua‘rebat

209 2041 471 2098 viventem
505 2059 662 2099 cum
707 2044 934 2099 mortuis
963 2088 977 2111 ,
1025 2056 1080 2101 et
1130 2046 1410 2102 nesciebat
1436 2045 1615 2101 adhuc
1642 2047 1835 2103 Filium

216 2130 292 2189 Dei
326 2137 712 2201 surrexisse,
749 2136 946 2191 merito
974 2137 1125 2192 audit
1157 2155 1170 2190 :
1205 2135 1289 2191 Ne
1314 2146 1502 2209 tangas
1531 2155 1610 2192 me
1634 2181 1650 2204 ,
1702 2155 1836 2192 non-

213 2225 319 2278 dum
345 2228 495 2282 enim
530 2227 763 2282 ascendi
783 2228 852 2282 ad
881 2228 1094 2283 Patrem
1123 2246 1291 2284 meum
1318 2228 1499 2300 (Ioan.
1522 2247 1617 2295 xx,
1648 2230 1763 2302 l7).

273 2317 463 2385 (νοτε.
494 2319 631 2392 10.)
653 2318 801 2375 Tunc
826 2322 903 2375 ait
923 2322 1031 2377 illis
1054 2321 1241 2377 Iesus:
1258 2323 1435 2378 Nolite
1456 2326 1656 2379 timere.
1690 2325 1759 2380 Et
1782 2327 1834 2380 in

220 2412 377 2466 veteri
406 2422 469 2469 et
497 2413 563 2469 in
596 2428 749 2468 nom
779 2413 1150 2480 Testamento,
1178 2416 1278 2471 hoc
1302 2431 1520 2485 semper
1542 2423 1839 2475 observan.

221 2500 328 2556 dum
349 2514 475 2559 est:
492 2504 659 2573 quod
675 2505 895 2575 quando
915 2510 1194 2577 augustior
1209 2508 1315 2581 [ΑΙ.
1342 2509 1833 2582 angustior]aliqua

221 2598 537 2664 apparuerit
561 2597 732 2663 visio,
754 2598 987 2668 primum
1011 2600 1176 2656 timor
1198 2601 1524 2672 pellitur,ut,
1556 2605 1634 2660 sic
1652 2616 1835 2662 mente

224 2686 439 2755 placata,
487 2692 721 2761 possint
750 2708 870 2761 qua!
912 2692 1166 2750 dicuntur
1206 2694 1311 2769 [ΑΙ.
1352 2698 1586 2771 dicunt],
1632 2700 1828 2755 audiri.

285 2779 368 2834 Ite
386 2824 404 2850 ,
447 2786 700 2840 nuntiate
724 2787 973 2857 fratribus
1002 2789 1128 2842 meis
1150 2830 1167 2854 ,
1198 2799 1252 2843 ut
1281 2799 1397 2844 eant
1426 2791 1479 2845 in
1509 2791 1782 2848 Galilaeam
1814 2836 1829 2859 ,

224 2870 289 2924 ibi
310 2888 391 2927 nte
410 2876 690 2931 videbunt.
750 2878 879 2945 Qua:
906 2894 1022 2932 cum
1048 2880 1295 2935 abiissent
1314 2923 1331 2948 ,
1387 2899 1502 2937 ecce
1528 2885 1742 2952 quidam
1768 2884 1833 2938 de

226 2969 520 3026 custodibus
546 2981 801 3027 uenerunt
831 2973 885 3026 in
911 2974 1184 3039 civitatem,
1211 2987 1259 3032 et
1288 2979 1656 3033 nuntiaverunt
1684 2980 1829 3049 prin-

226 3056 410 3122 cipibus
440 3064 789 3118 sacerdotum
817 3069 990 3119 omnia
1016 3083 1131 3136 qua:
1161 3070 1301 3140 facta
1332 3071 1559 3141 fuerant.
1598 3071 1691 3125 llis
1722 3072 1828 3126 ira-

230 3151 384 3209 tribus
403 3154 477 3211 de
514 3157 784 3225 quibusin
814 3158 921 3212 alio
947 3160 1066 3215 loco
1086 3160 1252 3215 dixit:
1281 3160 1613 3217 Annuntiabo
1636 3180 1819 3219 nomen

230 3248 359 3298 tuum
389 3248 652 3320 fratribus
682 3250 808 3305 meis
835 3249 1014 3318 (Psal.
1038 3267 1126 3307 ut
1154 3295 1168 3315 ,
1194 3252 1289 3323 23)
1317 3272 1328 3306 :
1359 3254 1451 3323 qui
1479 3255 1820 3311 Salvatorem

236 3347 577 3409 nequaquam
625 3340 682 3396 in
710 3340 899 3398 Iudam
929 3345 1274 3415 eimSpiciunt
1296 3389 1311 3414 ,
1363 3345 1460 3402 scd
1493 3347 1544 3401 in
1575 3348 1820 3419 gentium

232 3426 598 3488 multitudine.

293 3519 480 3589 (νει-ε.
513 3526 578 3578 l2
602 3526 790 3597 seqq.)
826 3526 889 3582 Et
907 3532 1208 3601 congregati
1227 3546 1344 3584 cum
1364 3533 1675 3600 senioribus,
1698 3552 1822 3590 con-

232 3608 337 3665 silio
360 3627 586 3685 accepto
609 3663 625 3687 ,
652 3622 920 3687 pecuniam
956 3624 1219 3694 capiosam
1248 3624 1501 3680 dederunt
1528 3625 1779 3682 militibus
1801 3671 1817 3697 ,

235 3700 442 3760 dicentes
476 3725 496 3763 :
529 3706 702 3762 Dicite
729 3754 744 3778 ,
778 3712 899 3781 quia
928 3713 1174 3783 discipuli
1214 3717 1327 3782 eius
1356 3728 1504 3770 nocte
1530 3729 1772 3773 uenerunt
1802 3766 1816 3790 ,

237 3800 276 3843 tt
293 3798 603 3866 {uratilsunt
624 3817 763 3869 eum,
792 3802 940 3857 nobis
962 3806 1356 3863 dormientibus.
1392 3808 1460 3862 Et
1480 3811 1526 3863 si
1543 3810 1638 3864 hoc
1665 3814 1819 3865 audi-

238 3890 327 3940 lttm
349 3892 512 3958 [wit
538 3910 572 3946 a
590 3893 831 3962 praeside,
861 3912 955 3949 nos
979 3897 1307 3953 suadebimus
1332 3901 1400 3968 ei,
1433 3910 1482 3954 et
1501 3917 1711 3956 securos
1730 3920 1817 3956 vos

237 3973 491 4040 faciemus.
524 3982 590 4036 At
620 3983 701 4037 illi
730 3994 940 4057 accepta
968 3989 1211 4057 pecunia,
1246 3990 1476 4059 fecerunt
1507 3994 1641 4046 sicut
1669 4003 1814 4049 erant

240 4067 401 4126 edocti.
450 4070 518 4126 Et
549 4074 870 4145 divulgatum
905 4087 975 4131 est
1022 4079 1230 4132 verbum
1259 4081 1401 4135 istud
1431 4083 1572 4155 apud
1598 4085 1815 4140 Iudaeos

238 4172 375 4230 Itque
402 4165 462 4217 in
490 4162 799 4220 hodiernum
827 4167 985 4224 diem.
1030 4169 1297 4227 Custodes
1329 4174 1651 4231 miraculum
1684 4196 1816 4235 con-

238 4248 442 4311 ﬁtentur
473 4273 488 4309 :
545 4258 612 4312 ad
636 4260 829 4315 urbem
858 4262 1059 4318 conciti
1090 4265 1360 4322 redeunt:
1391 4270 1643 4325 nuntiant
1668 4273 1814 4341 prin-

237 4346 426 4417 cipibus
455 4353 804 4409 sacerdoutm
852 4371 971 4425 quae
1001 4357 1238 4413 viderint
1264 4402 1278 4420 .
1325 4377 1444 4430 qua:
1478 4362 1616 4418 facta
1671 4381 1806 4421 con-

234 4446 510 4508 spexerint.
530 4445 612 4502 Illi
632 4447 726 4518 qui
745 4447 1044 4505 debuerant
1058 4453 1303 4508 converti
1323 4455 1388 4509 ad
1415 4456 1806 4527 paenitentiam,

1950 471 2095 542 ginta
2134 481 2424 541 argenteos
2469 471 2735 527 dederant
2792 472 2949 529 Judte
3004 474 3293 553 proditori.
3344 473 3550 530 Omnes

1949 565 2216 635 igiturqui
2232 564 2593 634 stipetempli,
2626 576 2680 622 et
2702 564 2788 621 bis
2809 581 2933 635 qua:
2953 566 3311 621 conferuntur
3330 566 3396 620 ad
3418 582 3549 622 usus

1951 655 2209 712 Ecclesiae
2238 657 2601 711 aliutunturin
2619 657 2743 713 aliis
2772 657 2954 721 rebus,
2981 655 3144 729 243
3168 657 3364 727 quibus
3385 673 3538 714 suam

1947 749 2201 817 expleant
2228 749 2561 803 voluntatem
2589 791 2602 811 ,
2658 748 2864 803 similes
2890 756 3019 803 sunt
3050 749 3353 804 scribarum
3379 761 3430 805 et
3460 765 3548 804 sa-

1948 841 2230 897 cerdotum
2257 883 2272 906 ,
2304 840 2689 897 redimentium
2721 840 3066 896 mendacium
3095 883 3110 904 ,
3147 849 3204 895 et
3245 840 3545 898 Salvatoris

1946 934 2289 1004 sanguinem.

2019 1026 2204 1097 (Vers.
2233 1025 2321 1093 I6,
2358 1024 2470 1097 l7.)
2514 1023 2770 1079 Undecim
2812 1033 2985 1080 autem
3021 1025 3266 1097 discipuli
3306 1026 3547 1081 abierunt

1943 1123 2001 1175 in
2025 1120 2322 1182 Galila'am,
2360 1120 2414 1173 in
2445 1129 2674 1174 montem
2718 1119 2808 1173 ubi
2845 1119 3185 1173 constituerat
3218 1119 3324 1173 illis
3365 1117 3542 1175 Iesus.

1946 1212 2015 1267 Et
2044 1214 2272 1268 videntes
2293 1228 2436 1280 eum,
2464 1212 2850 1276 adoraverunt;
2889 1210 3109 1281 quidam
3134 1219 3307 1264 autem
3336 1210 3546 1265 dubita-

1944 1315 2146 1359 verunt.
2201 1304 2331 1359 Post
2362 1304 2826 1359 resurrectionem
2856 1303 3017 1357 Iesus
3068 1303 3121 1356 in
3174 1313 3360 1356 monte
3390 1300 3545 1359 Gali-

1944 1399 2060 1454 laem
2088 1397 2453 1466 conspicitur,
2480 1397 2666 1467 ibique
2694 1397 2954 1450 adoratur
2979 1412 2992 1448 :
3041 1395 3170 1450 licet
3193 1394 3414 1465 quidam
3444 1394 3544 1449 du-

1940 1490 2137 1555 bitent,
2183 1498 2241 1546 et
2282 1489 2551 1545 dubitatio
2599 1504 2788 1544 eorum
2835 1498 3077 1543 nostram
3109 1496 3308 1558 augeat
3356 1486 3540 1543 tidem.

1939 1582 2093 1638 Tunc
2120 1581 2462 1637 manifestius
2488 1579 2798 1637 ostenditur
2819 1578 3073 1642 Thomas,
3104 1588 3161 1633 et
3190 1579 3332 1632 latus
3355 1579 3545 1634 lancea

1948 1677 2324 1737 vulneratum,
2354 1684 2411 1730 et
2454 1689 2646 1728 manus
2679 1671 2820 1727 lixas
2846 1670 3186 1726 demonstrat
3209 1671 3397 1727 clavis.

2003 1768 2333 1842 (Vers.18.)
2370 1767 2435 1822 Et
2460 1768 2713 1822 accedens
2751 1764 2907 1820 Iesus
2949 1765 3154 1820 locutus
3199 1775 3276 1819 est
3321 1766 3416 1827 eis,
3459 1764 3542 1819 di-

1941 1878 2058 1915 cens
2082 1878 2101 1916 :
2127 1860 2267 1914 Data
2288 1871 2362 1915 est
2384 1860 2513 1913 mihi
2534 1859 2703 1913 omnis
2726 1866 2954 1930 potestas
2975 1857 3030 1911 in
3068 1857 3197 1911 caelo
3224 1867 3270 1911 et
3291 1857 3346 1911 in
3378 1864 3541 1911 terra.

1941 1950 2020 2006 Illi
2053 1962 2295 2020 potestas
2333 1951 2458 2006 data
2501 1962 2606 2020 est,
2632 1950 2721 2019 qui
2747 1949 2909 2019 paulo
2938 1958 3064 2003 ante
3094 1950 3415 2015 cruciﬁxus,
3446 1949 3541 2020 qui

1938 2046 2185 2116 sepultus
2215 2046 2268 2100 in
2296 2045 2530 2108 tumulo,
2554 2042 2647 2113 qui
2672 2052 2919 2096 mortuus
2937 2043 3203 2108 iacuerat,
3226 2040 3316 2111 qui
3350 2049 3538 2109 postea

1936 2139 2261 2195 resurrexit.
2294 2137 2350 2193 In
2382 2137 2525 2194 cmlo
2552 2145 2733 2191 autem
2776 2143 2831 2190 et
2861 2134 2914 2188 in
2950 2144 3094 2189 terra
3138 2142 3384 2203 potestas
3411 2132 3536 2187 data

1936 2243 2041 2294 est.
2072 2241 2128 2287 ut
2152 2233 2244 2304 qui
2273 2240 2399 2287 ante
2426 2229 2693 2301 regnabat
2720 2228 2774 2282 in
2806 2226 2969 2290 caelo,
3000 2240 3095 2297 per
3120 2225 3281 2281 tidem
3310 2224 3538 2280 creden-

1891 2371 1899 2378 .
1943 2326 2075 2380 tium
2102 2335 2292 2395 regnet
2315 2324 2370 2378 in
2401 2322 2584 2377 terris.

2008 2417 2192 2490 (Vers.
2231 2416 2344 2484 l9.)
2371 2414 2565 2469 Euntes
2586 2430 2732 2485 ergo,
2761 2414 2938 2467 docete
2962 2428 3140 2466 omnes
3171 2419 3345 2484 gentes
3371 2452 3386 2477 ,
3412 2411 3538 2484 bap-

1934 2513 2157 2567 tizantes
2206 2527 2292 2563 eos
2333 2510 2387 2563 in
2428 2508 2638 2563 nomine
2672 2506 2876 2571 Patris,
2927 2517 2977 2561 et
3006 2504 3156 2573 Filii,
3207 2515 3257 2560 et
3305 2504 3540 2577 Spiritus

1933 2607 2128 2658 sancti.
2165 2604 2409 2658 Primum
2441 2602 2637 2655 docent
2669 2615 2864 2654 omnes
2884 2606 3100 2670 gentes,
3125 2597 3325 2651 deinde
3346 2596 3541 2650 doctas

1936 2696 2212 2767 intingunt
2232 2710 2393 2765 aqua.
2418 2694 2533 2749 Non
2558 2695 2703 2747 enim
2722 2700 2903 2762 potest
2925 2690 3041 2745 ﬁeri
3070 2698 3127 2743 nt
3149 2703 3349 2759 corpus
3371 2686 3537 2763 244

1932 2789 2187 2858 baptismi
2216 2788 2449 2858 recipiat
2474 2797 2901 2845 sacramentum.
2924 2784 3029 2839 nisi
3057 2793 3186 2838 ante
3207 2784 3385 2837 anima
3409 2782 3533 2836 lidei

1933 2883 2237 2952 susceperit
2266 2883 2574 2936 veritatem.
2611 2881 2964 2948 Biptizantur
2992 2888 3178 2932 autem
3226 2876 3277 2930 in
3310 2874 3534 2930 nomine

1932 2975 2133 3041 Patris,
2166 2984 2221 3028 ct
2248 2973 2392 3039 Filii,
2434 2983 2489 3027 et
2529 2973 2772 3039 Spiritus
2813 2972 3025 3040 sancti,
3068 2981 3123 3024 ut
3151 2984 3380 3040 quorum
3427 2983 3530 3024 una

1932 3078 2016 3126 est
2037 3069 2314 3133 divinitas,
2361 3081 2467 3121 una
2496 3066 2564 3121 sit
2595 3064 2847 3135 largitio:
2883 3049 3190 3133 nomenque
3217 3061 3529 3127 Trinitatis,

1855 3145 1902 3209 (ἶ
1932 3179 2078 3219 unus
2110 3164 2250 3219 Deus
2270 3172 2377 3220 est.

1999 3257 2186 3327 (Vers.
2216 3254 2337 3324 20.)
2371 3253 2623 3308 Docentes
2650 3268 2737 3307 eos
2763 3266 2967 3304 servare
2995 3250 3170 3303 omnia
3197 3265 3532 3320 quwcumque

1926 3348 2169 3403 mandavi
2206 3348 2365 3402 vobis.
2396 3345 2543 3401 Ordo
2574 3345 2882 3414 praecipuus
2912 3360 2925 3395 :
2978 3342 3151 3397 Iussit
3183 3342 3442 3412 apostolis
3470 3350 3531 3396 ut

1926 3442 2161 3512 primum
2192 3440 2452 3496 docerent
2484 3440 2768 3499 universas
2796 3445 3013 3508 gentes,
3055 3435 3260 3491 deinde
3291 3436 3414 3491 lidei
3444 3436 3530 3490 iu-

1925 3535 2196 3605 tingerent
2226 3541 2595 3596 sacramento,
2627 3539 2652 3567 ει
2694 3540 2750 3585 et
2778 3539 2898 3599 post
2936 3528 3095 3582 fidem
3141 3543 3202 3582 ac
3233 3528 3522 3595 baptisma,

1923 3642 2044 3698 qua:
2068 3634 2255 3681 essent
2281 3622 2619 3677 observanda
2648 3620 3035 3692 praeciperent.
3074 3618 3151 3674 Ac
3176 3634 3243 3673 ne
3272 3625 3525 3686 putemus

1925 3717 2063 3771 levia
2092 3731 2213 3772 esse
2244 3731 2365 3786 qua:
2386 3714 2538 3784 jnssa
2586 3724 2713 3767 sunt
2744 3722 2799 3766 et
2829 3725 3025 3781 pauca,
3055 3710 3298 3764 addidit:
3333 3708 3523 3763 Omnia

1921 3824 2259 3877 quascumque
2277 3806 2519 3861 mandaui
2540 3804 2697 3861 vobis.
2722 3803 2795 3861 Ut
2816 3803 3142 3873 quicumque
3164 3801 3519 3868 crediderint,

1922 3904 2011 3974 qui
2045 3903 2096 3956 in
2116 3901 2382 3957 'I‘rinitate
2411 3900 2615 3955 fuerint
2644 3896 2928 3968 baptizati,
2956 3896 3140 3950 omnia
3174 3895 3368 3950 iaciant
3397 3910 3517 3965 qua:

1921 4008 2193 4070 praecepta
2223 4003 2365 4051 sunt.

1993 4086 2059 4142 Et
2081 4104 2197 4143 ecce
2216 4104 2309 4158 ego
2337 4086 2599 4140 vobiscum
2627 4101 2742 4138 tum
2764 4083 2998 4137 omnibus
3028 4081 3231 4150 diebus,
3265 4098 3426 4151 usque
3446 4081 3516 4135 ad

1918 4180 2415 4235 consummationem
2436 4177 2636 4231 surculi.
2671 4177 2770 4242 Qui
2804 4190 2975 4246 usque
2997 4174 3062 4225 ad
3089 4174 3517 4228 consummatio—

1917 4288 2042 4327 nem
2058 4270 2241 4326 surculi
2269 4285 2392 4325 cum
2416 4268 2704 4337 discipulis
2734 4282 2793 4320 se
2820 4266 3064 4320 futurum
3084 4278 3204 4319 esse
3226 4264 3519 4334 promittit,

1917 4374 1974 4421 et
2003 4367 2124 4419 illos
2150 4362 2618 4431 ostenditsemper
2639 4375 2762 4416 esse
2784 4360 3049 4426 victuros,
3072 4370 3122 4413 et
3142 4374 3204 4414 se
3218 4374 3510 4425 numquam

1918 4471 1948 4510 a
1977 4455 2331 4510 credentibus
2355 4468 2717 4509 recessurum.
2750 4453 2850 4520 Qui
2881 4462 3062 4507 autem
3097 4467 3266 4521 usque
3290 4450 3355 4505 ad
3384 4466 3517 4504 Cult-

236 4533 479 4590 ellesum
509 4552 759 4606 quaerere
785 4552 1184 4611 resurgentem,
1232 4558 1585 4612 perseverant
1616 4549 1666 4601 in
1695 4566 1801 4602 ma-
1837 4533 1890 4594 Ῑ)
1913 4550 2329 4604 summationem
2372 4547 2556 4602 mundi
2585 4547 2667 4600 sui
2694 4546 3040 4615 praesentiam
3072 4546 3383 4615 pollicetur,
3410 4559 3515 4600 non

236 4617 327 4680 lilia
354 4672 369 4695 ,
403 4635 463 4682 et
488 4629 771 4699 pecuniam
799 4645 919 4701 qua:
956 4633 1023 4687 ad
1056 4648 1185 4688 usus
1220 4637 1403 4705 templi
1438 4638 1558 4692 data
1589 4639 1760 4698 luerat
1789 4684 1803 4709 ,

290 4759 305 4778 '
323 4760 835 4835 ﬂunciﬂieronymi
869 4766 1048 4821 locum
1093 4770 1340 4824 nonnulli
1383 4786 1505 4825 cum
1536 4770 1805 4831 Garuerio

314 4832 459 4916 ‘Mar.
491 4826 871 4916 Mercator-em,
906 4854 1071 4916 unum
1098 4854 1163 4894 ex
1194 4840 1380 4916 t_rib_us_
1412 4843 1521 4897 illis
1548 4826 1804 4916 etiam}:

236 4904 347 4967 tant,
380 4920 519 4982 quos
548 4904 608 4960 8.
640 4906 977 4976 Augustinus
1017 4909 1159 4964 libro
1187 4911 1255 4967 de
1284 4911 1418 4966 Fide
1441 4923 1499 4967 et
1537 4904 1804 4982 oneribus

233 4982 377 5059 notat,
408 4977 823 5059 impugnatque,
871 4982 1034 5059 tacito
1064 4992 1244 5059 tamen
1277 4986 1515 5040 auctoris
1557 4977 1797 5054 nomine,

232 5057 318 5106 prie
335 5049 641 5128 reuerentia,
677 5049 1018 5128 ut_ait,_tanti
1043 5052 1158 5105 viri.
1196 5053 1344 5109 lianc
1375 5070 1572 5126 nempe
1603 5049 1799 5128 ipsam,

232 5117 493 5193 peredere
520 5117 703 5173 debere
728 5119 974 5193 baptismi
1007 5133 1401 5189 sacramentum,
1430 5136 1485 5180 ut
1507 5117 1698 5193 deinde
1722 5117 1802 5185 se;

232 5196 394 5262 (matur
432 5189 552 5243 vitae
592 5205 898 5262 morumque
926 5192 1181 5256 doctrina,
1215 5201 1542 5252 sententiam
1582 5189 1643 5254 S.
1690 5201 1798 5255 Au-

230 5260 449 5331 gustinus
480 5260 891 5330 perversam'ac
915 5275 1308 5331 praeposteram
1343 5281 1464 5322 esse
1494 5272 1795 5328 contendit.

229 5324 311 5380 Sed
337 5324 819 5408 _quetitadtnodnm
855 5324 1004 5399 prior
1024 5324 1110 5408 es
1148 5336 1212 5390 iis
1258 5339 1434 5408 locus,
1476 5342 1562 5408 qui
1610 5324 1800 5399 estde

228 5400 455 5481 omnibus
481 5402 617 5457 citra
644 5402 942 5481 discrimen
973 5404 1325 5481 admittendis
1354 5400 1428 5461 ad
1448 5400 1795 5481 baptismum,

230 5477 283 5550 tta
304 5481 357 5524 ut
385 5475 552 5550 etiam
574 5474 1025 5550 gravissimorum
1056 5477 1345 5550 criminum
1373 5481 1470 5544 rei,
1506 5474 1648 5550 iique
1678 5474 1799 5550 per;

229 5543 426 5621 gnaces,
455 5548 546 5615 qui
567 5546 735 5621 vitam
750 5543 1051 5621 emendare
1072 5547 1269 5613 nolint,
1294 5564 1403 5606 n0u
1435 5543 1791 5621 repellantur,

226 5604 529 5691 meruitva
575 5612 769 5691 attingi
818 5614 1128 5673 nullatenus
1176 5604 1380 5690 polest,
1413 5604 1795 5691 quéuipe'n—éé

224 5682 333 5737 nihil
375 5682 502 5741 lt'uic
531 5682 735 5742 errori'
762 5682 1192 5745 consentaneum
1241 5702 1325 5747 est
1370 5682 1672 5748 invenire:
1720 5694 1792 5747 ita

223 5762 368 5824 neque
416 5757 471 5813 in
518 5756 627 5814 ltoc
658 5754 968 5825 culpandus
1008 5767 1094 5813 est
1136 5759 1195 5815 S.
1228 5759 1448 5825 doctor,
1493 5764 1646 5832 isque
1690 5779 1792 5833 pu‘

1915 4645 2125 4713 ignorat
2140 4656 2262 4697 eam
2279 4639 2426 4695 diem
2447 4642 2500 4694 in
2515 4652 2618 4710 qua
2635 4654 2694 4694 se
2705 4639 2813 4693 scit
2828 4638 3067 4694 futurum
3093 4653 3219 4694 cum
3233 4640 3510 4710 apostolis.

1912 4776 2111 4832 tandus
2155 4776 2246 4845 qui
2280 4774 2348 4829 ab
2378 4774 2705 4845 Augustino,
2723 4788 3067 4845 quamquam
3107 4775 3328 4830 nomine
3360 4776 3522 4830 dlSal-

1911 4844 2659 4915 mulato,’reprehvttditttr.
2720 4844 2929 4915 Neque,
2973 4847 3116 4898 enim
3176 4847 3229 4901 id
3296 4848 3519 4915 proprie

1913 4919 2135 4973 llieron.
2169 4913 2354 4979 sentit,
2386 4915 2527 4984 quod
2560 4913 2863 4981 Episcopus
2897 4914 3263 4983 Hipponensis
3295 4913 3513 4981 culpat:

1910 4999 1967 5042 ut
1996 5004 2060 5044 ex
2088 4987 2462 5055 superioribus
2505 4995 2668 5054 atque
2702 4986 2920 5055 integro
2949 4997 3210 5040 conuequ
3252 4984 3513 5038 manifes-

1912 5069 2025 5115 tum
2053 5069 2157 5124 est,
2184 5058 2274 5112 ubi
2300 5056 2425 5112 lidei
2453 5056 2757 5110 doctrinam
2780 5056 3044 5110 continuo
3068 5056 3312 5124 praeponi
3330 5056 3513 5125 jubet:

1909 5131 2090 5201 Neque
2135 5131 2292 5194 enim,
2339 5127 2537 5198 inquit,
2572 5137 2737 5201 potest
2766 5128 2915 5195 fieri,
2961 5137 3028 5201 _ut
3060 5142 3246 5201 corpus
3275 5128 3520 5201 baptismi

1909 5146 2090 5201 Neque
2135 5147 2292 5194 enim,
2339 5146 2537 5198 inquit,
2572 5146 2737 5197 pateat
2766 5146 2915 5195 pen,
2974 5146 3028 5179 ut
3060 5146 3246 5250 currus
3275 5146 3517 5197 baptismi

1905 5203 2122 5274 recipiat
2151 5211 2553 5262 sacramentum,
2599 5199 2700 5252 nisi
2738 5207 2857 5274 ante
2883 5198 3059 5274 anima
3085 5197 3123 5267 ﬁ
3161 5200 3208 5250 ei
3232 5198 3517 5274 suscepevit

1907 5268 2191 5328 veritatem.
2227 5274 2301 5329 De
2332 5288 2540 5327 tuorum
2584 5279 2762 5322 autem
2796 5268 3043 5324 doctrina
3077 5284 3266 5337 parum
3313 5269 3520 5322 sollici-

1909 5354 2024 5405 tus.
2059 5344 2101 5397 si
2132 5344 2399 5413 baptismo
2431 5340 2815 5408 prtetttittatur,
2861 5349 3270 5413 tantumcurat
3302 5354 3372 5413 ne
3402 5353 3519 5413 om-

1906 5417 2035 5471 nino
2087 5408 2567 5485 prartermittatur;
2618 5424 2791 5485 eaque
2822 5422 2971 5485 certe
3016 5410 3103 5462 vel
3143 5420 3257 5485 post
3302 5408 3513 5485 baptis-

1906 5504 2054 5541 mum
2088 5479 2349 5540 tradenda
2378 5492 2484 5538 est.
2517 5481 2746 5535 Accedit
2789 5481 2934 5549 quod
2976 5487 3031 5532 et
3078 5480 3296 5533 tertium
3331 5479 3510 5534 locum

1900 5556 2037 5611 falso
2060 5563 2301 5610 notatum
2333 5554 2441 5609 dici
2472 5554 2540 5606 ab
2570 5552 2895 5620 Augustino,
2923 5550 3268 5604 ostendimus
3298 5551 3363 5603 ad
3394 5551 3514 5603 dia-

1899 5628 2007 5698 Iog.
2039 5628 2065 5681 l
2097 5635 2286 5680 contra
2320 5623 2661 5695 Pelagianos,
2694 5632 2747 5677 et
2779 5620 2843 5676 ad
2877 5620 3253 5677 Cutnntentar.
3292 5622 3341 5675 itt
3388 5621 3510 5677 Isai.

1900 5697 2020 5767 cap.
2050 5697 2320 5753 ultimum.
