4044 6324
529 261 637 317 ειο

1761 253 1818 310 S.
1864 248 2140 310 EUSEBII
2180 248 2569 309 HIERONYMI

3719 252 3833 311 eeo

548 400 2949 428 ww

1131 543 1279 659 ε.
1363 538 2094 659 EUSEBII
2170 538 3251 655 EIERONYMI

1641 776 2205 844 STRIDONENSIS
2247 777 2742 842 PRESBYTER!

1563 978 2792 1112 TRANSLATIO

929 1247 1946 1362 HOMILIARUM
2010 1246 2571 1352 XXXIX
2644 1244 3256 1355 ORIGEN
3266 1246 3416 1354 IS

1100 1490 1279 1619 IN
1376 1483 2610 1616 EVANGELIUM
2704 1485 3261 1642 LUCXE,

1268 1751 1426 1834 AD
1502 1746 1992 1832 PAULAM
2066 1748 2216 1829 ET
2291 1745 3118 1833 EUSTOCHIUM.

1896 1904 2404 1934 .——-—€=——-

1744 2030 1775 2072 ³
1853 2032 2664 2212 amotoque.

624 2441 1007 2518 ηιξ-246
1065 2440 1206 2498 Ante
1254 2455 1459 2513 paucos
1503 2440 1621 2497 dies
1676 2436 2031 2509 quorumdam
2085 2437 2140 2493 in
2169 2442 2212 2500 Α
2246 2440 2420 2497 aliena
2451 2443 2713 2501 dictarem
2751 2464 2762 2499 :
2809 2446 3112 2518 prmscrtim
3145 2446 3305 2521 247
3341 2446 3508 2524 258
3537 2464 3660 2505 cum
3696 2465 3727 2506 a
3774 2450 3855 2510 si-

543 2538 865 2596 Matthaeum
905 2545 961 2593 et
991 2536 1045 2592 in
1089 2535 1288 2593 Lucam
1335 2534 1769 2591 Commentarios
1804 2547 1900 2588 vos
1947 2532 2145 2604 legisse

543 2633 787 2702 dixistis,
818 2646 849 2686 e
888 2630 1086 2702 quibus
1129 2629 1268 2686 alter
1297 2642 1352 2685 et
1384 2629 1639 2685 sensilnis
1672 2628 1838 2684 hebes
1881 2636 2048 2695 esset,
2091 2636 2146 2683 et

544 2723 764 2783 verbis:
797 2723 939 2778 alter
968 2722 1021 2777 in
1048 2722 1233 2777 verbis
1277 2722 1513 2789 luderet,
1544 2722 1597 2776 in
1624 2721 1917 2777 sententiis
1944 2718 2146 2773 dormi-

543 2826 705 2873 taret.
732 2814 1098 2886 Quamobrem
1122 2816 1336 2887 petistis
1365 2858 1380 2884 ,
1406 2826 1462 2871 ut
1485 2814 1815 2886 contemptis
1838 2811 2145 2869 istiusmodi

545 2913 722 2983 nugis,
760 2910 952 2967 Saltem
975 2908 1002 2948 δ
1038 2910 1260 2981 triginta
1307 2918 1363 2966 et
1402 2925 1595 2965 novem
1625 2906 1931 2964 Adamantil
1967 2906 2142 2962 nostri

544 3002 603 3058 in
630 3002 829 3057 Lucam
855 3002 1141 3071 ltomilias,
1171 3001 1314 3056 sicut
1340 2999 1393 3055 in
1423 2998 1618 3056 Grmco
1648 2998 1939 3066 habentur,
1981 2998 2151 3052 inter-

547 3106 769 3166 preter:
810 3096 1094 3152 molestam
1118 3111 1233 3150 rem
1267 3106 1319 3149 et
1352 3103 1623 3151 tormento
1652 3094 1910 3163 similem,
1943 3092 2141 3160 alieno,

545 3195 603 3241 ut
625 3187 701 3241 ait
729 3186 960 3254 Tullius,
1005 3187 1292 3242 stomacho
1323 3197 1372 3241 et
1402 3200 1509 3240 non
1540 3201 1644 3241 suo
1667 3184 1907 3242 scribere
1939 3202 1950 3238 :
1981 3199 2142 3257 quam

548 3289 732 3334 tamen
786 3278 992 3336 idcirco
1042 3294 1187 3334 nunc
1240 3276 1458 3347 faciam,
1494 3279 1617 3349 quia
1672 3274 1990 3333 sublimiora
2036 3290 2142 3331 non

542 3370 796 3442 pascitis.
850 3370 1137 3441 Siquidem
1186 3369 1317 3425 illud
1349 3369 1492 3440 quod
1543 3370 1671 3425 olim
1716 3370 1904 3425 Roma:
1953 3378 2143 3425 sancta

550 3464 785 3520 Blaesilla
825 3464 1192 3536 ﬂagitaverat,
1224 3476 1278 3520 ut
1315 3475 1336 3504 ο
1376 3464 1569 3536 viginti
1608 3463 1853 3535 quinque
1878 3474 2051 3519 tomos
2083 3462 2149 3519 il—

544 3554 650 3612 lius
692 3557 747 3611 in
792 3555 1124 3620 Matthaeum,
1185 3565 1239 3611 et
1268 3557 1505 3629 quinun
1553 3555 1692 3611 alios
1732 3557 1786 3610 in
1830 3555 2054 3620 Lucam,
2090 3563 2145 3611 et

542 3645 571 3686 ἀ
596 3648 817 3720 triginta
836 3646 975 3703 duos
998 3649 1050 3702 in
1081 3647 1368 3714 Joannem,
1401 3654 1601 3701 nostrae
1622 3647 1818 3717 linguae
1847 3646 2141 3719 traderem,

546 3754 648 3794 nec
676 3738 872 3794 virium
924 3752 1197 3805 mearum,
1230 3754 1332 3794 nec
1362 3738 1484 3806 otii,
1513 3752 1613 3793 nec
1645 3735 1848 3793 laboris
1877 3747 1975 3796 est.
2016 3736 2143 3793 Per—

2250 2537 2420 2593 uistro
2450 2539 2690 2594 oscinem
2720 2550 2743 2577 ο
2769 2555 2991 2609 corvum
3020 2540 3233 2597 audiam
3264 2545 3641 2610 crocitantem,
3668 2551 3725 2600 et
3747 2545 3855 2601 mi-

2251 2643 2366 2682 tum
2401 2628 2451 2682 in
2485 2628 2705 2685 modum
2749 2632 2815 2688 de
2844 2641 3158 2687 cunctarum
3204 2633 3391 2689 avium
3420 2632 3602 2691 ridere
3641 2637 3851 2693 colori-

2248 2719 2368 2783 bus,
2420 2736 2540 2774 cum
2575 2730 2718 2776 totus
2768 2724 2884 2793 ipse
2917 2724 3237 2779 tenebrosus
3288 2727 3379 2780 sit.
3435 2725 3630 2782 Fateor
3662 2726 3853 2798 itaque

2248 2820 2536 2883 antequam
2566 2812 2659 2869 ille
2704 2808 2947 2885 objiciat,
2991 2816 3043 2869 in
3089 2816 3171 2871 his
3206 2816 3495 2888 Origenem
3526 2820 3853 2878 tractatibus

2248 2905 2400 2971 quasi
2436 2903 2456 2943 τ
2493 2921 2717 2976 puerum
2746 2906 3086 2963 talislndcre
3127 2928 3137 2961 :
3190 2910 3291 2963 alia
3321 2918 3449 2965 sunt
3478 2911 3651 2966 virilia
3700 2912 3849 2983 ejus,

2248 3006 2301 3051 et
2330 2996 2434 3051 alia
2460 2999 2762 3054 senectutis
2787 3001 2952 3054 seria.
2981 2999 3114 3068 Qua:
3158 3000 3203 3056 sl
3235 3001 3480 3068 libuerit,
3520 3003 3563 3056 sl
3592 3012 3851 3073 potuero,

2248 3088 2292 3142 si
2335 3088 2628 3155 Dominus,
2658 3100 2717 3145 ut
2767 3091 2819 3145 in
2854 3090 3104 3147 Latinum
3138 3108 3445 3149 sermonem
3475 3102 3719 3164 vertam,
3753 3097 3857 3152 dea

2249 3182 2390 3236 derit
2453 3192 2851 3249 commeatum,
2920 3193 2977 3240 et
3029 3187 3454 3255 prretermissum
3501 3202 3638 3257 opus
3698 3188 3855 3259 prius

2249 3274 2559 3343 explevere,
2593 3286 2719 3330 tunc
2751 3277 2935 3334 videre
2969 3278 3235 3347 poteritis.
3267 3279 3436 3335 immo
3470 3296 3568 3349 per
3597 3295 3694 3336 vos
3730 3281 3849 3336 Ro-

2250 3383 2404 3423 mana
2448 3369 2630 3440 lingua
2662 3381 2988 3440 cognoscet,
3035 3381 3298 3443 quantum
3342 3373 3471 3428 boni
3518 3381 3574 3427 et
3599 3380 3723 3428 ante
3754 3390 3857 3431 ne-

2249 3463 2458 3527 scierit,
2497 3472 2550 3517 ct
2595 3466 2737 3517 scire
2786 3480 2929 3519 nunc
2965 3467 3213 3535 coeperit.
3250 3466 3519 3521 Prmterea
3552 3466 3854 3524 Commen-

2252 3554 2416 3607 tarios
2456 3552 2553 3608 viri
2594 3554 3029 3624 eloquentissimi
3071 3556 3259 3611 llilarii
3312 3567 3367 3613 et
3407 3556 3552 3613 beati
3586 3561 3848 3631 martyris

2255 3645 2534 3712 Victorini,
2560 3661 2697 3718 quos
2742 3647 2794 3702 in
2838 3646 3146 3705 Manlianum
3189 3649 3411 3707 diverso
3441 3665 3718 3721 sermone,
3749 3652 3853 3711 sed

2249 3755 2355 3794 una
2395 3739 2568 3812 gratia
2620 3741 2843 3813 spiritus
2875 3742 3188 3811 ediderunt,
3219 3754 3341 3814 post
3372 3760 3578 3816 paucos
3617 3746 3737 3801 dies
3767 3746 3841 3804 ad

544 3830 756 3902 spicitis
784 3831 954 3897 enim,
975 3840 1237 3901 quantum
1268 3830 1408 3900 apud
1436 3845 1524 3885 me
1545 3832 1914 3885 etauctoritas
1938 3840 2140 3896 vestra,
2176 3831 2221 3890 Β
2248 3844 2346 3886 vos
2390 3832 2604 3887 mittere
2649 3830 2927 3902 diSposui;
2963 3849 3031 3889 ne
3061 3835 3324 3905 ignoretis
3354 3842 3613 3906 quantum
3646 3839 3855 3894 nostris

546 3931 601 3978 et
619 3921 870 3976 voluntas
889 3920 1048 3977 valet.
1087 3921 1417 3977 Prattermisi
1449 3922 1726 3993 paululum
1755 3920 2139 3976 Hebraicarnm

543 4012 911 4080 Quaestionum
944 4012 1131 4080 libros,
1162 4022 1221 4067 ut
1261 4012 1329 4067 ad
1353 4014 1645 4068 arbitrium
1692 4026 1932 4070 vestrum
1962 4013 2142 4068 lucra-

545 4105 883 4177 tivisopcris
913 4107 1047 4173 hate,
1080 4106 1496 4177 qualiacumque
1540 4115 1688 4174 sunt,
1733 4122 1841 4164 non
1872 4122 2014 4173 mea,
2040 4112 2138 4168 sed

618 4278 646 4307 ι
677 4268 824 4324 lianc
846 4269 1019 4338 ipsam
1059 4284 1127 4324 ex
1177 4269 1390 4338 integro
1436 4266 1825 4338 praefationem,
1861 4278 2136 4337 postrema

546 4340 827 4395 dumtaxat
870 4336 1095 4409 periodo
1146 4336 1487 4403 detruncata,
1530 4336 1722 4393 recitat
1762 4336 1830 4392 ad
1866 4336 2136 4395 invidiam

548 4410 860 4483 Origeniani
904 4412 1139 4466 nominis
1188 4411 1521 4483 Hieronymo
1570 4409 1862 4466 creaudam
1911 4410 2138 4466 Ruﬁnus

547 4481 939 4538 lnvectivarum
972 4483 1065 4536 lib.
1091 4498 1150 4542 tt.
1186 4499 1335 4534 num.
1368 4481 1459 4538 il.

549 4600 584 4617 ,.
618 4551 646 4591 ι»
675 4551 999 4608 Suﬂecimus
1032 4568 1095 4607 ex
1125 4552 1302 4607 Ruﬁni
1333 4554 1569 4608 lectione
1609 4566 1895 4607 nmnerum
1926 4552 2141 4622 triginta

548 4634 595 4680 et
647 4640 849 4687 norem,
899 4627 988 4693 qui
1037 4624 1089 4678 in
1141 4625 1375 4693 vulgatis
1417 4634 1575 4679 antea
1627 4624 1782 4678 libris
1827 4622 2038 4685 deerat.
2084 4636 2142 4679 ut

548 4710 763 4763 omnes,
793 4710 956 4766 atque
977 4697 1115 4751 adeo
1144 4698 1317 4750 multo
1344 4696 1426 4749 his
1458 4694 1932 4766 plurcsghomilias
1952 4694 2007 4747 in
2037 4694 2142 4748 Lu-

546 4782 666 4823 cam
725 4780 793 4823 ex
851 4764 1175 4821 Adamantio
1229 4767 1420 4822 Latine
1474 4764 1781 4821 reddidisse
1842 4765 2140 4821 videretur.

546 4838 680 4893 Nam
729 4837 901 4893 multo
942 4839 1127 4909 plures
1167 4836 1336 4893 fuisse
1380 4838 1451 4894 ab
1489 4837 1724 4908 Origene
1771 4836 2141 4909 eiucubratas,

544 4909 848 5034 cumralibi,
880 4907 994 4965 tum
1025 4911 1078 4963 in
1108 4910 1327 4980 praeﬁxa
1356 4910 1483 4965 huic
1512 4907 1661 4964 tonio
1707 4907 2029 4976 prmlatione
2053 4921 2143 4962 os-

549 4990 659 5034 tem
685 4996 845 5034 Imus.

549 4982 845 5037 tendimus.

623 5063 647 5091 ο
684 5052 895 5108 Vitiose
934 5060 989 5107 et
1013 5051 1153 5107 falso
1174 5052 1266 5107 hic
1285 5052 1567 5122 legebatur
1586 5061 1770 5122 antea,
1793 5050 2003 5120 triginta
2025 5066 2137 5117 sex,

550 5123 790 5191 itemque
817 5136 988 5193 penes
1032 5122 1318 5187 Ruﬁnum,
1350 5121 1531 5192 viginti
1558 5138 1669 5176 rex.
1698 5121 1839 5175 Nihil
1872 5136 2003 5176 vero
2034 5122 2140 5175 du-

548 5194 840 5251 bitavimus
874 5193 1191 5259 restituere,
1212 5194 1649 5263 vigintiquinque,
1671 5193 1814 5262 quod
1836 5206 1935 5247 nec
1957 5194 2142 5262 plures

551 5281 651 5321 nec
667 5266 958 5337 pauciores
983 5266 1211 5337 ipsemet
1240 5266 1611 5337 Hieronymus
1634 5265 1687 5318 in
1718 5264 1986 5337 superiori
2013 5278 2142 5333 pro-

552 5331 683 5407 logo'
704 5331 1019 5390 Comment.
1063 5337 1117 5390 in
1147 5331 1460 5391 Mattltmum
1497 5344 1766 5407 numeret.
1799 5331 2146 5407 Legisse,_tn-

548 5404 684 5476 quit,
717 5423 798 5459 me
824 5410 990 5476 fateor
1009 5416 1129 5461 ante
1148 5423 1312 5461 annos
1332 5407 1585 5478 plurimos
1605 5406 1657 5459 in
1691 5404 1997 5459 Mquintum
2021 5404 2142 5458 Ori-
2167 5410 2212 5474 ς

548 5479 695 5546 genis
726 5492 920 5531 nam"
960 5492 1193 5542 qumque
1232 5478 1494 5532 volumina
1519 5493 1537 5530 :
1569 5479 1619 5530 in
1650 5492 1809 5545 quem
1852 5490 2140 5529 nmnerum

549 5556 606 5601 et
631 5548 898 5601 Eusebius
927 5550 1202 5603 consentit
1244 5548 1338 5604 lib.
1370 5563 1421 5604 vt
1455 5548 1666 5603 Eccles.
1700 5547 1863 5610 Hist.,
1896 5560 2016 5611 cap.
2047 5548 2136 5600 36.

555 5615 680 5671 “me
714 5632 932 5687 quoque
960 5628 1115 5674 vetus
1141 5629 1259 5674 erat
1285 5620 1573 5675 verissima
1600 5619 1767 5673 lectio
1790 5617 1843 5670 iu
1871 5616 2000 5670 olim
2031 5616 2145 5670 vul-

546 5689 685 5753 gatis
717 5687 1112 5742 Invectivarum
1141 5691 1315 5745 Ruﬁni
1352 5690 1659 5746 codicibus.

552 5751 568 5821 ζ
628 5751 656 5791 ἀ
687 5755 786 5810 llic
814 5771 1028 5828 quoque
1060 5760 1195 5815 falso
1222 5760 1356 5817 editi
1380 5760 1500 5818 libri
1532 5775 1727 5819 omnes
1755 5756 2144 5830 praeferebant,

2250 3937 2467 3994 quoque
2505 3922 2821 3979 hominibus
2872 3935 3181 3981 sanctarum
3237 3927 3643 3999 Seripturarum
3676 3942 3857 3999 quon-

2249 4012 2371 4071 dam
2404 4013 2639 4072 studium
2674 4014 2859 4071 fuerit.

2245 4270 2456 4341 triginta
2474 4282 2678 4341 novem,
2699 4276 2792 4324 aut
2812 4269 3029 4341 triginta
3051 4276 3303 4338 quatuor,
3330 4279 3431 4341 pro
3454 4266 3673 4341 triginta
3685 4266 3846 4341 duos,

2244 4338 2406 4407 quam
2467 4340 2756 4396 lectionem
2798 4356 2861 4395 ex
2886 4338 3077 4395 Ruﬁni
3127 4340 3445 4395 testimonio
3483 4338 3849 4408 reposuimus.

2249 4412 2520 4467 Eusebius
2567 4412 2729 4465 modo
2758 4412 2976 4466 laudato
3017 4412 3153 4467 llist.
3188 4411 3335 4465 Eccl.
3385 4410 3525 4466 libro
3553 4411 3693 4467 duos
3723 4420 3850 4465 tan-

2248 4492 2359 4537 tum
2402 4492 2458 4538 et
2505 4481 2696 4552 viginti
2739 4497 2806 4537 ex
2854 4482 2957 4537 hac
2998 4483 3254 4537 universa
3307 4480 3850 4552 Commentariorum

2247 4564 2398 4609 strue
2448 4557 2599 4608 novit
2645 4567 2659 4605 :
2714 4567 2902 4608 verum
2944 4554 3178 4609 fortasse
3218 4560 3276 4607 et
3318 4553 3411 4608 ibi.
3448 4552 3662 4623 triginta
3692 4551 3848 4619 duos,

2251 4623 2538 4691 legendum
2557 4632 2663 4679 est.
2697 4623 2849 4679 Nunc
2875 4625 2962 4679 vix
2990 4632 3285 4692 supersunt
3314 4638 3530 4676 novem.

2321 4706 2345 4733 θ
2384 4694 2759 4750 Caluumiatnr
2789 4695 3050 4762 Ruﬁnus,
3101 4699 3273 4748 nomri
3310 4695 3393 4746 hic
3441 4693 3538 4745 abs
3573 4692 3845 4763 llicrouy-

2247 4782 2336 4821 mo
2359 4768 2459 4822 sub
2479 4766 2627 4821 corvi
2651 4769 2874 4820 nomine
2899 4766 2961 4823 S.
2987 4765 3333 4820 Ambrosium
3357 4781 3369 4816 :
3398 4762 3633 4832 primum
3659 4780 3723 4815 ex
3755 4762 3844 4830 eo,

2245 4838 2383 4907 quod
2404 4837 2545 4905 apud
2572 4835 2786 4889 Latinos
2808 4838 2974 4907 ipsius
3000 4845 3200 4907 tantum
3224 4843 3269 4887 et
3287 4851 3399 4907 non
3421 4833 3639 4907 alterius
3659 4833 3713 4886 in
3742 4833 3851 4887 Lu-

2246 4904 2357 4962 cam
2388 4904 2791 4960 (Jant'iientarius
2818 4906 3075 4977 ferebatur
3098 4922 3116 4960 :
3139 4905 3345 4977 deinde,
3380 4906 3524 4971 quod
3559 4904 3850 4977 ipeiuqnet

2250 4979 2564 5049 Hieronymi
2601 4993 2767 5045 penes
2798 4974 2856 5031 se
2907 4977 3157 5049 haberet,
3184 4974 3498 5049 Epistolant,
3525 4976 3580 5049 in
3625 4991 3724 5049 qna
3751 4974 3851 5027 hoc

2248 5045 2506 5123 ipsuiude
2550 5050 2671 5123 aliis
2710 5065 2979 5123 excusans,
3015 5048 3069 5101 in
3095 5046 3241 5100 illum
3290 5045 3685 5123 (AinbrOsium)
3717 5061 3846 5123 coit-

2246 5117 2449 5176 v'erterit
2478 5120 2842 5189 suspicionem.
2871 5118 3042 5174 Nemo
3081 5127 3259 5172 autem
3291 5118 3377 5171 vel
3409 5117 3850 5189 juraﬁto‘Ruﬁno

2249 5194 2456 5257 credat,
2490 5192 2540 5244 id
2572 5186 2777 5245 sentire
2820 5190 2887 5245 de
2914 5189 3208 5244 Ambrosio
3241 5189 3482 5257 potuisse
3514 5188 3573 5242 S.
3603 5186 3848 5257 Patrem,

2251 5265 2341 5333 qui
2374 5256 2497 5318 cum
2532 5259 3039 5333 plurimicontinuo
3080 5256 3358 5328 fecit,ncc
3404 5271 3527 5313 raro
3554 5258 3611 5312 in
3637 5258 3754 5312 suis
3787 5256 3853 5309 li-

2255 5332 2366 5388 liris
2390 5348 2490 5398 pro
2515 5347 2573 5387 re
2601 5342 2725 5385 nata
2755 5332 3018 5386 laudavit.

2323 5403 2341 5441 ί
2376 5397 2759 5465 Restituimus,
2820 5417 3068 5470 puerum,
3105 5415 3202 5468 pro
3254 5414 3362 5469 quo
3409 5398 3670 5453 mendose
3700 5397 3852 5467 lege-

2248 5477 2427 5546 batur,
2458 5475 2663 5546 iterum.
2700 5473 2818 5526 Mox
2847 5487 3084 5546 quoque,
3109 5471 3307 5546 ludere,
3330 5471 3712 5546 emendamus.
3748 5482 3851 5537 pro

2246 5539 2525 5615 Corrupto,
2559 5544 2789 5615 luderem
2816 5539 2992 5610 :quas
3024 5539 3291 5615 lectiones
3319 5554 3385 5594 ex
3417 5541 3497 5615 rei
3541 5551 3851 5615 sensusque

2248 5610 2519 5681 veritate,
2540 5613 2715 5669 Ruﬁni
2750 5614 2969 5683 insuper
2996 5610 3292 5683 accedente
3323 5610 3672 5683 testimonio,
3701 5623 3853 5665 com-

2249 5679 2564 5759 probamus.
2597 5685 2700 5740 Pro
2732 5679 2888 5752 talis,
2907 5686 2961 5737 in
2990 5681 3114 5735 aliis
3145 5679 3299 5736 libris
3324 5688 3435 5747 est,
3467 5679 3688 5735 tabulis.
