  <div class='ocr_page' id='page_1' title='image "/cluster/home/n/w/nwhite01/storage/ocr_20150623/26/uva.x000826568/118.png"; bbox 0 0 4044 6318; ppageno 0'>
   <div class='ocr_carea' id='block_1_1' title="bbox 3421 296 3531 356">
    <p class='ocr_par' dir='ltr' id='par_1_1' title="bbox 3421 296 3531 356">
     <span class='ocr_line' id='line_1_1' title="bbox 3421 296 3531 356; baseline 0.018 -2"><span class='ocrx_word' id='word_1_1' title='bbox 3421 296 3531 356; x_wconf 62' lang='grc'><strong>992</strong></span> 
     </span>
    </p>
   </div>
   <div class='ocr_carea' id='block_1_2' title="bbox 210 314 245 369">
    <p class='ocr_par' dir='ltr' id='par_1_2' title="bbox 210 314 245 369">
     <span class='ocr_line' id='line_1_2' title="bbox 210 314 245 369; baseline 0 0"><span class='ocrx_word' id='word_1_2' title='bbox 210 314 245 369; x_wconf 77' lang='lat'><strong>9..</strong></span> 
     </span>
    </p>
   </div>
   <div class='ocr_carea' id='block_1_3' title="bbox 250 313 283 366">
    <p class='ocr_par' dir='ltr' id='par_1_3' title="bbox 250 313 283 366">
     <span class='ocr_line' id='line_1_3' title="bbox 250 313 283 366; baseline 0 0"><span class='ocrx_word' id='word_1_3' title='bbox 250 313 283 366; x_wconf 79' lang='grc' dir='ltr'><strong>’Ξ</strong></span> 
     </span>
    </p>
   </div>
   <div class='ocr_carea' id='block_1_4' title="bbox 294 315 315 368">
    <p class='ocr_par' dir='ltr' id='par_1_4' title="bbox 294 315 315 368">
     <span class='ocr_line' id='line_1_4' title="bbox 294 315 315 368; baseline 0 0"><span class='ocrx_word' id='word_1_4' title='bbox 294 315 315 368; x_wconf 83' lang='grc'><strong>1</strong></span> 
     </span>
    </p>
   </div>
   <div class='ocr_carea' id='block_1_5' title="bbox 908 297 1805 363">
    <p class='ocr_par' dir='ltr' id='par_1_5' title="bbox 908 298 1805 363">
     <span class='ocr_line' id='line_1_5' title="bbox 908 298 1805 363; baseline -0.009 0"><span class='ocrx_word' id='word_1_5' title='bbox 908 303 1345 363; x_wconf 73' lang='lat' dir='ltr'><strong>TRANSLATIO</strong></span> <span class='ocrx_word' id='word_1_6' title='bbox 1383 298 1805 358; x_wconf 72' lang='grc' dir='ltr'>ιιοιιιιιΑιιωι</span> 
     </span>
    </p>
   </div>
   <div class='ocr_carea' id='block_1_6' title="bbox 1907 297 2887 363">
    <p class='ocr_par' dir='ltr' id='par_1_6' title="bbox 1907 298 2887 358">
     <span class='ocr_line' id='line_1_6' title="bbox 1907 298 2887 358; baseline 0.001 -3"><span class='ocrx_word' id='word_1_7' title='bbox 1907 298 2171 357; x_wconf 79' lang='lat' dir='ltr'><strong>RIGENIS</strong></span> <span class='ocrx_word' id='word_1_8' title='bbox 2212 300 2277 356; x_wconf 79' lang='lat' dir='ltr'><strong>IN</strong></span> <span class='ocrx_word' id='word_1_9' title='bbox 2317 300 2576 358; x_wconf 78' lang='lat' dir='ltr'><strong>LUCAM.</strong></span> <span class='ocrx_word' id='word_1_10' title='bbox 2636 300 2805 356; x_wconf 80' lang='lat' dir='ltr'><strong>HOM.</strong></span> <span class='ocrx_word' id='word_1_11' title='bbox 2848 301 2887 356; x_wconf 87' lang='grc'><strong>1.</strong></span> 
     </span>
    </p>
   </div>
   <div class='ocr_carea' id='block_1_7' title="bbox 209 410 3498 445">
    <p class='ocr_par' dir='ltr' id='par_1_7' title="bbox 209 410 3498 445">
     <span class='ocr_line' id='line_1_7' title="bbox 209 410 3498 445; baseline -0 -11"><span class='ocrx_word' id='word_1_12' title='bbox 209 410 3498 445; x_wconf 58' lang='lat' dir='ltr'>MM</span> 
     </span>
    </p>
   </div>
   <div class='ocr_carea' id='block_1_8' title="bbox 661 554 3073 650">
    <p class='ocr_par' dir='ltr' id='par_1_8' title="bbox 661 554 3073 650">
     <span class='ocr_line' id='line_1_8' title="bbox 661 554 3073 650; baseline -0.005 0"><span class='ocrx_word' id='word_1_13' title='bbox 661 561 1277 650; x_wconf 83' lang='lat' dir='ltr'><strong>INCIPIUNT</strong></span> <span class='ocrx_word' id='word_1_14' title='bbox 1350 558 1776 643; x_wconf 83' lang='lat' dir='ltr'>XXXIX</span> <span class='ocrx_word' id='word_1_15' title='bbox 1849 555 2383 640; x_wconf 72' lang='lat' dir='ltr'><strong>HOMILI/E</strong></span> <span class='ocrx_word' id='word_1_16' title='bbox 2457 557 2579 643; x_wconf 86' lang='lat' dir='ltr'><strong>IN</strong></span> <span class='ocrx_word' id='word_1_17' title='bbox 2654 554 3073 641; x_wconf 91' lang='lat' dir='ltr'><strong>LUCAM</strong></span> 
     </span>
    </p>
   </div>
   <div class='ocr_carea' id='block_1_9' title="bbox 1385 713 2343 773">
    <p class='ocr_par' dir='ltr' id='par_1_9' title="bbox 1385 713 2343 773">
     <span class='ocr_line' id='line_1_9' title="bbox 1385 713 2343 773; baseline -0.007 -2"><span class='ocrx_word' id='word_1_18' title='bbox 1385 718 1595 773; x_wconf 61' lang='lat' dir='ltr'><strong>DICTIE</strong></span> <span class='ocrx_word' id='word_1_19' title='bbox 1628 716 1694 770; x_wconf 81' lang='lat' dir='ltr'><strong>IN</strong></span> <span class='ocrx_word' id='word_1_20' title='bbox 1728 715 1959 771; x_wconf 81' lang='lat' dir='ltr'><strong>DIEBUS</strong></span> <span class='ocrx_word' id='word_1_21' title='bbox 1990 713 2343 769; x_wconf 77' lang='lat' dir='ltr'><strong>DOMINICIS.</strong></span> 
     </span>
    </p>
   </div>
   <div class='ocr_carea' id='block_1_10' title="bbox 1592 839 2029 879">
    <p class='ocr_par' dir='ltr' id='par_1_10' title="bbox 1592 839 2029 879">
     <span class='ocr_line' id='line_1_10' title="bbox 1592 839 2029 879; baseline -0.011 0"><span class='ocrx_word' id='word_1_22' title='bbox 1592 839 2029 879; x_wconf 57' lang='lat'><strong>=—</strong></span> 
     </span>
    </p>
   </div>
   <div class='ocr_carea' id='block_1_11' title="bbox 1831 961 3518 1037">
    <p class='ocr_par' dir='ltr' id='par_1_11' title="bbox 1831 961 3518 1037">
     <span class='ocr_line' id='line_1_11' title="bbox 1831 961 3518 1037; baseline 0.007 -22"><span class='ocrx_word' id='word_1_23' title='bbox 1831 964 1884 1026; x_wconf 81' lang='grc' dir='ltr'>Α</span> <span class='ocrx_word' id='word_1_24' title='bbox 1911 961 2062 1018; x_wconf 99' lang='lat' dir='ltr'><strong>tione</strong></span> <span class='ocrx_word' id='word_1_25' title='bbox 2086 970 2438 1033; x_wconf 74' lang='lat' dir='ltr'><strong>cognoverat,</strong></span> <span class='ocrx_word' id='word_1_26' title='bbox 2462 977 2642 1034; x_wconf 85' lang='lat' dir='ltr'><strong>neque</strong></span> <span class='ocrx_word' id='word_1_27' title='bbox 2666 964 2719 1019; x_wconf 84' lang='lat' dir='ltr'><strong>in</strong></span> <span class='ocrx_word' id='word_1_28' title='bbox 2759 964 2948 1037; x_wconf 83' lang='lat' dir='ltr'><strong>aliquo</strong></span> <span class='ocrx_word' id='word_1_29' title='bbox 2978 966 3304 1036; x_wconf 81' lang='lat' dir='ltr'><strong>ﬁuctuabat,</strong></span> <span class='ocrx_word' id='word_1_30' title='bbox 3334 977 3518 1027; x_wconf 85' lang='lat' dir='ltr'><strong>utrum</strong></span> 
     </span>
    </p>
   </div>
   <div class='ocr_carea' id='block_1_12' title="bbox 1910 1054 3518 1132">
    <p class='ocr_par' dir='ltr' id='par_1_12' title="bbox 1910 1054 3518 1132">
     <span class='ocr_line' id='line_1_12' title="bbox 1910 1054 3518 1132; baseline 0.006 -23"><span class='ocrx_word' id='word_1_31' title='bbox 1910 1054 1983 1109; x_wconf 87' lang='lat' dir='ltr'><strong>ita</strong></span> <span class='ocrx_word' id='word_1_32' title='bbox 2011 1063 2178 1120; x_wconf 83' lang='lat' dir='ltr'><strong>esset,</strong></span> <span class='ocrx_word' id='word_1_33' title='bbox 2208 1069 2277 1109; x_wconf 89' lang='lat' dir='ltr'><strong>an</strong></span> <span class='ocrx_word' id='word_1_34' title='bbox 2306 1054 2488 1111; x_wconf 84' lang='lat' dir='ltr'><strong>aliter.</strong></span> <span class='ocrx_word' id='word_1_35' title='bbox 2528 1055 2642 1110; x_wconf 83' lang='lat' dir='ltr'><strong>Hoc</strong></span> <span class='ocrx_word' id='word_1_36' title='bbox 2670 1064 2854 1113; x_wconf 83' lang='lat' dir='ltr'><strong>autem</strong></span> <span class='ocrx_word' id='word_1_37' title='bbox 2882 1057 2991 1113; x_wconf 84' lang='lat' dir='ltr'><strong>illis</strong></span> <span class='ocrx_word' id='word_1_38' title='bbox 3010 1061 3227 1129; x_wconf 75' lang='lat' dir='ltr'><strong>evenit,</strong></span> <span class='ocrx_word' id='word_1_39' title='bbox 3257 1060 3350 1132; x_wconf 90' lang='lat' dir='ltr'><strong>qui</strong></span> <span class='ocrx_word' id='word_1_40' title='bbox 3382 1062 3518 1119; x_wconf 82' lang='lat' dir='ltr'><strong>iide-</strong></span> 
     </span>
    </p>
   </div>
   <div class='ocr_carea' id='block_1_13' title="bbox 1909 1146 3512 1225">
    <p class='ocr_par' dir='ltr' id='par_1_13' title="bbox 1909 1146 3512 1225">
     <span class='ocr_line' id='line_1_13' title="bbox 1909 1146 3512 1225; baseline 0.005 -25"><span class='ocrx_word' id='word_1_41' title='bbox 1909 1146 2111 1203; x_wconf 87' lang='lat' dir='ltr'><strong>lissime</strong></span> <span class='ocrx_word' id='word_1_42' title='bbox 2141 1146 2517 1212; x_wconf 87' lang='lat' dir='ltr'><strong>crediderunt,</strong></span> <span class='ocrx_word' id='word_1_43' title='bbox 2550 1157 2605 1204; x_wconf 87' lang='lat' dir='ltr'><strong>et</strong></span> <span class='ocrx_word' id='word_1_44' title='bbox 2653 1148 2707 1203; x_wconf 88' lang='lat' dir='ltr'><strong>id</strong></span> <span class='ocrx_word' id='word_1_45' title='bbox 2743 1150 2886 1219; x_wconf 89' lang='lat' dir='ltr'><strong>quod</strong></span> <span class='ocrx_word' id='word_1_46' title='bbox 2928 1153 3192 1223; x_wconf 84' lang='lat' dir='ltr'><strong>propheta</strong></span> <span class='ocrx_word' id='word_1_47' title='bbox 3242 1156 3512 1225; x_wconf 85' lang='lat' dir='ltr'><strong>obsecrat,</strong></span> 
     </span>
    </p>
   </div>
   <div class='ocr_carea' id='block_1_14' title="bbox 1907 1240 3513 1312">
    <p class='ocr_par' dir='ltr' id='par_1_14' title="bbox 1907 1240 3513 1312">
     <span class='ocr_line' id='line_1_14' title="bbox 1907 1240 3513 1312; baseline 0.008 -21"><span class='ocrx_word' id='word_1_48' title='bbox 1907 1241 2185 1294; x_wconf 90' lang='lat' dir='ltr'><strong>consecuti</strong></span> <span class='ocrx_word' id='word_1_49' title='bbox 2220 1251 2371 1307; x_wconf 87' lang='lat' dir='ltr'><strong>sunt,</strong></span> <span class='ocrx_word' id='word_1_50' title='bbox 2398 1250 2453 1295; x_wconf 89' lang='lat' dir='ltr'><strong>et</strong></span> <span class='ocrx_word' id='word_1_51' title='bbox 2491 1240 2680 1296; x_wconf 88' lang='lat' dir='ltr'><strong>dicunt</strong></span> <span class='ocrx_word' id='word_1_52' title='bbox 2710 1257 2724 1295; x_wconf 90' lang='lat'><strong>:</strong></span> <span class='ocrx_word' id='word_1_53' title='bbox 2759 1241 3027 1312; x_wconf 75' lang='lat' dir='ltr'><strong>Conﬁrma</strong></span> <span class='ocrx_word' id='word_1_54' title='bbox 3058 1261 3138 1299; x_wconf 78' lang='lat' dir='ltr'><strong>me</strong></span> <span class='ocrx_word' id='word_1_55' title='bbox 3173 1247 3227 1300; x_wconf 89' lang='lat' dir='ltr'><strong>in</strong></span> <span class='ocrx_word' id='word_1_56' title='bbox 3253 1250 3513 1304; x_wconf 75' lang='lat' dir='ltr'><strong>sermoni-</strong></span> 
     </span>
    </p>
   </div>
   <div class='ocr_carea' id='block_1_15' title="bbox 827 970 1196 1030">
    <p class='ocr_par' dir='ltr' id='par_1_15' title="bbox 827 970 1196 1030">
     <span class='ocr_line' id='line_1_15' title="bbox 827 970 1196 1030; baseline -0.014 1"><span class='ocrx_word' id='word_1_57' title='bbox 827 971 1117 1030; x_wconf 82' lang='lat' dir='ltr'><strong>ﬂOMILlA</strong></span> <span class='ocrx_word' id='word_1_58' title='bbox 1156 970 1196 1027; x_wconf 85' lang='grc'><strong>1.</strong></span> 
     </span>
    </p>
   </div>
   <div class='ocr_carea' id='block_1_16' title="bbox 207 1103 1805 1190">
    <p class='ocr_par' dir='ltr' id='par_1_16' title="bbox 207 1103 1805 1190">
     <span class='ocr_line' id='line_1_16' title="bbox 207 1103 1805 1190; baseline -0.01 -15"><span class='ocrx_word' id='word_1_59' title='bbox 207 1116 267 1174; x_wconf 79' lang='lat' dir='ltr'><strong>in</strong></span> <span class='ocrx_word' id='word_1_60' title='bbox 290 1113 623 1190; x_wconf 62' lang='lat' dir='ltr'><strong>prooemium</strong></span> <span class='ocrx_word' id='word_1_61' title='bbox 643 1109 1131 1190; x_wconf 28' lang='lat' dir='ltr'><strong>immanesque-ad</strong></span> <span class='ocrx_word' id='word_1_62' title='bbox 1160 1124 1287 1190; x_wconf 67' lang='lat' dir='ltr'><strong>eum</strong></span> <span class='ocrx_word' id='word_1_63' title='bbox 1334 1107 1517 1190; x_wconf 79' lang='lat' dir='ltr'><strong>locum</strong></span> <span class='ocrx_word' id='word_1_64' title='bbox 1548 1104 1636 1162; x_wconf 90' lang='lat' dir='ltr'><strong>ubi</strong></span> <span class='ocrx_word' id='word_1_65' title='bbox 1687 1103 1762 1160; x_wconf 89' lang='lat' dir='ltr'><strong>ait</strong></span> <span class='ocrx_word' id='word_1_66' title='bbox 1792 1121 1805 1160; x_wconf 89' lang='lat'><strong>:</strong></span> 
     </span>
    </p>
   </div>
   <div class='ocr_carea' id='block_1_17' title="bbox 535 1178 1483 1254">
    <p class='ocr_par' dir='ltr' id='par_1_17' title="bbox 535 1178 1483 1254">
     <span class='ocr_line' id='line_1_17' title="bbox 535 1178 1483 1254; baseline -0.009 -13"><span class='ocrx_word' id='word_1_67' title='bbox 535 1184 776 1241; x_wconf 79' lang='lat' dir='ltr'><strong>Scribere</strong></span> <span class='ocrx_word' id='word_1_68' title='bbox 801 1182 918 1249; x_wconf 84' lang='lat' dir='ltr'><strong>tibi,</strong></span> <span class='ocrx_word' id='word_1_69' title='bbox 948 1178 1139 1254; x_wconf 80' lang='lat' dir='ltr'><strong>optime</strong></span> <span class='ocrx_word' id='word_1_70' title='bbox 1178 1178 1483 1249; x_wconf 73' lang='lat' dir='ltr'><strong>Theophila.</strong></span> 
     </span>
    </p>
   </div>
   <div class='ocr_carea' id='block_1_18' title="bbox 280 1335 1804 1414">
    <p class='ocr_par' dir='ltr' id='par_1_18' title="bbox 280 1335 1804 1414">
     <span class='ocr_line' id='line_1_18' title="bbox 280 1335 1804 1414; baseline -0.007 -13"><span class='ocrx_word' id='word_1_71' title='bbox 280 1344 438 1402; x_wconf 87' lang='lat' dir='ltr'><strong>Sicut</strong></span> <span class='ocrx_word' id='word_1_72' title='bbox 467 1344 598 1399; x_wconf 86' lang='lat' dir='ltr'><strong>olim</strong></span> <span class='ocrx_word' id='word_1_73' title='bbox 629 1344 681 1398; x_wconf 90' lang='lat' dir='ltr'><strong>in</strong></span> <span class='ocrx_word' id='word_1_74' title='bbox 705 1342 903 1414; x_wconf 88' lang='lat' dir='ltr'><strong>populo</strong></span> <span class='ocrx_word' id='word_1_75' title='bbox 927 1339 1242 1396; x_wconf 69' lang='lat' dir='ltr'><strong>Iudaeorum</strong></span> <span class='ocrx_word' id='word_1_76' title='bbox 1276 1338 1427 1393; x_wconf 90' lang='lat' dir='ltr'><strong>multi</strong></span> <span class='ocrx_word' id='word_1_77' title='bbox 1464 1335 1804 1407; x_wconf 77' lang='lat' dir='ltr'><strong>prophetiam</strong></span> 
     </span>
    </p>
   </div>
   <div class='ocr_carea' id='block_1_19' title="bbox 212 1432 1807 1512">
    <p class='ocr_par' dir='ltr' id='par_1_19' title="bbox 212 1432 1807 1512">
     <span class='ocr_line' id='line_1_19' title="bbox 212 1432 1807 1512; baseline -0.006 -16"><span class='ocrx_word' id='word_1_78' title='bbox 212 1439 638 1512; x_wconf 79' lang='lat' dir='ltr'><strong>pollicebantur,</strong></span> <span class='ocrx_word' id='word_1_79' title='bbox 686 1447 741 1494; x_wconf 90' lang='lat' dir='ltr'><strong>et</strong></span> <span class='ocrx_word' id='word_1_80' title='bbox 784 1436 1004 1508; x_wconf 86' lang='lat' dir='ltr'><strong>quidam</strong></span> <span class='ocrx_word' id='word_1_81' title='bbox 1031 1444 1188 1491; x_wconf 86' lang='lat' dir='ltr'><strong>erant</strong></span> <span class='ocrx_word' id='word_1_82' title='bbox 1221 1432 1729 1503; x_wconf 77' lang='lat' dir='ltr'><strong>pseudopmphetzr,</strong></span> <span class='ocrx_word' id='word_1_83' title='bbox 1774 1445 1807 1487; x_wconf 79' lang='grc' dir='ltr'><strong>ο</strong></span> 
     </span>
    </p>
   </div>
   <div class='ocr_carea' id='block_1_20' title="bbox 211 1526 1804 1609">
    <p class='ocr_par' dir='ltr' id='par_1_20' title="bbox 211 1526 1804 1609">
     <span class='ocr_line' id='line_1_20' title="bbox 211 1526 1804 1609; baseline -0.008 -21"><span class='ocrx_word' id='word_1_84' title='bbox 211 1532 408 1604; x_wconf 81' lang='lat' dir='ltr'><strong>quibus</strong></span> <span class='ocrx_word' id='word_1_85' title='bbox 444 1546 589 1587; x_wconf 92' lang='lat' dir='ltr'><strong>unus</strong></span> <span class='ocrx_word' id='word_1_86' title='bbox 620 1530 724 1586; x_wconf 80' lang='lat' dir='ltr'><strong>fuit</strong></span> <span class='ocrx_word' id='word_1_87' title='bbox 751 1530 992 1585; x_wconf 78' lang='lat' dir='ltr'><strong>Ananias</strong></span> <span class='ocrx_word' id='word_1_88' title='bbox 1020 1528 1163 1582; x_wconf 86' lang='lat' dir='ltr'><strong>ﬁlius</strong></span> <span class='ocrx_word' id='word_1_89' title='bbox 1190 1528 1367 1597; x_wconf 81' lang='lat' dir='ltr'><strong>Agot:</strong></span> <span class='ocrx_word' id='word_1_90' title='bbox 1400 1526 1495 1580; x_wconf 87' lang='lat' dir='ltr'><strong>alii</strong></span> <span class='ocrx_word' id='word_1_91' title='bbox 1527 1540 1652 1579; x_wconf 62' lang='lat' dir='ltr'><strong>tero</strong></span> <span class='ocrx_word' id='word_1_92' title='bbox 1681 1538 1804 1609; x_wconf 52' lang='lat' dir='ltr'><strong>pro:</strong></span> 
     </span>
    </p>
   </div>
   <div class='ocr_carea' id='block_1_21' title="bbox 210 1614 1807 1695">
    <p class='ocr_par' dir='ltr' id='par_1_21' title="bbox 210 1614 1807 1695">
     <span class='ocr_line' id='line_1_21' title="bbox 210 1614 1807 1695; baseline -0.005 -18"><span class='ocrx_word' id='word_1_93' title='bbox 210 1624 411 1695; x_wconf 68' lang='lat' dir='ltr'><strong>pltetaa:</strong></span> <span class='ocrx_word' id='word_1_94' title='bbox 442 1630 499 1679; x_wconf 86' lang='lat' dir='ltr'><strong>et</strong></span> <span class='ocrx_word' id='word_1_95' title='bbox 525 1631 644 1678; x_wconf 87' lang='lat' dir='ltr'><strong>erat</strong></span> <span class='ocrx_word' id='word_1_96' title='bbox 669 1621 844 1693; x_wconf 81' lang='lat' dir='ltr'><strong>gratia</strong></span> <span class='ocrx_word' id='word_1_97' title='bbox 875 1622 927 1676; x_wconf 91' lang='lat' dir='ltr'><strong>in</strong></span> <span class='ocrx_word' id='word_1_98' title='bbox 954 1619 1155 1690; x_wconf 90' lang='lat' dir='ltr'><strong>popqu</strong></span> <span class='ocrx_word' id='word_1_99' title='bbox 1184 1616 1673 1674; x_wconf 86' lang='lat' dir='ltr'><strong>discernendorum</strong></span> <span class='ocrx_word' id='word_1_100' title='bbox 1695 1614 1807 1684; x_wconf 78' lang='lat' dir='ltr'><strong>api-</strong></span> 
     </span>
    </p>
   </div>
   <div class='ocr_carea' id='block_1_22' title="bbox 208 1710 1802 1790">
    <p class='ocr_par' dir='ltr' id='par_1_22' title="bbox 208 1710 1802 1790">
     <span class='ocr_line' id='line_1_22' title="bbox 208 1710 1802 1790; baseline -0.008 -15"><span class='ocrx_word' id='word_1_101' title='bbox 208 1721 433 1784; x_wconf 87' lang='lat' dir='ltr'><strong>rituum,</strong></span> <span class='ocrx_word' id='word_1_102' title='bbox 466 1733 564 1789; x_wconf 89' lang='lat' dir='ltr'><strong>per</strong></span> <span class='ocrx_word' id='word_1_103' title='bbox 583 1732 746 1790; x_wconf 83' lang='lat' dir='ltr'><strong>quem</strong></span> <span class='ocrx_word' id='word_1_104' title='bbox 769 1715 859 1772; x_wconf 87' lang='lat' dir='ltr'><strong>alii</strong></span> <span class='ocrx_word' id='word_1_105' title='bbox 888 1715 1031 1771; x_wconf 90' lang='lat' dir='ltr'><strong>inter</strong></span> <span class='ocrx_word' id='word_1_106' title='bbox 1057 1712 1350 1786; x_wconf 83' lang='lat' dir='ltr'><strong>prophetas</strong></span> <span class='ocrx_word' id='word_1_107' title='bbox 1375 1710 1802 1781; x_wconf 85' lang='lat' dir='ltr'><strong>recipiebantur,</strong></span> 
     </span>
    </p>
   </div>
   <div class='ocr_carea' id='block_1_23' title="bbox 206 1803 1803 1882">
    <p class='ocr_par' dir='ltr' id='par_1_23' title="bbox 206 1803 1803 1882">
     <span class='ocr_line' id='line_1_23' title="bbox 206 1803 1803 1882; baseline -0.008 -14"><span class='ocrx_word' id='word_1_108' title='bbox 206 1811 459 1868; x_wconf 86' lang='lat' dir='ltr'><strong>nonnulli</strong></span> <span class='ocrx_word' id='word_1_109' title='bbox 502 1809 658 1882; x_wconf 84' lang='lat' dir='ltr'><strong>quasi</strong></span> <span class='ocrx_word' id='word_1_110' title='bbox 691 1809 761 1864; x_wconf 88' lang='lat' dir='ltr'><strong>ab</strong></span> <span class='ocrx_word' id='word_1_111' title='bbox 789 1805 1268 1865; x_wconf 78' lang='lat' dir='ltr'><strong>exercitatissimis</strong></span> <span class='ocrx_word' id='word_1_112' title='bbox 1308 1803 1588 1873; x_wconf 80' lang='lat' dir='ltr'><strong>trapezitis</strong></span> <span class='ocrx_word' id='word_1_113' title='bbox 1614 1815 1803 1872; x_wconf 79' lang='lat' dir='ltr'><strong>repro-</strong></span> 
     </span>
    </p>
   </div>
   <div class='ocr_carea' id='block_1_24' title="bbox 206 1893 1802 1960">
    <p class='ocr_par' dir='ltr' id='par_1_24' title="bbox 206 1893 1802 1960">
     <span class='ocr_line' id='line_1_24' title="bbox 206 1893 1802 1960; baseline -0.007 0"><span class='ocrx_word' id='word_1_114' title='bbox 206 1904 482 1960; x_wconf 89' lang='lat' dir='ltr'><strong>babantur</strong></span> <span class='ocrx_word' id='word_1_115' title='bbox 513 1920 527 1958; x_wconf 90' lang='lat'>:</span> <span class='ocrx_word' id='word_1_116' title='bbox 559 1903 629 1958; x_wconf 86' lang='lat' dir='ltr'><strong>ita</strong></span> <span class='ocrx_word' id='word_1_117' title='bbox 677 1908 736 1957; x_wconf 90' lang='lat' dir='ltr'><strong>et</strong></span> <span class='ocrx_word' id='word_1_118' title='bbox 764 1915 909 1957; x_wconf 89' lang='lat' dir='ltr'><strong>nunc</strong></span> <span class='ocrx_word' id='word_1_119' title='bbox 957 1901 1010 1955; x_wconf 92' lang='lat' dir='ltr'><strong>in</strong></span> <span class='ocrx_word' id='word_1_120' title='bbox 1069 1913 1212 1955; x_wconf 87' lang='lat' dir='ltr'><strong>novo</strong></span> <span class='ocrx_word' id='word_1_121' title='bbox 1259 1898 1610 1952; x_wconf 86' lang='lat' dir='ltr'><strong>Testamento</strong></span> <span class='ocrx_word' id='word_1_122' title='bbox 1651 1893 1802 1949; x_wconf 91' lang='lat' dir='ltr'><strong>multi</strong></span> 
     </span>
    </p>
   </div>
   <div class='ocr_carea' id='block_1_25' title="bbox 1908 1330 3512 1414">
    <p class='ocr_par' dir='ltr' id='par_1_25' title="bbox 1908 1330 3512 1414">
     <span class='ocr_line' id='line_1_25' title="bbox 1908 1330 3512 1414; baseline 0.009 -30"><span class='ocrx_word' id='word_1_123' title='bbox 1908 1331 2001 1384; x_wconf 82' lang='lat' dir='ltr'><strong>bas</strong></span> <span class='ocrx_word' id='word_1_124' title='bbox 2030 1333 2132 1387; x_wconf 84' lang='lat' dir='ltr'><strong>tuis</strong></span> <span class='ocrx_word' id='word_1_125' title='bbox 2158 1330 2336 1403; x_wconf 70' lang='lat' dir='ltr'><strong>(Prol.</strong></span> <span class='ocrx_word' id='word_1_126' title='bbox 2388 1332 2603 1405; x_wconf 82' lang='lat' dir='ltr'><strong>csvttt);</strong></span> <span class='ocrx_word' id='word_1_127' title='bbox 2640 1334 2783 1390; x_wconf 88' lang='lat' dir='ltr'><strong>unde</strong></span> <span class='ocrx_word' id='word_1_128' title='bbox 2804 1344 2861 1391; x_wconf 92' lang='lat' dir='ltr'><strong>et</strong></span> <span class='ocrx_word' id='word_1_129' title='bbox 2886 1338 3181 1407; x_wconf 81' lang='lat' dir='ltr'><strong>Apostolus</strong></span> <span class='ocrx_word' id='word_1_130' title='bbox 3212 1340 3283 1397; x_wconf 90' lang='lat' dir='ltr'><strong>de</strong></span> <span class='ocrx_word' id='word_1_131' title='bbox 3306 1341 3392 1397; x_wconf 87' lang='lat' dir='ltr'><strong>bis</strong></span> <span class='ocrx_word' id='word_1_132' title='bbox 3415 1342 3512 1414; x_wconf 83' lang='lat' dir='ltr'><strong>qui</strong></span> 
     </span>
    </p>
   </div>
   <div class='ocr_carea' id='block_1_26' title="bbox 1905 1424 3508 1495">
    <p class='ocr_par' dir='ltr' id='par_1_26' title="bbox 1905 1424 3508 1495">
     <span class='ocr_line' id='line_1_26' title="bbox 1905 1424 3508 1495; baseline 0.007 -16"><span class='ocrx_word' id='word_1_133' title='bbox 1905 1435 2059 1479; x_wconf 90' lang='lat' dir='ltr'><strong>erant</strong></span> <span class='ocrx_word' id='word_1_134' title='bbox 2091 1424 2252 1487; x_wconf 87' lang='lat' dir='ltr'><strong>ﬁrmi,</strong></span> <span class='ocrx_word' id='word_1_135' title='bbox 2286 1435 2450 1495; x_wconf 84' lang='lat' dir='ltr'><strong>atque</strong></span> <span class='ocrx_word' id='word_1_136' title='bbox 2492 1426 2725 1494; x_wconf 84' lang='lat' dir='ltr'><strong>robusti,</strong></span> <span class='ocrx_word' id='word_1_137' title='bbox 2758 1428 2834 1483; x_wconf 90' lang='lat' dir='ltr'><strong>ait</strong></span> <span class='ocrx_word' id='word_1_138' title='bbox 2869 1448 2880 1482; x_wconf 86' lang='lat'><strong>:</strong></span> <span class='ocrx_word' id='word_1_139' title='bbox 2915 1428 2986 1485; x_wconf 86' lang='lat' dir='ltr'><strong>Ut</strong></span> <span class='ocrx_word' id='word_1_140' title='bbox 3028 1431 3142 1485; x_wconf 87' lang='lat' dir='ltr'><strong>sitis</strong></span> <span class='ocrx_word' id='word_1_141' title='bbox 3190 1433 3416 1487; x_wconf 74' lang='lat' dir='ltr'><strong>radianti</strong></span> <span class='ocrx_word' id='word_1_142' title='bbox 3459 1444 3508 1491; x_wconf 82' lang='lat' dir='ltr'><strong>et</strong></span> 
     </span>
    </p>
   </div>
   <div class='ocr_carea' id='block_1_27' title="bbox 1906 1517 3509 1603">
    <p class='ocr_par' dir='ltr' id='par_1_27' title="bbox 1906 1517 3509 1603">
     <span class='ocr_line' id='line_1_27' title="bbox 1906 1517 3509 1603; baseline 0.007 -31"><span class='ocrx_word' id='word_1_143' title='bbox 1906 1518 2113 1587; x_wconf 74' lang='lat' dir='ltr'><strong>fundati</strong></span> <span class='ocrx_word' id='word_1_144' title='bbox 2140 1518 2194 1571; x_wconf 81' lang='lat' dir='ltr'><strong>in</strong></span> <span class='ocrx_word' id='word_1_145' title='bbox 2221 1520 2325 1603; x_wconf 73' lang='lat' dir='ltr'><strong>[ide</strong></span> <span class='ocrx_word' id='word_1_146' title='bbox 2355 1517 2572 1589; x_wconf 70' lang='lat' dir='ltr'><strong>(Ephes.</strong></span> <span class='ocrx_word' id='word_1_147' title='bbox 2609 1519 2709 1592; x_wconf 91' lang='grc' dir='ltr'>ιιι).</span> <span class='ocrx_word' id='word_1_148' title='bbox 2741 1520 2796 1578; x_wconf 89' lang='lat' dir='ltr'><strong>Si</strong></span> <span class='ocrx_word' id='word_1_149' title='bbox 2828 1521 2950 1593; x_wconf 84' lang='lat' dir='ltr'><strong>quis</strong></span> <span class='ocrx_word' id='word_1_150' title='bbox 2974 1524 3119 1578; x_wconf 89' lang='lat' dir='ltr'><strong>enim</strong></span> <span class='ocrx_word' id='word_1_151' title='bbox 3146 1524 3423 1583; x_wconf 87' lang='lat' dir='ltr'><strong>radicatus</strong></span> <span class='ocrx_word' id='word_1_152' title='bbox 3454 1527 3509 1584; x_wconf 85' lang='lat' dir='ltr'><strong>in</strong></span> 
     </span>
    </p>
   </div>
   <div class='ocr_carea' id='block_1_28' title="bbox 1906 1610 3501 1688">
    <p class='ocr_par' dir='ltr' id='par_1_28' title="bbox 1906 1610 3501 1688">
     <span class='ocr_line' id='line_1_28' title="bbox 1906 1610 3501 1688; baseline 0.006 -23"><span class='ocrx_word' id='word_1_153' title='bbox 1906 1610 2012 1666; x_wconf 88' lang='lat' dir='ltr'><strong>ﬁde</strong></span> <span class='ocrx_word' id='word_1_154' title='bbox 2031 1622 2140 1678; x_wconf 88' lang='lat' dir='ltr'><strong>est,</strong></span> <span class='ocrx_word' id='word_1_155' title='bbox 2160 1621 2321 1683; x_wconf 86' lang='lat' dir='ltr'><strong>atque</strong></span> <span class='ocrx_word' id='word_1_156' title='bbox 2342 1611 2617 1680; x_wconf 78' lang='lat' dir='ltr'><strong>fundatus,</strong></span> <span class='ocrx_word' id='word_1_157' title='bbox 2640 1614 2767 1670; x_wconf 87' lang='lat' dir='ltr'><strong>licet</strong></span> <span class='ocrx_word' id='word_1_158' title='bbox 2794 1623 3084 1686; x_wconf 81' lang='lat' dir='ltr'><strong>tempestas</strong></span> <span class='ocrx_word' id='word_1_159' title='bbox 3100 1614 3264 1673; x_wconf 79' lang='lat' dir='ltr'><strong>fuerit</strong></span> <span class='ocrx_word' id='word_1_160' title='bbox 3286 1629 3501 1688; x_wconf 81' lang='lat' dir='ltr'><strong>exorta,</strong></span> 
     </span>
    </p>
   </div>
   <div class='ocr_carea' id='block_1_29' title="bbox 1906 1705 3507 1780">
    <p class='ocr_par' dir='ltr' id='par_1_29' title="bbox 1906 1705 3507 1780">
     <span class='ocr_line' id='line_1_29' title="bbox 1906 1705 3507 1780; baseline 0.006 -21"><span class='ocrx_word' id='word_1_161' title='bbox 1906 1705 2032 1760; x_wconf 88' lang='lat' dir='ltr'><strong>licet</strong></span> <span class='ocrx_word' id='word_1_162' title='bbox 2064 1707 2209 1761; x_wconf 88' lang='lat' dir='ltr'><strong>venti</strong></span> <span class='ocrx_word' id='word_1_163' title='bbox 2251 1706 2523 1772; x_wconf 80' lang='lat' dir='ltr'><strong>ﬂaverint,</strong></span> <span class='ocrx_word' id='word_1_164' title='bbox 2576 1705 2708 1762; x_wconf 87' lang='lat' dir='ltr'><strong>licet</strong></span> <span class='ocrx_word' id='word_1_165' title='bbox 2746 1721 2807 1763; x_wconf 81' lang='lat' dir='ltr'><strong>se</strong></span> <span class='ocrx_word' id='word_1_166' title='bbox 2856 1709 3029 1764; x_wconf 88' lang='lat' dir='ltr'><strong>imber</strong></span> <span class='ocrx_word' id='word_1_167' title='bbox 3072 1708 3344 1780; x_wconf 78' lang='lat' dir='ltr'><strong>eﬁ‘uderit,</strong></span> <span class='ocrx_word' id='word_1_168' title='bbox 3398 1728 3507 1768; x_wconf 91' lang='lat' dir='ltr'><strong>non</strong></span> 
     </span>
    </p>
   </div>
   <div class='ocr_carea' id='block_1_30' title="bbox 1905 1800 3510 1874">
    <p class='ocr_par' dir='ltr' id='par_1_30' title="bbox 1905 1800 3510 1874">
     <span class='ocr_line' id='line_1_30' title="bbox 1905 1800 3510 1874; baseline 0.005 -21"><span class='ocrx_word' id='word_1_169' title='bbox 1905 1800 2269 1865; x_wconf 75' lang='lat' dir='ltr'><strong>convellatur,</strong></span> <span class='ocrx_word' id='word_1_170' title='bbox 2306 1813 2407 1856; x_wconf 88' lang='lat' dir='ltr'><strong>nec</strong></span> <span class='ocrx_word' id='word_1_171' title='bbox 2436 1808 2681 1868; x_wconf 86' lang='lat' dir='ltr'><strong>corruet,</strong></span> <span class='ocrx_word' id='word_1_172' title='bbox 2727 1803 2851 1872; x_wconf 87' lang='lat' dir='ltr'><strong>quia</strong></span> <span class='ocrx_word' id='word_1_173' title='bbox 2899 1814 3063 1873; x_wconf 79' lang='lat' dir='ltr'><strong>super</strong></span> <span class='ocrx_word' id='word_1_174' title='bbox 3095 1813 3306 1874; x_wconf 77' lang='lat' dir='ltr'><strong>petram</strong></span> <span class='ocrx_word' id='word_1_175' title='bbox 3336 1805 3510 1861; x_wconf 67' lang='lat' dir='ltr'><strong>aedili-</strong></span> 
     </span>
    </p>
   </div>
   <div class='ocr_carea' id='block_1_31' title="bbox 1903 1891 3508 1969">
    <p class='ocr_par' dir='ltr' id='par_1_31' title="bbox 1903 1891 3508 1969">
     <span class='ocr_line' id='line_1_31' title="bbox 1903 1891 3508 1969; baseline 0.004 -21"><span class='ocrx_word' id='word_1_176' title='bbox 1903 1893 2047 1948; x_wconf 87' lang='lat' dir='ltr'><strong>cium</strong></span> <span class='ocrx_word' id='word_1_177' title='bbox 2078 1891 2252 1947; x_wconf 88' lang='lat' dir='ltr'><strong>solida</strong></span> <span class='ocrx_word' id='word_1_178' title='bbox 2277 1892 2419 1946; x_wconf 89' lang='lat' dir='ltr'><strong>mole</strong></span> <span class='ocrx_word' id='word_1_179' title='bbox 2447 1891 2731 1947; x_wconf 79' lang='lat' dir='ltr'><strong>fundatum</strong></span> <span class='ocrx_word' id='word_1_180' title='bbox 2751 1902 2832 1948; x_wconf 89' lang='lat' dir='ltr'><strong>est</strong></span> <span class='ocrx_word' id='word_1_181' title='bbox 2862 1893 3083 1966; x_wconf 66' lang='lat' dir='ltr'><strong>(Matth.</strong></span> <span class='ocrx_word' id='word_1_182' title='bbox 3111 1895 3234 1969; x_wconf 85' lang='lat' dir='ltr'><strong>vn).</strong></span> <span class='ocrx_word' id='word_1_183' title='bbox 3267 1897 3377 1954; x_wconf 87' lang='lat' dir='ltr'><strong>Nec</strong></span> <span class='ocrx_word' id='word_1_184' title='bbox 3406 1913 3508 1969; x_wconf 33' lang='lat' dir='ltr'><strong>pus</strong></span> 
     </span>
    </p>
   </div>
   <div class='ocr_carea' id='block_1_32' title="bbox 205 1986 3501 2062">
    <p class='ocr_par' dir='ltr' id='par_1_32' title="bbox 205 1986 3501 2062">
     <span class='ocr_line' id='line_1_32' title="bbox 205 1986 3501 2062; baseline -0.002 -10"><span class='ocrx_word' id='word_1_185' title='bbox 205 1996 385 2054; x_wconf 84' lang='lat' dir='ltr'><strong>conati</strong></span> <span class='ocrx_word' id='word_1_186' title='bbox 433 2002 565 2050; x_wconf 90' lang='lat' dir='ltr'><strong>sunt</strong></span> <span class='ocrx_word' id='word_1_187' title='bbox 592 1993 844 2050; x_wconf 82' lang='lat' dir='ltr'><strong>scribere</strong></span> <span class='ocrx_word' id='word_1_188' title='bbox 878 1991 1206 2062; x_wconf 76' lang='lat' dir='ltr'><strong>Evangelia;</strong></span> <span class='ocrx_word' id='word_1_189' title='bbox 1238 1988 1335 2045; x_wconf 87' lang='lat' dir='ltr'><strong>sed</strong></span> <span class='ocrx_word' id='word_1_190' title='bbox 1364 2003 1471 2044; x_wconf 90' lang='lat' dir='ltr'><strong>non</strong></span> <span class='ocrx_word' id='word_1_191' title='bbox 1500 2001 1691 2042; x_wconf 88' lang='lat' dir='ltr'><strong>omnes</strong></span> <span class='ocrx_word' id='word_1_192' title='bbox 1718 2002 1805 2043; x_wconf 88' lang='lat' dir='ltr'><strong>re-</strong></span> <span class='ocrx_word' id='word_1_193' title='bbox 1906 1996 2083 2041; x_wconf 85' lang='lat' dir='ltr'><strong>temns</strong></span> <span class='ocrx_word' id='word_1_194' title='bbox 2130 1986 2303 2041; x_wconf 88' lang='lat' dir='ltr'><strong>oculis</strong></span> <span class='ocrx_word' id='word_1_195' title='bbox 2334 1986 2455 2041; x_wconf 84' lang='lat' dir='ltr'><strong>istis</strong></span> <span class='ocrx_word' id='word_1_196' title='bbox 2481 1986 2790 2042; x_wconf 77' lang='lat' dir='ltr'><strong>carnalibus</strong></span> <span class='ocrx_word' id='word_1_197' title='bbox 2816 1987 3130 2045; x_wconf 86' lang='lat' dir='ltr'><strong>ﬁrmitatem</strong></span> <span class='ocrx_word' id='word_1_198' title='bbox 3181 1989 3306 2046; x_wconf 88' lang='lat' dir='ltr'><strong>ﬁdei</strong></span> <span class='ocrx_word' id='word_1_199' title='bbox 3359 1990 3501 2059; x_wconf 87' lang='lat' dir='ltr'><strong>dari,</strong></span> 
     </span>
    </p>
   </div>
   <div class='ocr_carea' id='block_1_33' title="bbox 206 2077 3506 2159">
    <p class='ocr_par' dir='ltr' id='par_1_33' title="bbox 206 2077 3506 2159">
     <span class='ocr_line' id='line_1_33' title="bbox 206 2077 3506 2159; baseline -0.002 -15"><span class='ocrx_word' id='word_1_200' title='bbox 206 2088 372 2159; x_wconf 88' lang='lat' dir='ltr'><strong>cepti.</strong></span> <span class='ocrx_word' id='word_1_201' title='bbox 425 2087 495 2144; x_wconf 89' lang='lat' dir='ltr'><strong>Et</strong></span> <span class='ocrx_word' id='word_1_202' title='bbox 525 2094 584 2142; x_wconf 91' lang='lat' dir='ltr'><strong>ut</strong></span> <span class='ocrx_word' id='word_1_203' title='bbox 631 2086 843 2154; x_wconf 85' lang='lat' dir='ltr'><strong>sciatis,</strong></span> <span class='ocrx_word' id='word_1_204' title='bbox 876 2100 986 2139; x_wconf 89' lang='lat' dir='ltr'><strong>non</strong></span> <span class='ocrx_word' id='word_1_205' title='bbox 1013 2085 1193 2140; x_wconf 92' lang='lat' dir='ltr'><strong>solum</strong></span> <span class='ocrx_word' id='word_1_206' title='bbox 1222 2090 1457 2153; x_wconf 85' lang='lat' dir='ltr'><strong>quatuor</strong></span> <span class='ocrx_word' id='word_1_207' title='bbox 1486 2080 1799 2151; x_wconf 76' lang='lat' dir='ltr'><strong>Evangelia,</strong></span> <span class='ocrx_word' id='word_1_208' title='bbox 1902 2094 2062 2149; x_wconf 90' lang='lat' dir='ltr'><strong>quam</strong></span> <span class='ocrx_word' id='word_1_209' title='bbox 2091 2092 2249 2134; x_wconf 84' lang='lat' dir='ltr'><strong>mens</strong></span> <span class='ocrx_word' id='word_1_210' title='bbox 2272 2086 2327 2133; x_wconf 90' lang='lat' dir='ltr'><strong>et</strong></span> <span class='ocrx_word' id='word_1_211' title='bbox 2356 2078 2499 2133; x_wconf 86' lang='lat' dir='ltr'><strong>ratio</strong></span> <span class='ocrx_word' id='word_1_212' title='bbox 2528 2077 2738 2133; x_wconf 89' lang='lat' dir='ltr'><strong>tribuit.</strong></span> <span class='ocrx_word' id='word_1_213' title='bbox 2765 2078 3017 2136; x_wconf 87' lang='lat' dir='ltr'><strong>lnﬁdeles</strong></span> <span class='ocrx_word' id='word_1_214' title='bbox 3044 2081 3249 2152; x_wconf 89' lang='lat' dir='ltr'><strong>quique</strong></span> <span class='ocrx_word' id='word_1_215' title='bbox 3275 2081 3506 2138; x_wconf 84' lang='lat' dir='ltr'><strong>credant</strong></span> 
     </span>
    </p>
   </div>
   <div class='ocr_carea' id='block_1_34' title="bbox 206 2171 3492 2249">
    <p class='ocr_par' dir='ltr' id='par_1_34' title="bbox 206 2171 3492 2249">
     <span class='ocr_line' id='line_1_34' title="bbox 206 2171 3492 2249; baseline -0.002 -13"><span class='ocrx_word' id='word_1_216' title='bbox 206 2179 301 2236; x_wconf 85' lang='lat' dir='ltr'><strong>sed</strong></span> <span class='ocrx_word' id='word_1_217' title='bbox 328 2179 564 2249; x_wconf 83' lang='lat' dir='ltr'><strong>plurima</strong></span> <span class='ocrx_word' id='word_1_218' title='bbox 586 2190 710 2233; x_wconf 86' lang='lat' dir='ltr'><strong>esse</strong></span> <span class='ocrx_word' id='word_1_219' title='bbox 736 2174 1072 2246; x_wconf 85' lang='lat' dir='ltr'><strong>conscripta,</strong></span> <span class='ocrx_word' id='word_1_220' title='bbox 1104 2190 1135 2229; x_wconf 81' lang='grc' dir='ltr'><strong>ε</strong></span> <span class='ocrx_word' id='word_1_221' title='bbox 1168 2172 1365 2244; x_wconf 85' lang='lat' dir='ltr'><strong>quibus</strong></span> <span class='ocrx_word' id='word_1_222' title='bbox 1392 2171 1529 2238; x_wconf 83' lang='lat' dir='ltr'><strong>haec,</strong></span> <span class='ocrx_word' id='word_1_223' title='bbox 1561 2186 1680 2241; x_wconf 76' lang='lat' dir='ltr'><strong>qua:</strong></span> <span class='ocrx_word' id='word_1_224' title='bbox 1707 2171 1804 2225; x_wconf 61' lang='lat' dir='ltr'><strong>ha.</strong></span> <span class='ocrx_word' id='word_1_225' title='bbox 1900 2171 2092 2240; x_wconf 85' lang='lat' dir='ltr'><strong>signis,</strong></span> <span class='ocrx_word' id='word_1_226' title='bbox 2117 2181 2281 2241; x_wconf 87' lang='lat' dir='ltr'><strong>atque</strong></span> <span class='ocrx_word' id='word_1_227' title='bbox 2298 2171 2587 2240; x_wconf 89' lang='lat' dir='ltr'><strong>portentis,</strong></span> <span class='ocrx_word' id='word_1_228' title='bbox 2606 2186 2728 2241; x_wconf 60' lang='lat' dir='ltr'><strong>quae</strong></span> <span class='ocrx_word' id='word_1_229' title='bbox 2751 2172 2987 2229; x_wconf 84' lang='lat' dir='ltr'><strong>humana</strong></span> <span class='ocrx_word' id='word_1_230' title='bbox 3008 2174 3155 2231; x_wconf 84' lang='lat' dir='ltr'><strong>acies</strong></span> <span class='ocrx_word' id='word_1_231' title='bbox 3176 2183 3492 2232; x_wconf 88' lang='lat' dir='ltr'><strong>contuetur.</strong></span> 
     </span>
    </p>
   </div>
   <div class='ocr_carea' id='block_1_35' title="bbox 208 2263 3494 2338">
    <p class='ocr_par' dir='ltr' id='par_1_35' title="bbox 208 2263 3494 2338">
     <span class='ocr_line' id='line_1_35' title="bbox 208 2263 3494 2338; baseline -0.002 -8"><span class='ocrx_word' id='word_1_232' title='bbox 208 2274 418 2338; x_wconf 84' lang='lat' dir='ltr'><strong>bemus,</strong></span> <span class='ocrx_word' id='word_1_233' title='bbox 471 2270 646 2328; x_wconf 90' lang='lat' dir='ltr'><strong>electa</strong></span> <span class='ocrx_word' id='word_1_234' title='bbox 698 2277 848 2335; x_wconf 86' lang='lat' dir='ltr'><strong>sunt,</strong></span> <span class='ocrx_word' id='word_1_235' title='bbox 902 2278 958 2324; x_wconf 88' lang='lat' dir='ltr'><strong>et</strong></span> <span class='ocrx_word' id='word_1_236' title='bbox 1008 2267 1202 2324; x_wconf 90' lang='lat' dir='ltr'><strong>tradita</strong></span> <span class='ocrx_word' id='word_1_237' title='bbox 1234 2265 1519 2329; x_wconf 86' lang='lat' dir='ltr'><strong>Ecclesiis.</strong></span> <span class='ocrx_word' id='word_1_238' title='bbox 1563 2279 1628 2320; x_wconf 77' lang='lat' dir='ltr'><strong>ex</strong></span> <span class='ocrx_word' id='word_1_239' title='bbox 1683 2263 1801 2334; x_wconf 89' lang='lat' dir='ltr'><strong>ipso</strong></span> <span class='ocrx_word' id='word_1_240' title='bbox 1901 2265 2104 2322; x_wconf 78' lang='lat' dir='ltr'><strong>Fidelis</strong></span> <span class='ocrx_word' id='word_1_241' title='bbox 2148 2282 2277 2321; x_wconf 89' lang='lat' dir='ltr'><strong>vero</strong></span> <span class='ocrx_word' id='word_1_242' title='bbox 2309 2267 2478 2337; x_wconf 84' lang='lat' dir='ltr'><strong>magis</strong></span> <span class='ocrx_word' id='word_1_243' title='bbox 2512 2266 2750 2337; x_wconf 87' lang='lat' dir='ltr'><strong>prudens</strong></span> <span class='ocrx_word' id='word_1_244' title='bbox 2805 2277 2965 2338; x_wconf 89' lang='lat' dir='ltr'><strong>atque</strong></span> <span class='ocrx_word' id='word_1_245' title='bbox 3011 2269 3269 2325; x_wconf 89' lang='lat' dir='ltr'><strong>robustus</strong></span> <span class='ocrx_word' id='word_1_246' title='bbox 3324 2270 3494 2325; x_wconf 82' lang='lat' dir='ltr'><strong>ratio-</strong></span> 
     </span>
    </p>
   </div>
   <div class='ocr_carea' id='block_1_36' title="bbox 213 2347 3499 2435">
    <p class='ocr_par' dir='ltr' id='par_1_36' title="bbox 213 2347 3499 2435">
     <span class='ocr_line' id='line_1_36' title="bbox 213 2347 3499 2435; baseline -0.001 -15"><span class='ocrx_word' id='word_1_247' title='bbox 213 2362 479 2435; x_wconf 73' lang='lat' dir='ltr'><strong>prommio</strong></span> <span class='ocrx_word' id='word_1_248' title='bbox 510 2362 694 2428; x_wconf 81' lang='lat' dir='ltr'><strong>Lucae,</strong></span> <span class='ocrx_word' id='word_1_249' title='bbox 725 2359 867 2432; x_wconf 90' lang='lat' dir='ltr'><strong>quod</strong></span> <span class='ocrx_word' id='word_1_250' title='bbox 900 2360 971 2415; x_wconf 87' lang='lat' dir='ltr'><strong>ita</strong></span> <span class='ocrx_word' id='word_1_251' title='bbox 1003 2358 1331 2426; x_wconf 78' lang='lat' dir='ltr'><strong>contexitur,</strong></span> <span class='ocrx_word' id='word_1_252' title='bbox 1360 2370 1752 2426; x_wconf 75' lang='lat' dir='ltr'><strong>cognoscamus</strong></span> <span class='ocrx_word' id='word_1_253' title='bbox 1784 2372 1798 2410; x_wconf 89' lang='lat'><strong>:</strong></span> <span class='ocrx_word' id='word_1_254' title='bbox 1829 2347 1879 2407; x_wconf 87' lang='lat' dir='ltr'><strong>B</strong></span> <span class='ocrx_word' id='word_1_255' title='bbox 1908 2375 2028 2415; x_wconf 89' lang='lat' dir='ltr'><strong>nem</strong></span> <span class='ocrx_word' id='word_1_256' title='bbox 2048 2368 2309 2429; x_wconf 89' lang='lat' dir='ltr'><strong>sequatur</strong></span> <span class='ocrx_word' id='word_1_257' title='bbox 2330 2368 2385 2415; x_wconf 89' lang='lat' dir='ltr'><strong>et</strong></span> <span class='ocrx_word' id='word_1_258' title='bbox 2405 2360 2653 2429; x_wconf 78' lang='lat' dir='ltr'><strong>verbum,</strong></span> <span class='ocrx_word' id='word_1_259' title='bbox 2675 2368 2732 2415; x_wconf 90' lang='lat' dir='ltr'><strong>et</strong></span> <span class='ocrx_word' id='word_1_260' title='bbox 2757 2362 2836 2416; x_wconf 90' lang='lat' dir='ltr'><strong>sic</strong></span> <span class='ocrx_word' id='word_1_261' title='bbox 2863 2360 3125 2432; x_wconf 88' lang='lat' dir='ltr'><strong>dijudicet</strong></span> <span class='ocrx_word' id='word_1_262' title='bbox 3142 2361 3271 2432; x_wconf 90' lang='lat' dir='ltr'><strong>quid</strong></span> <span class='ocrx_word' id='word_1_263' title='bbox 3290 2377 3499 2430; x_wconf 89' lang='lat' dir='ltr'><strong>verum,</strong></span> 
     </span>
    </p>
   </div>
   <div class='ocr_carea' id='block_1_37' title="bbox 213 2446 1808 2526">
    <p class='ocr_par' dir='ltr' id='par_1_37' title="bbox 213 2446 1808 2526">
     <span class='ocr_line' id='line_1_37' title="bbox 213 2446 1808 2526; baseline -0.008 -14"><span class='ocrx_word' id='word_1_264' title='bbox 213 2455 466 2522; x_wconf 76' lang='lat' dir='ltr'><strong>Quoniam</strong></span> <span class='ocrx_word' id='word_1_265' title='bbox 492 2454 702 2526; x_wconf 73' lang='lat' dir='ltr'><strong>quidem</strong></span> <span class='ocrx_word' id='word_1_266' title='bbox 742 2453 895 2507; x_wconf 78' lang='lat' dir='ltr'><strong>mulli</strong></span> <span class='ocrx_word' id='word_1_267' title='bbox 926 2452 1100 2507; x_wconf 84' lang='lat' dir='ltr'><strong>conati</strong></span> <span class='ocrx_word' id='word_1_268' title='bbox 1126 2460 1248 2505; x_wconf 82' lang='lat' dir='ltr'><strong>sunt</strong></span> <span class='ocrx_word' id='word_1_269' title='bbox 1275 2450 1519 2503; x_wconf 81' lang='lat' dir='ltr'><strong>ordinare</strong></span> <span class='ocrx_word' id='word_1_270' title='bbox 1547 2446 1808 2502; x_wconf 84' lang='lat' dir='ltr'><strong>narratio-</strong></span> 
     </span>
    </p>
   </div>
   <div class='ocr_carea' id='block_1_38' title="bbox 210 2542 1804 2623">
    <p class='ocr_par' dir='ltr' id='par_1_38' title="bbox 210 2542 1804 2623">
     <span class='ocr_line' id='line_1_38' title="bbox 210 2542 1804 2623; baseline -0.008 -18"><span class='ocrx_word' id='word_1_271' title='bbox 210 2567 321 2605; x_wconf 80' lang='lat' dir='ltr'><strong>nem</strong></span> <span class='ocrx_word' id='word_1_272' title='bbox 351 2549 505 2623; x_wconf 85' lang='lat' dir='ltr'><strong>(Lac.</strong></span> <span class='ocrx_word' id='word_1_273' title='bbox 536 2548 599 2620; x_wconf 85' lang='grc' dir='ltr'><strong>ι).</strong></span> <span class='ocrx_word' id='word_1_274' title='bbox 654 2547 769 2603; x_wconf 82' lang='lat' dir='ltr'><strong>lloc</strong></span> <span class='ocrx_word' id='word_1_275' title='bbox 815 2546 962 2618; x_wconf 89' lang='lat' dir='ltr'><strong>quod</strong></span> <span class='ocrx_word' id='word_1_276' title='bbox 988 2546 1068 2602; x_wconf 88' lang='lat' dir='ltr'><strong>ait</strong></span> <span class='ocrx_word' id='word_1_277' title='bbox 1100 2562 1114 2600; x_wconf 91' lang='lat'><strong>:</strong></span> <span class='ocrx_word' id='word_1_278' title='bbox 1159 2543 1344 2600; x_wconf 82' lang='lat' dir='ltr'><strong>Conati</strong></span> <span class='ocrx_word' id='word_1_279' title='bbox 1373 2552 1512 2607; x_wconf 87' lang='lat' dir='ltr'><strong>sunt,</strong></span> <span class='ocrx_word' id='word_1_280' title='bbox 1545 2542 1804 2596; x_wconf 87' lang='lat' dir='ltr'><strong>latentem</strong></span> 
     </span>
    </p>
   </div>
   <div class='ocr_carea' id='block_1_39' title="bbox 210 2632 1806 2708">
    <p class='ocr_par' dir='ltr' id='par_1_39' title="bbox 210 2632 1806 2708">
     <span class='ocr_line' id='line_1_39' title="bbox 210 2632 1806 2708; baseline -0.007 -10"><span class='ocrx_word' id='word_1_281' title='bbox 210 2642 369 2699; x_wconf 86' lang='lat' dir='ltr'><strong>habet</strong></span> <span class='ocrx_word' id='word_1_282' title='bbox 398 2640 807 2698; x_wconf 85' lang='lat' dir='ltr'><strong>accusationem</strong></span> <span class='ocrx_word' id='word_1_283' title='bbox 835 2654 1050 2705; x_wconf 91' lang='lat' dir='ltr'><strong>eorum,</strong></span> <span class='ocrx_word' id='word_1_284' title='bbox 1081 2640 1172 2708; x_wconf 89' lang='lat' dir='ltr'><strong>qui</strong></span> <span class='ocrx_word' id='word_1_285' title='bbox 1198 2637 1400 2705; x_wconf 88' lang='lat' dir='ltr'><strong>absque</strong></span> <span class='ocrx_word' id='word_1_286' title='bbox 1428 2635 1603 2705; x_wconf 88' lang='lat' dir='ltr'><strong>gratia</strong></span> <span class='ocrx_word' id='word_1_287' title='bbox 1635 2632 1806 2704; x_wconf 85' lang='lat' dir='ltr'><strong>Spiri-</strong></span> 
     </span>
    </p>
   </div>
   <div class='ocr_carea' id='block_1_40' title="bbox 210 2725 1807 2800">
    <p class='ocr_par' dir='ltr' id='par_1_40' title="bbox 210 2725 1807 2800">
     <span class='ocr_line' id='line_1_40' title="bbox 210 2725 1807 2800; baseline -0.006 -14"><span class='ocrx_word' id='word_1_288' title='bbox 210 2741 293 2788; x_wconf 88' lang='lat' dir='ltr'><strong>tus</strong></span> <span class='ocrx_word' id='word_1_289' title='bbox 323 2732 501 2788; x_wconf 86' lang='lat' dir='ltr'><strong>sancti</strong></span> <span class='ocrx_word' id='word_1_290' title='bbox 528 2731 594 2786; x_wconf 89' lang='lat' dir='ltr'><strong>ad</strong></span> <span class='ocrx_word' id='word_1_291' title='bbox 624 2729 909 2786; x_wconf 79' lang='lat' dir='ltr'><strong>scribenda</strong></span> <span class='ocrx_word' id='word_1_292' title='bbox 934 2728 1234 2800; x_wconf 83' lang='lat' dir='ltr'><strong>Evangelia</strong></span> <span class='ocrx_word' id='word_1_293' title='bbox 1262 2727 1639 2798; x_wconf 87' lang='lat' dir='ltr'><strong>prosilierunt.</strong></span> <span class='ocrx_word' id='word_1_294' title='bbox 1673 2725 1807 2779; x_wconf 81' lang='lat' dir='ltr'><strong>Mat-</strong></span> 
     </span>
    </p>
   </div>
   <div class='ocr_carea' id='block_1_41' title="bbox 210 2820 1805 2893">
    <p class='ocr_par' dir='ltr' id='par_1_41' title="bbox 210 2820 1805 2893">
     <span class='ocr_line' id='line_1_41' title="bbox 210 2820 1805 2893; baseline -0.002 -14"><span class='ocrx_word' id='word_1_295' title='bbox 210 2825 383 2880; x_wconf 75' lang='lat' dir='ltr'><strong>tltzeus</strong></span> <span class='ocrx_word' id='word_1_296' title='bbox 415 2825 641 2893; x_wconf 85' lang='lat' dir='ltr'><strong>quippe,</strong></span> <span class='ocrx_word' id='word_1_297' title='bbox 671 2832 725 2879; x_wconf 85' lang='lat' dir='ltr'><strong>et</strong></span> <span class='ocrx_word' id='word_1_298' title='bbox 756 2825 987 2888; x_wconf 83' lang='lat' dir='ltr'><strong>Marcus,</strong></span> <span class='ocrx_word' id='word_1_299' title='bbox 1036 2832 1091 2877; x_wconf 85' lang='lat' dir='ltr'><strong>et</strong></span> <span class='ocrx_word' id='word_1_300' title='bbox 1115 2824 1376 2888; x_wconf 81' lang='lat' dir='ltr'><strong>Joannes,</strong></span> <span class='ocrx_word' id='word_1_301' title='bbox 1409 2828 1463 2875; x_wconf 89' lang='lat' dir='ltr'><strong>et</strong></span> <span class='ocrx_word' id='word_1_302' title='bbox 1493 2820 1667 2875; x_wconf 89' lang='lat' dir='ltr'><strong>Lucas</strong></span> <span class='ocrx_word' id='word_1_303' title='bbox 1699 2834 1805 2876; x_wconf 87' lang='lat' dir='ltr'><strong>non</strong></span> 
     </span>
    </p>
   </div>
   <div class='ocr_carea' id='block_1_42' title="bbox 208 2914 1808 2986">
    <p class='ocr_par' dir='ltr' id='par_1_42' title="bbox 208 2914 1808 2986">
     <span class='ocr_line' id='line_1_42' title="bbox 208 2914 1808 2986; baseline -0.003 -14"><span class='ocrx_word' id='word_1_304' title='bbox 208 2926 337 2972; x_wconf 85' lang='lat' dir='ltr'><strong>sunt</strong></span> <span class='ocrx_word' id='word_1_305' title='bbox 365 2916 550 2970; x_wconf 88' lang='lat' dir='ltr'><strong>conati</strong></span> <span class='ocrx_word' id='word_1_306' title='bbox 578 2916 848 2980; x_wconf 83' lang='lat' dir='ltr'><strong>scribere;</strong></span> <span class='ocrx_word' id='word_1_307' title='bbox 890 2916 990 2972; x_wconf 89' lang='lat' dir='ltr'><strong>sed</strong></span> <span class='ocrx_word' id='word_1_308' title='bbox 1029 2915 1237 2986; x_wconf 86' lang='lat' dir='ltr'><strong>Spiritu</strong></span> <span class='ocrx_word' id='word_1_309' title='bbox 1263 2924 1460 2970; x_wconf 87' lang='lat' dir='ltr'><strong>sancto</strong></span> <span class='ocrx_word' id='word_1_310' title='bbox 1501 2914 1647 2983; x_wconf 87' lang='lat' dir='ltr'><strong>pleni</strong></span> <span class='ocrx_word' id='word_1_311' title='bbox 1672 2914 1808 2969; x_wconf 82' lang='lat' dir='ltr'><strong>scri-</strong></span> 
     </span>
    </p>
   </div>
   <div class='ocr_carea' id='block_1_43' title="bbox 209 3006 1807 3080">
    <p class='ocr_par' dir='ltr' id='par_1_43' title="bbox 209 3006 1807 3080">
     <span class='ocr_line' id='line_1_43' title="bbox 209 3006 1807 3080; baseline -0.001 -16"><span class='ocrx_word' id='word_1_312' title='bbox 209 3016 444 3080; x_wconf 88' lang='lat' dir='ltr'><strong>pserunt</strong></span> <span class='ocrx_word' id='word_1_313' title='bbox 470 3007 786 3078; x_wconf 75' lang='lat' dir='ltr'><strong>Evangelia.</strong></span> <span class='ocrx_word' id='word_1_314' title='bbox 818 3007 971 3061; x_wconf 80' lang='lat' dir='ltr'><strong>Multi</strong></span> <span class='ocrx_word' id='word_1_315' title='bbox 1004 3008 1169 3077; x_wconf 88' lang='lat' dir='ltr'><strong>igitur</strong></span> <span class='ocrx_word' id='word_1_316' title='bbox 1188 3008 1372 3063; x_wconf 87' lang='lat' dir='ltr'><strong>conati</strong></span> <span class='ocrx_word' id='word_1_317' title='bbox 1401 3018 1523 3061; x_wconf 90' lang='lat' dir='ltr'><strong>sunt</strong></span> <span class='ocrx_word' id='word_1_318' title='bbox 1552 3006 1807 3063; x_wconf 85' lang='lat' dir='ltr'><strong>ordinare</strong></span> 
     </span>
    </p>
   </div>
   <div class='ocr_carea' id='block_1_44' title="bbox 208 3087 1806 3170">
    <p class='ocr_par' dir='ltr' id='par_1_44' title="bbox 208 3087 1806 3170">
     <span class='ocr_line' id='line_1_44' title="bbox 208 3087 1806 3170; baseline 0 -15"><span class='ocrx_word' id='word_1_319' title='bbox 208 3100 586 3156; x_wconf 83' lang='lat' dir='ltr'><strong>narrationem</strong></span> <span class='ocrx_word' id='word_1_320' title='bbox 617 3098 687 3155; x_wconf 89' lang='lat' dir='ltr'><strong>de</strong></span> <span class='ocrx_word' id='word_1_321' title='bbox 726 3098 811 3154; x_wconf 89' lang='lat' dir='ltr'><strong>his</strong></span> <span class='ocrx_word' id='word_1_322' title='bbox 845 3087 1026 3166; x_wconf 87' lang='lat' dir='ltr'><strong>rebus,</strong></span> <span class='ocrx_word' id='word_1_323' title='bbox 1059 3115 1178 3170; x_wconf 63' lang='lat' dir='ltr'><strong>quae</strong></span> <span class='ocrx_word' id='word_1_324' title='bbox 1224 3099 1672 3158; x_wconf 78' lang='lat' dir='ltr'><strong>manifestissime</strong></span> <span class='ocrx_word' id='word_1_325' title='bbox 1713 3114 1806 3155; x_wconf 86' lang='lat' dir='ltr'><strong>co-</strong></span> 
     </span>
    </p>
   </div>
   <div class='ocr_carea' id='block_1_45' title="bbox 206 3195 1807 3270">
    <p class='ocr_par' dir='ltr' id='par_1_45' title="bbox 206 3195 1807 3270">
     <span class='ocr_line' id='line_1_45' title="bbox 206 3195 1807 3270; baseline -0.001 -18"><span class='ocrx_word' id='word_1_326' title='bbox 206 3197 376 3270; x_wconf 73' lang='lat' dir='ltr'><strong>gnitze</strong></span> <span class='ocrx_word' id='word_1_327' title='bbox 406 3204 537 3252; x_wconf 89' lang='lat' dir='ltr'><strong>sunt</strong></span> <span class='ocrx_word' id='word_1_328' title='bbox 588 3197 641 3252; x_wconf 91' lang='lat' dir='ltr'><strong>in</strong></span> <span class='ocrx_word' id='word_1_329' title='bbox 690 3195 868 3251; x_wconf 81' lang='lat' dir='ltr'><strong>nobis.</strong></span> <span class='ocrx_word' id='word_1_330' title='bbox 902 3196 1140 3252; x_wconf 77' lang='lat' dir='ltr'><strong>Ecclesia</strong></span> <span class='ocrx_word' id='word_1_331' title='bbox 1167 3207 1405 3268; x_wconf 86' lang='lat' dir='ltr'><strong>quatuor</strong></span> <span class='ocrx_word' id='word_1_332' title='bbox 1436 3199 1598 3252; x_wconf 84' lang='lat' dir='ltr'><strong>habet</strong></span> <span class='ocrx_word' id='word_1_333' title='bbox 1627 3197 1807 3252; x_wconf 58' lang='lat' dir='ltr'><strong>Emin-</strong></span> 
     </span>
    </p>
   </div>
   <div class='ocr_carea' id='block_1_46' title="bbox 208 3289 1808 3364">
    <p class='ocr_par' dir='ltr' id='par_1_46' title="bbox 208 3289 1808 3364">
     <span class='ocr_line' id='line_1_46' title="bbox 208 3289 1808 3364; baseline -0.001 -16"><span class='ocrx_word' id='word_1_334' title='bbox 208 3291 373 3364; x_wconf 88' lang='lat' dir='ltr'><strong>gelia,</strong></span> <span class='ocrx_word' id='word_1_335' title='bbox 397 3291 638 3346; x_wconf 72' lang='lat' dir='ltr'><strong>haereses</strong></span> <span class='ocrx_word' id='word_1_336' title='bbox 662 3299 686 3327; x_wconf 73' lang='grc' dir='ltr'>α</span> <span class='ocrx_word' id='word_1_337' title='bbox 720 3289 950 3359; x_wconf 90' lang='lat' dir='ltr'><strong>plurima</strong></span> <span class='ocrx_word' id='word_1_338' title='bbox 985 3306 999 3343; x_wconf 88' lang='lat'><strong>:</strong></span> <span class='ocrx_word' id='word_1_339' title='bbox 1031 3306 1061 3345; x_wconf 88' lang='lat' dir='ltr'><strong>e</strong></span> <span class='ocrx_word' id='word_1_340' title='bbox 1086 3291 1283 3361; x_wconf 87' lang='lat' dir='ltr'><strong>quibus</strong></span> <span class='ocrx_word' id='word_1_341' title='bbox 1311 3291 1583 3361; x_wconf 85' lang='lat' dir='ltr'><strong>quoddam</strong></span> <span class='ocrx_word' id='word_1_342' title='bbox 1615 3290 1808 3347; x_wconf 88' lang='lat' dir='ltr'><strong>scribi-</strong></span> 
     </span>
    </p>
   </div>
   <div class='ocr_carea' id='block_1_47' title="bbox 210 3380 1809 3454">
    <p class='ocr_par' dir='ltr' id='par_1_47' title="bbox 210 3380 1809 3454">
     <span class='ocr_line' id='line_1_47' title="bbox 210 3380 1809 3454; baseline -0.001 -16"><span class='ocrx_word' id='word_1_343' title='bbox 210 3394 296 3440; x_wconf 89' lang='lat' dir='ltr'><strong>tur</strong></span> <span class='ocrx_word' id='word_1_344' title='bbox 317 3382 617 3440; x_wconf 88' lang='lat' dir='ltr'><strong>secundum</strong></span> <span class='ocrx_word' id='word_1_345' title='bbox 640 3380 952 3454; x_wconf 60' lang='lat' dir='ltr'><strong>IEgyptios,</strong></span> <span class='ocrx_word' id='word_1_346' title='bbox 984 3382 1130 3437; x_wconf 89' lang='lat' dir='ltr'><strong>aliud</strong></span> <span class='ocrx_word' id='word_1_347' title='bbox 1168 3382 1321 3453; x_wconf 76' lang='lat' dir='ltr'><strong>juxta</strong></span> <span class='ocrx_word' id='word_1_348' title='bbox 1351 3383 1638 3438; x_wconf 78' lang='lat' dir='ltr'><strong>duodecim</strong></span> <span class='ocrx_word' id='word_1_349' title='bbox 1665 3385 1809 3451; x_wconf 79' lang='lat' dir='ltr'><strong>Apo-</strong></span> 
     </span>
    </p>
   </div>
   <div class='ocr_carea' id='block_1_48' title="bbox 208 3474 1808 3545">
    <p class='ocr_par' dir='ltr' id='par_1_48' title="bbox 208 3474 1808 3545">
     <span class='ocr_line' id='line_1_48' title="bbox 208 3474 1808 3545; baseline -0.002 -14"><span class='ocrx_word' id='word_1_350' title='bbox 208 3476 392 3532; x_wconf 85' lang='lat' dir='ltr'><strong>stolus.</strong></span> <span class='ocrx_word' id='word_1_351' title='bbox 429 3475 610 3531; x_wconf 84' lang='lat' dir='ltr'><strong>Ausus</strong></span> <span class='ocrx_word' id='word_1_352' title='bbox 646 3474 744 3530; x_wconf 82' lang='lat' dir='ltr'><strong>fuit</strong></span> <span class='ocrx_word' id='word_1_353' title='bbox 769 3483 824 3530; x_wconf 83' lang='lat' dir='ltr'><strong>et</strong></span> <span class='ocrx_word' id='word_1_354' title='bbox 847 3474 1113 3530; x_wconf 84' lang='lat' dir='ltr'><strong>Basilides</strong></span> <span class='ocrx_word' id='word_1_355' title='bbox 1140 3474 1384 3530; x_wconf 88' lang='lat' dir='ltr'><strong>scribere</strong></span> <span class='ocrx_word' id='word_1_356' title='bbox 1431 3475 1808 3545; x_wconf 80' lang='lat' dir='ltr'><strong>Evangelium,</strong></span> 
     </span>
    </p>
   </div>
   <div class='ocr_carea' id='block_1_49' title="bbox 210 3566 1812 3626">
    <p class='ocr_par' dir='ltr' id='par_1_49' title="bbox 210 3566 1812 3626">
     <span class='ocr_line' id='line_1_49' title="bbox 210 3566 1812 3626; baseline -0.002 0"><span class='ocrx_word' id='word_1_357' title='bbox 210 3576 266 3626; x_wconf 89' lang='lat' dir='ltr'><strong>ct</strong></span> <span class='ocrx_word' id='word_1_358' title='bbox 291 3584 391 3624; x_wconf 90' lang='lat' dir='ltr'><strong>suo</strong></span> <span class='ocrx_word' id='word_1_359' title='bbox 422 3567 557 3624; x_wconf 88' lang='lat' dir='ltr'><strong>illud</strong></span> <span class='ocrx_word' id='word_1_360' title='bbox 589 3569 812 3624; x_wconf 87' lang='lat' dir='ltr'><strong>nomine</strong></span> <span class='ocrx_word' id='word_1_361' title='bbox 849 3567 1093 3624; x_wconf 88' lang='lat' dir='ltr'><strong>titulare.</strong></span> <span class='ocrx_word' id='word_1_362' title='bbox 1127 3566 1278 3623; x_wconf 77' lang='lat' dir='ltr'><strong>Multi</strong></span> <span class='ocrx_word' id='word_1_363' title='bbox 1307 3568 1485 3623; x_wconf 86' lang='lat' dir='ltr'><strong>conati</strong></span> <span class='ocrx_word' id='word_1_364' title='bbox 1517 3579 1643 3622; x_wconf 89' lang='lat' dir='ltr'><strong>sunt</strong></span> <span class='ocrx_word' id='word_1_365' title='bbox 1674 3568 1812 3624; x_wconf 64' lang='lat' dir='ltr'><strong>serio</strong></span> 
     </span>
    </p>
   </div>
   <div class='ocr_carea' id='block_1_50' title="bbox 210 3660 1811 3728">
    <p class='ocr_par' dir='ltr' id='par_1_50' title="bbox 210 3660 1811 3728">
     <span class='ocr_line' id='line_1_50' title="bbox 210 3660 1811 3728; baseline -0.001 -10"><span class='ocrx_word' id='word_1_366' title='bbox 210 3662 338 3718; x_wconf 86' lang='lat' dir='ltr'><strong>bere</strong></span> <span class='ocrx_word' id='word_1_367' title='bbox 368 3679 383 3715; x_wconf 90' lang='lat'><strong>:</strong></span> <span class='ocrx_word' id='word_1_368' title='bbox 417 3660 512 3718; x_wconf 90' lang='lat' dir='ltr'><strong>sed</strong></span> <span class='ocrx_word' id='word_1_369' title='bbox 561 3671 618 3717; x_wconf 88' lang='lat' dir='ltr'><strong>et</strong></span> <span class='ocrx_word' id='word_1_370' title='bbox 650 3660 805 3717; x_wconf 89' lang='lat' dir='ltr'><strong>multi</strong></span> <span class='ocrx_word' id='word_1_371' title='bbox 854 3660 1040 3717; x_wconf 87' lang='lat' dir='ltr'><strong>conati</strong></span> <span class='ocrx_word' id='word_1_372' title='bbox 1079 3670 1205 3715; x_wconf 89' lang='lat' dir='ltr'><strong>sunt</strong></span> <span class='ocrx_word' id='word_1_373' title='bbox 1242 3660 1515 3716; x_wconf 87' lang='lat' dir='ltr'><strong>ordinare.</strong></span> <span class='ocrx_word' id='word_1_374' title='bbox 1563 3663 1811 3728; x_wconf 81' lang='lat' dir='ltr'><strong>Quatuor</strong></span> 
     </span>
    </p>
   </div>
   <div class='ocr_carea' id='block_1_51' title="bbox 212 3751 1805 3823">
    <p class='ocr_par' dir='ltr' id='par_1_51' title="bbox 212 3751 1805 3823">
     <span class='ocr_line' id='line_1_51' title="bbox 212 3751 1805 3823; baseline -0.001 -15"><span class='ocrx_word' id='word_1_375' title='bbox 212 3762 420 3809; x_wconf 88' lang='lat' dir='ltr'><strong>tantum</strong></span> <span class='ocrx_word' id='word_1_376' title='bbox 441 3751 734 3823; x_wconf 80' lang='lat' dir='ltr'><strong>Evangelia</strong></span> <span class='ocrx_word' id='word_1_377' title='bbox 762 3760 888 3807; x_wconf 87' lang='lat' dir='ltr'><strong>sunt</strong></span> <span class='ocrx_word' id='word_1_378' title='bbox 914 3751 1164 3821; x_wconf 89' lang='lat' dir='ltr'><strong>probata,</strong></span> <span class='ocrx_word' id='word_1_379' title='bbox 1188 3767 1220 3806; x_wconf 89' lang='lat' dir='ltr'><strong>e</strong></span> <span class='ocrx_word' id='word_1_380' title='bbox 1236 3751 1433 3821; x_wconf 89' lang='lat' dir='ltr'><strong>quibus</strong></span> <span class='ocrx_word' id='word_1_381' title='bbox 1455 3752 1555 3806; x_wconf 81' lang='lat' dir='ltr'><strong>sub</strong></span> <span class='ocrx_word' id='word_1_382' title='bbox 1574 3766 1805 3821; x_wconf 86' lang='lat' dir='ltr'><strong>persona</strong></span> 
     </span>
    </p>
   </div>
   <div class='ocr_carea' id='block_1_52' title="bbox 211 3842 1804 3916">
    <p class='ocr_par' dir='ltr' id='par_1_52' title="bbox 211 3842 1804 3916">
     <span class='ocr_line' id='line_1_52' title="bbox 211 3842 1804 3916; baseline 0.001 -16"><span class='ocrx_word' id='word_1_383' title='bbox 211 3844 426 3900; x_wconf 88' lang='lat' dir='ltr'><strong>Domini</strong></span> <span class='ocrx_word' id='word_1_384' title='bbox 444 3852 499 3899; x_wconf 89' lang='lat' dir='ltr'><strong>et</strong></span> <span class='ocrx_word' id='word_1_385' title='bbox 517 3843 816 3900; x_wconf 86' lang='lat' dir='ltr'><strong>Salvatoris</strong></span> <span class='ocrx_word' id='word_1_386' title='bbox 838 3845 1005 3899; x_wconf 85' lang='lat' dir='ltr'><strong>nostri</strong></span> <span class='ocrx_word' id='word_1_387' title='bbox 1027 3842 1350 3914; x_wconf 80' lang='lat' dir='ltr'><strong>proferenda</strong></span> <span class='ocrx_word' id='word_1_388' title='bbox 1375 3854 1499 3899; x_wconf 89' lang='lat' dir='ltr'><strong>sunt</strong></span> <span class='ocrx_word' id='word_1_389' title='bbox 1527 3845 1804 3916; x_wconf 88' lang='lat' dir='ltr'><strong>dogmata.</strong></span> 
     </span>
    </p>
   </div>
   <div class='ocr_carea' id='block_1_53' title="bbox 207 3935 1803 4007">
    <p class='ocr_par' dir='ltr' id='par_1_53' title="bbox 207 3935 1803 4007">
     <span class='ocr_line' id='line_1_53' title="bbox 207 3935 1803 4007; baseline -0.001 -15"><span class='ocrx_word' id='word_1_390' title='bbox 207 3935 334 3993; x_wconf 88' lang='lat' dir='ltr'><strong>Scio</strong></span> <span class='ocrx_word' id='word_1_391' title='bbox 369 3935 640 4007; x_wconf 85' lang='lat' dir='ltr'><strong>quoddam</strong></span> <span class='ocrx_word' id='word_1_392' title='bbox 670 3936 1055 4006; x_wconf 84' lang='lat' dir='ltr'><strong>Evangelium,</strong></span> <span class='ocrx_word' id='word_1_393' title='bbox 1082 3937 1224 4006; x_wconf 89' lang='lat' dir='ltr'><strong>quod</strong></span> <span class='ocrx_word' id='word_1_394' title='bbox 1263 3938 1568 4007; x_wconf 86' lang='lat' dir='ltr'><strong>appellatur</strong></span> <span class='ocrx_word' id='word_1_395' title='bbox 1606 3952 1803 3994; x_wconf 83' lang='lat' dir='ltr'><strong>secun-</strong></span> 
     </span>
    </p>
   </div>
   <div class='ocr_carea' id='block_1_54' title="bbox 208 4026 1804 4101">
    <p class='ocr_par' dir='ltr' id='par_1_54' title="bbox 208 4026 1804 4101">
     <span class='ocr_line' id='line_1_54' title="bbox 208 4026 1804 4101; baseline 0.001 -18"><span class='ocrx_word' id='word_1_396' title='bbox 208 4026 333 4083; x_wconf 91' lang='lat' dir='ltr'><strong>dum</strong></span> <span class='ocrx_word' id='word_1_397' title='bbox 366 4027 654 4093; x_wconf 85' lang='lat' dir='ltr'><strong>Thomam,</strong></span> <span class='ocrx_word' id='word_1_398' title='bbox 683 4039 739 4084; x_wconf 89' lang='lat' dir='ltr'><strong>et</strong></span> <span class='ocrx_word' id='word_1_399' title='bbox 765 4030 913 4097; x_wconf 76' lang='lat' dir='ltr'><strong>juxta</strong></span> <span class='ocrx_word' id='word_1_400' title='bbox 939 4027 1245 4094; x_wconf 84' lang='lat' dir='ltr'><strong>Matthiam,</strong></span> <span class='ocrx_word' id='word_1_401' title='bbox 1277 4039 1331 4085; x_wconf 88' lang='lat' dir='ltr'><strong>et</strong></span> <span class='ocrx_word' id='word_1_402' title='bbox 1356 4031 1457 4085; x_wconf 89' lang='lat' dir='ltr'><strong>alia</strong></span> <span class='ocrx_word' id='word_1_403' title='bbox 1487 4031 1640 4100; x_wconf 87' lang='lat' dir='ltr'><strong>plura</strong></span> <span class='ocrx_word' id='word_1_404' title='bbox 1668 4030 1804 4101; x_wconf 85' lang='lat' dir='ltr'><strong>legi-</strong></span> 
     </span>
    </p>
   </div>
   <div class='ocr_carea' id='block_1_55' title="bbox 209 4120 1807 4195">
    <p class='ocr_par' dir='ltr' id='par_1_55' title="bbox 209 4120 1807 4195">
     <span class='ocr_line' id='line_1_55' title="bbox 209 4120 1807 4195; baseline 0.003 -19"><span class='ocrx_word' id='word_1_405' title='bbox 209 4135 350 4189; x_wconf 89' lang='lat' dir='ltr'><strong>mus,</strong></span> <span class='ocrx_word' id='word_1_406' title='bbox 386 4137 455 4177; x_wconf 89' lang='lat' dir='ltr'><strong>ne</strong></span> <span class='ocrx_word' id='word_1_407' title='bbox 482 4121 612 4193; x_wconf 86' lang='lat' dir='ltr'><strong>quid</strong></span> <span class='ocrx_word' id='word_1_408' title='bbox 661 4122 916 4193; x_wconf 86' lang='lat' dir='ltr'><strong>ignorare</strong></span> <span class='ocrx_word' id='word_1_409' title='bbox 965 4120 1300 4189; x_wconf 88' lang='lat' dir='ltr'><strong>videremur,</strong></span> <span class='ocrx_word' id='word_1_410' title='bbox 1340 4133 1560 4194; x_wconf 80' lang='lat' dir='ltr'><strong>propter</strong></span> <span class='ocrx_word' id='word_1_411' title='bbox 1585 4140 1681 4181; x_wconf 88' lang='lat' dir='ltr'><strong>eos</strong></span> <span class='ocrx_word' id='word_1_412' title='bbox 1715 4123 1807 4195; x_wconf 88' lang='lat' dir='ltr'><strong>qui</strong></span> 
     </span>
    </p>
   </div>
   <div class='ocr_carea' id='block_1_56' title="bbox 204 4213 1807 4286">
    <p class='ocr_par' dir='ltr' id='par_1_56' title="bbox 204 4213 1807 4286">
     <span class='ocr_line' id='line_1_56' title="bbox 204 4213 1807 4286; baseline 0.004 -17"><span class='ocrx_word' id='word_1_413' title='bbox 204 4225 267 4269; x_wconf 85' lang='lat' dir='ltr'><strong>se</strong></span> <span class='ocrx_word' id='word_1_414' title='bbox 295 4221 489 4284; x_wconf 82' lang='lat' dir='ltr'><strong>putant</strong></span> <span class='ocrx_word' id='word_1_415' title='bbox 504 4213 710 4286; x_wconf 87' lang='lat' dir='ltr'><strong>aliquid</strong></span> <span class='ocrx_word' id='word_1_416' title='bbox 731 4215 899 4281; x_wconf 84' lang='lat' dir='ltr'><strong>scire,</strong></span> <span class='ocrx_word' id='word_1_417' title='bbox 932 4215 978 4271; x_wconf 87' lang='lat' dir='ltr'><strong>si</strong></span> <span class='ocrx_word' id='word_1_418' title='bbox 997 4214 1101 4271; x_wconf 81' lang='lat' dir='ltr'><strong>ista</strong></span> <span class='ocrx_word' id='word_1_419' title='bbox 1123 4217 1495 4286; x_wconf 86' lang='lat' dir='ltr'><strong>cognoverint.</strong></span> <span class='ocrx_word' id='word_1_420' title='bbox 1513 4216 1618 4273; x_wconf 88' lang='lat' dir='ltr'><strong>Sed</strong></span> <span class='ocrx_word' id='word_1_421' title='bbox 1643 4217 1696 4272; x_wconf 93' lang='lat' dir='ltr'><strong>in</strong></span> <span class='ocrx_word' id='word_1_422' title='bbox 1722 4217 1807 4275; x_wconf 86' lang='lat' dir='ltr'><strong>his</strong></span> 
     </span>
    </p>
   </div>
   <div class='ocr_carea' id='block_1_57' title="bbox 205 4304 1803 4379">
    <p class='ocr_par' dir='ltr' id='par_1_57' title="bbox 205 4304 1803 4379">
     <span class='ocr_line' id='line_1_57' title="bbox 205 4304 1803 4379; baseline 0.003 -18"><span class='ocrx_word' id='word_1_423' title='bbox 205 4305 463 4362; x_wconf 85' lang='lat' dir='ltr'><strong>omnibus</strong></span> <span class='ocrx_word' id='word_1_424' title='bbox 510 4305 641 4363; x_wconf 88' lang='lat' dir='ltr'><strong>nihil</strong></span> <span class='ocrx_word' id='word_1_425' title='bbox 674 4304 820 4363; x_wconf 87' lang='lat' dir='ltr'><strong>aliud</strong></span> <span class='ocrx_word' id='word_1_426' title='bbox 848 4307 1165 4377; x_wconf 87' lang='lat' dir='ltr'><strong>probamus,</strong></span> <span class='ocrx_word' id='word_1_427' title='bbox 1216 4310 1317 4363; x_wconf 89' lang='lat' dir='ltr'><strong>nisi</strong></span> <span class='ocrx_word' id='word_1_428' title='bbox 1343 4309 1489 4379; x_wconf 88' lang='lat' dir='ltr'><strong>quod</strong></span> <span class='ocrx_word' id='word_1_429' title='bbox 1538 4309 1803 4376; x_wconf 85' lang='lat' dir='ltr'><strong>Ecclesia,</strong></span> 
     </span>
    </p>
   </div>
   <div class='ocr_carea' id='block_1_58' title="bbox 205 4399 1806 4473">
    <p class='ocr_par' dir='ltr' id='par_1_58' title="bbox 205 4399 1806 4473">
     <span class='ocr_line' id='line_1_58' title="bbox 205 4399 1806 4473; baseline 0.003 -18"><span class='ocrx_word' id='word_1_430' title='bbox 205 4399 258 4456; x_wconf 89' lang='lat' dir='ltr'><strong>id</strong></span> <span class='ocrx_word' id='word_1_431' title='bbox 289 4409 374 4456; x_wconf 84' lang='lat' dir='ltr'><strong>est</strong></span> <span class='ocrx_word' id='word_1_432' title='bbox 400 4410 634 4471; x_wconf 85' lang='lat' dir='ltr'><strong>quatuor</strong></span> <span class='ocrx_word' id='word_1_433' title='bbox 658 4410 867 4457; x_wconf 90' lang='lat' dir='ltr'><strong>tantum</strong></span> <span class='ocrx_word' id='word_1_434' title='bbox 895 4401 1191 4470; x_wconf 87' lang='lat' dir='ltr'><strong>Evangelia</strong></span> <span class='ocrx_word' id='word_1_435' title='bbox 1220 4402 1553 4473; x_wconf 89' lang='lat' dir='ltr'><strong>recipienda.</strong></span> <span class='ocrx_word' id='word_1_436' title='bbox 1579 4403 1703 4460; x_wconf 69' lang='lat' dir='ltr'><strong>Hmc</strong></span> <span class='ocrx_word' id='word_1_437' title='bbox 1727 4403 1806 4460; x_wconf 88' lang='lat' dir='ltr'><strong>id-</strong></span> 
     </span>
    </p>
   </div>
   <div class='ocr_carea' id='block_1_59' title="bbox 204 4492 1805 4566">
    <p class='ocr_par' dir='ltr' id='par_1_59' title="bbox 204 4492 1805 4566">
     <span class='ocr_line' id='line_1_59' title="bbox 204 4492 1805 4566; baseline 0.001 -17"><span class='ocrx_word' id='word_1_438' title='bbox 204 4492 375 4560; x_wconf 88' lang='lat' dir='ltr'><strong>circo,</strong></span> <span class='ocrx_word' id='word_1_439' title='bbox 404 4492 900 4566; x_wconf 54' lang='grc' dir='ltr'><strong>(μύθωξῶ</strong></span> <span class='ocrx_word' id='word_1_440' title='bbox 922 4494 973 4547; x_wconf 94' lang='lat' dir='ltr'><strong>in</strong></span> <span class='ocrx_word' id='word_1_441' title='bbox 999 4493 1268 4563; x_wconf 86' lang='lat' dir='ltr'><strong>principio</strong></span> <span class='ocrx_word' id='word_1_442' title='bbox 1290 4494 1489 4551; x_wconf 89' lang='lat' dir='ltr'><strong>lectum</strong></span> <span class='ocrx_word' id='word_1_443' title='bbox 1517 4494 1805 4552; x_wconf 76' lang='lat' dir='ltr'><strong>est:Multi</strong></span> 
     </span>
    </p>
   </div>
   <div class='ocr_carea' id='block_1_60' title="bbox 206 4586 1798 4661">
    <p class='ocr_par' dir='ltr' id='par_1_60' title="bbox 206 4586 1798 4661">
     <span class='ocr_line' id='line_1_60' title="bbox 206 4586 1798 4661; baseline 0.001 -20"><span class='ocrx_word' id='word_1_444' title='bbox 206 4586 390 4641; x_wconf 78' lang='lat' dir='ltr'><strong>conati</strong></span> <span class='ocrx_word' id='word_1_445' title='bbox 408 4595 530 4643; x_wconf 77' lang='lat' dir='ltr'><strong>sunt</strong></span> <span class='ocrx_word' id='word_1_446' title='bbox 550 4588 796 4642; x_wconf 86' lang='lat' dir='ltr'><strong>ordinare</strong></span> <span class='ocrx_word' id='word_1_447' title='bbox 808 4591 1167 4643; x_wconf 77' lang='lat' dir='ltr'><strong>narrationem</strong></span> <span class='ocrx_word' id='word_1_448' title='bbox 1186 4588 1249 4642; x_wconf 79' lang='lat' dir='ltr'><strong>a&#39;e</strong></span> <span class='ocrx_word' id='word_1_449' title='bbox 1268 4586 1350 4642; x_wconf 83' lang='lat' dir='ltr'><strong>his</strong></span> <span class='ocrx_word' id='word_1_450' title='bbox 1362 4589 1534 4653; x_wconf 82' lang='lat' dir='ltr'><strong>rebus,</strong></span> <span class='ocrx_word' id='word_1_451' title='bbox 1547 4605 1662 4661; x_wconf 61' lang='lat' dir='ltr'><strong>quae</strong></span> <span class='ocrx_word' id='word_1_452' title='bbox 1674 4606 1771 4644; x_wconf 85' lang='lat' dir='ltr'><strong>con</strong></span> <span class='ocrx_word' id='word_1_453' title='bbox 1786 4622 1798 4633; x_wconf 83' lang='lat'><strong>-</strong></span> 
     </span>
    </p>
   </div>
   <div class='ocr_carea' id='block_1_61' title="bbox 204 4679 1803 4753">
    <p class='ocr_par' dir='ltr' id='par_1_61' title="bbox 204 4679 1803 4753">
     <span class='ocr_line' id='line_1_61' title="bbox 204 4679 1803 4753; baseline 0.003 -19"><span class='ocrx_word' id='word_1_454' title='bbox 204 4681 433 4751; x_wconf 68' lang='lat' dir='ltr'><strong>(irritata:</strong></span> <span class='ocrx_word' id='word_1_455' title='bbox 453 4691 574 4736; x_wconf 77' lang='lat' dir='ltr'><strong>sunt</strong></span> <span class='ocrx_word' id='word_1_456' title='bbox 614 4681 670 4736; x_wconf 86' lang='lat' dir='ltr'><strong>in</strong></span> <span class='ocrx_word' id='word_1_457' title='bbox 698 4681 867 4737; x_wconf 81' lang='lat' dir='ltr'><strong>nobis.</strong></span> <span class='ocrx_word' id='word_1_458' title='bbox 918 4679 1000 4736; x_wconf 85' lang='lat' dir='ltr'><strong>Illi</strong></span> <span class='ocrx_word' id='word_1_459' title='bbox 1030 4688 1378 4738; x_wconf 86' lang='lat' dir='ltr'><strong>tentaverunt</strong></span> <span class='ocrx_word' id='word_1_460' title='bbox 1420 4690 1581 4753; x_wconf 89' lang='lat' dir='ltr'><strong>atque</strong></span> <span class='ocrx_word' id='word_1_461' title='bbox 1620 4686 1803 4739; x_wconf 87' lang='lat' dir='ltr'><strong>conati</strong></span> 
     </span>
    </p>
   </div>
   <div class='ocr_carea' id='block_1_62' title="bbox 204 4771 1805 4845">
    <p class='ocr_par' dir='ltr' id='par_1_62' title="bbox 204 4771 1805 4845">
     <span class='ocr_line' id='line_1_62' title="bbox 204 4771 1805 4845; baseline 0.001 -16"><span class='ocrx_word' id='word_1_462' title='bbox 204 4784 333 4829; x_wconf 89' lang='lat' dir='ltr'><strong>sunt</strong></span> <span class='ocrx_word' id='word_1_463' title='bbox 360 4773 431 4829; x_wconf 90' lang='lat' dir='ltr'><strong>de</strong></span> <span class='ocrx_word' id='word_1_464' title='bbox 459 4774 547 4830; x_wconf 89' lang='lat' dir='ltr'><strong>his</strong></span> <span class='ocrx_word' id='word_1_465' title='bbox 578 4773 741 4831; x_wconf 88' lang='lat' dir='ltr'><strong>rebus</strong></span> <span class='ocrx_word' id='word_1_466' title='bbox 769 4771 1038 4839; x_wconf 88' lang='lat' dir='ltr'><strong>scribere,</strong></span> <span class='ocrx_word' id='word_1_467' title='bbox 1064 4790 1184 4845; x_wconf 82' lang='lat' dir='ltr'><strong>qum</strong></span> <span class='ocrx_word' id='word_1_468' title='bbox 1215 4776 1267 4829; x_wconf 93' lang='lat' dir='ltr'><strong>in</strong></span> <span class='ocrx_word' id='word_1_469' title='bbox 1298 4774 1453 4831; x_wconf 92' lang='lat' dir='ltr'><strong>nobis</strong></span> <span class='ocrx_word' id='word_1_470' title='bbox 1475 4775 1805 4832; x_wconf 81' lang='lat' dir='ltr'><strong>manifestis-</strong></span> 
     </span>
    </p>
   </div>
   <div class='ocr_carea' id='block_1_63' title="bbox 204 4868 1805 4939">
    <p class='ocr_par' dir='ltr' id='par_1_63' title="bbox 204 4868 1805 4939">
     <span class='ocr_line' id='line_1_63' title="bbox 204 4868 1805 4939; baseline 0.002 -15"><span class='ocrx_word' id='word_1_471' title='bbox 204 4868 342 4925; x_wconf 83' lang='lat' dir='ltr'><strong>sime</strong></span> <span class='ocrx_word' id='word_1_472' title='bbox 376 4877 508 4925; x_wconf 88' lang='lat' dir='ltr'><strong>sunt</strong></span> <span class='ocrx_word' id='word_1_473' title='bbox 550 4878 867 4939; x_wconf 62' lang='lat' dir='ltr'><strong>compertas.</strong></span> <span class='ocrx_word' id='word_1_474' title='bbox 898 4870 1161 4926; x_wconf 73' lang='lat' dir='ltr'><strong>Effectum</strong></span> <span class='ocrx_word' id='word_1_475' title='bbox 1193 4885 1349 4925; x_wconf 90' lang='lat' dir='ltr'><strong>suum</strong></span> <span class='ocrx_word' id='word_1_476' title='bbox 1394 4869 1568 4925; x_wconf 86' lang='lat' dir='ltr'><strong>Lucas</strong></span> <span class='ocrx_word' id='word_1_477' title='bbox 1598 4870 1805 4927; x_wconf 87' lang='lat' dir='ltr'><strong>indicat</strong></span> 
     </span>
    </p>
   </div>
   <div class='ocr_carea' id='block_1_64' title="bbox 202 4963 1804 5035">
    <p class='ocr_par' dir='ltr' id='par_1_64' title="bbox 202 4963 1804 5035">
     <span class='ocr_line' id='line_1_64' title="bbox 202 4963 1804 5035; baseline 0.001 -19"><span class='ocrx_word' id='word_1_478' title='bbox 202 4976 265 5017; x_wconf 83' lang='lat' dir='ltr'><strong>ex</strong></span> <span class='ocrx_word' id='word_1_479' title='bbox 292 4976 576 5029; x_wconf 83' lang='lat' dir='ltr'><strong>sermone,</strong></span> <span class='ocrx_word' id='word_1_480' title='bbox 620 4978 728 5033; x_wconf 87' lang='lat' dir='ltr'><strong>quo</strong></span> <span class='ocrx_word' id='word_1_481' title='bbox 775 4963 851 5018; x_wconf 91' lang='lat' dir='ltr'><strong>ait</strong></span> <span class='ocrx_word' id='word_1_482' title='bbox 882 4980 897 5017; x_wconf 87' lang='lat'><strong>:</strong></span> <span class='ocrx_word' id='word_1_483' title='bbox 928 4963 999 5019; x_wconf 86' lang='lat' dir='ltr'><strong>In</strong></span> <span class='ocrx_word' id='word_1_484' title='bbox 1035 4964 1183 5019; x_wconf 84' lang='lat' dir='ltr'><strong>nobis</strong></span> <span class='ocrx_word' id='word_1_485' title='bbox 1227 4964 1643 5035; x_wconf 78' lang='lat' dir='ltr'><strong>manifestissime</strong></span> <span class='ocrx_word' id='word_1_486' title='bbox 1687 4971 1804 5018; x_wconf 80' lang='lat' dir='ltr'><strong>sunt</strong></span> 
     </span>
    </p>
   </div>
   <div class='ocr_carea' id='block_1_65' title="bbox 1903 2451 3505 2525">
    <p class='ocr_par' dir='ltr' id='par_1_65' title="bbox 1903 2451 3505 2525">
     <span class='ocr_line' id='line_1_65' title="bbox 1903 2451 3505 2525; baseline 0.001 -19"><span class='ocrx_word' id='word_1_487' title='bbox 1903 2452 2101 2523; x_wconf 87' lang='lat' dir='ltr'><strong>quidve</strong></span> <span class='ocrx_word' id='word_1_488' title='bbox 2133 2451 2324 2507; x_wconf 79' lang='lat' dir='ltr'><strong>falsum</strong></span> <span class='ocrx_word' id='word_1_489' title='bbox 2357 2452 2453 2507; x_wconf 89' lang='lat' dir='ltr'><strong>sit.</strong></span> <span class='ocrx_word' id='word_1_490' title='bbox 2478 2453 2634 2508; x_wconf 81' lang='lat' dir='ltr'><strong>Sicut</strong></span> <span class='ocrx_word' id='word_1_491' title='bbox 2663 2454 2986 2508; x_wconf 77' lang='lat' dir='ltr'><strong>tradiderunt</strong></span> <span class='ocrx_word' id='word_1_492' title='bbox 3012 2454 3176 2516; x_wconf 84' lang='lat' dir='ltr'><strong>nobis,</strong></span> <span class='ocrx_word' id='word_1_493' title='bbox 3201 2454 3292 2525; x_wconf 75' lang='lat' dir='ltr'><strong>qui</strong></span> <span class='ocrx_word' id='word_1_494' title='bbox 3313 2454 3375 2507; x_wconf 77' lang='lat' dir='ltr'><strong>ab</strong></span> <span class='ocrx_word' id='word_1_495' title='bbox 3396 2455 3505 2508; x_wconf 81' lang='lat' dir='ltr'><strong>ini-</strong></span> 
     </span>
    </p>
   </div>
   <div class='ocr_carea' id='block_1_66' title="bbox 1901 2544 3506 2616">
    <p class='ocr_par' dir='ltr' id='par_1_66' title="bbox 1901 2544 3506 2616">
     <span class='ocr_line' id='line_1_66' title="bbox 1901 2544 3506 2616; baseline 0.001 -16"><span class='ocrx_word' id='word_1_496' title='bbox 1901 2546 1972 2600; x_wconf 87' lang='lat' dir='ltr'><strong>tio</strong></span> <span class='ocrx_word' id='word_1_497' title='bbox 1999 2546 2097 2616; x_wconf 91' lang='lat' dir='ltr'><strong>ipsi</strong></span> <span class='ocrx_word' id='word_1_498' title='bbox 2112 2544 2370 2614; x_wconf 79' lang='lat' dir='ltr'><strong>riderunt,</strong></span> <span class='ocrx_word' id='word_1_499' title='bbox 2399 2556 2448 2599; x_wconf 82' lang='lat' dir='ltr'><strong>et</strong></span> <span class='ocrx_word' id='word_1_500' title='bbox 2469 2545 2693 2599; x_wconf 83' lang='lat' dir='ltr'><strong>ministri</strong></span> <span class='ocrx_word' id='word_1_501' title='bbox 2718 2547 2931 2616; x_wconf 69' lang='lat' dir='ltr'><strong>[tierunt</strong></span> <span class='ocrx_word' id='word_1_502' title='bbox 2946 2546 3218 2600; x_wconf 77' lang='lat' dir='ltr'><strong>semonis.</strong></span> <span class='ocrx_word' id='word_1_503' title='bbox 3239 2545 3295 2600; x_wconf 88' lang='lat' dir='ltr'><strong>In</strong></span> <span class='ocrx_word' id='word_1_504' title='bbox 3314 2546 3506 2601; x_wconf 75' lang='lat' dir='ltr'><strong>Exodo</strong></span> 
     </span>
    </p>
   </div>
   <div class='ocr_carea' id='block_1_67' title="bbox 1900 2636 3503 2712">
    <p class='ocr_par' dir='ltr' id='par_1_67' title="bbox 1900 2636 3503 2712">
     <span class='ocr_line' id='line_1_67' title="bbox 1900 2636 3503 2712; baseline 0.003 -20"><span class='ocrx_word' id='word_1_505' title='bbox 1900 2638 2157 2707; x_wconf 87' lang='lat' dir='ltr'><strong>scriptum</strong></span> <span class='ocrx_word' id='word_1_506' title='bbox 2192 2654 2206 2693; x_wconf 92' lang='lat'><strong>:</strong></span> <span class='ocrx_word' id='word_1_507' title='bbox 2241 2636 2477 2708; x_wconf 80' lang='lat' dir='ltr'><strong>Populus</strong></span> <span class='ocrx_word' id='word_1_508' title='bbox 2528 2637 2729 2693; x_wconf 81' lang='lat' dir='ltr'><strong>videbat</strong></span> <span class='ocrx_word' id='word_1_509' title='bbox 2776 2653 2950 2691; x_wconf 81' lang='lat' dir='ltr'><strong>rocem</strong></span> <span class='ocrx_word' id='word_1_510' title='bbox 2990 2637 3091 2693; x_wconf 78' lang='lat' dir='ltr'><strong>Dei</strong></span> <span class='ocrx_word' id='word_1_511' title='bbox 3131 2637 3330 2710; x_wconf 71' lang='lat' dir='ltr'><strong>(Exod.</strong></span> <span class='ocrx_word' id='word_1_512' title='bbox 3364 2638 3503 2712; x_wconf 73' lang='grc' dir='ltr'>ιιι).</span> 
     </span>
    </p>
   </div>
   <div class='ocr_carea' id='block_1_68' title="bbox 1902 2729 3503 2801">
    <p class='ocr_par' dir='ltr' id='par_1_68' title="bbox 1902 2729 3503 2801">
     <span class='ocr_line' id='line_1_68' title="bbox 1902 2729 3503 2801; baseline 0.001 -16"><span class='ocrx_word' id='word_1_513' title='bbox 1902 2730 1969 2785; x_wconf 83' lang='grc' dir='ltr'>Ει</span> <span class='ocrx_word' id='word_1_514' title='bbox 1997 2739 2149 2784; x_wconf 89' lang='lat' dir='ltr'><strong>certe</strong></span> <span class='ocrx_word' id='word_1_515' title='bbox 2179 2745 2277 2784; x_wconf 82' lang='lat' dir='ltr'><strong>vox</strong></span> <span class='ocrx_word' id='word_1_516' title='bbox 2326 2729 2542 2783; x_wconf 88' lang='lat' dir='ltr'><strong>auditur</strong></span> <span class='ocrx_word' id='word_1_517' title='bbox 2571 2729 2721 2799; x_wconf 87' lang='lat' dir='ltr'><strong>prius</strong></span> <span class='ocrx_word' id='word_1_518' title='bbox 2752 2744 2911 2799; x_wconf 91' lang='lat' dir='ltr'><strong>quam</strong></span> <span class='ocrx_word' id='word_1_519' title='bbox 2944 2730 3160 2787; x_wconf 87' lang='lat' dir='ltr'><strong>videtur</strong></span> <span class='ocrx_word' id='word_1_520' title='bbox 3186 2746 3201 2796; x_wconf 90' lang='lat'><strong>;</strong></span> <span class='ocrx_word' id='word_1_521' title='bbox 3234 2730 3329 2786; x_wconf 87' lang='lat' dir='ltr'><strong>sed</strong></span> <span class='ocrx_word' id='word_1_522' title='bbox 3374 2746 3503 2801; x_wconf 85' lang='lat' dir='ltr'><strong>pro-</strong></span> 
     </span>
    </p>
   </div>
   <div class='ocr_carea' id='block_1_69' title="bbox 1900 2822 3503 2891">
    <p class='ocr_par' dir='ltr' id='par_1_69' title="bbox 1900 2822 3503 2891">
     <span class='ocr_line' id='line_1_69' title="bbox 1900 2822 3503 2891; baseline 0.001 -14"><span class='ocrx_word' id='word_1_523' title='bbox 1900 2832 2085 2891; x_wconf 85' lang='lat' dir='ltr'><strong>pterea</strong></span> <span class='ocrx_word' id='word_1_524' title='bbox 2112 2823 2372 2891; x_wconf 88' lang='lat' dir='ltr'><strong>scriptum</strong></span> <span class='ocrx_word' id='word_1_525' title='bbox 2402 2828 2509 2886; x_wconf 91' lang='lat' dir='ltr'><strong>est,</strong></span> <span class='ocrx_word' id='word_1_526' title='bbox 2541 2830 2601 2876; x_wconf 92' lang='lat' dir='ltr'><strong>ut</strong></span> <span class='ocrx_word' id='word_1_527' title='bbox 2623 2822 3006 2878; x_wconf 87' lang='lat' dir='ltr'><strong>ostenderetur</strong></span> <span class='ocrx_word' id='word_1_528' title='bbox 3032 2823 3190 2879; x_wconf 88' lang='lat' dir='ltr'><strong>nobis</strong></span> <span class='ocrx_word' id='word_1_529' title='bbox 3220 2823 3341 2877; x_wconf 89' lang='lat' dir='ltr'><strong>aliis</strong></span> <span class='ocrx_word' id='word_1_530' title='bbox 3367 2837 3503 2878; x_wconf 90' lang='lat' dir='ltr'><strong>ocu-</strong></span> 
     </span>
    </p>
   </div>
   <div class='ocr_carea' id='block_1_70' title="bbox 1901 2914 3508 2987">
    <p class='ocr_par' dir='ltr' id='par_1_70' title="bbox 1901 2914 3508 2987">
     <span class='ocr_line' id='line_1_70' title="bbox 1901 2914 3508 2987; baseline 0.002 -18"><span class='ocrx_word' id='word_1_531' title='bbox 1901 2915 1967 2970; x_wconf 89' lang='lat' dir='ltr'><strong>lis</strong></span> <span class='ocrx_word' id='word_1_532' title='bbox 1992 2915 2183 2970; x_wconf 85' lang='lat' dir='ltr'><strong>videre</strong></span> <span class='ocrx_word' id='word_1_533' title='bbox 2206 2929 2396 2969; x_wconf 81' lang='lat' dir='ltr'><strong>vecctn</strong></span> <span class='ocrx_word' id='word_1_534' title='bbox 2429 2914 2546 2977; x_wconf 85' lang='lat' dir='ltr'><strong>Dei,</strong></span> <span class='ocrx_word' id='word_1_535' title='bbox 2580 2914 2780 2983; x_wconf 87' lang='lat' dir='ltr'><strong>quibus</strong></span> <span class='ocrx_word' id='word_1_536' title='bbox 2802 2914 2950 2969; x_wconf 87' lang='lat' dir='ltr'><strong>illam</strong></span> <span class='ocrx_word' id='word_1_537' title='bbox 2979 2916 3247 2987; x_wconf 86' lang='lat' dir='ltr'><strong>aspiciunt</strong></span> <span class='ocrx_word' id='word_1_538' title='bbox 3274 2917 3363 2987; x_wconf 91' lang='lat' dir='ltr'><strong>qui</strong></span> <span class='ocrx_word' id='word_1_539' title='bbox 3394 2930 3508 2972; x_wconf 80' lang='lat' dir='ltr'><strong>tuo-</strong></span> 
     </span>
    </p>
   </div>
   <div class='ocr_carea' id='block_1_71' title="bbox 1901 3006 3505 3078">
    <p class='ocr_par' dir='ltr' id='par_1_71' title="bbox 1901 3006 3505 3078">
     <span class='ocr_line' id='line_1_71' title="bbox 1901 3006 3505 3078; baseline 0 -14"><span class='ocrx_word' id='word_1_540' title='bbox 1901 3019 2110 3064; x_wconf 89' lang='lat' dir='ltr'><strong>reutur.</strong></span> <span class='ocrx_word' id='word_1_541' title='bbox 2157 3008 2330 3063; x_wconf 85' lang='lat' dir='ltr'><strong>Porto</strong></span> <span class='ocrx_word' id='word_1_542' title='bbox 2358 3007 2414 3062; x_wconf 89' lang='lat' dir='ltr'><strong>in</strong></span> <span class='ocrx_word' id='word_1_543' title='bbox 2447 3006 2744 3077; x_wconf 89' lang='lat' dir='ltr'><strong>Evangelio</strong></span> <span class='ocrx_word' id='word_1_544' title='bbox 2792 3022 2899 3063; x_wconf 85' lang='lat' dir='ltr'><strong>non</strong></span> <span class='ocrx_word' id='word_1_545' title='bbox 2950 3024 3053 3063; x_wconf 78' lang='lat' dir='ltr'><strong>vox</strong></span> <span class='ocrx_word' id='word_1_546' title='bbox 3100 3010 3362 3078; x_wconf 87' lang='lat' dir='ltr'><strong>cernitur,</strong></span> <span class='ocrx_word' id='word_1_547' title='bbox 3408 3008 3505 3064; x_wconf 81' lang='lat' dir='ltr'><strong>sed</strong></span> 
     </span>
    </p>
   </div>
   <div class='ocr_carea' id='block_1_72' title="bbox 1903 3100 3502 3174">
    <p class='ocr_par' dir='ltr' id='par_1_72' title="bbox 1903 3100 3502 3174">
     <span class='ocr_line' id='line_1_72' title="bbox 1903 3100 3502 3174; baseline 0 -16"><span class='ocrx_word' id='word_1_548' title='bbox 1903 3120 2111 3171; x_wconf 89' lang='lat' dir='ltr'><strong>sermo,</strong></span> <span class='ocrx_word' id='word_1_549' title='bbox 2141 3103 2234 3174; x_wconf 91' lang='lat' dir='ltr'><strong>qui</strong></span> <span class='ocrx_word' id='word_1_550' title='bbox 2262 3116 2394 3157; x_wconf 82' lang='lat' dir='ltr'><strong>voce</strong></span> <span class='ocrx_word' id='word_1_551' title='bbox 2422 3100 2766 3171; x_wconf 83' lang='lat' dir='ltr'><strong>praestantior</strong></span> <span class='ocrx_word' id='word_1_552' title='bbox 2788 3110 2891 3156; x_wconf 83' lang='lat' dir='ltr'><strong>est.</strong></span> <span class='ocrx_word' id='word_1_553' title='bbox 2917 3101 3069 3158; x_wconf 87' lang='lat' dir='ltr'><strong>Unde</strong></span> <span class='ocrx_word' id='word_1_554' title='bbox 3095 3117 3238 3157; x_wconf 91' lang='lat' dir='ltr'><strong>nunc</strong></span> <span class='ocrx_word' id='word_1_555' title='bbox 3265 3102 3464 3159; x_wconf 88' lang='lat' dir='ltr'><strong>dicitur</strong></span> <span class='ocrx_word' id='word_1_556' title='bbox 3486 3119 3502 3158; x_wconf 91' lang='lat'><strong>:</strong></span> 
     </span>
    </p>
   </div>
   <div class='ocr_carea' id='block_1_73' title="bbox 1908 3195 3508 3268">
    <p class='ocr_par' dir='ltr' id='par_1_73' title="bbox 1908 3195 3508 3268">
     <span class='ocr_line' id='line_1_73' title="bbox 1908 3195 3508 3268; baseline 0 -17"><span class='ocrx_word' id='word_1_557' title='bbox 1908 3199 2053 3253; x_wconf 82' lang='lat' dir='ltr'><strong>Sicut</strong></span> <span class='ocrx_word' id='word_1_558' title='bbox 2081 3197 2146 3252; x_wconf 82' lang='lat' dir='ltr'><strong>ab</strong></span> <span class='ocrx_word' id='word_1_559' title='bbox 2182 3197 2332 3252; x_wconf 85' lang='lat' dir='ltr'><strong>initio</strong></span> <span class='ocrx_word' id='word_1_560' title='bbox 2376 3196 2705 3249; x_wconf 77' lang='lat' dir='ltr'><strong>tradiderunt</strong></span> <span class='ocrx_word' id='word_1_561' title='bbox 2735 3195 2903 3263; x_wconf 81' lang='lat' dir='ltr'><strong>nobis,</strong></span> <span class='ocrx_word' id='word_1_562' title='bbox 2946 3198 3035 3267; x_wconf 84' lang='lat' dir='ltr'><strong>qui</strong></span> <span class='ocrx_word' id='word_1_563' title='bbox 3060 3213 3093 3249; x_wconf 93' lang='lat' dir='ltr'><strong>a</strong></span> <span class='ocrx_word' id='word_1_564' title='bbox 3120 3197 3377 3267; x_wconf 83' lang='lat' dir='ltr'><strong>principio</strong></span> <span class='ocrx_word' id='word_1_565' title='bbox 3406 3197 3508 3268; x_wconf 83' lang='lat' dir='ltr'><strong>ipsi</strong></span> 
     </span>
    </p>
   </div>
   <div class='ocr_carea' id='block_1_74' title="bbox 1904 3289 3508 3361">
    <p class='ocr_par' dir='ltr' id='par_1_74' title="bbox 1904 3289 3508 3361">
     <span class='ocr_line' id='line_1_74' title="bbox 1904 3289 3508 3361; baseline -0.001 -15"><span class='ocrx_word' id='word_1_566' title='bbox 1904 3294 2158 3356; x_wconf 62' lang='lat' dir='ltr'><strong>viderunt,</strong></span> <span class='ocrx_word' id='word_1_567' title='bbox 2185 3302 2231 3345; x_wconf 82' lang='lat' dir='ltr'><strong>et</strong></span> <span class='ocrx_word' id='word_1_568' title='bbox 2262 3290 2484 3343; x_wconf 86' lang='lat' dir='ltr'><strong>ministri</strong></span> <span class='ocrx_word' id='word_1_569' title='bbox 2511 3290 2719 3359; x_wconf 71' lang='lat' dir='ltr'><strong>{tierunt</strong></span> <span class='ocrx_word' id='word_1_570' title='bbox 2755 3289 3024 3345; x_wconf 76' lang='lat' dir='ltr'><strong>sermonis.</strong></span> <span class='ocrx_word' id='word_1_571' title='bbox 3054 3289 3221 3359; x_wconf 74' lang='lat' dir='ltr'><strong>Igitur</strong></span> <span class='ocrx_word' id='word_1_572' title='bbox 3263 3289 3508 3361; x_wconf 80' lang='lat' dir='ltr'><strong>Apostoli</strong></span> 
     </span>
    </p>
   </div>
   <div class='ocr_carea' id='block_1_75' title="bbox 1904 3382 3507 3455">
    <p class='ocr_par' dir='ltr' id='par_1_75' title="bbox 1904 3382 3507 3455">
     <span class='ocr_line' id='line_1_75' title="bbox 1904 3382 3507 3455; baseline -0.001 -16"><span class='ocrx_word' id='word_1_573' title='bbox 1904 3385 2004 3455; x_wconf 83' lang='lat' dir='ltr'><strong>ipsi</strong></span> <span class='ocrx_word' id='word_1_574' title='bbox 2027 3385 2285 3439; x_wconf 88' lang='lat' dir='ltr'><strong>viderunt</strong></span> <span class='ocrx_word' id='word_1_575' title='bbox 2306 3396 2646 3437; x_wconf 84' lang='lat' dir='ltr'><strong>sermonem:</strong></span> <span class='ocrx_word' id='word_1_576' title='bbox 2675 3396 2781 3436; x_wconf 88' lang='lat' dir='ltr'><strong>non</strong></span> <span class='ocrx_word' id='word_1_577' title='bbox 2808 3382 2933 3449; x_wconf 89' lang='lat' dir='ltr'><strong>quia</strong></span> <span class='ocrx_word' id='word_1_578' title='bbox 2960 3393 3287 3453; x_wconf 77' lang='lat' dir='ltr'><strong>aspexerant</strong></span> <span class='ocrx_word' id='word_1_579' title='bbox 3310 3396 3507 3447; x_wconf 86' lang='lat' dir='ltr'><strong>corpus</strong></span> 
     </span>
    </p>
   </div>
   <div class='ocr_carea' id='block_1_76' title="bbox 1910 3475 3509 3545">
    <p class='ocr_par' dir='ltr' id='par_1_76' title="bbox 1910 3475 3509 3545">
     <span class='ocr_line' id='line_1_76' title="bbox 1910 3475 3509 3545; baseline 0 -13"><span class='ocrx_word' id='word_1_580' title='bbox 1910 3479 2119 3533; x_wconf 77' lang='lat' dir='ltr'><strong>Domini</strong></span> <span class='ocrx_word' id='word_1_581' title='bbox 2171 3476 2509 3541; x_wconf 83' lang='lat' dir='ltr'><strong>Salvatoris;</strong></span> <span class='ocrx_word' id='word_1_582' title='bbox 2564 3475 2658 3530; x_wconf 89' lang='lat' dir='ltr'><strong>sed</strong></span> <span class='ocrx_word' id='word_1_583' title='bbox 2699 3475 2826 3545; x_wconf 87' lang='lat' dir='ltr'><strong>quia</strong></span> <span class='ocrx_word' id='word_1_584' title='bbox 2877 3476 3103 3531; x_wconf 88' lang='lat' dir='ltr'><strong>verbum</strong></span> <span class='ocrx_word' id='word_1_585' title='bbox 3139 3476 3398 3531; x_wconf 88' lang='lat' dir='ltr'><strong>viderunt</strong></span> <span class='ocrx_word' id='word_1_586' title='bbox 3448 3475 3509 3532; x_wconf 91' lang='lat' dir='ltr'><strong>Si</strong></span> 
     </span>
    </p>
   </div>
   <div class='ocr_carea' id='block_1_77' title="bbox 1905 3566 3513 3640">
    <p class='ocr_par' dir='ltr' id='par_1_77' title="bbox 1905 3566 3513 3640">
     <span class='ocr_line' id='line_1_77' title="bbox 1905 3566 3513 3640; baseline -0.002 -14"><span class='ocrx_word' id='word_1_587' title='bbox 1905 3571 2048 3627; x_wconf 89' lang='lat' dir='ltr'><strong>enim</strong></span> <span class='ocrx_word' id='word_1_588' title='bbox 2071 3570 2225 3640; x_wconf 79' lang='lat' dir='ltr'><strong>juxta</strong></span> <span class='ocrx_word' id='word_1_589' title='bbox 2264 3582 2461 3637; x_wconf 90' lang='lat' dir='ltr'><strong>corpus</strong></span> <span class='ocrx_word' id='word_1_590' title='bbox 2489 3566 2760 3623; x_wconf 84' lang='lat' dir='ltr'><strong>vidissent</strong></span> <span class='ocrx_word' id='word_1_591' title='bbox 2796 3567 3005 3633; x_wconf 84' lang='lat' dir='ltr'><strong>.lesum,</strong></span> <span class='ocrx_word' id='word_1_592' title='bbox 3041 3568 3145 3622; x_wconf 83' lang='lat' dir='ltr'><strong>hoc</strong></span> <span class='ocrx_word' id='word_1_593' title='bbox 3175 3576 3282 3635; x_wconf 89' lang='lat' dir='ltr'><strong>est,</strong></span> <span class='ocrx_word' id='word_1_594' title='bbox 3307 3566 3405 3622; x_wconf 85' lang='lat' dir='ltr'><strong>Dei</strong></span> <span class='ocrx_word' id='word_1_595' title='bbox 3433 3568 3513 3623; x_wconf 85' lang='lat' dir='ltr'><strong>vi-</strong></span> 
     </span>
    </p>
   </div>
   <div class='ocr_carea' id='block_1_78' title="bbox 1912 3661 3510 3732">
    <p class='ocr_par' dir='ltr' id='par_1_78' title="bbox 1912 3661 3510 3732">
     <span class='ocr_line' id='line_1_78' title="bbox 1912 3661 3510 3732; baseline -0.003 -13"><span class='ocrx_word' id='word_1_596' title='bbox 1912 3666 2122 3721; x_wconf 82' lang='lat' dir='ltr'><strong>dissent</strong></span> <span class='ocrx_word' id='word_1_597' title='bbox 2143 3677 2479 3728; x_wconf 77' lang='lat' dir='ltr'><strong>set-itionem,</strong></span> <span class='ocrx_word' id='word_1_598' title='bbox 2511 3676 2644 3732; x_wconf 82' lang='lat' dir='ltr'><strong>ergo</strong></span> <span class='ocrx_word' id='word_1_599' title='bbox 2670 3674 2724 3717; x_wconf 88' lang='lat' dir='ltr'><strong>et</strong></span> <span class='ocrx_word' id='word_1_600' title='bbox 2749 3661 2952 3717; x_wconf 81' lang='lat' dir='ltr'><strong>Pilatus</strong></span> <span class='ocrx_word' id='word_1_601' title='bbox 2976 3661 3065 3732; x_wconf 89' lang='lat' dir='ltr'><strong>qui</strong></span> <span class='ocrx_word' id='word_1_602' title='bbox 3104 3661 3510 3728; x_wconf 72' lang='lat' dir='ltr'><strong>condemnavit,</strong></span> 
     </span>
    </p>
   </div>
   <div class='ocr_carea' id='block_1_79' title="bbox 1912 3758 3510 3830">
    <p class='ocr_par' dir='ltr' id='par_1_79' title="bbox 1912 3758 3510 3830">
     <span class='ocr_line' id='line_1_79' title="bbox 1912 3758 3510 3830; baseline -0.003 -15"><span class='ocrx_word' id='word_1_603' title='bbox 1912 3774 2218 3817; x_wconf 88' lang='lat' dir='ltr'><strong>sermonem</strong></span> <span class='ocrx_word' id='word_1_604' title='bbox 2245 3762 2341 3816; x_wconf 88' lang='lat' dir='ltr'><strong>Dei</strong></span> <span class='ocrx_word' id='word_1_605' title='bbox 2367 3761 2518 3828; x_wconf 85' lang='lat' dir='ltr'><strong>vidit,</strong></span> <span class='ocrx_word' id='word_1_606' title='bbox 2550 3770 2606 3817; x_wconf 89' lang='lat' dir='ltr'><strong>et</strong></span> <span class='ocrx_word' id='word_1_607' title='bbox 2633 3761 2803 3816; x_wconf 82' lang='lat' dir='ltr'><strong>.lndas</strong></span> <span class='ocrx_word' id='word_1_608' title='bbox 2829 3759 3097 3830; x_wconf 90' lang='lat' dir='ltr'><strong>proditor,</strong></span> <span class='ocrx_word' id='word_1_609' title='bbox 3128 3766 3184 3813; x_wconf 89' lang='lat' dir='ltr'><strong>ct</strong></span> <span class='ocrx_word' id='word_1_610' title='bbox 3206 3772 3399 3813; x_wconf 87' lang='lat' dir='ltr'><strong>omnes</strong></span> <span class='ocrx_word' id='word_1_611' title='bbox 3419 3758 3510 3828; x_wconf 87' lang='lat' dir='ltr'><strong>qui</strong></span> 
     </span>
    </p>
   </div>
   <div class='ocr_carea' id='block_1_80' title="bbox 1907 3850 3507 3924">
    <p class='ocr_par' dir='ltr' id='par_1_80' title="bbox 1907 3850 3507 3924">
     <span class='ocr_line' id='line_1_80' title="bbox 1907 3850 3507 3924; baseline -0.001 -18"><span class='ocrx_word' id='word_1_612' title='bbox 1907 3852 2285 3908; x_wconf 87' lang='lat' dir='ltr'><strong>clamaverunt</strong></span> <span class='ocrx_word' id='word_1_613' title='bbox 2311 3871 2325 3908; x_wconf 85' lang='lat'><strong>:</strong></span> <span class='ocrx_word' id='word_1_614' title='bbox 2359 3851 2637 3924; x_wconf 82' lang='lat' dir='ltr'><strong>Cruciﬁge,</strong></span> <span class='ocrx_word' id='word_1_615' title='bbox 2665 3853 2912 3923; x_wconf 78' lang='lat' dir='ltr'><strong>crnciﬁge</strong></span> <span class='ocrx_word' id='word_1_616' title='bbox 2949 3867 3067 3905; x_wconf 83' lang='lat' dir='ltr'><strong>cum</strong></span> <span class='ocrx_word' id='word_1_617' title='bbox 3093 3850 3310 3917; x_wconf 77' lang='lat' dir='ltr'><strong>(il/ouk.</strong></span> <span class='ocrx_word' id='word_1_618' title='bbox 3337 3850 3507 3921; x_wconf 74' lang='lat' dir='ltr'><strong>xx&quot;),</strong></span> 
     </span>
    </p>
   </div>
   <div class='ocr_carea' id='block_1_81' title="bbox 1910 3939 3513 4008">
    <p class='ocr_par' dir='ltr' id='par_1_81' title="bbox 1910 3939 3513 4008">
     <span class='ocr_line' id='line_1_81' title="bbox 1910 3939 3513 4008; baseline 0.001 -13"><span class='ocrx_word' id='word_1_619' title='bbox 1910 3943 2040 3997; x_wconf 90' lang='lat' dir='ltr'><strong>tolle</strong></span> <span class='ocrx_word' id='word_1_620' title='bbox 2052 3943 2120 3998; x_wconf 86' lang='lat' dir='ltr'><strong>de</strong></span> <span class='ocrx_word' id='word_1_621' title='bbox 2142 3950 2308 4008; x_wconf 87' lang='lat' dir='ltr'><strong>terra,</strong></span> <span class='ocrx_word' id='word_1_622' title='bbox 2324 3943 2485 3998; x_wconf 80' lang='lat' dir='ltr'><strong>talem</strong></span> <span class='ocrx_word' id='word_1_623' title='bbox 2502 3942 2595 3999; x_wconf 89' lang='lat' dir='ltr'><strong>Dei</strong></span> <span class='ocrx_word' id='word_1_624' title='bbox 2615 3943 2874 3997; x_wconf 87' lang='lat' dir='ltr'><strong>viderunt</strong></span> <span class='ocrx_word' id='word_1_625' title='bbox 2894 3956 3225 3997; x_wconf 89' lang='lat' dir='ltr'><strong>sermonem.</strong></span> <span class='ocrx_word' id='word_1_626' title='bbox 3246 3939 3352 3997; x_wconf 86' lang='lat' dir='ltr'><strong>Sed</strong></span> <span class='ocrx_word' id='word_1_627' title='bbox 3370 3941 3513 3997; x_wconf 90' lang='lat' dir='ltr'><strong>absit</strong></span> 
     </span>
    </p>
   </div>
   <div class='ocr_carea' id='block_1_82' title="bbox 1910 4032 3509 4107">
    <p class='ocr_par' dir='ltr' id='par_1_82' title="bbox 1910 4032 3509 4107">
     <span class='ocr_line' id='line_1_82' title="bbox 1910 4032 3509 4107; baseline -0.001 -17"><span class='ocrx_word' id='word_1_628' title='bbox 1910 4045 1964 4091; x_wconf 90' lang='lat' dir='ltr'><strong>ut</strong></span> <span class='ocrx_word' id='word_1_629' title='bbox 1988 4036 2273 4107; x_wconf 74' lang='lat' dir='ltr'><strong>quiaqttam</strong></span> <span class='ocrx_word' id='word_1_630' title='bbox 2298 4034 2614 4091; x_wconf 86' lang='lat' dir='ltr'><strong>incredulus</strong></span> <span class='ocrx_word' id='word_1_631' title='bbox 2635 4049 2945 4089; x_wconf 85' lang='lat' dir='ltr'><strong>sermonem</strong></span> <span class='ocrx_word' id='word_1_632' title='bbox 2965 4034 3055 4089; x_wconf 88' lang='lat' dir='ltr'><strong>Dei</strong></span> <span class='ocrx_word' id='word_1_633' title='bbox 3071 4032 3291 4089; x_wconf 86' lang='lat' dir='ltr'><strong>viderit.</strong></span> <span class='ocrx_word' id='word_1_634' title='bbox 3308 4032 3509 4089; x_wconf 80' lang='lat' dir='ltr'><strong>Videre</strong></span> 
     </span>
    </p>
   </div>
   <div class='ocr_carea' id='block_1_83' title="bbox 1908 4126 3511 4200">
    <p class='ocr_par' dir='ltr' id='par_1_83' title="bbox 1908 4126 3511 4200">
     <span class='ocr_line' id='line_1_83' title="bbox 1908 4126 3511 4200; baseline -0.002 -13"><span class='ocrx_word' id='word_1_635' title='bbox 1908 4145 2214 4187; x_wconf 88' lang='lat' dir='ltr'><strong>sermonem</strong></span> <span class='ocrx_word' id='word_1_636' title='bbox 2244 4131 2359 4196; x_wconf 88' lang='lat' dir='ltr'><strong>Dei,</strong></span> <span class='ocrx_word' id='word_1_637' title='bbox 2395 4130 2502 4186; x_wconf 90' lang='lat' dir='ltr'><strong>tale</strong></span> <span class='ocrx_word' id='word_1_638' title='bbox 2525 4140 2607 4184; x_wconf 88' lang='lat' dir='ltr'><strong>est</strong></span> <span class='ocrx_word' id='word_1_639' title='bbox 2634 4131 2792 4200; x_wconf 85' lang='lat' dir='ltr'><strong>quale</strong></span> <span class='ocrx_word' id='word_1_640' title='bbox 2820 4128 3072 4183; x_wconf 83' lang='lat' dir='ltr'><strong>Salvator</strong></span> <span class='ocrx_word' id='word_1_641' title='bbox 3095 4128 3171 4181; x_wconf 90' lang='lat' dir='ltr'><strong>ait</strong></span> <span class='ocrx_word' id='word_1_642' title='bbox 3202 4145 3215 4183; x_wconf 89' lang='lat'><strong>:</strong></span> <span class='ocrx_word' id='word_1_643' title='bbox 3244 4126 3347 4195; x_wconf 81' lang='lat' dir='ltr'><strong>Qui</strong></span> <span class='ocrx_word' id='word_1_644' title='bbox 3375 4127 3511 4183; x_wconf 72' lang='lat' dir='ltr'><strong>videt</strong></span> 
     </span>
    </p>
   </div>
   <div class='ocr_carea' id='block_1_84' title="bbox 1907 4217 3509 4292">
    <p class='ocr_par' dir='ltr' id='par_1_84' title="bbox 1907 4217 3509 4292">
     <span class='ocr_line' id='line_1_84' title="bbox 1907 4217 3509 4292; baseline -0.003 -14"><span class='ocrx_word' id='word_1_645' title='bbox 1907 4240 2008 4289; x_wconf 86' lang='lat' dir='ltr'><strong>me,</strong></span> <span class='ocrx_word' id='word_1_646' title='bbox 2042 4223 2174 4276; x_wconf 83' lang='lat' dir='ltr'><strong>videt</strong></span> <span class='ocrx_word' id='word_1_647' title='bbox 2198 4230 2249 4277; x_wconf 85' lang='lat' dir='ltr'><strong>et</strong></span> <span class='ocrx_word' id='word_1_648' title='bbox 2277 4220 2493 4275; x_wconf 85' lang='lat' dir='ltr'><strong>Patrem</strong></span> <span class='ocrx_word' id='word_1_649' title='bbox 2531 4223 2618 4292; x_wconf 85' lang='lat' dir='ltr'><strong>qui</strong></span> <span class='ocrx_word' id='word_1_650' title='bbox 2669 4222 2805 4274; x_wconf 85' lang='lat' dir='ltr'><strong>misit</strong></span> <span class='ocrx_word' id='word_1_651' title='bbox 2859 4234 2958 4273; x_wconf 80' lang='lat' dir='ltr'><strong>me.</strong></span> <span class='ocrx_word' id='word_1_652' title='bbox 2994 4217 3144 4275; x_wconf 86' lang='lat' dir='ltr'><strong>Sicut</strong></span> <span class='ocrx_word' id='word_1_653' title='bbox 3178 4217 3509 4273; x_wconf 83' lang='lat' dir='ltr'><strong>tradiderunt</strong></span> 
     </span>
    </p>
   </div>
   <div class='ocr_carea' id='block_1_85' title="bbox 1909 4310 3512 4387">
    <p class='ocr_par' dir='ltr' id='par_1_85' title="bbox 1909 4310 3512 4387">
     <span class='ocr_line' id='line_1_85' title="bbox 1909 4310 3512 4387; baseline -0.004 -18"><span class='ocrx_word' id='word_1_654' title='bbox 1909 4316 2052 4369; x_wconf 81' lang='lat' dir='ltr'><strong>nobis</strong></span> <span class='ocrx_word' id='word_1_655' title='bbox 2078 4316 2167 4387; x_wconf 83' lang='lat' dir='ltr'><strong>qui</strong></span> <span class='ocrx_word' id='word_1_656' title='bbox 2193 4332 2224 4368; x_wconf 92' lang='lat' dir='ltr'><strong>a</strong></span> <span class='ocrx_word' id='word_1_657' title='bbox 2246 4315 2504 4387; x_wconf 87' lang='lat' dir='ltr'><strong>principio</strong></span> <span class='ocrx_word' id='word_1_658' title='bbox 2530 4313 2632 4383; x_wconf 86' lang='lat' dir='ltr'><strong>ipsi</strong></span> <span class='ocrx_word' id='word_1_659' title='bbox 2674 4312 2937 4377; x_wconf 82' lang='lat' dir='ltr'><strong>viderunt,</strong></span> <span class='ocrx_word' id='word_1_660' title='bbox 2964 4318 3012 4365; x_wconf 80' lang='lat' dir='ltr'><strong>et</strong></span> <span class='ocrx_word' id='word_1_661' title='bbox 3038 4310 3263 4364; x_wconf 86' lang='lat' dir='ltr'><strong>ministri</strong></span> <span class='ocrx_word' id='word_1_662' title='bbox 3302 4310 3512 4380; x_wconf 75' lang='lat' dir='ltr'><strong>fuerunt</strong></span> 
     </span>
    </p>
   </div>
   <div class='ocr_carea' id='block_1_86' title="bbox 1906 4401 3506 4480">
    <p class='ocr_par' dir='ltr' id='par_1_86' title="bbox 1906 4401 3506 4480">
     <span class='ocr_line' id='line_1_86' title="bbox 1906 4401 3506 4480; baseline -0.004 -17"><span class='ocrx_word' id='word_1_663' title='bbox 1906 4410 2155 4463; x_wconf 84' lang='lat' dir='ltr'><strong>sermonis</strong></span> <span class='ocrx_word' id='word_1_664' title='bbox 2184 4407 2364 4480; x_wconf 79' lang='lat' dir='ltr'><strong>(Joan.</strong></span> <span class='ocrx_word' id='word_1_665' title='bbox 2398 4406 2528 4476; x_wconf 82' lang='lat' dir='ltr'><strong>xiv).</strong></span> <span class='ocrx_word' id='word_1_666' title='bbox 2557 4406 2709 4461; x_wconf 77' lang='lat' dir='ltr'><strong>Clam</strong></span> <span class='ocrx_word' id='word_1_667' title='bbox 2741 4405 2902 4460; x_wconf 66' lang='lat' dir='ltr'><strong>Lucae</strong></span> <span class='ocrx_word' id='word_1_668' title='bbox 2930 4402 3277 4460; x_wconf 87' lang='lat' dir='ltr'><strong>sermonibus</strong></span> <span class='ocrx_word' id='word_1_669' title='bbox 3303 4401 3506 4457; x_wconf 84' lang='lat' dir='ltr'><strong>edoce-</strong></span> 
     </span>
    </p>
   </div>
   <div class='ocr_carea' id='block_1_87' title="bbox 1911 4494 3505 4570">
    <p class='ocr_par' dir='ltr' id='par_1_87' title="bbox 1911 4494 3505 4570">
     <span class='ocr_line' id='line_1_87' title="bbox 1911 4494 3505 4570; baseline -0.006 -15"><span class='ocrx_word' id='word_1_670' title='bbox 1911 4517 2048 4565; x_wconf 85' lang='lat' dir='ltr'><strong>tnur,</strong></span> <span class='ocrx_word' id='word_1_671' title='bbox 2082 4498 2222 4570; x_wconf 87' lang='lat' dir='ltr'><strong>quod</strong></span> <span class='ocrx_word' id='word_1_672' title='bbox 2245 4499 2529 4569; x_wconf 89' lang='lat' dir='ltr'><strong>cujusdam</strong></span> <span class='ocrx_word' id='word_1_673' title='bbox 2561 4498 2824 4552; x_wconf 64' lang='lat' dir='ltr'><strong>doctrinae</strong></span> <span class='ocrx_word' id='word_1_674' title='bbox 2848 4496 2971 4550; x_wconf 83' lang='lat' dir='ltr'><strong>ﬁnis</strong></span> <span class='ocrx_word' id='word_1_675' title='bbox 2996 4496 3066 4549; x_wconf 87' lang='lat' dir='ltr'><strong>sit</strong></span> <span class='ocrx_word' id='word_1_676' title='bbox 3094 4494 3208 4565; x_wconf 88' lang='lat' dir='ltr'><strong>ipsa</strong></span> <span class='ocrx_word' id='word_1_677' title='bbox 3234 4494 3505 4562; x_wconf 83' lang='lat' dir='ltr'><strong>doctrina,</strong></span> 
     </span>
    </p>
   </div>
   <div class='ocr_carea' id='block_1_88' title="bbox 1908 4589 3510 4657">
    <p class='ocr_par' dir='ltr' id='par_1_88' title="bbox 1908 4589 3510 4657">
     <span class='ocr_line' id='line_1_88' title="bbox 1908 4589 3510 4657; baseline -0.004 -9"><span class='ocrx_word' id='word_1_678' title='bbox 1908 4592 2135 4649; x_wconf 90' lang='lat' dir='ltr'><strong>alterius</strong></span> <span class='ocrx_word' id='word_1_679' title='bbox 2182 4605 2314 4646; x_wconf 89' lang='lat' dir='ltr'><strong>vero</strong></span> <span class='ocrx_word' id='word_1_680' title='bbox 2357 4589 2624 4646; x_wconf 70' lang='lat' dir='ltr'><strong>doctrinas</strong></span> <span class='ocrx_word' id='word_1_681' title='bbox 2675 4589 2798 4643; x_wconf 84' lang='lat' dir='ltr'><strong>ﬁnis</strong></span> <span class='ocrx_word' id='word_1_682' title='bbox 2850 4589 2902 4642; x_wconf 93' lang='lat' dir='ltr'><strong>in</strong></span> <span class='ocrx_word' id='word_1_683' title='bbox 2930 4602 3100 4657; x_wconf 88' lang='lat' dir='ltr'><strong>opere</strong></span> <span class='ocrx_word' id='word_1_684' title='bbox 3145 4593 3510 4656; x_wconf 87' lang='lat' dir='ltr'><strong>computetur.</strong></span> 
     </span>
    </p>
   </div>
   <div class='ocr_carea' id='block_1_89' title="bbox 1909 4677 3508 4753">
    <p class='ocr_par' dir='ltr' id='par_1_89' title="bbox 1909 4677 3508 4753">
     <span class='ocr_line' id='line_1_89' title="bbox 1909 4677 3508 4753; baseline -0.004 -14"><span class='ocrx_word' id='word_1_685' title='bbox 1909 4684 2070 4739; x_wconf 87' lang='lat' dir='ltr'><strong>Verbi</strong></span> <span class='ocrx_word' id='word_1_686' title='bbox 2097 4680 2271 4753; x_wconf 87' lang='lat' dir='ltr'><strong>gratia</strong></span> <span class='ocrx_word' id='word_1_687' title='bbox 2297 4698 2311 4735; x_wconf 91' lang='lat'><strong>:</strong></span> <span class='ocrx_word' id='word_1_688' title='bbox 2336 4680 2578 4737; x_wconf 88' lang='lat' dir='ltr'><strong>Seientia</strong></span> <span class='ocrx_word' id='word_1_689' title='bbox 2600 4681 2922 4752; x_wconf 66' lang='lat' dir='ltr'><strong>geometriae</strong></span> <span class='ocrx_word' id='word_1_690' title='bbox 2946 4680 3109 4737; x_wconf 87' lang='lat' dir='ltr'><strong>ﬁnem</strong></span> <span class='ocrx_word' id='word_1_691' title='bbox 3141 4677 3307 4733; x_wconf 85' lang='lat' dir='ltr'><strong>habet</strong></span> <span class='ocrx_word' id='word_1_692' title='bbox 3335 4677 3508 4748; x_wconf 89' lang='lat' dir='ltr'><strong>ipsam</strong></span> 
     </span>
    </p>
   </div>
   <div class='ocr_carea' id='block_1_90' title="bbox 1907 4770 3508 4843">
    <p class='ocr_par' dir='ltr' id='par_1_90' title="bbox 1907 4770 3508 4843">
     <span class='ocr_line' id='line_1_90' title="bbox 1907 4770 3508 4843; baseline -0.006 -10"><span class='ocrx_word' id='word_1_693' title='bbox 1907 4788 2115 4833; x_wconf 87' lang='lat' dir='ltr'><strong>tantum</strong></span> <span class='ocrx_word' id='word_1_694' title='bbox 2141 4774 2423 4831; x_wconf 86' lang='lat' dir='ltr'><strong>scientiam</strong></span> <span class='ocrx_word' id='word_1_695' title='bbox 2453 4783 2617 4843; x_wconf 91' lang='lat' dir='ltr'><strong>atque</strong></span> <span class='ocrx_word' id='word_1_696' title='bbox 2641 4773 2968 4827; x_wconf 91' lang='lat' dir='ltr'><strong>doctrinam.</strong></span> <span class='ocrx_word' id='word_1_697' title='bbox 3013 4772 3137 4827; x_wconf 80' lang='lat' dir='ltr'><strong>Alia</strong></span> <span class='ocrx_word' id='word_1_698' title='bbox 3163 4786 3294 4827; x_wconf 87' lang='lat' dir='ltr'><strong>vero</strong></span> <span class='ocrx_word' id='word_1_699' title='bbox 3321 4770 3508 4826; x_wconf 85' lang='lat' dir='ltr'><strong>scien-</strong></span> 
     </span>
    </p>
   </div>
   <div class='ocr_carea' id='block_1_91' title="bbox 1904 4862 3506 4938">
    <p class='ocr_par' dir='ltr' id='par_1_91' title="bbox 1904 4862 3506 4938">
     <span class='ocr_line' id='line_1_91' title="bbox 1904 4862 3506 4938; baseline -0.006 -13"><span class='ocrx_word' id='word_1_700' title='bbox 1904 4870 1978 4925; x_wconf 87' lang='lat' dir='ltr'><strong>tia</strong></span> <span class='ocrx_word' id='word_1_701' title='bbox 2009 4876 2114 4934; x_wconf 90' lang='lat' dir='ltr'><strong>est,</strong></span> <span class='ocrx_word' id='word_1_702' title='bbox 2146 4868 2301 4938; x_wconf 88' lang='lat' dir='ltr'><strong>cujus</strong></span> <span class='ocrx_word' id='word_1_703' title='bbox 2333 4867 2456 4921; x_wconf 83' lang='lat' dir='ltr'><strong>linis</strong></span> <span class='ocrx_word' id='word_1_704' title='bbox 2499 4881 2636 4936; x_wconf 88' lang='lat' dir='ltr'><strong>opus</strong></span> <span class='ocrx_word' id='word_1_705' title='bbox 2679 4865 2893 4935; x_wconf 80' lang='lat' dir='ltr'><strong>exigit:</strong></span> <span class='ocrx_word' id='word_1_706' title='bbox 2929 4862 3079 4918; x_wconf 89' lang='lat' dir='ltr'><strong>velut</strong></span> <span class='ocrx_word' id='word_1_707' title='bbox 3132 4865 3186 4918; x_wconf 91' lang='lat' dir='ltr'><strong>in</strong></span> <span class='ocrx_word' id='word_1_708' title='bbox 3237 4862 3506 4917; x_wconf 87' lang='lat' dir='ltr'><strong>medicina</strong></span> 
     </span>
    </p>
   </div>
   <div class='ocr_carea' id='block_1_92' title="bbox 1905 4953 3506 5036">
    <p class='ocr_par' dir='ltr' id='par_1_92' title="bbox 1905 4953 3506 5036">
     <span class='ocr_line' id='line_1_92' title="bbox 1905 4953 3506 5036; baseline -0.006 -16"><span class='ocrx_word' id='word_1_709' title='bbox 1905 4971 2123 5036; x_wconf 90' lang='lat' dir='ltr'><strong>oportet</strong></span> <span class='ocrx_word' id='word_1_710' title='bbox 2144 4976 2232 5016; x_wconf 90' lang='lat' dir='ltr'><strong>me</strong></span> <span class='ocrx_word' id='word_1_711' title='bbox 2258 4961 2525 5015; x_wconf 90' lang='lat' dir='ltr'><strong>rationem</strong></span> <span class='ocrx_word' id='word_1_712' title='bbox 2548 4966 2607 5013; x_wconf 92' lang='lat' dir='ltr'><strong>et</strong></span> <span class='ocrx_word' id='word_1_713' title='bbox 2622 4957 2874 5027; x_wconf 90' lang='lat' dir='ltr'><strong>dogmata</strong></span> <span class='ocrx_word' id='word_1_714' title='bbox 2897 4955 3041 5010; x_wconf 88' lang='lat' dir='ltr'><strong>scire</strong></span> <span class='ocrx_word' id='word_1_715' title='bbox 3068 4953 3369 5022; x_wconf 67' lang='lat' dir='ltr'><strong>medicinas,</strong></span> <span class='ocrx_word' id='word_1_716' title='bbox 3393 4970 3506 5010; x_wconf 89' lang='lat' dir='ltr'><strong>non</strong></span> 
     </span>
    </p>
   </div>
   <div class='ocr_carea' id='block_1_93' title="bbox 204 5050 1805 5156">
    <p class='ocr_par' dir='ltr' id='par_1_93' title="bbox 204 5054 1801 5133">
     <span class='ocr_line' id='line_1_93' title="bbox 204 5054 1801 5133; baseline 0.003 -26"><span class='ocrx_word' id='word_1_717' title='bbox 204 5065 437 5120; x_wconf 69' lang='lat' dir='ltr'><strong>ostensus,</strong></span> <span class='ocrx_word' id='word_1_718' title='bbox 465 5054 518 5110; x_wconf 91' lang='lat' dir='ltr'><strong>id</strong></span> <span class='ocrx_word' id='word_1_719' title='bbox 563 5063 669 5121; x_wconf 86' lang='lat' dir='ltr'><strong>est,</strong></span> <span class='ocrx_word' id='word_1_720' title='bbox 699 5056 1222 5133; x_wconf 74' lang='grc' dir='ltr'><strong>πεπληροφορημένων</strong></span> <span class='ocrx_word' id='word_1_721' title='bbox 1249 5056 1275 5095; x_wconf 76' lang='grc' dir='ltr'>δ</span> <span class='ocrx_word' id='word_1_722' title='bbox 1303 5057 1471 5130; x_wconf 89' lang='lat' dir='ltr'><strong>(quod</strong></span> <span class='ocrx_word' id='word_1_723' title='bbox 1500 5072 1608 5112; x_wconf 90' lang='lat' dir='ltr'><strong>uno</strong></span> <span class='ocrx_word' id='word_1_724' title='bbox 1636 5056 1801 5112; x_wconf 67' lang='lat' dir='ltr'><strong>verbo</strong></span> 
     </span>
    </p>
   </div>
   <div class='ocr_carea' id='block_1_94' title="bbox 1907 5050 3507 5156">
    <p class='ocr_par' dir='ltr' id='par_1_94' title="bbox 1907 5050 3507 5123">
     <span class='ocr_line' id='line_1_94' title="bbox 1907 5050 3507 5123; baseline -0.004 -11"><span class='ocrx_word' id='word_1_725' title='bbox 1907 5066 1966 5113; x_wconf 92' lang='lat' dir='ltr'><strong>nt</strong></span> <span class='ocrx_word' id='word_1_726' title='bbox 1991 5054 2368 5111; x_wconf 90' lang='lat' dir='ltr'><strong>tantummodo</strong></span> <span class='ocrx_word' id='word_1_727' title='bbox 2390 5054 2635 5109; x_wconf 89' lang='lat' dir='ltr'><strong>noverim</strong></span> <span class='ocrx_word' id='word_1_728' title='bbox 2664 5052 2791 5123; x_wconf 90' lang='lat' dir='ltr'><strong>quid</strong></span> <span class='ocrx_word' id='word_1_729' title='bbox 2830 5052 3061 5108; x_wconf 87' lang='lat' dir='ltr'><strong>debeam</strong></span> <span class='ocrx_word' id='word_1_730' title='bbox 3090 5050 3292 5115; x_wconf 75' lang='lat' dir='ltr'><strong>facere,</strong></span> <span class='ocrx_word' id='word_1_731' title='bbox 3319 5050 3416 5105; x_wconf 89' lang='lat' dir='ltr'><strong>sed</strong></span> <span class='ocrx_word' id='word_1_732' title='bbox 3450 5059 3507 5106; x_wconf 93' lang='lat' dir='ltr'><strong>ut</strong></span> 
     </span>
    </p>
   </div>
   <div class='ocr_carea' id='block_1_95' title="bbox 203 5145 1800 5222">
    <p class='ocr_par' dir='ltr' id='par_1_95' title="bbox 203 5145 1800 5222">
     <span class='ocr_line' id='line_1_95' title="bbox 203 5145 1800 5222; baseline 0.001 -20"><span class='ocrx_word' id='word_1_733' title='bbox 203 5145 426 5203; x_wconf 86' lang='lat' dir='ltr'><strong>Latinus</strong></span> <span class='ocrx_word' id='word_1_734' title='bbox 467 5161 654 5203; x_wconf 89' lang='lat' dir='ltr'><strong>sermo</strong></span> <span class='ocrx_word' id='word_1_735' title='bbox 681 5163 791 5204; x_wconf 91' lang='lat' dir='ltr'><strong>non</strong></span> <span class='ocrx_word' id='word_1_736' title='bbox 822 5149 1105 5222; x_wconf 80' lang='lat' dir='ltr'><strong>explicat).</strong></span> <span class='ocrx_word' id='word_1_737' title='bbox 1135 5150 1290 5207; x_wconf 86' lang='lat' dir='ltr'><strong>Certa</strong></span> <span class='ocrx_word' id='word_1_738' title='bbox 1316 5152 1464 5207; x_wconf 90' lang='lat' dir='ltr'><strong>enim</strong></span> <span class='ocrx_word' id='word_1_739' title='bbox 1499 5150 1605 5204; x_wconf 79' lang='lat' dir='ltr'><strong>ﬁde</strong></span> <span class='ocrx_word' id='word_1_740' title='bbox 1633 5160 1688 5204; x_wconf 87' lang='lat' dir='ltr'><strong>et</strong></span> <span class='ocrx_word' id='word_1_741' title='bbox 1712 5165 1800 5205; x_wconf 80' lang='lat' dir='ltr'><strong>ra-</strong></span> 
     </span>
    </p>
   </div>
   <div class='ocr_carea' id='block_1_96' title="bbox 276 5303 1797 5378">
    <p class='ocr_par' dir='ltr' id='par_1_96' title="bbox 276 5303 1797 5378">
     <span class='ocr_line' id='line_1_96' title="bbox 276 5303 1797 5378; baseline 0.003 -19"><span class='ocrx_word' id='word_1_742' title='bbox 276 5312 301 5340; x_wconf 70' lang='grc'><strong><em>⁸</em></strong></span> <span class='ocrx_word' id='word_1_743' title='bbox 326 5303 534 5378; x_wconf 83' lang='lat' dir='ltr'><strong>Vitiose</strong></span> <span class='ocrx_word' id='word_1_744' title='bbox 585 5304 956 5378; x_wconf 66' lang='lat' dir='ltr'><strong>praeferebant</strong></span> <span class='ocrx_word' id='word_1_745' title='bbox 973 5305 1306 5378; x_wconf 63' lang='lat' dir='ltr'><strong>editiantea</strong></span> <span class='ocrx_word' id='word_1_746' title='bbox 1334 5306 1484 5369; x_wconf 87' lang='lat' dir='ltr'><strong>libri.</strong></span> <span class='ocrx_word' id='word_1_747' title='bbox 1518 5308 1797 5378; x_wconf 81' lang='lat' dir='ltr'><strong>plurimas,</strong></span> 
     </span>
    </p>
   </div>
   <div class='ocr_carea' id='block_1_97' title="bbox 206 5373 1803 5448">
    <p class='ocr_par' dir='ltr' id='par_1_97' title="bbox 206 5373 1803 5448">
     <span class='ocr_line' id='line_1_97' title="bbox 206 5373 1803 5448; baseline 0.003 -20"><span class='ocrx_word' id='word_1_748' title='bbox 206 5373 256 5428; x_wconf 90' lang='lat' dir='ltr'><strong>id</strong></span> <span class='ocrx_word' id='word_1_749' title='bbox 282 5382 386 5445; x_wconf 91' lang='lat' dir='ltr'><strong>est,</strong></span> <span class='ocrx_word' id='word_1_750' title='bbox 411 5375 677 5448; x_wconf 65' lang='lat' dir='ltr'><strong>haereses,</strong></span> <span class='ocrx_word' id='word_1_751' title='bbox 716 5389 849 5448; x_wconf 83' lang='lat' dir='ltr'><strong>cum</strong></span> <span class='ocrx_word' id='word_1_752' title='bbox 878 5375 946 5430; x_wconf 90' lang='lat' dir='ltr'><strong>de</strong></span> <span class='ocrx_word' id='word_1_753' title='bbox 972 5373 1684 5448; x_wconf 58' lang='lat' dir='ltr'><strong>Pseutlo-Evangeliis&#39;totus</strong></span> <span class='ocrx_word' id='word_1_754' title='bbox 1717 5373 1803 5433; x_wconf 80' lang='lat' dir='ltr'><strong>hic</strong></span> 
     </span>
    </p>
   </div>
   <div class='ocr_carea' id='block_1_98' title="bbox 202 5445 1806 5515">
    <p class='ocr_par' dir='ltr' id='par_1_98' title="bbox 202 5445 1806 5515">
     <span class='ocr_line' id='line_1_98' title="bbox 202 5445 1806 5515; baseline 0.001 -14"><span class='ocrx_word' id='word_1_755' title='bbox 202 5458 381 5503; x_wconf 79' lang='lat' dir='ltr'><strong>sermo</strong></span> <span class='ocrx_word' id='word_1_756' title='bbox 404 5447 496 5502; x_wconf 92' lang='lat' dir='ltr'><strong>sit.</strong></span> <span class='ocrx_word' id='word_1_757' title='bbox 517 5445 691 5501; x_wconf 89' lang='lat' dir='ltr'><strong>Porro</strong></span> <span class='ocrx_word' id='word_1_758' title='bbox 715 5445 835 5500; x_wconf 65' lang='lat' dir='ltr'><strong>haec</strong></span> <span class='ocrx_word' id='word_1_759' title='bbox 854 5460 995 5515; x_wconf 91' lang='lat' dir='ltr'><strong>pene</strong></span> <span class='ocrx_word' id='word_1_760' title='bbox 1015 5447 1081 5501; x_wconf 90' lang='lat' dir='ltr'><strong>ad</strong></span> <span class='ocrx_word' id='word_1_761' title='bbox 1112 5448 1336 5503; x_wconf 88' lang='lat' dir='ltr'><strong>verbum</strong></span> <span class='ocrx_word' id='word_1_762' title='bbox 1364 5445 1421 5503; x_wconf 85' lang='lat' dir='ltr'><strong>in</strong></span> <span class='ocrx_word' id='word_1_763' title='bbox 1447 5465 1540 5503; x_wconf 80' lang='lat' dir='ltr'><strong>sua</strong></span> <span class='ocrx_word' id='word_1_764' title='bbox 1568 5458 1806 5503; x_wconf 72' lang='lat' dir='ltr'><strong>transtu-</strong></span> 
     </span>
    </p>
   </div>
   <div class='ocr_carea' id='block_1_99' title="bbox 204 5516 1802 5591">
    <p class='ocr_par' dir='ltr' id='par_1_99' title="bbox 204 5516 1802 5591">
     <span class='ocr_line' id='line_1_99' title="bbox 204 5516 1802 5591; baseline 0.001 -20"><span class='ocrx_word' id='word_1_765' title='bbox 204 5516 265 5591; x_wconf 87' lang='lat' dir='ltr'><strong>l_it</strong></span> <span class='ocrx_word' id='word_1_766' title='bbox 308 5518 701 5591; x_wconf 84' lang='lat' dir='ltr'><strong>Hieronymus,</strong></span> <span class='ocrx_word' id='word_1_767' title='bbox 727 5517 887 5591; x_wconf 65' lang='lat' dir='ltr'><strong>quod</strong></span> <span class='ocrx_word' id='word_1_768' title='bbox 939 5532 1101 5587; x_wconf 84' lang='lat' dir='ltr'><strong>supra</strong></span> <span class='ocrx_word' id='word_1_769' title='bbox 1120 5527 1373 5591; x_wconf 77' lang='lat' dir='ltr'><strong>notatum</strong></span> <span class='ocrx_word' id='word_1_770' title='bbox 1419 5530 1525 5586; x_wconf 59' lang='lat' dir='ltr'><strong>est,</strong></span> <span class='ocrx_word' id='word_1_771' title='bbox 1580 5518 1802 5591; x_wconf 80' lang='lat' dir='ltr'><strong>Praefat.</strong></span> 
     </span>
    </p>
   </div>
   <div class='ocr_carea' id='block_1_100' title="bbox 201 5585 1805 5661">
    <p class='ocr_par' dir='ltr' id='par_1_100' title="bbox 201 5585 1805 5661">
     <span class='ocr_line' id='line_1_100' title="bbox 201 5585 1805 5661; baseline 0.001 -17"><span class='ocrx_word' id='word_1_772' title='bbox 201 5585 568 5661; x_wconf 76' lang='lat' dir='ltr'><strong>Commentar.</strong></span> <span class='ocrx_word' id='word_1_773' title='bbox 626 5590 679 5642; x_wconf 90' lang='lat' dir='ltr'><strong>in</strong></span> <span class='ocrx_word' id='word_1_774' title='bbox 727 5585 1067 5643; x_wconf 71' lang='lat' dir='ltr'><strong>Matthaeum.</strong></span> <span class='ocrx_word' id='word_1_775' title='bbox 1117 5590 1317 5645; x_wconf 78' lang='lat' dir='ltr'><strong>Recole</strong></span> <span class='ocrx_word' id='word_1_776' title='bbox 1363 5607 1481 5661; x_wconf 75' lang='lat' dir='ltr'><strong>qua:</strong></span> <span class='ocrx_word' id='word_1_777' title='bbox 1513 5585 1565 5647; x_wconf 88' lang='lat' dir='ltr'><strong>et</strong></span> <span class='ocrx_word' id='word_1_778' title='bbox 1600 5604 1701 5643; x_wconf 89' lang='lat' dir='ltr'><strong>nos</strong></span> <span class='ocrx_word' id='word_1_779' title='bbox 1732 5590 1805 5645; x_wconf 85' lang='lat' dir='ltr'><strong>ibi</strong></span> 
     </span>
    </p>
   </div>
   <div class='ocr_carea' id='block_1_101' title="bbox 200 5658 577 5716">
    <p class='ocr_par' dir='ltr' id='par_1_101' title="bbox 200 5658 577 5716">
     <span class='ocr_line' id='line_1_101' title="bbox 200 5658 577 5716; baseline -0.003 -3"><span class='ocrx_word' id='word_1_780' title='bbox 200 5658 577 5716; x_wconf 75' lang='lat' dir='ltr'><strong>observamus.</strong></span> 
     </span>
    </p>
   </div>
   <div class='ocr_carea' id='block_1_102' title="bbox 265 5728 1808 5803">
    <p class='ocr_par' dir='ltr' id='par_1_102' title="bbox 265 5728 1808 5803">
     <span class='ocr_line' id='line_1_102' title="bbox 265 5728 1808 5803; baseline -0.003 -15"><span class='ocrx_word' id='word_1_781' title='bbox 265 5731 293 5770; x_wconf 73' lang='grc' dir='ltr'>δ</span> <span class='ocrx_word' id='word_1_782' title='bbox 320 5729 647 5802; x_wconf 85' lang='lat' dir='ltr'><strong>Hieronymi</strong></span> <span class='ocrx_word' id='word_1_783' title='bbox 675 5728 782 5783; x_wconf 89' lang='lat' dir='ltr'><strong>hoc</strong></span> <span class='ocrx_word' id='word_1_784' title='bbox 808 5742 933 5784; x_wconf 87' lang='lat' dir='ltr'><strong>esse</strong></span> <span class='ocrx_word' id='word_1_785' title='bbox 954 5728 1409 5798; x_wconf 85' lang='lat' dir='ltr'><strong>additamentum,</strong></span> <span class='ocrx_word' id='word_1_786' title='bbox 1439 5732 1581 5803; x_wconf 88' lang='lat' dir='ltr'><strong>quod</strong></span> <span class='ocrx_word' id='word_1_787' title='bbox 1612 5744 1808 5803; x_wconf 81' lang='lat' dir='ltr'><strong>paren-</strong></span> 
     </span>
    </p>
   </div>
   <div class='ocr_carea' id='block_1_103' title="bbox 198 5799 1808 5875">
    <p class='ocr_par' dir='ltr' id='par_1_103' title="bbox 198 5799 1808 5875">
     <span class='ocr_line' id='line_1_103' title="bbox 198 5799 1808 5875; baseline -0.003 -16"><span class='ocrx_word' id='word_1_788' title='bbox 198 5799 333 5861; x_wconf 86' lang='lat' dir='ltr'><strong>thesi</strong></span> <span class='ocrx_word' id='word_1_789' title='bbox 356 5799 717 5868; x_wconf 74' lang='lat' dir='ltr'><strong>inclusimus,</strong></span> <span class='ocrx_word' id='word_1_790' title='bbox 752 5814 917 5857; x_wconf 89' lang='lat' dir='ltr'><strong>nemo</strong></span> <span class='ocrx_word' id='word_1_791' title='bbox 946 5815 1053 5857; x_wconf 90' lang='lat' dir='ltr'><strong>non</strong></span> <span class='ocrx_word' id='word_1_792' title='bbox 1096 5803 1285 5859; x_wconf 84' lang='lat' dir='ltr'><strong>sentit.</strong></span> <span class='ocrx_word' id='word_1_793' title='bbox 1308 5803 1365 5858; x_wconf 92' lang='lat' dir='ltr'><strong>ld</strong></span> <span class='ocrx_word' id='word_1_794' title='bbox 1387 5799 1561 5875; x_wconf 83' lang='lat' dir='ltr'><strong>genus</strong></span> <span class='ocrx_word' id='word_1_795' title='bbox 1586 5799 1698 5858; x_wconf 87' lang='lat' dir='ltr'><strong>alia</strong></span> <span class='ocrx_word' id='word_1_796' title='bbox 1722 5800 1808 5856; x_wconf 78' lang='lat' dir='ltr'><strong>in-</strong></span> 
     </span>
    </p>
   </div>
   <div class='ocr_carea' id='block_1_104' title="bbox 1906 5144 3507 5219">
    <p class='ocr_par' dir='ltr' id='par_1_104' title="bbox 1906 5144 3507 5219">
     <span class='ocr_line' id='line_1_104' title="bbox 1906 5144 3507 5219; baseline -0.005 -12"><span class='ocrx_word' id='word_1_797' title='bbox 1906 5151 2120 5219; x_wconf 85' lang='lat' dir='ltr'><strong>faciam,</strong></span> <span class='ocrx_word' id='word_1_798' title='bbox 2145 5149 2197 5206; x_wconf 88' lang='lat' dir='ltr'><strong>id</strong></span> <span class='ocrx_word' id='word_1_799' title='bbox 2219 5158 2326 5218; x_wconf 90' lang='lat' dir='ltr'><strong>est,</strong></span> <span class='ocrx_word' id='word_1_800' title='bbox 2353 5159 2413 5203; x_wconf 91' lang='lat' dir='ltr'><strong>ut</strong></span> <span class='ocrx_word' id='word_1_801' title='bbox 2434 5162 2614 5203; x_wconf 86' lang='lat' dir='ltr'><strong>secem</strong></span> <span class='ocrx_word' id='word_1_802' title='bbox 2638 5147 2885 5212; x_wconf 83' lang='lat' dir='ltr'><strong>vulnera,</strong></span> <span class='ocrx_word' id='word_1_803' title='bbox 2911 5146 3111 5201; x_wconf 90' lang='lat' dir='ltr'><strong>victum</strong></span> <span class='ocrx_word' id='word_1_804' title='bbox 3139 5144 3507 5211; x_wconf 90' lang='lat' dir='ltr'><strong>moderatum,</strong></span> 
     </span>
    </p>
   </div>
   <div class='ocr_carea' id='block_1_105' title="bbox 1913 5302 3512 5376">
    <p class='ocr_par' dir='ltr' id='par_1_105' title="bbox 1913 5302 3512 5376">
     <span class='ocr_line' id='line_1_105' title="bbox 1913 5302 3512 5376; baseline -0.001 -14"><span class='ocrx_word' id='word_1_805' title='bbox 1913 5309 2078 5365; x_wconf 79' lang='lat' dir='ltr'><strong>iet-ius</strong></span> <span class='ocrx_word' id='word_1_806' title='bbox 2109 5314 2419 5372; x_wconf 88' lang='lat' dir='ltr'><strong>occurrunt,</strong></span> <span class='ocrx_word' id='word_1_807' title='bbox 2454 5320 2573 5376; x_wconf 77' lang='lat' dir='ltr'><strong>qua:</strong></span> <span class='ocrx_word' id='word_1_808' title='bbox 2618 5304 3000 5360; x_wconf 88' lang='lat' dir='ltr'><strong>audaciorihus</strong></span> <span class='ocrx_word' id='word_1_809' title='bbox 3051 5304 3261 5376; x_wconf 82' lang='lat' dir='ltr'><strong>criticis</strong></span> <span class='ocrx_word' id='word_1_810' title='bbox 3310 5302 3512 5376; x_wconf 12' lang='lat' dir='ltr'><strong>Da‘llaro</strong></span> 
     </span>
    </p>
   </div>
   <div class='ocr_carea' id='block_1_106' title="bbox 1911 5373 3513 5450">
    <p class='ocr_par' dir='ltr' id='par_1_106' title="bbox 1911 5373 3513 5450">
     <span class='ocr_line' id='line_1_106' title="bbox 1911 5373 3513 5450; baseline -0.003 -15"><span class='ocrx_word' id='word_1_811' title='bbox 1911 5380 1979 5435; x_wconf 88' lang='lat' dir='ltr'><strong>de</strong></span> <span class='ocrx_word' id='word_1_812' title='bbox 2009 5379 2229 5450; x_wconf 89' lang='lat' dir='ltr'><strong>scriptis</strong></span> <span class='ocrx_word' id='word_1_813' title='bbox 2266 5378 2451 5450; x_wconf 83' lang='lat' dir='ltr'><strong>Ignatii</strong></span> <span class='ocrx_word' id='word_1_814' title='bbox 2471 5373 2538 5450; x_wconf 59' lang='lat' dir='ltr'><strong>:p.</strong></span> <span class='ocrx_word' id='word_1_815' title='bbox 2567 5376 2674 5450; x_wconf 59' lang='lat'><strong>4799</strong></span> <span class='ocrx_word' id='word_1_816' title='bbox 2702 5385 2757 5450; x_wconf 79' lang='lat' dir='ltr'><strong>et</strong></span> <span class='ocrx_word' id='word_1_817' title='bbox 2783 5392 2973 5450; x_wconf 54' lang='grc' dir='ltr'><strong>εείιίι.ζ</strong></span> <span class='ocrx_word' id='word_1_818' title='bbox 2997 5384 3053 5429; x_wconf 91' lang='grc' dir='ltr'><strong>ει</strong></span> <span class='ocrx_word' id='word_1_819' title='bbox 3098 5373 3513 5450; x_wconf 77' lang='lat' dir='ltr'><strong>Mattlneo_Lar-</strong></span> 
     </span>
    </p>
   </div>
   <div class='ocr_carea' id='block_1_107' title="bbox 1912 5445 3509 5520">
    <p class='ocr_par' dir='ltr' id='par_1_107' title="bbox 1912 5445 3509 5520">
     <span class='ocr_line' id='line_1_107' title="bbox 1912 5445 3509 5520; baseline -0.004 -15"><span class='ocrx_word' id='word_1_820' title='bbox 1912 5445 2155 5520; x_wconf 83' lang='lat' dir='ltr'><strong>roquano</strong></span> <span class='ocrx_word' id='word_1_821' title='bbox 2178 5451 2230 5503; x_wconf 92' lang='lat' dir='ltr'><strong>in</strong></span> <span class='ocrx_word' id='word_1_822' title='bbox 2258 5445 2836 5520; x_wconf 75' lang='lat' dir='ltr'><strong>Animatlversionibns</strong></span> <span class='ocrx_word' id='word_1_823' title='bbox 2853 5445 2917 5500; x_wconf 80' lang='lat' dir='ltr'><strong>ad</strong></span> <span class='ocrx_word' id='word_1_824' title='bbox 2943 5446 3509 5520; x_wconf 57' lang='lat' dir='ltr'><strong>[fearsouianaslgna-</strong></span> 
     </span>
    </p>
   </div>
   <div class='ocr_carea' id='block_1_108' title="bbox 1912 5515 3513 5589">
    <p class='ocr_par' dir='ltr' id='par_1_108' title="bbox 1912 5515 3513 5589">
     <span class='ocr_line' id='line_1_108' title="bbox 1912 5515 3513 5589; baseline -0.002 -13"><span class='ocrx_word' id='word_1_825' title='bbox 1912 5522 1976 5576; x_wconf 85' lang='lat' dir='ltr'><strong>tii</strong></span> <span class='ocrx_word' id='word_1_826' title='bbox 1996 5515 2262 5575; x_wconf 64' lang='lat' dir='ltr'><strong>vindicias</strong></span> <span class='ocrx_word' id='word_1_827' title='bbox 2293 5533 2415 5589; x_wconf 79' lang='lat' dir='ltr'><strong>pag.</strong></span> <span class='ocrx_word' id='word_1_828' title='bbox 2438 5519 2507 5572; x_wconf 66' lang='lat'><strong>94</strong></span> <span class='ocrx_word' id='word_1_829' title='bbox 2530 5526 2586 5570; x_wconf 90' lang='lat' dir='ltr'><strong>ct</strong></span> <span class='ocrx_word' id='word_1_830' title='bbox 2616 5532 2769 5587; x_wconf 83' lang='lat' dir='ltr'><strong>seqq.</strong></span> <span class='ocrx_word' id='word_1_831' title='bbox 2805 5516 2978 5589; x_wconf 68' lang='lat' dir='ltr'><strong>fraudi</strong></span> <span class='ocrx_word' id='word_1_832' title='bbox 3008 5515 3248 5589; x_wconf 71' lang='lat' dir='ltr'><strong>inerunt,</strong></span> <span class='ocrx_word' id='word_1_833' title='bbox 3270 5526 3329 5589; x_wconf 72' lang='lat' dir='ltr'><strong>ut</strong></span> <span class='ocrx_word' id='word_1_834' title='bbox 3349 5516 3513 5589; x_wconf 84' lang='lat' dir='ltr'><strong>hasce</strong></span> 
     </span>
    </p>
   </div>
   <div class='ocr_carea' id='block_1_109' title="bbox 1914 5586 3513 5658">
    <p class='ocr_par' dir='ltr' id='par_1_109' title="bbox 1914 5586 3513 5658">
     <span class='ocr_line' id='line_1_109' title="bbox 1914 5586 3513 5658; baseline -0.003 -12"><span class='ocrx_word' id='word_1_835' title='bbox 1914 5592 2172 5646; x_wconf 87' lang='lat' dir='ltr'><strong>homilias</strong></span> <span class='ocrx_word' id='word_1_836' title='bbox 2204 5586 2531 5645; x_wconf 78' lang='lat' dir='ltr'><strong>Adatnantio</strong></span> <span class='ocrx_word' id='word_1_837' title='bbox 2561 5586 2846 5658; x_wconf 87' lang='lat' dir='ltr'><strong>perperam</strong></span> <span class='ocrx_word' id='word_1_838' title='bbox 2870 5586 3513 5658; x_wconf 37' lang='lat' dir='ltr'><strong>abjutlicarentLLatini-</strong></span> 
     </span>
    </p>
   </div>
   <div class='ocr_carea' id='block_1_110' title="bbox 1915 5657 3512 5731">
    <p class='ocr_par' dir='ltr' id='par_1_110' title="bbox 1915 5657 3512 5731">
     <span class='ocr_line' id='line_1_110' title="bbox 1915 5657 3512 5731; baseline -0.001 -16"><span class='ocrx_word' id='word_1_839' title='bbox 1915 5677 2021 5731; x_wconf 87' lang='lat' dir='ltr'><strong>que</strong></span> <span class='ocrx_word' id='word_1_840' title='bbox 2075 5677 2201 5717; x_wconf 87' lang='lat' dir='ltr'><strong>esse</strong></span> <span class='ocrx_word' id='word_1_841' title='bbox 2255 5660 2496 5716; x_wconf 87' lang='lat' dir='ltr'><strong>hominis</strong></span> <span class='ocrx_word' id='word_1_842' title='bbox 2539 5657 2722 5731; x_wconf 12' lang='lat' dir='ltr'><strong>rictum</strong></span> <span class='ocrx_word' id='word_1_843' title='bbox 2779 5657 3203 5714; x_wconf 87' lang='lat' dir='ltr'><strong>contenderent.</strong></span> <span class='ocrx_word' id='word_1_844' title='bbox 3255 5657 3363 5713; x_wconf 83' lang='lat' dir='ltr'><strong>Nos</strong></span> <span class='ocrx_word' id='word_1_845' title='bbox 3408 5671 3512 5731; x_wconf 79' lang='lat' dir='ltr'><strong>suo</strong></span> 
     </span>
    </p>
   </div>
   <div class='ocr_carea' id='block_1_111' title="bbox 1914 5728 3511 5803">
    <p class='ocr_par' dir='ltr' id='par_1_111' title="bbox 1914 5728 3511 5803">
     <span class='ocr_line' id='line_1_111' title="bbox 1914 5728 3511 5803; baseline -0.001 -18"><span class='ocrx_word' id='word_1_846' title='bbox 1914 5728 2325 5803; x_wconf 76' lang='lat' dir='ltr'><strong>quamqueloco</strong></span> <span class='ocrx_word' id='word_1_847' title='bbox 2353 5730 2716 5801; x_wconf 87' lang='lat' dir='ltr'><strong>objectionem</strong></span> <span class='ocrx_word' id='word_1_848' title='bbox 2748 5740 2939 5788; x_wconf 83' lang='lat' dir='ltr'><strong>contra</strong></span> <span class='ocrx_word' id='word_1_849' title='bbox 2962 5730 3149 5800; x_wconf 84' lang='lat' dir='ltr'><strong>operis</strong></span> <span class='ocrx_word' id='word_1_850' title='bbox 3176 5728 3511 5801; x_wconf 78' lang='lat' dir='ltr'><strong>germanita-</strong></span> 
     </span>
    </p>
   </div>
   <div class='ocr_carea' id='block_1_112' title="bbox 1917 5802 2385 5860">
    <p class='ocr_par' dir='ltr' id='par_1_112' title="bbox 1917 5802 2385 5860">
     <span class='ocr_line' id='line_1_112' title="bbox 1917 5802 2385 5860; baseline -0.011 0"><span class='ocrx_word' id='word_1_851' title='bbox 1917 5802 2024 5860; x_wconf 88' lang='lat' dir='ltr'><strong>tem</strong></span> <span class='ocrx_word' id='word_1_852' title='bbox 2046 5802 2385 5859; x_wconf 80' lang='lat' dir='ltr'><strong>refellemus.</strong></span> 
     </span>
    </p>
   </div>
  </div>
