4044 6358
474 342 583 398 Ξῖἲῖ

1713 342 1771 398 S.
1817 340 2088 398 EUSEBII
2126 339 2508 399 HIERONYMI

3660 346 3769 402 εει

476 461 911 534 castigatumque
938 461 1244 531 disponam,
1294 466 1460 513 :estus
1508 456 1736 513 febrium
1762 455 1817 511 in
1850 456 2065 527 pulsum
2093 452 2150 517 Α
2173 456 2378 528 absque
2405 467 2655 529 peccato,
2688 469 2745 514 ut
2775 468 2977 531 negent
3015 460 3327 529 quempiam
3369 469 3498 532 post
3529 463 3661 517 vitia
3696 463 3767 519 ita

480 572 743 614 venarum
775 557 1029 621 sentiam,
1058 563 1114 609 ut
1140 552 1511 609 curationibus
1530 551 1755 625 cyclicis
1786 555 2071 606 humerum

484 648 871 705 abundantiam
900 646 1125 710 siccem,
1165 654 1486 713 temperem,
1528 655 1694 714 atque
1723 643 2072 713 restringatn.

485 743 616 812 Qum
645 742 691 797 si
718 741 836 812 quis
866 745 1071 794 tantum
1101 737 1308 801 scierit,
1341 748 1398 793 et
1426 752 1531 792 non
1559 751 1723 807 opere
1763 736 1925 791 fuerit
1949 734 2078 791 sub-

482 844 725 902 secutus,
756 846 911 888 cassa
942 832 1047 886 erit
1071 830 1189 898 ejus
1217 830 1466 885 scientia.
1515 828 1708 886 Simile
1740 828 1868 899 quid
1900 829 2079 884 scien-

487 928 576 982 tiae
606 925 891 982 medicina:
915 934 970 981 et
998 925 1172 996 aperi,
1193 925 1356 979 etiam
1382 924 1434 978 iu
1458 922 1650 978 notitia
1668 922 2079 993 ministerioque

486 1017 755 1075 sermonis
776 1024 899 1072 est:
932 1015 1083 1072 Sicut
1115 1015 1444 1070 tradiderunt
1470 1013 1614 1069 nabis
1638 1015 1726 1085 qui
1752 1030 1785 1067 a
1827 1014 2081 1084 principio

485 1112 587 1183 ipsi
611 1109 875 1175 viderunt,
924 1120 971 1164 et
1018 1109 1245 1163 ministri
1276 1110 1488 1178 fuerunt
1516 1108 1785 1162 sermonis.
1818 1105 1891 1163 Ut
1920 1121 1985 1162 ex
2015 1121 2080 1160 eo

449 1244 455 1250 .
486 1204 630 1276 quod
660 1205 830 1259 dixit:
864 1202 978 1272 Ipsi
996 1204 1255 1267 viderunt,
1280 1201 1586 1256 doctrinam
1613 1207 1670 1255 et
1691 1200 1976 1256 scientiam
2008 1200 2083 1254 si-

487 1295 752 1368 gniﬁcari,
784 1304 839 1350 et
862 1311 931 1350 ex
963 1309 1030 1349 eo
1087 1293 1231 1363 quod
1278 1293 1455 1348 dixit:
1482 1290 1713 1347 Ministri
1739 1293 2083 1362 [ueruntser-

489 1389 682 1453 manis,
713 1386 1071 1443 demonstrari
1116 1401 1283 1455 Opera
1312 1398 1727 1456 cognoscamus.
1759 1383 2007 1438 Assecuto
2052 1400 2082 1436 (ι

492 1483 748 1555 principia
777 1498 796 1537 :
831 1481 1011 1537 Visum
1041 1489 1114 1536 est
1160 1490 1205 1535 et
1248 1480 1377 1534 milii
1398 1491 1635 1535 assecuta
1667 1478 1731 1532 ab
1774 1479 1922 1533 initia
1954 1494 1971 1532 :
2004 1478 2084 1533 iu-

492 1577 691 1641 culcat,
733 1590 796 1630 ac
825 1575 1077 1644 replicat,
1112 1572 1363 1641 quoniam
1403 1587 1467 1627 ea
1497 1587 1618 1643 quae
1648 1571 1949 1642 scripturus
1977 1577 2081 1633 est,

494 1685 602 1726 non
632 1685 854 1725 rumore
874 1667 1218 1738 cognoverit,
1236 1665 1332 1721 sed
1360 1668 1428 1720 ab
1454 1665 1609 1720 initia
1640 1668 1755 1736 ipse
1776 1663 1939 1719 fuerit
1957 1678 2088 1719 cou-

494 1775 733 1820 secutus.
768 1763 923 1820 Unde
967 1772 1022 1818 et
1072 1761 1141 1817 ab
1184 1761 1446 1832 Apostola
1498 1759 1695 1816 merito
1724 1758 2081 1826 collaudatur,

2176 563 2235 604 se
2265 548 2331 604 ad
2360 549 2598 607 virtutes
2627 551 2855 621 referre,
2884 561 2948 608 ut
2978 568 3270 621 numquam
3302 556 3528 609 omnino
3558 565 3769 626 peccet,

2178 642 2308 698 falsa
2341 657 2532 698 eorum
2564 647 2840 701 sententia
2871 654 2973 701 est.
3014 646 3199 702 Potest
3229 648 3376 703 enim
3411 648 3557 716 fieri,
3591 665 3643 705 ιιι
3679 650 3775 721 qui

2180 746 2307 791 ante
2334 739 2675 806 peccaverit,
2718 748 2772 794 et
2816 754 3046 808 peccare
3074 738 3369 807 desiverit,
3402 741 3523 796 sine
3554 752 3776 811 peccato

2181 843 2302 885 esse
2328 829 2559 885 dicatur.
2592 831 2683 885 Sic
2722 841 2776 885 et
2811 831 3070 886 Dominus
3114 841 3302 889 uoster
3340 832 3499 889 Jesus
3524 835 3779 889 Clu-isms

2183 924 2432 979 exhibuit
2459 923 2563 978 sihi
2603 924 2903 993 gloriosam
2938 924 3277 995 Ecclesiam,
3325 941 3431 980 non
3482 924 3778 982 habentem

2185 1015 2453 1069 maculam
2500 1013 2730 1085 (Ephes.
2775 1016 2844 1085 v)
2882 1036 2893 1070 ;
2928 1018 3191 1085 nonquia
3240 1019 3649 1087 ecclesiasticus
3699 1020 3782 1076 vir

2185 1123 2478 1179 numquam
2512 1108 2765 1164 habuerit
2795 1110 3063 1166 maculam
3096 1127 3111 1177 ;
3154 1111 3250 1167 sed
3282 1113 3406 1181 quia
3437 1128 3783 1185 nequaquam

2185 1201 2327 1255 ultra
2360 1201 2667 1257 maeuletur
2700 1220 2711 1255 :
2748 1216 2854 1257 nou
2885 1202 3177 1259 habentem
3231 1219 3418 1274 rugam
3440 1247 3456 1271 ,
3489 1221 3598 1259 non
3637 1205 3784 1275 quod

2186 1308 2317 1365 ruga
2342 1295 2543 1349 veteris
2567 1293 2805 1349 hominis
2836 1295 2891 1350 in
2918 1311 2985 1351 eo
3005 1295 3301 1364 aliquando
3328 1312 3431 1351 non
3458 1295 3657 1362 fuerit;
3687 1296 3787 1352 sed

2186 1388 2331 1457 quod
2370 1403 2490 1443 eam
2523 1387 2725 1444 habere
2763 1389 3013 1445 desierit.
3051 1388 3109 1444 In
3143 1390 3292 1445 hunc
3320 1390 3541 1444 modum
3568 1401 3625 1445 et
3655 1391 3786 1447 illud

2188 1480 2331 1552 quod
2358 1486 2627 1551 sequitur,
2659 1492 2747 1536 est
2772 1481 3214 1553 intelligendum,
3243 1491 3300 1537 ut
3325 1483 3393 1537 sit
3415 1492 3597 1537 saneta
3621 1493 3671 1539 et
3689 1485 3790 1537 im-

2190 1572 2483 1655 maculata,
2517 1587 2627 1627 non
2655 1573 2801 1643 quod
2834 1589 2864 1628 a
2894 1574 3167 1644 principio
3195 1574 3545 1629 immaculata
3578 1576 3738 1630 fuerit
3771 1593 3787 1631 :

2190 1667 2297 1723 hoc
2325 1667 2472 1723 enim
2504 1670 2774 1738 suspicari
2804 1670 3029 1740 quidem
3064 1668 3134 1725 de
3161 1670 3388 1726 homine
3429 1685 3536 1726 non
3580 1679 3788 1740 potest,

2192 1762 2335 1833 quod
2363 1764 2543 1818 anima
2572 1764 2690 1834 ejus
2721 1764 2996 1820 maculosa
3028 1779 3135 1818 non
3161 1763 3369 1830 fuerit;
3404 1764 3499 1819 sed
3530 1763 3675 1835 quod
3705 1778 3793 1818 re-

496 1859 713 1915 diceute
740 1877 756 1915 :
781 1855 944 1929 Cujus
971 1857 1086 1912 laus
1107 1857 1162 1909 in
1189 1854 1474 1926 Evangelia
1496 1864 1567 1908 est
1596 1870 1688 1925 per
1708 1869 1882 1907 omnes
1909 1850 2090 1906 Eccleo
2123 1843 2171 1904 Β
2196 1863 2422 1926 putetur
2448 1870 2580 1925 pura
2608 1864 2773 1926 atque
2802 1857 3018 1911 sincera
3036 1897 3051 1918 .
3083 1870 3207 1926 qua:
3240 1855 3501 1911 maculari
3529 1856 3671 1911 ultra
3697 1855 3794 1911 de-

494 1953 601 2006 sias
630 1950 694 2023 (ll
725 1949 846 2006 Car.
877 1946 1014 2019 vur).
1052 1948 1166 2003 lloc
1193 1947 1336 2002 enim
1364 1945 1433 2002 de
1458 1945 1607 2001 nullo
1647 1945 1755 2001 alio
1778 1943 2002 2011 dicitur,
2035 1954 2091 2000 et

498 2042 599 2100 nisi
621 2044 690 2099 de
722 2043 861 2098 Luca
894 2042 1100 2096 dictum
1133 2040 1365 2095 traditur
1395 2056 1409 2094 :
1449 2038 1633 2094 Visum
1656 2046 1732 2092 est
1760 2046 1809 2091 et
1853 2036 1983 2091 mihi
2008 2053 2083 2089 as-

494 2148 667 2193 secuta
690 2154 722 2191 a
752 2135 1008 2207 principia
1049 2135 1225 2189 omnia
1248 2133 1519 2205 diligenter
1547 2147 1610 2186 ea:
1629 2133 1811 2185 ordine
1844 2129 1937 2184 tibi
1961 2129 2092 2183 scri-

496 2230 631 2298 bere,
662 2231 851 2303 optime
880 2228 1188 2302 Theaphile.
1223 2228 1380 2283 Putat
1402 2226 1620 2296 aliquis,
1653 2227 1797 2297 quod
1825 2226 1891 2280 ad
1915 2224 2094 2281 Theo-

498 2324 707 2395 philum
730 2321 1039 2393 quempiam
1074 2320 1425 2390 Evangelium
1448 2319 1737 2389 scripserit
1761 2332 1982 2373 :omnes
2001 2317 2092 2387 qui

501 2429 603 2470 nos
632 2413 832 2469 auditis
858 2413 1167 2482 loquentes,
1208 2413 1256 2467 si
1287 2412 1423 2467 tales
1467 2410 1676 2467 fueritis
1704 2420 1763 2466 ut
1790 2409 2092 2481 diligamini

498 2523 529 2562 a
562 2507 695 2571 Deo,
722 2520 776 2561 et
808 2520 904 2562 vos
929 2505 1215 2576 Theophili
1241 2507 1395 2571 estis,
1442 2516 1497 2560 et
1523 2504 1587 2559 ad
1618 2520 1716 2560 vos
1744 2503 2090 2574 Evangelium

499 2600 775 2656 scribitur.
827 2600 884 2655 Si
933 2599 1055 2670 quis
1092 2597 1432 2669 Theophilus
1460 2608 1565 2666 est,
1619 2598 1721 2653 iste
1753 2597 1995 2667 optimus
2042 2607 2094 2651 et

496 2690 830 2748 fortissimus
884 2702 988 2756 est,
1041 2691 1145 2746 hoc
1173 2699 1199 2729 ⁸
1227 2691 1427 2761 quippe
1472 2690 1872 2760 significantius
1902 2689 2095 2745 Grarco

500 2799 757 2841 sermone
805 2783 1006 2840 dicitur
1028 2785 1324 2863 κράτιστος.
1362 2781 1532 2837 Nemo
1579 2780 1914 2845 Theophilus
1943 2780 2089 2834 inlir-

502 2893 623 2934 mus
672 2886 775 2933 est.
811 2878 882 2935 Et
925 2882 1200 2949 quomodo
1229 2876 1488 2946 scriptmn
1519 2889 1598 2931 est
1632 2875 1984 2948 251-252
2028 2874 2096 2929 de

500 2972 703 3042 populo
720 2970 902 3033 Israel,
922 2970 1138 3042 quando
1153 2969 1533 3041 egrediebatur
1550 2983 1614 3023 ex
1636 2968 1873 3039 A'ngpto
1892 2966 2092 3034 (Exod.

505 3063 641 3135 xw),
659 3064 804 3135 quod
827 3081 933 3119 non
958 3064 1115 3119 fuerit
1142 3064 1194 3117 iu
1220 3062 1465 3117 tribubus
1491 3076 1679 3118 eorum
1702 3062 1947 3116 infirmus
1963 3078 1976 3114 :
1994 3062 2093 3125 sic,

506 3168 562 3211 ιιι
581 3157 840 3212 audacter
862 3158 1073 3228 loquar,
1095 3156 1271 3212 dicam
1289 3156 1431 3227 quod
1451 3154 1630 3209 omnis
1653 3155 1742 3225 qui
1762 3153 2095 3223 Theophilus

2190 1948 2366 2001 sierit.
2394 1947 2520 2003 llaec
2549 1947 2755 2002 idcirco
2780 1946 3046 2016 diximus,
3071 1955 3129 2002 ut
3150 1949 3474 2003 duceremus
3506 1962 3667 2019 posse
3694 1946 3795 2003 ha-

2192 2042 2395 2096 minem
2426 2041 2498 2097 ob
2529 2042 2582 2097 id
2612 2042 2758 2114 quod
2805 2058 3036 2113 peccare
3072 2042 3311 2113 desivit,
3360 2045 3542 2098 vocari
3589 2042 3793 2114 absque

2190 2145 2456 2206 peccato,
2489 2144 2546 2191 et
2586 2137 3019 2191 immaculatum.
3070 2136 3226 2193 Unde
3253 2144 3312 2193 et
3338 2136 3795 2193 manifestissime

2193 2229 2261 2285 de
2288 2229 2551 2284 Zacharia
2580 2239 2635 2285 et
2667 2230 2941 2285 Elisabeth
2966 2231 3224 2286 scrihitur
3252 2247 3266 2285 :
3297 2228 3467 2284 Erant
3482 2231 3617 2304 justi
3642 2230 3794 2285 amba

2193 2326 2246 2379 in
2278 2335 2552 2391 conspectu
2580 2320 2678 2376 Dei
2708 2323 3052 2378 ambulantes.
3086 2322 3155 2377 In
3183 2323 3420 2379 omnibus
3448 2331 3623 2378 autem
3647 2331 3795 2378 erant

2185 2417 2319 2490 justi
2348 2416 2500 2470 amba
2529 2426 2646 2471 ante
2676 2414 2959 2469 Dominum
2980 2456 2995 2480 ,
3035 2415 3323 2470 incedentes
3366 2416 3421 2470 in
3450 2415 3716 2469 mandatis
3746 2423 3795 2468 et

2185 2508 2653 2581 justiﬁcatianibus
2675 2506 2885 2563 Domini
2916 2509 3027 2563 sine
3055 2506 3289 2579 querela.
3319 2507 3645 2579 Diligentius
3672 2508 3789 2562 lau-

2196 2601 2293 2657 des
2324 2602 2608 2656 Zachariae
2637 2611 2691 2657 et
2738 2601 3025 2657 Elizaheth
3047 2645 3061 2666 ,
3097 2616 3233 2672 quas
3281 2609 3504 2658 sanctus
3534 2600 3710 2657 Lucas
3740 2601 3794 2656 in

2196 2710 2292 2750 sua
2325 2695 2515 2751 scribit
2546 2694 2795 2764 historia,
2828 2695 3270 2765 contemplemur
3304 2713 3316 2747 :
3351 2710 3457 2750 non
3490 2702 3704 2748 tantum
3738 2703 3799 2749 ut

2197 2787 2435 2841 sciamus
2468 2787 2590 2841 illos
2623 2787 2791 2841 fuisse
2824 2786 3162 2852 laudabiles;
3198 2785 3297 2841 sed
3331 2794 3391 2841 ut
3419 2796 3664 2841 sanctum
3700 2801 3795 2840 ze-

2197 2878 2310 2933 lum
2342 2889 2721 2945 assmnentes,
2753 2878 2916 2933 etiam
2951 2877 3056 2945 ipsi
3088 2878 3249 2933 laude
3278 2878 3427 2949 digni
3456 2878 3789 2934 efficiamur.

2199 2969 2458 3025 Potuemt
2485 2970 2804 3040 simpliciter
2834 2970 3077 3026 scribere
3098 3012 3112 3036 ,
3146 2980 3292 3026 erant
3311 2972 3447 3041 justi
3482 2972 3655 3038 amba,
3685 2987 3800 3026 am-

2200 3064 2430 3118 bulanles
2456 3064 2508 3118 in
2530 3066 2764 3118 omnibus
2792 3064 3089 3130 mandatis;
3108 3079 3252 3119 nunc
3277 3074 3460 3119 autem
3487 3066 3799 3122 necessario

2200 3154 2436 3223 additur,
2460 3157 2597 3229 justi
2624 3157 2777 3209 amba
2815 3157 2868 3210 in
2908 3166 3186 3226 conspectu
3231 3156 3346 3211 Dei.
3382 3156 3565 3212 PoteSI
3599 3157 3800 3228 quippe

501 3259 606 3318 est,
638 3251 709 3305 sit
739 3213 1020 3317 robustius,
1056 3249 1264 3304 habens
1313 3246 1683 3304 fortitudinem
1735 3246 2012 3303 robustam
2064 3261 2093 3299 a
2121 3213 2169 3278 δ
2200 3245 2344 3314 fieri,
2369 3257 2427 3301 ut
2457 3213 2529 3301 sit
2549 3247 2747 3315 aliquis
2764 3247 2945 3317 justus
2977 3213 3352 3312 iu'conspeclu
3379 3213 3799 3317 hominuin,sed

506 3343 642 3410 Deo,
672 3354 948 3405 tamquam
976 3358 1004 3396 a
1029 3356 1290 3398 sermone
1311 3343 1455 3410 ejus,
1481 3352 1538 3395 ut
1558 3353 1895 3411 cognoscere
1922 3338 2098 3411 possit

502 3451 693 3492 eorum
733 3438 1048 3504 verborum,
1096 3436 1295 3507 quibus
1342 3435 1595 3491 conditus
1627 3443 1734 3501 est,
1784 3434 2094 3499 veritatem,

502 3527 815 3600 intelligens
838 3544 1146 3585 sermonem
1196 3527 1473 3598 Evangelii
1506 3528 1558 3583 in
1587 3526 1831 3595 Christo,
1864 3527 1949 3583 cui
1978 3526 2095 3597 glo-

504 3618 582 3675 ria
614 3620 669 3676 in
698 3621 896 3676 saecula
924 3620 1279 3688 saeculorum,
1307 3618 1505 3673 Amen.

1107 3729 1389 3786 IIOMILIA
1431 3729 1497 3785 ll.

507 3825 584 3881 lie
610 3837 676 3878 eo
703 3824 846 3893 quod
879 3822 1150 3895 scriptum,
1174 3832 1255 3895 est
1286 3842 1301 3875 :
1333 3821 1499 3876 Erant
1528 3831 1698 3895 autem
1716 3824 1851 3895 justi
1877 3825 2026 3878 amba
2048 3825 2100 3878 in

580 3892 855 3964 conspectu
883 3892 1005 3964 Dei,
1044 3892 1372 3964 ambulantes
1409 3895 1464 3947 in
1494 3892 1733 3964 omnibus
1771 3896 2029 3949 mandatis
2055 3906 2103 3950 et

568 3962 1037 4039 justiﬁcatianibus
1064 3962 1276 4019 Domini
1303 3965 1416 4020 sine
1441 3965 1669 4034 querela.
1701 3963 1835 4036 Cap.
1860 3965 1902 4020 Ι.

580 4077 685 4146 Qui
713 4078 904 4131 volunt
935 4078 1171 4147 peccatis
1193 4078 1309 4134 suis
1336 4078 1637 4135 obtendere
1665 4079 1902 4150 aliquam
1934 4095 2103 4136 excu-

509 4172 814 4237 sationem,
845 4170 1158 4224 existimant
1208 4169 1416 4224 nullum
1455 4185 1580 4225 esse
1619 4171 1826 4241 absque
1857 4184 2103 4241 peccato,

511 4276 565 4322 et
605 4276 829 4321 utuntur
878 4267 1195 4321 testimonio
1229 4265 1375 4336 quod
1418 4266 1470 4321 in
1517 4266 1621 4322 Job
1662 4269 1924 4337 scriptum
1979 4281 2103 4325 e51:

516 4357 683 4413 Nemo
707 4358 936 4412 mundus
956 4374 989 4409 a
1009 4358 1193 4425 sorde,
1236 4373 1298 4411 ne
1332 4358 1377 4412 si
1414 4359 1569 4413 unius
1593 4359 1803 4430 quidem
1827 4360 1930 4414 diei
1952 4362 2108 4431 fuerit

510 4452 611 4504 vita
635 4451 749 4521 ejus
774 4466 931 4519 super
962 4458 1172 4504 terram.
1201 4448 1563 4504 Numerabiles
1588 4462 1755 4505 autem
1779 4468 1974 4506 menses
1995 4456 2106 4521 ejus

516 4541 661 4614 (Job.
687 4539 821 4612 xiv).
855 4541 1024 4611 Cujus
1056 4556 1249 4596 sanum
1281 4542 1659 4599 tantummodo
1692 4544 1995 4613 proferunt,
2025 4546 2106 4598 iu-

516 4636 962 4702 terpretatianem
1010 4635 1225 4705 penitus
1265 4636 1601 4703 ignorantes.
1647 4637 1926 4693 Adversus
1967 4655 2102 4705 quos

516 4731 757 4787 breviter
806 4728 1291 4799 respondebimus,
1323 4730 1579 4797 quoniam
1624 4731 1832 4800 absque
1879 4741 2105 4802 peccato

518 4844 643 4882 esse
673 4827 725 4880 in
769 4823 1069 4892 Scripturis
1107 4822 1398 4893 dupliciter
1438 4823 1798 4895 intelligitur:
1832 4833 1894 4879 ut
1931 4826 2002 4879 sit
2028 4825 2109 4879 al-

516 4930 725 4985 terum,
759 4933 1051 4989 numquam
1082 4917 1307 4971 omnino
1339 4930 1592 4987 peccasse
1627 4934 1641 4970 :
1672 4917 1903 4971 alterum
1923 4962 1936 4985 ,
1974 4933 2105 4987 pec-

514 5027 643 5067 care
673 5010 905 5066 desisse.
948 5010 1005 5066 Si
1058 5011 1220 5080 igitur
1256 5009 1410 5063 aiunt
1456 5024 1581 5064 eum
1630 5008 1839 5079 absque
1879 5022 2107 5078 peccato

515 5106 654 5167 dici,
687 5106 774 5173 qm
809 5118 1099 5175 numquam
1130 5102 1470 5172 peccaverit.
1512 5113 1567 5155 et
1614 5116 1714 5156 nos
1751 5104 2103 5167 assentimus,

518 5202 727 5258 nullum
755 5215 878 5255 esse
907 5200 1115 5266 absque
1143 5210 1389 5267 peccato,
1422 5199 1545 5265 quia
1577 5211 1774 5251 aiuues
1803 5194 1833 5233 δ
1862 5197 2113 5251 homines

518 5292 813 5365 aliquando
845 5290 1229 5361 peccavimus,
1275 5290 1399 5343 licet
1429 5298 1620 5359 postea
1652 5290 1909 5343 virtutem
1941 5290 2116 5345 secuti

519 5398 729 5440 sumus.
764 5381 821 5439 Si
872 5396 1002 5438 vero
1045 5380 1125 5435 sic
1172 5380 1487 5450 intelligunt
1538 5380 1821 5435 hominem
1855 5396 1962 5435 non
1995 5396 2117 5437 esse

591 5576 617 5604 ἰ
639 5566 840 5622 lterum
859 5578 922 5616 ex
943 5560 1255 5631 interpretis
1279 5559 1514 5631 calamo,
1536 5575 1643 5613 non
1662 5556 1923 5616 auctoris.
1944 5556 2113 5612 hocce

520 5639 737 5694 additur
759 5649 969 5688 comma
1000 5652 1014 5688 :
1040 5629 1181 5702 quod
1207 5632 1351 5685 enim
1383 5632 1445 5703 in
1464 5629 1654 5703 Graeco
1678 5636 1785 5694 est,
1799 5631 2112 5703 _xpé_‘rw105,

519 5720 576 5763 et
600 5706 819 5777 praprie
846 5699 1188 5777 [artissimum
1211 5709 1393 5764 sonat,
1425 5700 1633 5756 Latina:
1665 5699 1939 5753 versionis
1963 5699 2117 5755 codi-

517 5775 613 5832 ces
636 5780 889 5842 optimum
914 5775 1369 5842 interpretantur.

586 5845 617 5884 ι·
657 5838 958 5899 [lentandus
1001 5838 1087 5899 cst
1116 5844 1286 5897 lector
1316 5838 1537 5896 Mariam
1572 5840 1857 5910 Virginem
1886 5838 2114 5908 speciali

2198 3342 2257 3397 in
2277 3350 2576 3412 conspectu
2607 3341 2705 3396 Dei
2735 3355 2868 3396 non.
2897 3340 3061 3397 Verbi
3092 3340 3291 3410 gratia,
3320 3340 3540 3410 quando
3568 3356 3675 3395 non
3704 3339 3802 3395 ha-

2200 3434 2295 3489 het
2320 3433 2484 3488 homo
2514 3432 2657 3502 quod
2685 3432 2755 3488 de
2789 3447 2875 3487 me
2909 3433 3053 3487 male
3085 3433 3362 3502 loquatur,
3391 3442 3449 3487 et
3475 3434 3526 3487 in
3560 3448 3647 3489 me
3678 3432 3802 3489 uni-

2200 3541 2355 3581 versa
2386 3525 2744 3581 considerans
2774 3525 2908 3579 nihil
2936 3525 3023 3579 cui
3056 3524 3337 3591 detrahat,
3371 3525 3599 3593 reperit,
3620 3526 3804 3595 justus

2201 3635 2321 3675 sum
2353 3620 2408 3675 in
2457 3627 2749 3689 conspectu
2799 3617 3110 3673 hominum.
3145 3616 3316 3687 Finge
3360 3632 3551 3673 onmes
3599 3616 3669 3672 de
3714 3633 3806 3673 me

2203 3713 2471 3785 aequalem
2497 3712 2702 3768 habere
2726 3712 3083 3777 sententiam,
3107 3720 3162 3767 et
3188 3725 3440 3781 qumrere
3470 3711 3596 3778 quid
3623 3710 3809 3765 detra-

2204 3807 2335 3862 hant
2359 3806 2515 3870 mihi,
2535 3816 2587 3860 et
2616 3817 2796 3861 tamen
2827 3805 3078 3860 invenire
3103 3819 3210 3859 non
3236 3819 3417 3873 posse.
3438 3803 3531 3857 sed
3560 3817 3807 3857 consono

2206 3916 2293 3955 me
2320 3915 2417 3954 ore
2440 3899 2666 3955 laudare
2696 3915 2709 3952 :
2740 3898 2922 3969 justus
2953 3914 3073 3951 sum
3107 3897 3160 3952 in
3190 3906 3487 3966 conspectu
3513 3894 3801 3951 hominum

2205 3995 2596 4066 plurimorum;
2632 4008 2822 4047 verum
2865 3984 3146 4047 haminum
3177 4005 3285 4045 non
3312 3999 3395 4045 est
3422 3997 3631 4044 certum
3650 3989 3803 4056 judi-

2205 4084 2643 4142 cium.Nesciunt
2666 4084 2810 4138 enim
2836 4093 3015 4137 utrum
3047 4082 3099 4136 in
3132 4082 3455 4136 abscondito
3483 4080 3668 4135 cordis
3696 4079 3807 4134 mei

2206 4179 2497 4251 aliquando
2527 4176 2900 4249 peccaverim,
2932 4187 3119 4230 utrum
3152 4174 3379 4230 viderim
3414 4174 3699 4228 mulierem
3734 4172 3802 4227 ad

2207 4272 2707 4344 concupiscendum
2735 4286 2854 4326 eam
2880 4267 3099 4340 (Matth.
3124 4266 3202 4339 ν),
3230 4277 3288 4321 et
3312 4265 3643 4321 adulterium
3674 4265 3809 4319 mihi

2208 4367 2262 4421 in
2293 4367 2460 4422 corde
2490 4366 2561 4418 sit
2590 4372 2798 4419 uatum.
2841 4362 3105 4433 ignorant
3150 4358 3507 4434 253-255.
3556 4358 3811 4413 homines

2208 4476 2331 4516 cum
2359 4475 2447 4514 me
2468 4458 2707 4513 viderint
2729 4456 3027 4512 secundum
3055 4456 3204 4509 vires
3227 4469 3377 4509 meas
3400 4455 3812 4525 eleemosynam

2211 4554 2425 4618 facere,
2475 4565 2653 4607 utrum
2683 4558 2910 4622 propter
2955 4548 3273 4603 mandatum
3308 4547 3401 4602 Dei
3442 4546 3701 4611 fecerim,
3744 4562 3813 4601 an

2216 4645 2498 4700 hominum
2533 4642 2746 4698 laudem
2780 4642 3138 4710 favoremque
3184 4637 3517 4709 qua-sierim.
3566 4636 3816 4691 Difﬁcilis

2215 4755 2306 4793 res
2343 4749 2426 4792 eSt
2466 4737 2520 4791 in
2559 4741 2858 4804 conspectu
2903 4732 2995 4787 Dei
3032 4732 3242 4798 justum
3283 4744 3442 4793 esse,
3497 4736 3559 4782 ut
3596 4742 3705 4781 non
3745 4726 3819 4783 ob

2212 4832 2374 4887 aliam
2405 4844 2623 4884 causam
2655 4826 2785 4897 quid
2830 4825 2957 4879 boni
3005 4823 3181 4877 facias
3212 4821 3314 4875 nisi
3362 4828 3591 4891 propter
3636 4819 3819 4889 ipsum

2214 4923 2452 4985 hanum,
2470 4932 2523 4976 et
2553 4922 2718 4974 Deum
2742 4925 2955 4972 tantum
2984 4928 3200 4985 qumras
3226 4912 3354 4967 honi
3379 4910 3563 4980 operis
3581 4909 3821 4965 retribu-

2216 5024 2411 5069 torem.
2466 5011 2595 5066 'l‘le
2638 5009 2765 5078 quid
2808 5020 2864 5063 et
2909 5005 3210 5076 Apostolus
3261 5003 3549 5070 loquitur:
3583 5000 3821 5064 Quarum

2216 5107 2333 5161 laus
2363 5119 2466 5157 non
2492 5117 2556 5157 ex
2579 5099 2896 5165 hominibus,
2922 5098 3013 5151 sed
3041 5113 3105 5151 ea:
3139 5094 3244 5149 Dea
3271 5104 3346 5148 est
3370 5091 3545 5161 (Rom.
3573 5088 3655 5161 ιι).
3687 5089 3822 5145 Bea-

2218 5208 2307 5252 tus
2334 5195 2427 5266 qui
2458 5195 2512 5249 in
2537 5202 2840 5262 conspectu
2863 5192 2957 5245 Dei
2970 5191 3162 5259 .justus
3184 5197 3292 5253 est,
3323 5194 3485 5253 atque
3508 5184 3819 5242 laudabilis.

2218 5288 2481 5344 Homines
2502 5286 2671 5349 enim,
2699 5282 2947 5352 quamvis
2973 5289 3179 5335 certum
3206 5277 3473 5349 judicium
3504 5275 3707 5330 hahere
3740 5277 3823 5328 vi-

2215 5383 2475 5446 deantur,
2508 5390 2689 5432 tamen
2718 5392 2825 5431 non
2869 5382 3099 5445 possunt
3144 5372 3210 5425 ad
3262 5368 3525 5440 liquidum
3571 5383 3820 5439 pronun-

2219 5554 2315 5611 Dei
2354 5550 2737 5625 privilegioab
2755 5550 2885 5625 _hac
2919 5559 3239 5625 exemplain
3260 5561 3491 5625 censura
3520 5563 3541 5625 _:
3576 5545 3822 5625 ideoque

2220 5616 2708 5690 tnouendusfquia
2746 5621 3011 5688 Origenes
3067 5616 3117 5670 ιιι
3156 5620 3385 5690 inferius
3422 5616 3487 5669 ad
3520 5616 3728 5690 Ιιιιιιιιι.Δ
3756 5619 3820 5673 H

2218 5695 2512 5753 dicendum
2540 5686 2660 5758 est,
2691 5686 2865 5761 ipsam
2895 5701 3118 5759 quoque
3146 5687 3247 5741 sub
3280 5686 3381 5741 hac
3425 5687 3674 5742 omnium
3715 5686 3822 5744 ho-

2222 5768 2425 5824 minum
2453 5762 2774 5818 infirmitate
2794 5760 2961 5829 impie
2982 5765 3332 5813 annumerat.
