4044 6368
162 314 261 372 225

795 306 1229 366 TRANSLATIO
1268 306 1707 366 HOM'LlARUM
1748 306 2073 365 ORIGENIS
2113 306 2179 364 IN
2222 307 2480 367 LUCAM.
2524 311 2692 371 HOM.
2721 311 2811 369 111.

3339 308 3447 365 226

166 429 309 483 tiare.
343 424 548 481 Evenit
574 423 775 495 quippe
817 423 1122 489 interdum,
1151 432 1211 478 ut
1240 421 1468 478 laudent
1495 438 1618 478 eum
1661 422 1753 493 qui
1779 431 1833 491 Α
1859 421 2153 487 noluerint,
2182 420 2350 487 videt,
2382 423 2599 493 quando
2626 424 2679 478 in
2714 438 2775 477 ca
2806 420 3333 488 contemplationem
3363 420 3448 474 di-

170 537 264 575 nou
297 526 379 574 est
408 516 725 581 laudabilis,
755 527 809 571 et
854 516 908 571 ei
939 515 1231 570 detrahant
1272 514 1367 584 qui
1399 517 1625 569 minime
1653 512 1747 568 de-

171 611 423 666 tractione
449 608 648 679 dignus
671 617 777 664 est.
811 607 973 662 Solus
994 605 1144 661 Deus
1170 612 1229 659 et
1248 605 1301 660 in
1336 605 1497 661 laude
1525 606 1655 660 etin
1678 604 1757 659 vi-

172 702 712 773 tuperationejustus
740 711 821 756 est
864 698 1055 770 jndex.
1105 697 1265 755 Unde
1305 699 1470 768 digne
1514 707 1571 753 et
1612 710 1758 753 nullo

171 796 370 852 additur
395 795 450 849 in
481 793 645 849 laude
668 793 947 863 justorum
975 809 990 845 :
1023 789 1192 844 Erant
1208 790 1345 863 justi
1374 790 1526 844 arnbo
1548 789 1604 843 in
1633 804 1758 842 con-

171 900 329 964 spectu
362 887 485 942 Dei.
522 887 657 942 Tale
681 886 813 957 quid
846 897 902 941 et
943 884 1208 941 Salomon
1233 885 1286 938 in
1316 883 1630 939 Proverbiis
1660 897 1756 938 eo-

172 985 435 1047 hortatur,
468 979 661 1035 dicens
685 996 701 1032 :
729 976 859 1042 Fili,
886 975 1099 1047 provide
1123 975 1254 1029 bona
1279 976 1334 1029 in
1364 984 1639 1047 conspectu
1662 973 1761 1028 Dei

173 1086 218 1131 et
244 1073 507 1129 austrinum
536 1069 724 1140 (Prov.
756 1074 859 1135 ιιι).
902 1067 1162 1137 Sequitur
1192 1065 1469 1122 Zacharias
1482 1073 1551 1122 ἐι
1582 1066 1756 1120 Eliza-

180 1167 296 1222 beth
325 1165 435 1219 alia
482 1162 744 1217 laudatio.
777 1159 1116 1215 Ambulantes
1149 1160 1204 1213 in
1234 1158 1474 1213 ancilibus
1504 1158 1761 1212 mandatis

177 1269 219 1315 et
244 1254 702 1327 iustiﬁcationibus
730 1251 959 1307 Domini.
994 1250 1224 1320 Quando
1261 1251 1403 1305 bene
1431 1260 1487 1306 et
1516 1258 1668 1305 recte
1693 1248 1763 1305 de

176 1338 433 1421 aliquibus
453 1346 790 1415 judicamus,
816 1343 872 1397 in
894 1340 1382 1413 jusﬁiieationibus
1408 1340 1618 1394 Domini
1639 1354 1760 1409 gra.

176 1442 357 1498 dimur.
393 1436 624 1508 Quando
656 1437 760 1491 hoc
789 1444 886 1489 aut
935 1433 1068 1488 illud
1103 1431 1336 1486 facimus
1358 1473 1373 1495 ,
1408 1430 1462 1485 in
1494 1431 1765 1484 mandatis

177 1536 315 1594 illius
342 1532 709 1587 ambulamus.
729 1528 885 1586 Unde
911 1536 1045 1597 puto
1069 1536 1128 1582 et
1151 1535 1403 1581 sanctmn
1421 1524 1646 1588 Lucam,
1673 1539 1767 1579 vo-

177 1629 366 1684 lentem
397 1638 497 1681 eos
528 1621 830 1692 [medicare
853 1618 1013 1674 laude
1045 1618 1305 1687 perlecta,
1328 1616 1573 1672 dixisse:
1602 1615 1766 1669 Erant

170 1720 292 1791 justi
319 1716 492 1781 ambo,
522 1712 847 1767 ambulantes
874 1712 927 1765 in
956 1710 1190 1764 omnibus
1218 1708 1476 1763 mandatis
1502 1717 1548 1762 et
1567 1707 1768 1779 justiﬁ-

1858 513 2085 567 reserit.
2132 512 2272 580 Quid
2309 515 2455 569 enim
2494 524 2679 585 potest
2708 515 2903 581 homo,
2938 522 3029 567 aut
3058 512 3163 567 alia
3206 528 3297 567 res
3331 528 3452 583 qua:

1856 603 2231 659 circumdatur
2251 620 2489 676 corpore
2509 619 2718 671 crasso,
2744 619 2866 660 eum
2898 602 2955 658 in
2982 601 3240 674 pra-senti
3265 602 3454 668 fuerit,

1856 697 2038 753 facere
2067 714 2138 754 ne
2162 700 2455 754 cernatur?
2478 698 2798 755 Econtrario
2823 713 2885 754 ea
2914 712 3037 769 qua:
3060 705 3191 752 sunt
3213 710 3455 764 superna

1857 800 1913 845 et
1939 790 2146 859 divina,
2177 805 2246 847 ea
2272 807 2395 846 cum
2425 791 2481 846 in
2508 791 2768 862 prasenti
2794 790 3031 853 fuerint,
3061 806 3167 845 non
3200 789 3457 845 videntur

1858 882 1961 937 nisi
1991 884 2107 952 ipsa
2132 884 2447 939 voluerint:
2475 894 2530 939 et
2554 884 2613 938 in
2639 884 2922 939 voluntate
2941 898 3131 938 eorum
3156 894 3238 937 εει
3258 881 3454 949 videri,

1860 974 1952 1028 vel
1995 989 2103 1027 non
2134 972 2333 1029 videri.
2368 974 2553 1030 Gratia
2586 974 2685 1029 Dei
2724 974 2826 1029 fuit
2857 981 2917 1028 ut
2959 983 3253 1043 appareret
3279 972 3460 1027 Abra-

1861 1064 1988 1121 bam
2011 1105 2027 1131 ,
2064 1067 2150 1119 vel
2181 1066 2396 1124 exteris
2444 1065 2729 1137 prophetis
2762 1084 2778 1122 :
2809 1082 2915 1122 non
2945 1067 3089 1136 quod
3120 1068 3308 1122 oculus
3337 1075 3461 1121 tan-

1863 1167 1973 1212 tum
2020 1157 2206 1213 cordis
2256 1158 2532 1214 Abraham
2589 1160 2640 1214 in
2680 1173 2841 1214 causa
2896 1158 3065 1215 fuerit
3100 1168 3160 1215 ut
3206 1168 3461 1216 cerneret

1865 1249 2077 1315 Deum;
2124 1250 2219 1307 sed
2262 1250 2406 1321 quod
2448 1252 2622 1323 gratia
2674 1252 2769 1307 Dei
2804 1252 2948 1306 ultro
2986 1267 3047 1308 se
3089 1252 3458 1322 aspiciendam

1865 1344 2163 1412 praebuerit
2188 1343 2313 1399 viro
2337 1345 2509 1412 justo.
2543 1346 2655 1400 lloc
2685 1353 2865 1400 autem
2899 1359 3005 1400 non
3034 1346 3212 1399 solum
3243 1355 3269 1382 ιι
3296 1360 3465 1415 super

1864 1435 1981 1491 Deo
2019 1438 2175 1492 Patre
2210 1438 2519 1508 intelligas;
2553 1439 2653 1494 sed
2679 1438 2845 1494 etiam
2876 1437 3276 1510 εδδ-256
3301 1452 3467 1507 super

1867 1530 2104 1585 Domino
2133 1531 2447 1597 Salvatore,
2478 1541 2535 1588 et
2558 1547 2726 1604 super
2750 1531 2955 1599 Spiritu
2980 1542 3194 1599 sancto,
3222 1542 3278 1587 et
3314 1540 3375 1586 ut
3397 1530 3465 1586 ad

1870 1624 2082 1678 minora
2114 1626 2461 1694 perveniam,
2512 1640 2680 1695 super
2728 1625 3022 1681 Cherubim
3053 1636 3109 1681 et
3154 1625 3467 1696 Seraphin).

1872 1716 2016 1772 Fieri
2047 1717 2189 1772 enim
2221 1727 2430 1787 potest,
2458 1726 2517 1772 ut
2542 1728 2599 1773 et
2628 1733 2773 1774 nunc
2806 1718 2969 1774 nobis
2998 1718 3354 1787 loquentibus
3383 1733 3471 1773 as-

177 1809 456 1867 sationibus
484 1804 715 1860 Domini.
748 1804 908 1858 Dicat
936 1802 1066 1857 mihi
1090 1801 1361 1871 quispiam
1389 1817 1403 1852 ε
1427 1799 1481 1854 Si
1515 1800 1635 1853 laus
1665 1799 1766 1852 ista
1798 1814 1844 1875 Β
1872 1807 2028 1862 sistat
2049 1808 2298 1876 angelus,
2327 1817 2383 1863 el,
2412 1819 2594 1865 tamen
2626 1807 2751 1879 quia
2783 1824 2892 1864 non
2920 1824 3217 1874 ιιιειιειιιιηι,
3247 1822 3370 1864 eum
3396 1809 3476 1863 vi-

180 1903 412 1978 perfecta
440 1910 561 1964 est,
592 1897 719 1967 quid
768 1897 870 1950 sibi
918 1896 1032 1949 vult
1075 1892 1179 1948 hoc
1222 1891 1366 1963 quod
1396 1891 1623 1954 dicitur,
1654 1890 1767 1945 sine

179 1993 380 2067 querela
396 1993 422 2046 ?
444 1989 763 2046 Sumeiebat
786 1987 934 2043 enim
958 1985 1166 2050 dicere,
1198 1982 1547 2038 ambulantes
1572 1983 1625 2036 in
1652 1995 1771 2035 om-

179 2088 335 2143 nibus
366 2084 470 2139 viis
507 2092 563 2137 et
603 2078 1092 2153 jnstiﬁcationibus
1137 2076 1353 2130 Domini
1387 2092 1401 2127 :
1436 2074 1541 2129 nisi
1590 2079 1774 2143 posset

181 2178 295 2234 ﬁeri
328 2187 386 2231 ut
415 2173 664 2229 ambulet
699 2172 826 2241 quis
872 2171 925 2226 in
973 2168 1229 2223 omnibus
1257 2166 1529 2222 mandatis
1559 2166 1693 2232 Dei,
1717 2174 1776 2219 et

184 2280 352 2326 tamen
384 2268 503 2322 sine
526 2264 750 2338 querela
782 2279 891 2319 non
921 2260 1181 2316 ambulet.
1210 2260 1275 2315 Et
1295 2259 1570 2329 quomodo
1596 2266 1777 2328 potest

183 2364 418 2428 evenire,
447 2370 504 2415 ut
534 2358 592 2413 in
622 2357 880 2412 omnibus
911 2352 1185 2409 mandatis
1214 2364 1266 2408 et
1290 2349 1779 2422 justiﬁestionibus

183 2455 272 2511 Dei
313 2451 611 2508 ambulans
638 2453 739 2505 sub
764 2447 988 2519 querela
1017 2446 1127 2499 sit?
1152 2443 1252 2499 Cui
1282 2443 1525 2500 breviter
1550 2443 1725 2496 dicam
1760 2457 1775 2494 :

186 2546 295 2602 Nisi
329 2548 433 2601 boe
457 2545 531 2599 ita
556 2552 726 2607 esset,
744 2556 1042 2611 numquam
1066 2538 1120 2592 in
1142 2538 1252 2593 alio
1277 2538 1399 2593 loco
1421 2549 1780 2592 nosceremus

182 2641 447 2710 scriptum
499 2635 695 2693 referri
728 2653 741 2688 :
772 2631 921 2688 Iuste
950 2634 1006 2687 id
1032 2632 1167 2701 quod
1207 2634 1411 2703 justum
1439 2639 1544 2696 est,
1574 2644 1783 2698 sequere

184 2730 360 2803 (Deut.
382 2729 516 2796 xvr).
538 2729 652 2784 Nisi
676 2727 823 2783 enim
846 2737 995 2781 esset
1020 2725 1230 2795 justum
1253 2722 1479 2793 aliquid,
1498 2721 1648 2794 quod
1673 2736 1782 2776 non

180 2822 325 2895 juste
356 2836 737 2891 sequeremur,
770 2833 1113 2891 nequaquam
1163 2817 1323 2873 nobis
1368 2818 1779 2887 przeeiperetur,

183 2927 244 2973 ut
269 2916 425 2986 jnsle
463 2914 519 2968 id
562 2913 705 2983 quod
730 2913 935 2982 justum
983 2923 1096 2975 est,
1144 2925 1523 2981 sequeremur.
1553 2907 1784 2977 Quando

183 3009 333 3066 enim
368 3006 605 3061 facimus
631 3006 942 3060 mandatum
969 3003 1092 3073 Dei,
1124 3012 1181 3058 et
1207 3002 1262 3057 in
1287 3000 1622 3057 conscientia
1655 3014 1787 3054 nos-

184 3110 267 3155 tra
302 3113 464 3153 vanae
492 3096 681 3167 gloriae
722 3094 911 3149 sordes
938 3096 1340 3166 respergimns,
1374 3104 1434 3148 ut
1476 3086 1788 3163 placeamus

1872 1898 2003 1955 dere
2025 1899 2657 1970 nequeamus.Quamvis
2672 1900 2818 1955 enim
2845 1900 3039 1955 oculus
3066 1900 3180 1955 sive
3200 1902 3471 1970 corporis,

1869 1993 1987 2047 sive
2008 1992 2209 2046 anima:
2229 1999 2429 2047 nostra:
2457 1992 2525 2047 ad
2548 1991 3036 2062 contemplandum
3069 1993 3334 2060 intendat,
3370 1990 3475 2047 nisi

1872 2095 2072 2153 sponte
2114 2084 2440 2154 apparuerit
2467 2084 2719 2156 angelus,
2755 2095 2810 2140 et
2841 2100 2900 2141 se
2931 2083 3040 2158 [ΑΙ.
3071 2083 3142 2157 si]
3182 2084 3475 2141 videndum

1875 2179 2210 2250 praebuerit,
2236 2189 2294 2235 et
2343 2181 2436 2236 ille
2461 2182 2553 2249 qui
2585 2195 2713 2236 vere
2755 2181 3070 2246 desiderat,
3101 2194 3207 2235 non
3250 2178 3475 2235 videbit.

1876 2275 2063 2344 Itaque
2094 2274 2426 2344 ubicumque
2467 2276 2732 2344 scriptum
2767 2273 2968 2341 fuerit,
3022 2273 3274 2343 apparuit
3332 2272 3478 2329 Deus

1878 2367 1980 2434 illi,
2015 2368 2097 2424 vel
2128 2368 2231 2434 illi,
2258 2375 2398 2424 utet
2421 2383 2569 2423 nunc
2602 2386 2616 2421 :
2646 2367 2904 2439 Apparuit
2925 2368 2972 2421 ei
2994 2366 3217 2436 Angelus
3242 2364 3475 2434 Domini,

1878 2469 2021 2516 stans
2050 2477 2082 2515 a
2110 2461 2308 2515 dextris
2335 2460 2523 2515 altaris
2564 2461 2797 2527 incensi,
2828 2459 2905 2515 ita
2938 2469 2996 2515 ιιι
3020 2458 3165 2521 dixi'.
3213 2459 3478 2530 intellige.

1881 2553 2009 2610 Sive
2035 2554 2201 2621 Deus,
2236 2553 2351 2610 sive
2374 2554 2602 2625 angelus
2630 2553 2866 2610 Abrahae
2896 2554 2986 2609 vel
3017 2553 3318 2619 Zachariae,
3357 2568 3482 2610 eum

1881 2645 2121 2700 voluerit
2149 2647 2237 2701 vel
2270 2646 2533 2713 noluerit,
2564 2655 2660 2701 aut
2686 2660 2793 2701 non
2820 2645 3125 2714 videbitur,
3156 2655 3251 2701 aut
3271 2646 3484 2702 videbi-

1885 2747 1994 2795 tur.
2022 2739 2092 2794 Et
2116 2738 2222 2795 hoc
2249 2755 2357 2795 non
2387 2748 2599 2795 tantum
2632 2739 2687 2795 in
2716 2741 2976 2810 praesenti
3001 2741 3204 2796 streulo
3224 2738 3481 2808 dicimus,

1886 2831 1981 2887 sed
2011 2832 2178 2887 etiam
2211 2831 2267 2887 in
2297 2832 2505 2899 futuro,
2548 2848 2671 2889 cum
2718 2834 3139 2905 migraverimus
3181 2850 3212 2890 e
3257 2835 3486 2904 mundo,

1887 2926 2029 2996 quod
2071 2939 2178 2979 non
2222 2925 2479 2981 omnibus
2511 2928 2591 2982 vel
2622 2926 2799 2993 Dens,
2831 2927 2916 2982 vel
2943 2928 3123 2997 angeli
3149 2939 3486 2997 appareant,

1890 3015 2036 3085 quod
2073 3016 2288 3072 scilicet
2326 3030 2378 3073 et
2417 3018 2665 3089 angelos,
2705 3030 2762 3074 et
2797 3019 3062 3090 Spiritum
3102 3031 3388 3090 sanctum,
3430 3031 3487 3079 et

1896 3111 2182 3167 Dominum
2215 3110 2581 3177 Salvatoretn,
2633 3122 2690 3167 et
2730 3113 2905 3182 ipsum
2947 3113 3119 3168 Deum
3163 3114 3414 3183 Patrem,
3446 3116 3496 3173 is

184 3186 547 3253 hominibus,
590 3194 687 3241 aut
732 3186 836 3240 alia
883 3201 1241 3257 quaecumque
1289 3201 1396 3239 non
1446 3184 1623 3254 placet
1654 3185 1787 3251 Deo,

1895 3205 1989 3277 qui
2016 3205 2085 3261 de
2115 3220 2350 3274 corpore
2379 3203 2603 3271 exierit,
2642 3204 2825 3260 statim
2858 3215 3139 3261 mereatur
3168 3206 3357 3264 videre
3391 3226 3404 3263 :
3435 3215 3491 3264 et

188 3282 330 3339 boni
356 3278 543 3351 operis
568 3293 728 3334 causa
760 3278 1046 3348 praecedit,
1083 3277 1333 3348 quamvis
1358 3275 1620 3332 faciamus
1649 3291 1788 3345 prae.

185 3382 408 3444 ceptqu
434 3372 553 3439 Dei,
574 3380 757 3425 tamen
779 3370 911 3427 illud
933 3370 1140 3441 absque
1158 3369 1382 3442 querela
1407 3384 1513 3425 non
1538 3368 1789 3435 facimus,

191 3478 250 3525 et
275 3469 480 3536 injuste
509 3464 561 3520 id
610 3466 754 3536 quod
790 3466 998 3535 justum
1038 3474 1153 3530 est,
1210 3462 1511 3534 sequimur.
1564 3461 1794 3517 Dillieile

190 3576 328 3631 ergo
360 3567 448 3614 θυι
475 3557 759 3613 ambulare
785 3557 837 3610 in
871 3558 1127 3612 omnibus
1155 3555 1427 3609 mandatis
1452 3562 1510 3610 et
1527 3554 1797 3625 iustiﬁca-

191 3651 436 3708 tionibus
453 3647 670 3703 Domini
688 3647 808 3703 sine
833 3647 1087 3717 querela,
1101 3646 1404 3702 secundum
1426 3646 1794 3701 testimonium

193 3753 250 3799 et
286 3743 503 3797 laudem
536 3740 632 3796 Dei
677 3740 733 3795 in
762 3739 983 3795 Christo
1013 3738 1163 3794 Jesu.
1196 3737 1328 3806 Quae
1357 3738 1473 3792 laus
1517 3735 1797 3792 reddenda

194 3846 280 3893 est
308 3839 364 3889 in
396 3834 485 3889 die
507 3832 702 3904 judicii
734 3832 803 3888 ab
830 3848 928 3901 eo,
962 3832 1049 3887 cui
1079 3846 1276 3887 omnes
1317 3845 1416 3885 nos
1455 3828 1799 3885 manifestari

195 3939 419 4000 oportet
461 3938 594 3984 ante
624 3927 860 3984 tribunal
890 3925 1041 3997 ejus,
1071 3935 1131 3980 ut
1160 3924 1397 3995 recipiat
1425 3923 1800 3993 unusquisque

197 4038 320 4093 quae
340 4039 441 4094 per
462 4037 661 4092 corpus
678 4022 868 4092 gessit,
884 4020 998 4075 sive
1014 4021 1182 4085 bona,
1198 4019 1315 4075 sive
1334 4018 1477 4074 mala
1498 4018 1563 4091 (ll
1578 4016 1697 4073 Cor.
1719 4017 1799 4087 v).

199 4119 407 4177 Omnes
436 4121 586 4176 enim
615 4118 885 4174 stabimus
912 4125 1039 4172 ante
1068 4115 1307 4172 tribunal
1344 4115 1461 4184 Dei,
1494 4123 1555 4170 ut
1574 4112 1803 4182 recipia—

199 4227 326 4268 mus
354 4211 502 4282 quod
534 4226 810 4266 meremur
848 4210 900 4265 in
940 4209 1168 4264 Christo
1192 4208 1345 4264 Jesu.
1373 4206 1475 4264 Cui
1502 4215 1581 4263 est
1630 4204 1803 4278 gloria

200 4315 261 4361 et
284 4307 573 4378 imperium
603 4306 658 4360 in
689 4304 888 4360 saecula
919 4302 1271 4369 saeculorum,
1295 4298 1491 4358 Amen.

799 4416 1088 4474 HOMILIA
1124 4415 1216 4471 Ill.

206 4534 292 4592 De
329 4549 413 4611 eo
432 4531 580 4604 quod
624 4530 893 4611 scriptum
918 4537 1046 4611 est:
1077 4526 1331 4611 Apparuit
1359 4525 1675 4611 eirft‘ugelus
1706 4523 1810 4611 Dg-

1893 3297 1991 3352 ille
2049 3305 2260 3352 tantum
2330 3296 2554 3364 videbit,
2600 3296 2692 3367 qui
2754 3298 3014 3352 mundum
3080 3298 3337 3355 habuerit
3396 3314 3494 3355 eor

1895 3390 2114 3461 (Matth.
2149 3392 2232 3459 v),
2263 3400 2317 3447 et
2351 3390 2516 3445 talem
2548 3405 2608 3446 se
2640 3390 2960 3461 praebuerit,
2992 3400 3053 3445 ut
3082 3390 3278 3455 dignus
3306 3392 3401 3449 Dei
3423 3394 3496 3448 sit

1893 3496 2142 3556 aspectu.
2186 3484 2256 3539 Et
2284 3484 2540 3554 quamvis
2571 3484 2622 3539 in
2655 3483 2851 3539 eodem
2880 3484 3002 3539 loco
3031 3484 3133 3549 sit,
3164 3485 3256 3555 qui
3290 3484 3496 3541 mundo

1896 3578 2061 3636 corde
2089 3586 2172 3633 est
2195 3618 2209 3644 ,
2242 3588 2298 3633 et
2326 3577 2371 3631 is
2405 3577 2496 3648 qui
2527 3576 2705 3632 adhuc
2729 3576 2909 3646 aliqua
2944 3575 3109 3631 sorde
3136 3577 3496 3648 respergitur,

1897 3685 2039 3726 unus
2074 3669 2230 3726 locus
2261 3684 2362 3725 nec
2407 3683 2608 3724 nocere
2647 3668 2960 3738 quempiam
2995 3668 3236 3739 poterit,
3271 3684 3373 3725 nec
3412 3668 3502 3740 juo

1899 3780 2031 3820 vare
2056 3782 2069 3818 :
2094 3762 2223 3835 quia
2250 3763 2343 3835 qui
2372 3762 2634 3818 mundum
2658 3777 2756 3818 eor
2778 3761 3054 3829 habuerit,
3079 3762 3245 3818 Deum
3270 3761 3503 3831 videbit,

1900 3858 1994 3929 qui
2023 3868 2205 3912 autem
2235 3855 2360 3911 talis
2392 3855 2578 3925 fuerit,
2609 3854 2664 3910 id
2695 3853 2840 3926 quod
2869 3854 2962 3909 alii
2990 3866 3243 3925 cernunt,
3276 3869 3387 3911 non
3417 3855 3500 3911 vi-

1902 3949 2077 4006 debit.
2102 3949 2238 4005 Tale
2264 3948 2394 4020 quid
2436 3947 2567 4004 mihi
2597 3947 3019 4020 intelligendum
3050 3957 3109 4005 et
3148 3949 3217 4006 de
3262 3949 3505 4017 Christo,

1903 4046 1995 4117 qui
2022 4043 2297 4115 quondam
2341 4043 2395 4098 in
2431 4056 2667 4114 corpore
2692 4041 3005 4112 videbatur,
3054 4042 3198 4113 quod
3240 4057 3347 4099 non
3386 4044 3508 4114 qui-

1905 4152 2142 4211 cumque
2192 4151 2319 4192 eum
2367 4134 2659 4201 videbant,
2694 4144 2950 4205 poterant
2995 4133 3206 4191 videre.
3241 4134 3510 4192 Videbam

1907 4233 2113 4303 quippe
2153 4240 2362 4286 tantum
2403 4244 2604 4301 corpus
2655 4229 2805 4284 illius
2840 4246 2855 4283 :
2886 4228 3188 4284 secundum
3229 4242 3366 4284 vero
3404 4227 3513 4287 hoc

1909 4323 2057 4396 quod
2118 4323 2372 4379 Christus
2439 4328 2590 4389 erat,
2640 4336 2766 4378 eum
2807 4320 2996 4377 videre
3060 4337 3171 4376 non
3228 4329 3510 4393 poterant.

1912 4417 2089 4474 Porro
2114 4414 2368 4485 discipuli
2393 4430 2522 4472 eum
2554 4414 2845 4480 videbant,
2886 4425 2942 4470 et
2969 4415 3401 4486 magnitudinem
3430 4417 3515 4471 di-

1913 4509 2161 4565 vinitatis
2188 4508 2337 4563 illius
2363 4507 2904 4579 contemplabantur.
2944 4506 3179 4578 Propter
3208 4508 3351 4580 quod
3386 4518 3516 4580 puto

280 4584 610 4670 defixa?“
626 4584 1387 4658 Vit—destris‘altarii'incensi
1413 4584 1805 4670 [Alfaccensi].
1839 4584 1888 4645 1)
1916 4614 1974 4661 et
2014 4602 2081 4658 ad
2128 4601 2448 4672 Philippum
2505 4601 2893 4671 deprecantem
2957 4612 3122 4673 atque
3181 4602 3456 4659 dicentem
3499 4621 3515 4660 :

281 4678 417 4747 Cap.
440 4676 483 4733 l.

285 4792 423 4861 Quae
451 4790 762 4863 corporalia
789 4799 938 4858 sunt,
967 4796 1025 4846 et
1052 4802 1219 4845 sensu
1248 4794 1459 4853 carent,
1494 4793 1553 4841 ut
1581 4784 1810 4841 videan-

152 4912 160 4919 -
212 4892 304 4942 tur
330 4890 404 4942 ab
438 4885 572 4952 alio,
625 4885 741 4955 ipsa
786 4882 924 4938 nihil
962 4880 1242 4945 elliciunt;
1286 4878 1385 4935 sed
1434 4877 1814 4933 tantummodo

211 4981 412 5038 oculus
433 4978 663 5036 alterius
684 4979 925 5034 intentus
948 4977 1004 5033 in
1029 4990 1116 5043 ea,
1132 4974 1251 5032 sive
1270 4973 1542 5029 voluerint
1562 4973 1677 5041 illa,
1694 4972 1814 5029 sive

292 5188 319 5218 α
363 5179 549 5236 Multis
578 5176 800 5249 quidem
827 5185 958 5232 ante
990 5189 1053 5231 ae
1077 5182 1203 5249 post
1230 5173 1523 5249 Origenem
1538 5173 1822 5249 Ecclesia-

212 5251 377 5306 sticis
404 5243 728 5306 auctoribus
759 5243 1091 5316 persuasum
1110 5246 1244 5314 fuit,
1284 5243 1507 5317 quando
1536 5243 1590 5299 in
1622 5245 1824 5317 veteris

209 5320 562 5378 Testamenti
618 5320 845 5374 historia
880 5319 1020 5373 Deus
1054 5316 1377 5385 patriarchis
1418 5326 1511 5370 aut
1541 5316 1824 5385 prophetis

212 5395 426 5449 dicitur
453 5394 805 5463 apparuisse,
836 5389 1091 5463 inqueiis
1117 5387 1358 5443 adfuisse
1384 5385 1602 5463 Filium,
1626 5389 1827 5442 debere

214 5457 596 5537 intelligi,'q'ui
624 5476 837 5537 morem
870 5457 1019 5515 Patri
1046 5474 1243 5537 gerens
1271 5458 1665 5537 aspectabilem
1705 5473 1827 5537 sese

210 5536 332 5593 illis
358 5529 681 5608 praebuerit,
711 5531 1150 5608 Deique,angel_i,
1170 5540 1264 5585 aut
1294 5532 1529 5608 Domini,
1546 5545 1646 5598 pro
1674 5529 1823 5608 varia

209 5602 385 5677 quam
416 5605 680 5663 suSIinuit
710 5617 945 5677 persona
983 5602 1454 5677 nomiuagsortitus
1489 5604 1595 5664 sit,
1621 5604 1750 5670 quin
1775 5609 1831 5655 et

202 5672 440 5750 junctus
480 5682 553 5734 iis
594 5672 1037 5750 substantialiter
1093 5672 1664 5750 inerit-,‘quamquatn
1720 5686 1827 5750 non

210 5743 592 5816 ὖποστατικῇ,
620 5746 721 5802 sed
756 5750 980 5816 σχετικῇ
1005 5743 1413 5816 conjunctione.
1453 5744 1832 5816 llane_tnerito

209 5808 638 5897 reprehendere
669 5816 767 5872 alii
795 5808 1123 5869 's'eute'utiani
1156 5833 1170 5870 :
1199 5830 1299 5871 nec
1328 5823 1507 5870 tamen
1538 5812 1831 5886 Origenetn

1923 4695 2148 4752 Ostende
2184 4694 2335 4749 nobis
2370 4692 2605 4761 Patrem,
2647 4703 2696 4749 et
2725 4694 2921 4763 sufﬁcit
2961 4696 3131 4763 nobis,
3162 4696 3517 4768 respondisse

1921 4786 2261 4845 Salvatorem
2288 4801 2303 4839 :
2334 4783 2500 4839 Tanto
2522 4792 2749 4857 tempore
2768 4784 3028 4839 vobiscum
3056 4803 3190 4856 sum,
3229 4796 3277 4842 et
3303 4806 3406 4843 non
3433 4805 3522 4843 eo-

1920 4881 2169 4953 gnovistis
2198 4879 2319 4934 me?
2350 4876 2619 4949 Philippe,
2644 4877 2732 4949 qui
2758 4878 2895 4932 videt
2925 4894 3026 4943 me,
3058 4878 3195 4932 videt
3226 4890 3272 4932 et
3307 4879 3519 4934 Patrem

1923 4971 2140 5045 (Joann.
2166 4971 2300 5041 xiv).
2321 4969 2506 5041 Neque
2522 4968 2669 5025 enim
2697 4967 2933 5035 Pilatus,
2950 4967 3044 5040 qui
3071 4968 3293 5025 videbat
3308 4970 3520 5038 Jesum,

1928 5173 2255 5230 criminandi
2286 5173 2632 5229 occasionem
2663 5172 2981 5242 arripimus.
3004 5173 3111 5230 Sed
3142 5189 3265 5230 eum
3298 5173 3385 5230 hic
3404 5190 3524 5231 eas-

1930 5244 2054 5300 dem
2087 5253 2269 5313 partes
2295 5256 2352 5301 et
2386 5245 2496 5317 Deo
2524 5244 2691 5309 Patri,
2716 5253 2772 5317 et
2794 5244 3025 5317 Spiritui
3056 5255 3249 5301 saneto
3296 5246 3520 5313 tribuat,

1933 5318 2310 5387 paradoxum,
2356 5316 2547 5385 illique
2579 5316 2906 5384 peculiarem
2956 5317 3261 5372 doctrinam
3318 5318 3525 5387 absque

1933 5389 2387 5456 reprehensionis
2416 5397 2545 5441 nota
2576 5390 2863 5454 przeterire
2894 5403 3001 5442 non
3035 5386 3214 5444 liceat.
3250 5386 3523 5456 Siquidem

1935 5457 2025 5513 illa
2060 5459 2179 5525 ipsa
2208 5456 2588 5528 Adamantium
2615 5458 2862 5512 destituit
2899 5460 3075 5517 ratio.
3110 5476 3212 5528 qua
3239 5460 3421 5514 cmteri
3448 5458 3526 5513 vi-

1934 5528 2135 5583 dentur
2154 5527 2369 5583 adducti
2401 5543 2415 5580 :
2448 5537 2570 5594 puta
2595 5528 2778 5583 verbis
2806 5528 2914 5583 illis
2937 5529 3109 5583 Exodi
3134 5527 3305 5584 xxxiii
3326 5546 3341 5583 :
3359 5528 3528 5583 Deum

1937 5596 2154 5653 Patrem
2178 5614 2326 5653 nemo
2345 5596 2535 5652 videbit
2564 5615 2824 5668 nunquam.
2858 5608 2907 5653 et
2925 5600 3057 5653 vivet
3088 5615 3107 5654 :
3138 5609 3194 5655 et
3213 5603 3527 5657 econtrario

1936 5668 2051 5726 illis
2074 5669 2457 5727 Christiloan.
2492 5684 2582 5724 vm
2609 5687 2621 5723 :
2647 5668 2908 5724 Abraham
2943 5671 3223 5725 exsultavit
3253 5681 3311 5726 ut
3337 5670 3528 5726 videret

1938 5742 2072 5796 diem
2099 5756 2268 5795 meum
2302 5757 2319 5793 :
2354 5740 2502 5807 vidit,
2534 5750 2580 5795 et
2606 5740 2816 5813 gavisus
2842 5749 2939 5809 est,
2971 5738 3167 5813 bisque
3194 5742 3529 5822 similibusu
