4044 6336
513 331 621 391 2i?

1788 300 1855 358 8.·
1892 290 2164 355 EUSEBII
2198 281 2580 348 HIERONYMI

516 439 831 498 intuebatur
857 435 1078 490 Patrem
1101 470 1115 494 ,
1161 440 1261 482 nec
1312 420 1561 494 proditor
1587 414 1753 472 Judas
1788 432 1802 468 :
1832 413 1959 484 quia
2015 423 2115 465 nec
2143 418 2190 478 Α
2218 400 2388 465 scias,
2431 393 2578 466 quod
2612 389 2866 494 minimus
2910 392 2967 442 et
3006 395 3205 456 parvus
3251 392 3376 485 non.
3412 373 3839 479 fortuitudica-

520 536 642 607 ipse
689 511 894 589 ﬁilatus
919 569 934 595 ,
990 538 1091 581 nec
1149 519 1318 578 Judas
1356 514 1635 572 Christum
1674 507 1974 566 secundum
2014 503 2119 558 hoc

516 600 664 701 quod
703 631 824 682 erat
860 619 1116 677 Christus
1150 612 1454 675 videbant,
1521 621 1627 663 nec
1665 600 1964 659 multitudo
2000 612 2121 669 quae

521 696 840 776 coarctabat
876 725 1021 767 eum.
1066 707 1147 763 Illi
1185 713 1399 761 tantum
1440 698 1697 754 videbant
1736 696 1920 751 Jesum
1945 732 1958 756 ,
1984 702 2124 760 quos

519 819 750 881 aspectu
774 821 875 862 suo
903 803 1099 875 dignos
1122 815 1249 857 esse
1273 795 1506 853 sciebat.
1541 791 1883 848 Laboremus
1910 798 2038 854 ergo
2070 791 2124 837 et

525 919 661 968 nos,
727 909 787 955 ut
823 906 881 954 et
916 893 1418 966 impraesentiarum
1460 885 1618 942 nobis
1656 883 1802 939 Deus
1840 883 2119 949 appareat.

521 967 757 1052 Sanctus
786 990 987 1061 quippe
1016 986 1426 1057 Scripturarnm
1457 991 1647 1034 sermo
1673 972 1949 1046 promisit,
1978 967 2123 1040 quod

522 1086 833 1145 invenietur
858 1083 930 1137 ab
958 1081 1048 1138 his
1074 1078 1303 1150 quinon
1333 1078 1547 1129 tentant
1571 1084 1699 1127 eum
1730 1084 1745 1122 :
1777 1069 2006 1135 apparet
2031 1075 2127 1113 au-

525 1187 640 1237 tem
666 1177 750 1233 his
779 1174 876 1247 qui
902 1189 1014 1230 non
1042 1179 1173 1228 sunt
1203 1167 1470 1224 increduli
1503 1166 1558 1221 in
1586 1177 1710 1219 eum
1739 1167 1835 1214 :‘et
1861 1158 1914 1212 in
1947 1154 2127 1210 futuro

527 1285 642 1328 non
662 1244 1036 1325 abscondatur
1053 1280 1083 1319 ι
1105 1262 1296 1328 nobis;
1321 1259 1414 1314 sed
1438 1257 1724 1313 videamus
1751 1266 1874 1307 eum
1904 1247 2038 1302 facie
2060 1244 2128 1299 ad

524 1363 745 1429 iaciam,
787 1369 845 1415 et
872 1358 1174 1414 habeamus
1208 1354 1456 1409 tidnciam
1499 1351 1657 1406 bonae
1684 1345 1830 1407 vitae,
1864 1341 2131 1396 fruamur-

530 1471 639 1528 que
662 1461 969 1525 conspectu
996 1448 1394 1520 omnipotentis
1424 1444 1524 1499 Dei
1561 1443 1617 1498 in
1643 1439 1867 1496 Christo
1891 1435 2047 1495 Jesu,
2077 1439 2133 1487 et

529 1554 739 1627 Spiritu
768 1563 986 1618 sancto,
1013 1550 1103 1606 cui
1130 1557 1214 1604 est
1246 1545 1422 1619 gloria
1453 1552 1506 1598 et
1536 1539 1819 1611 imperium
1851 1535 1903 1589 in
1933 1530 2129 1588 saecula

531 1647 884 1714 saeculorum,
908 1644 1106 1699 Amen.

1124 1771 1420 1830 'HOMILIA
1461 1768 1549 1824 IV.

536 1898 616 1955 De
659 1911 726 1954 eo
766 1893 913 1965 quod
956 1891 1216 1965 scriptum
1249 1893 1343 1965 est
1377 1881 1531 1965 :LN_e
1571 1880 1787 1965 timeas,
1841 1871 2128 1965 Z'acharifi,

608 1941 1032 2034 usquead—enni
1049 1941 1224 2034 locum
1257 1958 1346 2012 ubi
1359 1956 1448 2034 ait
1469 1953 1538 2009 de
1547 1951 1588 2034 ..ξ
1596 1941 1782 2034 ptume
1810 1964 1829 2002 :
1866 1941 2131 2034 lit-(credet

608 2016 780 2095 coro—ni
801 2016 997 2106 trp—soi):
1026 2030 1213 2105 spiritu
1239 2038 1289 2083 et
1321 2028 1514 2082 virtute
1539 2021 1697 2077 Elite.
1724 2018 1861 2089 Cap.
1897 2016 1941 2070 1.

604 2169 919 2234 Zacharias,
952 2180 1077 2221 cum
1127 2161 1387 2233 angelum
1418 2157 1667 2223 vidisset,
1700 2150 1937 2223 expavit.
1984 2146 2135 2204 Nova

538 2266 745 2339 quippe
768 2263 937 2319 facies
969 2256 1225 2315 humanis
1255 2251 1537 2311 obtutibus
1563 2263 1624 2307 se
1676 2245 1926 2316 praebetis
1957 2239 2137 2297 turbat

539 2334 815 2421 utentem,
862 2354 1215 2420 animumque
1278 2352 1617 2403 consternat.
1674 2338 1830 2395 Unde
1889 2334 2135 2405 angelus,

538 2452 724 2508 sciens
754 2449 895 2503 hanc
938 2459 1062 2502 esse
1097 2444 1393 2499 humanam
1425 2444 1696 2496 naturam,
1737 2432 1969 2501 primum
2015 2439 2139 2496 per—

542 2539 836 2602 turbationi
863 2536 1116 2597 medetur
1141 2534 1333 2591 dicens
1372 2546 1390 2586 :
1425 2527 1550 2583 Noli
1582 2527 1782 2590 timere,
1825 2518 2088 2575 Zacharia
2120 2531 2137 2569 :

547 2645 604 2694 et
634 2631 1001 2701 trepidantem
1037 2625 1331 2690 retocillat,
1377 2632 1638 2689 novoque
1686 2614 1925 2671 laetiﬁcat
1953 2612 2142 2667 nuntio

549 2700 794 2787 inferens
822 2741 836 2779 :
866 2720 1137 2779 Exaudite
1161 2727 1232 2773 est
1265 2715 1430 2771 oratio
1461 2722 1577 2781 tuo,
1596 2718 1643 2764 et
1674 2723 1806 2763 uxor
1836 2717 1929 2761 tua
1955 2700 2141 2755 Eliza-

550 2820 670 2879 beth
702 2818 867 2889 pariet
908 2816 1100 2887 ﬁlium,
1141 2821 1188 2867 et
1232 2809 1434 2865 vocabis
1482 2820 1667 2861 nomen
1709 2803 1820 2872 ejus
1858 2797 2141 2865 Joannem,

544 2925 593 2970 et
615 2914 714 2970 erit
736 2913 827 2966 tibi
845 2908 1097 2982 gaudium
1122 2915 1171 2961 et
1194 2903 1490 2959 exsultatio.
1513 2896 1741 2966 Quando
1756 2896 1936 2966 justus
1958 2890 2147 2963 257-

547 3004 715 3083 258
760 3002 883 3075 quis
944 2999 1120 3055 oritur
1169 2994 1404 3055 mundo,
1450 3001 1504 3048 et
1545 2989 1780 3046 stadium
1822 2986 1985 3054 hujus
2023 2984 2148 3037 vita:

547 3098 879 3171 ingreditur,
913 3093 1149 3150 ministri
1179 3088 1487 3145 nativitatis
1514 3086 1633 3157 ejus
1685 3083 1965 3147 laetantur,
2008 3087 2062 3132 et
2087 3092 2149 3133 se

2226 502 2354 559 tur;
2384 489 2481 547 sed
2510 503 2635 544 cum
2665 500 2728 541 ea
2760 482 2998 547 ratione,
3032 492 3192 549 quam
3223 472 3530 545 posuimus,
3555 468 3836 536 scriptum

2226 598 2313 647 est
2350 606 2367 643 :
2412 588 2732 657 Quicumque
2798 575 3225 636 scandalimerit
3265 588 3428 628 unum
3478 569 3544 624 de
3596 567 3840 621 minimis

2224 682 2340 738 istis
2395 677 2611 751 (Matth.
2665 673 2843 745 xvm).
2891 670 3143 726 Minimus
3192 662 3615 729 scandalizatur,
3662 671 3840 729 gran-

2226 775 2313 832 dis
2349 749 2457 829 non
2511 778 2691 842 potest
2745 763 3062 823 scandalum
3108 757 3404 815 sustinere.
3455 752 3719 824 Sequitur
3763 749 3841 805 de

2227 869 2435 925 Joanne
2466 884 2477 918 :
2509 864 2578 920 Et
2627 862 2832 934 Spiritu
2857 868 3037 916 sancto
3068 854 3350 928 replebitur
3376 852 3551 907 adhuc
3576 849 3641 903 de
3679 857 3842 901 utero

2228 958 2412 1013 matris
2441 971 2568 1015 sua.
2601 954 2675 1010 Et
2697 953 2954 1009 nativitas
2979 948 3206 1007 Joannis
3235 945 3395 1017 piens
3425 939 3690 1015 miraculo
3720 947 3837 994 est.

2228 1048 2514 1118 Quomodo
2543 1044 2691 1102 enim
2724 1042 2940 1099 Domini
2972 1040 3145 1098 nostri
3177 1053 3239 1093 ac
3275 1032 3582 1093 Salvatoris
3622 1030 3840 1086 adven-

2230 1151 2342 1199 tum
2386 1139 2747 1210 archangelus
2785 1135 3053 1192 nuntiavit
3091 1150 3105 1188 :
3158 1133 3230 1187 ita
3276 1139 3332 1187 et
3372 1127 3597 1184 Joannis
3644 1133 3836 1179 ortum

2232 1233 2590 1304 archangelus
2621 1229 2836 1286 nuntiat
2865 1245 2884 1282 :
2906 1226 3113 1299 Spiritu
3138 1233 3319 1280 saneto
3348 1218 3636 1293 replebitur
3655 1215 3842 1270 adhuc

2233 1328 2299 1382 de
2328 1336 2474 1383 utero
2503 1326 2687 1379 matris
2718 1340 2843 1379 sine.
2896 1320 3136 1392 Populus
3174 1317 3490 1375 Judaeorum
3540 1313 3840 1368 facientem

2233 1419 2529 1475 Dominum
2584 1425 2827 1473 nostrum
2856 1414 3012 1485 signa
3043 1420 3205 1482 atque
3237 1415 3509 1480 portenta,
3540 1414 3596 1461 et
3632 1417 3840 1459 curan-

2237 1524 2347 1569 tem
2382 1510 2733 1567 inﬁrmitates
2762 1524 2982 1577 eorum,
3015 1519 3352 1575 nequaquam
3377 1499 3595 1556 videbat
3624 1516 3637 1550 :
3666 1496 3845 1553 Joan-

2236 1621 2334 1661 nes
2363 1620 2494 1660 vero
2519 1603 2697 1659 adhuc
2726 1604 2779 1657 in
2810 1612 2966 1657 utero
3008 1599 3201 1655 matris
3228 1596 3557 1653 constitutus
3577 1591 3845 1659 exsultat,

2236 1700 2440 1757 etenim
2474 1713 2582 1754 non
2616 1705 2817 1768 potest,
2854 1706 2909 1751 et
2938 1694 3005 1750 ad
3051 1693 3347 1749 adventum
3392 1686 3578 1745 Matris
3614 1685 3744 1743 Jesu
3774 1685 3854 1741 de

2164 1808 2210 1867 Β
2240 1803 2398 1849 utero
2422 1795 2591 1862 gestit
2615 1804 2925 1859 crutnpcre.
2964 1786 3098 1841 Ecce
3121 1787 3279 1854 enim,
3325 1782 3401 1838 ait
3447 1778 3756 1845 Elizabeth,
3789 1788 3852 1834 ut

2236 1891 2378 1959 facta
2409 1895 2484 1941 est
2536 1885 2789 1939 salutatio
2836 1892 2927 1937 tua
2978 1883 3034 1936 in
3063 1897 3214 1935 aures
3256 1895 3417 1942 meas,
3469 1874 3748 1931 exsultavit
3790 1873 3852 1928 ire

2238 1981 2437 2051 gaudio
2484 1980 2661 2049 infans
2706 1980 2757 2031 in
2792 1986 2938 2031 utero
2966 1991 3098 2030 meo.
3139 1973 3329 2029 Adhuc
3374 1972 3426 2027 in
3473 1967 3661 2026 matris
3692 1976 3851 2024 utero

2243 2084 2364 2129 erat
2392 2074 2666 2137 Joannes,
2700 2082 2754 2127 et
2796 2071 2906 2141 jam
2947 2069 3208 2139 Spiritum
3248 2077 3498 2122 sanctum
3536 2071 3847 2135 acceperat.

2238 2165 2359 2222 Non
2405 2167 2552 2222 enim
2604 2164 2739 2220 illud
2791 2162 3116 2234 principium
3167 2169 3289 2216 erat
3337 2158 3656 2214 substantiae
3701 2156 3845 2225 ejus,

2245 2268 2406 2328 atque
2435 2268 2663 2323 natura),
2695 2257 2764 2312 de
2793 2272 2898 2327 qua
2929 2256 3207 2324 Scriptura
3250 2251 3509 2323 loquitur,
3556 2248 3702 2320 quod
3729 2247 3853 2318 plu-

2240 2353 2409 2408 rimos
2437 2350 2675 2407 ﬁliorum
2706 2348 2873 2405 Israel
2909 2356 3191 2403 convertet
3239 2345 3304 2400 ad
3330 2344 3624 2399 Dominum
3670 2342 3845 2397 Deum

2245 2443 2493 2515 ipsorum
2520 2440 2733 2515 (Matth.
2754 2442 2851 2511 tv).
2877 2440 3114 2496 Joannes
3139 2439 3403 2508 plurimos
3425 2433 3717 2501 convertit,
3743 2434 3849 2489 Do-

2244 2535 2425 2592 minus
2444 2544 2626 2591 autem
2648 2549 2753 2589 non
2782 2534 2986 2604 plures,
3015 2532 3111 2589 sed
3134 2546 3344 2587 omnes.
3368 2530 3480 2585 Hoc
3513 2544 3649 2599 opus
3668 2526 3834 2594 illius,

2247 2636 2307 2682 ut
2332 2642 2523 2682 omnes
2562 2634 2850 2681 convertat
2875 2624 2945 2679 ad
2981 2626 3146 2680 Deum
3198 2623 3440 2679 Patrem.
3496 2620 3564 2675 Et
3594 2619 3849 2693 prwcedet

2247 2735 2423 2774 coram
2463 2719 2578 2791 ipso
2609 2720 2663 2771 in
2709 2718 2895 2789 spiritu
2951 2725 2998 2771 et
3041 2718 3227 2772 virtute
3274 2714 3427 2770 Elite.
3488 2713 3605 2767 Non
3661 2714 3736 2767 ait
3790 2711 3846 2768 in

2250 2813 2427 2868 anima
2462 2812 2621 2878 EiiiP,
2665 2810 2761 2866 sed
2809 2811 2863 2864 in
2890 2811 3078 2880 spiritu
3108 2819 3161 2863 et
3202 2809 3386 2864 virtute
3438 2805 3590 2860 Elite.
3623 2805 3748 2860 Fuit
3793 2805 3851 2861 in

2252 2906 2371 2962 Elia
2406 2905 2603 2973 virtus,
2629 2912 2684 2957 et
2729 2902 2957 2972 spiritus
2985 2902 3128 2956 sicut
3173 2905 3227 2955 in
3256 2898 3508 2955 omnibus
3541 2897 3842 2971 prophetis,

2251 3009 2306 3057 et
2330 2998 2629 3055 secundum
2656 2997 3124 3066 dispensationem
3146 2996 3395 3065 corporis
3416 2996 3467 3048 in
3490 2995 3606 3064 ipso
3631 3006 3848 3064 quoque

2255 3092 2483 3147 Domino
2511 3089 2832 3146 Salvatore:
2862 3089 2929 3143 de
2956 3103 3062 3158 quo
3087 3098 3205 3157 post
3234 3086 3508 3159 paululum
3539 3087 3604 3141 ad
3627 3084 3848 3147 Mariam

549 3193 790 3253 ell'ernnt
830 3192 885 3248 in
917 3188 1176 3247 sublime.
1207 3182 1440 3251 Quandﬂ
1464 3194 1597 3239 V870
1636 3179 1727 3234 ille
1756 3176 2021 3240 ηεεοῖίυτν
2055 3170 2145 3241 qui
2177 3200 2223 3262 ρ
2255 3184 2452 3241 dicitur
2484 3201 2501 3237 :
2535 3184 2761 3257 Spiritus
2789 3193 3000 3237 sanctus
3036 3182 3359 3253 superveniet
3392 3182 3445 3235 in
3486 3189 3555 3248 te,
3599 3189 3647 3235 et
3690 3181 3846 3237 virtus

546 3286 707 3345 mala:
740 3283 862 3340 vita:
895 3288 1235 3354 praeparatus
1262 3285 1370 3343 est,
1415 3283 1471 3330 et
1497 3272 1651 3344 quasi
1683 3270 1751 3324 ob
1785 3282 1970 3339 poenas
2019 3265 2045 3293 “
2093 3264 2146 3319 in

549 3376 889 3449 ergastulum
909 3373 1207 3444 relegatus,
1234 3368 1485 3425 minister
1504 3370 1907 3426 eousternatnr,
1936 3369 1992 3415 et
2017 3373 2149 3415 con-

551 3471 705 3528 cidit.
734 3469 829 3526 Vis
859 3465 1170 3537 cxemplum
1195 3463 1446 3532 accipere
1473 3458 1649 3517 sancti
1677 3457 1806 3523 viri,
1846 3454 2006 3525 cujus
2032 3467 2151 3508 om-

555 3567 642 3622 nis
684 3565 899 3623 lructus
962 3562 1021 3615 in
1072 3557 1237 3615 laude
1289 3557 1393 3613 sit?
1451 3554 1587 3609 Vide
1639 3551 1810 3607 Jacob
1864 3547 2150 3605 duodecim

550 3659 807 3735 genuisse
831 3668 1033 3719 mares,
1058 3654 1152 3723 qui
1181 3663 1371 3709 omnes
1398 3648 1585 3719 populi
1608 3644 1707 3703 Dei
1730 3656 1785 3701 et
1810 3644 1977 3713 partis
2005 3642 2152 3699 illius

550 3749 879 3822 patriarchae
909 3757 966 3803 et
983 3747 1261 3817 principes
1289 3743 1622 3800 exstiteth
1649 3756 1663 3794 :
1699 3740 1753 3795 in
1788 3738 1873 3793 his
1900 3736 2155 3794 omnibus

553 3843 727 3901 Jacob
765 3839 1057 3896 laetabatur
1102 3844 1283 3907 pater,
1325 3834 1466 3893 sicut
1517 3843 1572 3889 et
1622 3847 1764 3887 nunc
1809 3829 1879 3886 de
1930 3828 2154 3885 Joannis

560 3935 852 3993 nativitate
878 3931 1089 3988 cunctis
1116 3928 1373 4005 gaudium
1420 3927 1701 3989 nuntiatur
1731 3941 1749 3979 :
1776 3933 1833 3980 et
1860 3923 1950 3995 qui
1986 3922 2157 3979 semel

558 4028 629 4085 ob
652 4025 942 4083 utilitatem
968 4022 1202 4079 aliorum
1236 4020 1306 4075 ad
1338 4019 1636 4075 liberorum
1659 4031 1829 4086 Opera
1858 4012 2156 4073 descende.

560 4121 654 4187 rit,
678 4127 733 4174 et
760 4132 820 4174 se
854 4114 1094 4171 voluerit
1124 4113 1251 4169 huic
1279 4111 1589 4169 ministerio
1627 4110 1958 4179 mancipare,
1998 4108 2161 4163 obse-

564 4222 684 4277 cret
706 4211 903 4276 Deum,
947 4218 1006 4266 ut
1053 4209 1176 4265 talis
1202 4208 1253 4264 ei
1306 4207 1451 4262 titius
1494 4203 1835 4275 ingrediatur
1876 4201 2158 4269 saeculum,

562 4321 730 4378 super
757 4305 915 4376 cujus
946 4302 1232 4359 nativitate
1274 4300 1452 4357 laetior
1500 4298 1591 4357 sit.
1622 4296 1894 4354 Scribitur
1922 4311 2056 4365 ergo
2096 4294 2163 4352 de

563 4399 775 4457 Joanne
804 4414 821 4451 :
855 4397 972 4452 Erit
1000 4412 1217 4468 magnus
1262 4396 1317 4450 in
1356 4400 1634 4464 conspectu
1662 4388 1877 4446 Domini
1903 4388 2058 4461 (Luc.
2096 4387 2159 4458 ι).

564 4489 997 4564 Magnitudinem
1032 4488 1229 4545 unione
1264 4486 1492 4544 Joannis
1532 4482 1796 4549 ostendit,
1845 4497 1968 4554 quae
1993 4482 2164 4539 oculis

2251 3280 2507 3334 Altissimi
2552 3276 2878 3331 obumbrabit
2933 3276 3046 3330 tibi.
3082 3274 3324 3345 Spiritus
3364 3290 3496 3345 ergo
3538 3275 3624 3347 qui
3675 3273 3849 3329 fuerat

2252 3373 2304 3428 in
2326 3372 2557 3439 Joanne,
2588 3380 2644 3427 et
2673 3371 2844 3425 virtus
2874 3384 2996 3439 qua)
3027 3370 3079 3424 in
3113 3369 3210 3424 illo
3235 3379 3378 3436 erat,
3414 3372 3465 3423 in
3499 3369 3601 3424 hoc
3631 3382 3848 3440 quoque

2236 3465 2519 3536 apparuit.
2567 3463 2663 3519 ille
2693 3461 2994 3516 translatus
3043 3469 3129 3517 est
3179 3460 3315 3516 :hic
3363 3477 3491 3516 vero
3538 3459 3851 3515 Prmcursor

2251 3557 2466 3612 Domini
2500 3556 2620 3620 fuit,
2651 3564 2706 3611 et
2731 3564 2977 3613 mortuus
3003 3565 3087 3610 est
3121 3562 3250 3610 ante
3283 3568 3429 3622 eum,
3464 3563 3523 3607 ut
3551 3550 3617 3608 ad
3646 3550 3850 3607 inferna

2253 3647 2601 3706 descendens
2634 3647 2780 3704 illius
2817 3648 3140 3720 praedicaret
3184 3646 3505 3703 adventum.
3553 3645 3667 3716 Ego
3704 3653 3851 3717 pulo,

2255 3744 2398 3816 quod
2430 3754 2830 3800 sacramentum
2876 3742 3103 3799 Joannis
3141 3756 3311 3814 usque
3360 3740 3531 3798 hodie,
3570 3739 3855 3811 expleatur

2257 3839 2311 3895 in
2339 3838 2562 3894 mundo.
2594 3838 2940 3908 Quicumque
2984 3836 3293 3892 crediturus
3341 3845 3428 3891 est
3474 3836 3528 3890 in
3580 3833 3852 3890 Christum

2257 3933 2471 3999 Jcsum,
2501 3930 2787 4002 prarcurrit
2817 3940 2946 3986 ante
2971 3930 3196 4001 spiritus
3235 3939 3289 3986 et
3318 3930 3487 3984 virtus
3525 3927 3749 3984 Joannis
3788 3925 3855 3983 ad

2259 4028 2500 4080 animam
2538 4026 2707 4092 illius,
2737 4036 2791 4081 et
2831 4034 3105 4095 prteparat
3147 4023 3380 4079 Domino
3424 4021 3682 4093 populum
3736 4036 3857 4092 per-

2262 4119 2482 4182 fectum,
2511 4128 2566 4174 et
2592 4120 2643 4173 in
2676 4118 2858 4173 cordis
2901 4115 3289 4189 asperitatibus
3321 4117 3511 4187 planas
3555 4115 3686 4172 facit
3717 4114 3853 4185 vias,

2263 4222 2318 4268 et
2347 4212 2531 4282 dirigit
2579 4211 2823 4275 semitas,
2856 4227 3043 4281 parare
3076 4209 3297 4263 Domino
3348 4209 3544 4280 plebem
3583 4211 3859 4281 perfectam

2267 4304 2487 4377 (Matth.
2512 4305 2578 4373 ι).
2612 4304 2728 4359 Non
2756 4304 2849 4358 illo
2879 4312 3085 4359 tantum
3117 4313 3363 4373 tempore
3392 4310 3713 4373 pra-parata:
3736 4310 3860 4358 sunt

2267 4398 2390 4463 vim,
2421 4407 2476 4453 et
2517 4398 2743 4453 directae
2788 4399 3018 4466 semine,
3054 4396 3153 4453 sed
3182 4412 3354 4466 usque
3380 4396 3543 4452 hodie
3572 4396 3858 4453 adventum

2270 4490 2481 4549 Domini
2512 4490 2813 4549 Salvator-is
2855 4490 3086 4561 spiritus
3110 4489 3336 4547 Joannis
3384 4488 3673 4560 virtusque
3721 4505 3860 4560 prie.

568 4585 669 4642 Dei
690 4593 871 4658 pateat
902 4601 914 4637 :
941 4590 997 4642 et
1025 4581 1229 4654 aliquid
1252 4582 1456 4651 minuit,
1484 4578 1635 4652 quod
1655 4578 1876 4650 νεουτὶθ
1896 4578 1949 4633 in
1970 4578 2165 4634 animm
2190 4582 2243 4642 Β
2269 4584 2433 4643 cedit.
2476 4585 2521 4640 ὓ
2571 4599 2765 4655 magna
2798 4583 3053 4655 mysteria
3088 4583 3327 4649 Domini,
3359 4592 3417 4638 et
3439 4582 3861 4653 dispensationis

567 4676 776 4733 virtute
803 4675 1165 4747 conSpicitur.
1213 4675 1326 4746 Ego
1356 4675 1430 4733 ita
1462 4671 1707 4742 intelligo
1733 4680 1790 4729 et
1828 4668 1984 4738 illud,
2016 4668 2162 4740 quod

568 4771 623 4831 in
674 4769 975 4844 Evangelio
1023 4766 1242 4835 dicitur,
1292 4765 1474 4827 Nolite
1518 4774 1843 4821 conmanere
1892 4777 2053 4816 unum
2102 4761 2165 4817 de

567 4864 796 4923 minimis
830 4863 967 4935 istis,
1016 4862 1106 4934 qui
1150 4863 1207 4918 in
1235 4859 1472 4916 Ecclesia
1517 4867 1659 4917 sunt.
1713 4854 1971 4913 Minimus
1996 4852 2069 4908 ibi
2097 4851 2165 4908 ad

568 4957 979 5017 distinctionem
1006 4955 1236 5033 maioris
1267 4953 1609 5024 intelligitur.
1638 4950 1757 5011 Non
1795 4948 1929 5009 mihi
1971 4946 2163 5018 ρειυσίο

571 5054 737 5125 pitur,
767 5060 825 5106 ut
854 5066 980 5106 eum
1010 5051 1098 5119 qui
1122 5050 1349 5121 grandis
1375 5056 1461 5103 est
1489 5054 1875 5108 contemnam,
1899 5041 2023 5112 quia
2057 5054 2162 5094 non

573 5154 755 5219 potest
791 5144 1067 5202 contemni
1114 5143 1208 5198 ille
1251 5142 1343 5215 qui
1390 5140 1613 5215 grandis
1659 5147 1780 5202 est;
1822 5136 1920 5193 sed
1968 5135 2165 5191 dicitur

574 5237 734 5306 mihi,
774 5252 840 5295 ne
870 5244 1190 5293 contemnas
1239 5247 1404 5293 unum
1452 5246 1517 5289 ex
1567 5228 1830 5289 minimis.
1865 5226 1937 5285 Ut
1980 5237 2164 5283 autem

649 5383 678 5414 ⁸
703 5375 823 5434 Non
859 5383 942 5430 est
965 5388 1063 5431 cur
1105 5372 1291 5429 multis
1328 5370 1533 5428 hancce
1582 5365 1839 5437 Origenis
1867 5361 2167 5434 reprehen-

578 5447 771 5505 damus
819 5445 1172 5512 sententiam,
1205 5458 1308 5513 qua
1353 5442 1420 5498 ab
1448 5442 1656 5513 angelis
1697 5437 1885 5495 statuit
1923 5438 2170 5505 corpori-

580 5519 682 5575 bus
725 5517 925 5593 illigari
961 5515 1170 5573 animas
1198 5531 1230 5575 e
1258 5514 1400 5593 ctnlo
1426 5513 1797 5593 depromptae,
1851 5517 2174 5592 easqueaut

580 5604 680 5663 pro
711 5578 948 5663 peccatis
978 5603 1201 5663 sursum
1242 5578 1513 5645 admissis
1545 5585 1598 5641 in
1644 5578 1873 5652 corpora
1913 5578 2069 5663 quasi
2117 5580 2172 5635 in

582 5648 918 5734 Ergastulutn
960 5660 1339 5734 dentitti,__artt
1385 5648 2173 5734 tuopterﬂt'ecteamttvitam

582 5719 758 5803 δέξω,
788 5730 954 5803 variis
994 5744 1055 5787 ac
1109 5719 1273 5789 vaiiis
1322 5719 2035 5803 in'coéporibns,_deeretis
2075 5720 2176 5779 Dei

585 5789 948 5869 assequendis
976 5814 1181 5856 navare
1209 5814 1456 5870 operam.
1487 5789 1665 5855 llocce
1685 5789 2014 5867 origenismi
2050 5806 2175 5863 pro-

2268 4676 2407 4747 ejus.
2443 4676 2648 4747 Angeli.
2668 4683 3010 4744 prmcurrunt
3037 4674 3222 4731 Jesum
3251 4691 3269 4729 :
3297 4674 3475 4746 angeli
3501 4674 3745 4745 quotidie
3771 4683 3864 4731 aut

2270 4770 2593 4835 ascendunt,
2621 4778 2718 4825 ant
2741 4768 3086 4826 descendunt
3112 4782 3285 4840 super
3302 4768 3532 4824 salutent
3558 4767 3859 4835 hominum,

2270 4864 2327 4920 in
2348 4861 2570 4919 Christo
2592 4862 2725 4920 Jesu
2748 4862 2930 4935 (Joan.
2962 4861 3025 4932 ιι),
3057 4861 3143 4917 cui
3191 4869 3277 4917 est
3304 4858 3475 4932 gloria
3499 4868 3555 4917 et
3575 4857 3863 4931 imperium

2272 4956 2326 5011 in
2353 4956 2551 5011 sucula
2580 4954 2926 5019 mulorum,
2957 4953 3154 5009 Amen.

2662 5044 3061 5118 εδει-260
3100 5044 3387 5100 HOMILIA
3412 5044 3477 5101 v.

2454 5138 2531 5194 De
2557 5152 2626 5195 eo
2653 5138 2801 5208 quod
2826 5137 3122 5197 Zacharias
3143 5137 3432 5194 obuiauit.
3465 5137 3594 5210 Cap.
3626 5138 3667 5193 1.

2343 5231 2635 5288 Zacharias
2664 5231 2946 5297 sacerdos,
2971 5246 3093 5287 cum
3118 5232 3171 5286 in
3198 5231 3408 5307 templo
3434 5229 3658 5289 olm-ret
3688 5232 3868 5295 incen-

2277 5368 2566 5452 pemodnm
2598 5370 3091 5452 characteristicon
3119 5372 3655 5452 innumeri__ve_teres,
3678 5388 3865 5430 recen-

2279 5444 2555 5514 tioresque
2600 5453 2852 5498 auctores
2880 5444 3259 5514 impugnarunt
3310 5462 3324 5497 :
3374 5444 3617 5499 diximus
3657 5453 3712 5501 et
3765 5461 3855 5507 nos

2278 5512 2528 5596 quaedam
2582 5529 2706 5596 cum
2755 5515 2907 5596 alibi,
2960 5512 3069 5569 tum
3117 5515 3386 5596 praecipue
3442 5514 3509 5569 ad
3554 5515 3866 5596 synodica‘nt

2279 5584 2566 5657 epistolam
2620 5584 3618 5657 inter>Hieronymianas_93,gquatit
3672 5589 3867 5657 publici

2277 5655 2419 5727 juris
2442 5656 2685 5727 primum
2708 5654 2963 5727 fecimus,
2986 5654 3200 5727 quaque
3228 5654 3569 5727 Origenia‘nae
3597 5654 3867 5715 lue'reseos

2284 5725 2481 5797 placita
2503 5726 2619 5784 fere
2643 5725 2859 5797 singula
2886 5725 3336 5782 condemnentur.
