4044 6322
138 284 230 345 Qa!

783 280 1225 343 TBANSLATIO
1264 276 1697 339 IIUMILIARUH
1737 272 2067 335 ORIGENIS
2105 277 2173 335 IN
2209 276 2467 337 LUCAM.
2513 278 2684 339 HOM.
2722 278 2813 336 VI.

3334 278 3444 338 ειδα

140 412 265 464 sunt,
296 393 536 451 silentio
562 393 985 460 condemnatur,
1018 402 1074 450 et
1098 395 1384 462 retinetur,
1423 394 1591 448 immo
1616 400 1736 447 tan-
1766 405 1818 464 Α
1843 389 2159 459 fecerimus,
2195 409 2299 465 qua
2323 395 2604 466 adoptavit
2630 410 2751 463 nos,
2786 403 2840 450 et
2880 394 2937 449 in
2962 408 3093 451 suos
3119 380 3258 451 filios
3279 411 3445 466 repn-

144 500 239 544 tutu
263 488 489 545 nutibus
543 489 791 561 loquitur
820 531 836 557 ,
868 497 927 545 et
980 497 1161 543 mutus
1209 501 1384 558 usque
1429 486 1497 539 ad
1553 495 1737 541 ortum

143 583 343 639 Joannis
376 582 479 638 ﬁlii
505 591 847 654 perseverat.
878 580 998 649 Quo
1027 582 1144 636 haec
1171 580 1345 637 tendit
1376 578 1635 634 historia?
1655 577 1743 634 Si-

143 674 351 730 lentium
375 673 679 731 Zachariae
703 674 978 730 silentium
1010 672 1399 744 prophetarum
1429 680 1512 726 est
1558 670 1612 726 in
1645 684 1739 740 po-

144 766 253 837 pulo
274 766 468 823 Israel.
505 766 864 837 Nequaquam
890 766 1134 836 loquitur
1160 765 1240 819 eis
1261 764 1408 825 Deus
1435 782 1448 821 :
1479 772 1533 819 et
1556 776 1741 818 sermo

143 862 219 930 qui
262 875 291 915 a
344 858 637 932 principio
691 869 813 914 erat
867 859 1009 929 apud
1056 858 1277 913 Patrem
1312 857 1472 921 Deus,
1514 854 1582 909 ad
1641 868 1742 909 nos

146 951 362 1019 transiit,
416 949 703 1019 nobisque
758 964 864 1008 non
898 956 1040 1005 tacet
1091 948 1348 1005 Christus
1380 963 1396 1004 :
1431 945 1573 1016 apud
1617 945 1740 1000 illos

145 1058 295 1116 usque
322 1043 498 1100 hodie
520 1045 682 1109 silet;
716 1042 1073 1113 quamobrem
1102 1051 1158 1098 et
1186 1040 1478 1095 Zacharias
1509 1037 1740 1109 prophe-

147 1145 189 1192 ta
222 1139 408 1193 tacuit.
440 1135 897 1193 Manifestissime
924 1151 994 1193 ex
1026 1134 1377 1191 sermonibus
1399 1132 1572 1203 ipsius
1592 1147 1743 1187 com-

147 1231 410 1300 probatur,
441 1230 598 1301 quod
628 1239 684 1285 et
713 1229 980 1300 propheta
1023 1227 1188 1284 fuerit
1210 1238 1265 1283 et
1284 1226 1570 1283 sacerdos.
1599 1223 1739 1291 Quid

149 1322 239 1393 [ΑΙ.
267 1323 403 1396 Qui]
436 1324 564 1379 vult
594 1331 779 1378 autem
826 1323 935 1377 hoc
964 1321 1108 1392 quod
1151 1321 1395 1390 sequitur
1428 1336 1442 1373 :
1469 1317 1741 1372 Attnuebat

148 1418 207 1471 eis
226 1460 239 1482 ,
268 1426 318 1471 et
355 1418 624 1471 damnum
650 1415 789 1470 uocis
814 1414 1020 1473 nutibus
1042 1411 1448 1485 commutabat?
1473 1408 1588 1481 Ego
1609 1416 1742 1480 puto

150 1508 253 1562 talia
283 1523 408 1565 esse
434 1524 610 1580 opera
643 1509 851 1578 absque
882 1522 1139 1561 sermone
1163 1547 1179 1573 ,
1215 1521 1337 1576 qum
1363 1503 1575 1558 ratione
1605 1501 1739 1556 nihil

148 1601 347 1659 nutibus
368 1600 662 1658 diﬂ‘erunt.
696 1598 798 1656 Ubi
827 1614 960 1655 vero
985 1599 1127 1653 ratio
1157 1607 1214 1653 et
1242 1611 1424 1657 sermo
1451 1609 1738 1666 praeesse-

148 1693 224 1761 rit,
252 1704 306 1750 et
344 1696 421 1750 ita
452 1710 601 1766 opus
642 1694 805 1749 fuerit
824 1693 1179 1748 subsecutum
1206 1734 1219 1757 ,
1255 1704 1364 1746 nou
1389 1689 1592 1745 debent
1628 1688 1742 1744 exi-

147 1788 337 1844 stimari
364 1788 659 1860 simplices
690 1799 875 1852 nutus,
909 1787 1003 1858 qui
1030 1796 1298 1841 ornantur
1329 1799 1607 1851 sermone,
1648 1793 1741 1839 aut

146 1881 356 1937 ratione.
391 1883 453 1939 Si
497 1882 668 1952 igitur
690 1881 897 1936 videris
927 1880 1405 1935 conversationem
1430 1878 1740 1933 .luduorum

148 1972 249 2028 sine
274 1974 496 2030 ratione
544 1983 713 2044 atque
742 1987 1018 2039 sermone,
1074 1973 1146 2025 ita
1178 1979 1237 2024 ut
1265 1986 1373 2026 non
1406 1978 1612 2039 queant
1649 1983 1744 2023 eo-

148 2078 255 2119 rum
284 2082 408 2137 ιιιιθ
436 2073 637 2138 agunt,
680 2065 946 2119 rationem
996 2064 1251 2127 reddere,
1307 2062 1549 2132 intellige
1597 2061 1742 2131 quod

150 2162 259 2211 tunc
283 2157 335 2211 in
357 2156 637 2212 Zacharia
668 2155 971 2226 praecessit,
1004 2152 1057 2207 in
1085 2153 1323 2223 imagine
1346 2154 1521 2224 ipsius
1548 2152 1746 2208 hucus-

149 2261 243 2315 que
282 2248 585 2325 compleri.
637 2246 997 2302 Circumcisio
1048 2262 1237 2301 eorum
1281 2246 1501 2301 nutibus
1549 2246 1744 2300 similis

151 2347 238 2393 est.
270 2338 388 2395 Nisi
420 2340 578 2396 enim
620 2339 1065 2394 circumcisionis
1095 2339 1237 2393 ratio
1263 2338 1544 2403 reddatur,
1579 2347 1746 2393 nutus

152 2441 222 2484 est
244 2431 600 2488 circumcisio
645 2440 701 2487 et
731 2447 867 2502 opus
904 2441 1132 2485 Illltltltll.
1164 2430 1371 2486 Pascha
1420 2441 1477 2487 et
1515 2430 1637 2485 alite
1658 2445 1745 2484 so-

152 2521 454 2583 lrmnitales
478 2535 642 2581 nutus
668 2525 838 2595 magis
860 2534 986 2580 sunt
1006 2542 1165 2593 quam
1193 2541 1272 2579 ve.
1290 2525 1413 2578 itas.
1446 2523 1628 2595 Usque
1650 2524 1746 2579 lto-

152 2613 233 2672 tlie
261 2619 505 2689 populus
543 2617 713 2672 Israel
741 2616 938 2672 surdus
980 2626 1036 2673 et
1063 2630 1245 2672 mutus
1271 2627 1356 2671 est
1382 2633 1395 2672 :
1432 2631 1609 2687 neque
1640 2632 1744 2686 po-

155 2716 283 2767 terat
312 2711 459 2777 ﬁeri,
493 2720 551 2767 ut
582 2727 691 2766 non
723 2710 925 2769 surdus
952 2720 1098 2767 esset
1126 2722 1183 2766 et
1212 2721 1426 2776 mutus,
1472 2711 1564 2781 qui
1610 2726 1640 2764 a
1688 2726 1748 2765 se

152 2818 463 2862 sermonem
489 2806 779 2874 abiecerat.
815 2806 885 2862 Et
909 2805 1040 2860 olim
1071 2804 1293 2875 quidem
1318 2804 1532 2875 Moyses
1558 2804 1740 2874 loque-

153 2895 310 2953 batur
346 2916 357 2949 :
390 2897 504 2969 Ego
534 2907 701 2953 utam
727 2902 909 2972 alogos
949 2915 1064 2952 sum
1089 2896 1319 2969 πωπω.
1348 2914 1402 2961 v,
1435 2897 1528 2968 I2)
1560 2915 1573 2951 :
1605 2898 1749 2969 quod

154 2985 274 3046 licet
305 3000 332 3027 ιι
375 2991 604 3047 Latinus
666 2993 827 3048 aliter
856 2991 1232 3061 expresserit,
1292 2999 1474 3046 tamen
1529 2990 1750 3061 proprie

156 3082 440 3139 transferri
486 3093 702 3155 potest,
735 3086 925 3156 absque
952 3100 1189 3139 sermone
1214 3124 1231 3150 ,
1262 3085 1381 3139 sive
1422 3085 1665 3150 ratione;
1696 3093 1751 3140 et

156 3186 434 3247 postquam
469 3178 573 3233 hoc
612 3179 687 3232 ait
716 3224 730 3247 ,
757 3176 972 3248 accepit
1001 3178 1268 3233 rationem
1318 3186 1373 3231 et
1403 3191 1748 3242 sermonem,

158 3279 310 3335 quem
340 3270 625 3327 confessus
656 3273 833 3328 fuerat
881 3286 941 3327 se
981 3278 1139 3326 antea
1170 3287 1276 3325 non
1306 3270 1529 3326 habere.
1565 3270 1752 3341 Popu-

161 3355 240 3414 lus
266 3372 447 3420 autem
479 3364 646 3419 Israel
678 3404 693 3430 ,
727 3364 1039 3435 priusquam
1065 3366 1239 3434 legem
1267 3364 1539 3434 acciperet
1565 3403 1581 3429 ,
1628 3363 1753 3417 abs—

163 3465 263 3518 que
298 3455 511 3511 ratione
533 3465 588 3511 et
637 3470 891 3511 sermone
912 3456 1149 3527 quodam
1182 3456 1344 3511 modo
1370 3464 1557 3511 mutus
1582 3465 1700 3511 erat
1735 3472 1750 3511 :

165 3538 358 3602 deinde
380 3549 593 3619 accepit
613 3563 946 3616 sermonem,
978 3548 1137 3620 cujus
1170 3550 1353 3620 imago
1375 3549 1475 3603 fuit
1518 3549 1750 3619 Moyses.

164 3632 263 3692 Iste
284 3637 454 3709 igitur
480 3656 588 3696 non
615 3640 910 3697 conﬁtetur
934 3642 1118 3709 modo,
1148 3642 1289 3713 quod
1318 3653 1451 3699 tunc
1473 3642 1756 3698 confessus

166 3734 243 3781 est
269 3728 503 3804 Moyses,
530 3748 599 3789 eo
629 3734 773 3803 quod
800 3734 872 3788 sit
892 3743 1076 3789 mutus
1098 3742 1152 3790 et
1176 3735 1391 3805 alogos;
1416 3735 1512 3791 sed
1540 3736 1756 3791 nutibus

168 3828 218 3874 et
244 3822 461 3882 silentio
494 3827 701 3882 indicat
728 3841 789 3882 se
820 3842 926 3882 non
979 3827 1177 3883 habere
1201 3843 1533 3897 sermonem,
1564 3839 1619 3883 et
1648 3843 1757 3883 non

168 3910 362 3975 habere
389 3920 679 3976 rationem.
715 3920 907 3977 Nonne
948 3921 1047 3977 tibi
1080 3920 1296 3977 videtur
1332 3920 1608 3977 confessio
1635 3936 1759 3977 esse

168 4008 423 4081 stultitiae,
455 4013 676 4084 quando
706 4014 888 4068 nullus
912 4028 1108 4073 eorum
1140 4023 1318 4084 potest
1343 4014 1598 4085 legalium
1627 4029 1758 4083 prm-

167 4109 442 4170 ceptorum
472 4113 529 4160 et.
561 4104 865 4175 prophetici
904 4107 1145 4163 vaticinii
1181 4108 1453 4163 rationem
1487 4106 1759 4163 reddere?

168 4185 406 4251 Cessavit
453 4196 706 4252 Christus
756 4212 878 4252 esse
920 4197 974 4252 in
1001 4199 1081 4253 eis
1113 4238 1127 4263 ,
1162 4198 1381 4269 reliquit
1426 4214 1523 4254 eos
1551 4212 1757 4266 sermo,

167 4288 495 4358 completum
526 4298 616 4345 est
641 4288 779 4342 illud
808 4288 951 4357 quod
982 4289 1036 4344 in
1062 4289 1201 4345 Isaia
1240 4292 1497 4351 scribitur
1532 4310 1544 4346 :
1577 4291 1761 4347 Relin-

166 4389 343 4444 quetur
367 4381 483 4449 ﬁlia
521 4378 657 4433 Sion
694 4382 827 4433 sicut
871 4380 1254 4436 tabernaculum
1283 4387 1335 4437 in
1361 4387 1524 4451 vinea,
1556 4397 1602 4440 et
1627 4386 1760 4442 sicut

168 4473 407 4525 custodia
446 4470 505 4524 εκ
558 4471 935 4537 cucumerario,
968 4481 1022 4526 ut
1066 4473 1244 4528 civitas
1282 4492 1398 4545 quae
1438 4490 1764 4550 expugnatur

166 4556 339 4627 (Isai.
364 4558 441 4630 ι).
477 4558 686 4628 Quibus
716 4561 943 4631 relictis,
998 4562 1147 4621 salus
1172 4567 1430 4623 translata
1461 4576 1545 4623 est
1570 4570 1634 4625 ad
1668 4586 1758 4625 na-

166 4651 366 4720 tiones,
395 4660 452 4707 ut
474 4653 549 4709 illi
583 4656 927 4719 concitentur
957 4656 1026 4712 ad
1072 4657 1271 4717 zelum.
1306 4657 1585 4715 lntuentes
1630 4677 1761 4734 ergo

168 4741 633 4816 dispensationem
665 4757 721 4807 et
746 4763 1005 4806 arcanum
1028 4750 1148 4820 Dei,
1183 4750 1459 4821 quomodo
1483 4752 1649 4811 Israel
1670 4755 1765 4810 ab-

170 4834 341 4905 iectus
369 4839 446 4894 sit:
478 4840 535 4895 in
554 4839 734 4896 salute
757 4852 962 4911 nostra,
996 4858 1195 4900 cavere
1215 4842 1498 4917 debemus,
1535 4862 1603 4902 ne
1624 4846 1764 4903 forte

172 4940 221 4986 et
245 4934 320 4989 illi
351 4935 526 4989 nostri
555 4948 719 4990 causa
754 4935 911 5007 ejecti
943 4937 1087 5005 sint,
1121 4950 1174 4995 et
1197 4954 1299 4994 nos
1328 4940 1518 5011 majori
1546 4943 1759 5014 suppli—

175 5022 250 5078 cio
298 5025 449 5096 digni
474 5026 668 5095 simus,
704 5038 1085 5101 propterquos
1110 5040 1164 5086 et
1215 5032 1308 5086 alii
1339 5033 1581 5090 derelieti
1608 5044 1755 5102 sunt,

176 5124 224 5172 et
242 5134 347 5177 nos
376 5119 512 5177 nihil
538 5119 767 5193 dignum
783 5121 1083 5193 adoptione
1117 5124 1211 5181 Dei
1242 5135 1297 5180 et
1326 5126 1444 5195 ejus
1472 5127 1759 5183 clementia

238 5245 264 5272 ει
301 5234 487 5291 Sancti
520 5236 1205 5306 lizecquoqne[interpretis
1246 5240 1411 5294 verba
1440 5250 1601 5305 sunt;
1637 5257 1759 5295 cum

178 5306 314 5385 enim
349 5306 492 5385 quod
517 5306 706 5362 Graece
739 5307 991 5385 habetur,
1019 5309 1199 5365 Exod.
1230 5325 1268 5385 _v
1302 5316 1469 5385 :A‘Eya‘s
1491 5312 1544 5368 δέ
1576 5311 1761 5385 ἄλογός

178 5376 271 5449 εἰμι
299 5394 313 5430 :
340 5374 453 5446 Ego
503 5386 676 5431 autem
721 5379 831 5431 sine
878 5383 1026 5434 verbo
1058 5398 1195 5447 sum,
1229 5374 1417 5437 Latini'
1436 5385 1651 5439 codices
1678 5374 1763 5439 ’διὰ

176 5450 393 5517 verbum
428 5465 536 5507 ttnn
567 5459 846 5515 resonent,
883 5451 1150 5517 sedjnxta
1179 5468 1404 5515 sensum
1433 5456 1714 5508 dumtaxat
1746 5467 1761 5506 :

180 5515 299 5573 Cum
324 5520 697 5575 incircumcisis
724 5519 877 5575 labiis
902 5515 1023 5583 sim,
1062 5524 1147 5579 vel
1170 5542 1181 5578 :
1201 5525 1330 5579 Cum
1353 5526 1489 5579 tardi
1521 5522 1769 5579 sermonis

179 5591 288 5665 sint,
344 5591 713 5665 Hieronymus
763 5593 829 5646 de
874 5593 976 5648 hoc
1003 5594 1121 5665 ipso
1158 5597 1422 5661 lectorem
1453 5612 1482 5651 a
1516 5611 1575 5651 se
1607 5592 1772 5646 duxit

180 5661 605 5719 admonendum.

241 5733 269 5773 δ
311 5734 561 5789 Diximus
580 5745 634 5788 et
661 5731 1067 5808 a_d_l_lieronymi
1090 5736 1532 5808 Commentarios
1554 5734 1609 5788 in
1640 5732 1773 5808 ltiti.-

180 5800 375 5862 thteum
398 5819 528 5877 cap.
553 5819 612 5874 ιι,
646 5803 816 5860 ubiS.
851 5800 1010 5864 Pater
1032 5819 1310 5880 martyrem
1331 5807 1604 5879 lgnatium
1652 5802 1743 5857 Iau

1842 484 1995 550 tavit,
2031 484 2083 538 in
2125 483 2347 542 Christo
2389 485 2522 542 Jesu
2554 487 2741 559 (Rom.
2772 486 2857 556 χι)
2895 505 2907 539 :
2939 487 3026 542 eui
3058 497 3138 542 est
3183 488 3354 557 glmia
3388 496 3445 543 ct

1841 578 2208 649 imperiumin
2242 581 2438 637 saecula
2470 582 2821 650 sseculorum,
2854 580 3052 637 Arnen.

2439 734 2727 793 HOHILIA
2754 734 2846 791 VI.

1844 847 1921 902 De
1950 862 2017 903 eo
2062 848 2205 919 quod
2251 849 2515 918 scriptum
2568 861 2652 906 est
2681 866 2692 903 :
2722 846 2849 907 Cum
2899 858 3073 905 autem
3124 851 3448 919 concepisset

1916 919 2185 977 Elizabeth
2210 962 2227 984 ,
2276 920 2612 979 absconderat
2658 938 2711 976 sc
2741 937 2757 974 .'
2785 935 2956 984 usque
3002 921 3071 977 ad
3109 936 3233 979 eum
3266 920 3441 979 locum

1915 992 2005 1045 ubi
2029 992 2103 1045 ait
2133 1010 2145 1044 :
2174 988 2277 1045 Hic
2304 993 2399 1045 erit
2430 1009 2670 1062 magnus.
2701 990 2831 1067 Cap.
2861 988 2901 1046 Ι.

1922 1124 2152 1192 Quando
2176 1125 2410 1196 concepit
2433 1124 2726 1189 Elisubetlr,
2750 1126 3093 1185 obtendebat
3114 1144 3169 1182 se
3188 1126 3446 1187 mensibus

1840 1218 2085 1289 quinque,
2114 1217 2288 1273 dicens
2316 1234 2335 1272 :
2380 1219 2517 1286 Quia
2545 1219 2620 1275 sic
2649 1218 2775 1275 mihi
2802 1218 2923 1289 fecit
2966 1218 3221 1279 Dominus
3249 1222 3306 1276 in
3334 1222 3447 1278 die-

1843 1309 1957 1377 bu,
1987 1310 2171 1380 quibus
2191 1313 2417 1383 respexit
2446 1313 2654 1382 auferre
2684 1312 3021 1384 approbrittm
3060 1330 3229 1370 meum
3270 1316 3323 1368 iu
3355 1316 3449 1370 Ιιθς

1842 1402 2090 1457 minibus.
2144 1402 2342 1470 Quaero
2370 1419 2533 1473 quam
2564 1404 2635 1461 ob
2673 1419 2897 1463 causam
2926 1415 3208 1477 postquam
3240 1406 3450 1463 intelle-

1844 1496 1925 1550 xit
1954 1510 2019 1551 se
2045 1509 2170 1551 esse
2198 1507 2564 1567 pra-granatum
2597 1496 3018 1571 εει-ἧσε,
3048 1498 3327 1568 publicum
3354 1498 3453 1555 tle-

1841 1591 2096 1646 clinat-it?
2127 1592 2191 1647 Ni
2224 1593 2402 1659 latior,
2438 1591 2542 1648 hoc
2557 1604 2642 1648 est
2670 1595 2837 1649 etiam
2864 1595 3009 1663 quod
3042 1594 3095 1649 lii
3126 1594 3220 1665 qui
3247 1594 3451 1664 nuptiis

1842 1682 2084 1753 copulati
2120 1694 2271 1751 sunt,
2306 1699 2415 1739 non
2443 1701 2603 1740 omtte
2642 1694 2855 1755 tempus
2873 1687 3049 1742 coitus
3082 1687 3313 1745 liberum
3368 1688 3452 1742 in-

1773 1808 1818 1867 Β
1846 1781 1928 1829 ter
1957 1790 2021 1830 se
2044 1775 2280 1840 habent;
2332 1778 2431 1832 sed
2458 1788 2540 1833 est
2580 1788 2795 1849 tempus
2819 1781 3041 1849 quando
3072 1780 3334 1836 recedunt
3381 1782 3451 1836 ab

1844 1881 2011 1937 opere
2083 1868 2416 1939 nuptiarum.
2470 1868 2531 1926 Si
2609 1871 2757 1924 enim
2816 1874 2896 1924 vir
2953 1885 3121 1927 senex
3176 1872 3336 1927 fuerit
3396 1883 3450 1929 et

1847 1960 2045 2017 mulier
2063 1976 2222 2031 anus,
2251 1962 2473 2032 pudoris
2498 1973 2580 2018 est
2610 1964 3060 2021 maximiserrire
3087 1979 3182 2020 eos
3213 1965 3448 2033 libidini,

1847 2055 2056 2110 servire
2105 2055 2392 2126 eonjugio,
2437 2072 2559 2127 qua:
2612 2056 2699 2112 vel
2757 2072 2904 2112 curre
2945 2057 3195 2127 corporis
3246 2067 3302 2113 et
3357 2073 3444 2113 se-

1847 2161 2022 2204 nectae
2075 2165 2196 2204 esse
2245 2151 2342 2204 Dei
2395 2148 2647 2206 videntur
2691 2149 2971 2206 voluntate
3026 2150 3265 2206 sublata.
3325 2151 3455 2209 [Iac

1847 2250 2029 2296 autem
2060 2283 2076 2308 ,
2133 2256 2258 2311 qum
2315 2241 2386 2297 ad
2442 2255 2754 2298 sermonem
2806 2242 2987 2312 angeli
3059 2253 3115 2297 et
3165 2240 3451 2311 disponam

1851 2335 2054 2390 tionem
2107 2335 2202 2390 Dei
2230 2351 2447 2391 rursum
2480 2335 2657 2392 fuerat
2693 2336 2817 2391 viro
2841 2336 3127 2405 copulata,
3161 2336 3455 2393 erubescat

1850 2423 1943 2498 [ια’.
1976 2426 2367 2500 erubescebat]
2415 2428 2563 2499 quod
2609 2444 2746 2484 anus
2772 2440 2826 2484 et
2880 2444 3017 2498 pene
3047 2428 3327 2498 decrepita
3384 2428 3455 2483 ad

1849 2536 1985 2590 opus
2028 2522 2286 2588 iuvenum
2322 2523 2656 2578 revertisset.
2715 2521 2869 2578 Unde
2903 2534 2955 2579 et
2987 2522 3363 2579 abseondebat
3394 2537 3455 2577 se

1850 2616 2133 2673 mensibus
2162 2618 2404 2688 quinque
2434 2635 2447 2669 :
2496 2633 2607 2671 non
2639 2633 2813 2686 usque
2839 2617 2907 2669 ad
2934 2632 3139 2671 troitum
3183 2631 3454 2683 mensem,

1850 2708 2021 2764 donec
2076 2719 2270 2780 partes
2314 2709 2627 2780 ingrueret;
2661 2710 2754 2764 sed
2804 2723 3095 2780 usquequo
3142 2709 3457 2781 conciperet

1850 2800 2041 2856 Maria.
2074 2801 2305 2867 (litando
2325 2802 2477 2857 enim
2498 2802 2587 2857 illa
2620 2802 2890 2872 concepit,
2932 2811 2988 2856 et
3018 2802 3169 2861 venit
3209 2802 3275 2857 ad
3306 2816 3455 2867 eam,

1851 2905 1908 2951 et
1936 2895 2081 2951 facta
2104 2906 2189 2950 est
2215 2895 2473 2951 salutatio
2503 2897 2556 2950 in
2580 2912 2740 2951 aures
2761 2896 2902 2966 ejus,
2930 2895 3223 2952 exsultavit
3249 2897 3303 2950 iu
3325 2911 3458 2967 gau-

1852 2987 1945 3044 dio
1967 2987 2153 3043 infans
2174 2989 2226 3043 in
2261 2996 2421 3043 utero
2454 2987 2753 3054 Elizabetb,
2786 2997 2841 3042 et
2879 2990 3228 3059 prophetavit
3252 2988 3460 3056 Spiritu

1854 3093 2047 3140 sancto
2090 3085 2274 3153 plena,
2308 3093 2361 3137 et
2415 3082 2592 3138 locuta
2640 3093 2723 3137 est
2753 3098 2874 3153 qua:
2902 3082 3251 3153 evangelicae
3277 3097 3459 3138 sermo

1780 3203 1826 3267 ρ
1858 3177 2121 3232 describit
2156 3196 2171 3232 :
2203 3176 2269 3230 Et
2298 3175 2573 3244 άὶᾔαηιαω
2597 3185 2718 3229 sunt
2748 3193 2901 3247 super
2927 3193 3130 3230 omnem
3159 3186 3457 3232 montanam

1856 3270 2009 3324 verba
2030 3270 2155 3325 hac.
2189 3266 2421 3337 Quando
2450 3269 2599 3324 enim
2629 3268 2681 3323 in
2713 3268 2917 3338 popqu
2967 3283 3153 3324 rumor
3196 3282 3458 3339 egressus

1857 3372 1940 3420 est.
1964 3362 2167 3418 habere
2197 3378 2317 3418 eam
2343 3362 2399 3417 in
2426 3371 2585 3417 utero
2606 3362 2957 3432 prophetam,
2980 3370 3034 3416 et
3054 3361 3259 3431 aliquid
3284 3361 3459 3432 majus

1858 3472 1980 3513 esse
2028 3456 2250 3512 herniae
2273 3457 2369 3528 qui
2397 3457 2715 3528 gestabatur
2742 3472 2770 3511 a
2799 3455 3043 3526 Virgine,
3075 3463 3205 3511 tune
3230 3471 3339 3509 non
3358 3455 3456 3509 ab-

1858 3552 2162 3618 sconditur,
2219 3549 2315 3605 sed
2344 3559 2454 3605 tota
2502 3549 2758 3605 libertate
2786 3564 2846 3604 se
2876 3548 3080 3619 prodit,
3118 3557 3172 3604 et
3217 3547 3460 3603 exsultat

1859 3658 1921 3700 se
1946 3642 2152 3699 habere
2182 3642 2587 3698 Praerursorem
2635 3642 2689 3695 in
2715 3649 2875 3696 utero
2900 3639 3218 3695 Salvator-is.
3254 3638 3464 3695 Deinde

1861 3736 2140 3806 Set-iptura
2174 3744 2595 3801 commemorat,
2648 3737 2792 3803 quod
2822 3751 2992 3789 mense
3012 3743 3157 3789 sexto
3184 3741 3462 3806 conceptus

1859 3827 2129 3884 Elizabetlt
2160 3829 2346 3882 missus
2392 3829 2465 3882 sit
2503 3828 2721 3899 angelus
2748 3826 2962 3883 Gabriel
3005 3845 3036 3881 a
3066 3827 3177 3882 Deo
3202 3828 3257 3882 in
3284 3828 3463 3882 civim-

1862 3930 1958 3975 lem
1981 3919 2237 3986 Galilwar,
2279 3922 2431 3992 cujus
2453 3936 2640 3975 nomen
2668 3919 2962 3987 Nasureth,
2987 3921 3057 3974 ad
3091 3920 3353 3992 Virginem
3373 3922 3461 3974 de-

1860 4022 2161 4083 sponsatam
2189 4016 2321 4080 viro,
2351 4014 2436 4067 cui
2466 4029 2650 4068 nomen
2679 4008 2874 4086 Ioseph
2913 4013 2979 4067 de
3010 4014 3162 4067 domo
3189 4012 3374 4079 David,
3413 4021 3463 4068 et

1863 4122 2045 4163 arma
2081 4106 2339 4178 Virginis,
2377 4105 2569 4161 Maria.
2608 4107 2842 4163 Rursum
2877 4106 2933 4161 in
2963 4121 3081 4162 mea
3135 4116 3316 4163 mente
3345 4106 3465 4162 vol-

1865 4217 1997 4257 vens
2020 4217 2228 4273 quaero,
2263 4217 2431 4271 quare
2460 4201 2624 4270 Deus,
2659 4215 2782 4255 cum
2816 4200 2987 4256 semel
3011 4200 3365 4256 Salvatoretn
3380 4200 3467 4271 ju-

1863 4292 2072 4349 dicaret
2100 4293 2249 4349 nasci
2279 4309 2347 4349 ex
2382 4294 2612 4364 virgine,
2648 4308 2756 4348 non
2796 4292 2966 4360 elegit
2989 4293 3229 4365 puellam
3259 4292 3467 4362 absque

1866 4400 2101 4455 sponso,
2155 4385 2249 4441 sed
2295 4400 2414 4441 eam
2467 4386 2806 4457 potissimum
2844 4402 2967 4457 quas
3006 4387 3114 4457 jam
3147 4387 3329 4443 luerat
3366 4386 3466 4443 de-

1867 4489 2144 4549 sponsata.
2180 4479 2249 4534 Et
2272 4479 2375 4535 nisi
2410 4478 2591 4546 fallor,
2617 4480 2731 4535 haec
2761 4496 2925 4536 causa
2949 4491 3052 4537 est.
3082 4483 3282 4539 Debuit
3311 4481 3380 4538 de
3400 4496 3466 4539 ea

1787 4571 2073 4661 Dvirgine
2124 4574 2295 4639 nasci,
2346 4589 2468 4644 qua:
2497 4588 2607 4628 non
2647 4575 2824 4628 solum
2881 4590 3143 4644 sponsum
3206 4576 3467 4643 haberet;

1866 4664 1984 4733 sed,
2014 4674 2075 4721 ut
2104 4663 2387 4720 Mattheus
2412 4667 2624 4732 scribit,
2656 4666 2766 4735 jam
2797 4666 2916 4721 viro
2946 4668 3143 4723 tradita
3179 4666 3376 4735 fuerat,
3400 4668 3470 4723 Ii-

1866 4767 1953 4812 cet
2002 4772 2122 4812 eam
2166 4758 2249 4813 vir
2280 4758 2509 4814 necdum
2539 4768 2724 4815 nosset
2754 4760 2773 4830 (
2800 4757 3000 4813 Matth.
3034 4758 3113 4832 ι),
3167 4776 3237 4817 ne
3294 4760 3469 4831 turpi—

1868 4848 2114 4905 tudinem
2144 4849 2367 4921 virginis
2399 4850 2619 4905 habitus
2667 4850 2786 4920 ipse
2813 4860 3171 4921 monstraret,
3220 4852 3264 4907 si
3309 4852 3471 4923 virgo

1870 4942 2153 5000 videretur
2190 4951 2349 4997 utero
2400 4942 2655 4998 tumenti.
2691 4941 2844 5000 Unde
2870 4943 3149 5014 eleganter
3176 4943 3232 4998 in
3278 4945 3466 5014 cujus—

1873 5035 2001 5090 dam
2053 5032 2362 5106 martyrisb
2390 5035 2625 5106 epistola
2666 5034 2928 5106 scriptum
2960 5036 3163 5107 reperi,
3205 5036 3470 5109 Ignatium

1868 5127 1994 5184 dico
2024 5126 2338 5196 episcopum
2396 5128 2681 5183 Antiochus
2720 5138 2845 5197 post
2878 5127 3099 5183 Petrum
3150 5130 3471 5198 secundum,

1865 5239 1955 5314 dat
1983 5238 2014 5314 _(
2038 5237 2130 5308 qui
2160 5251 2397 5308 quartam
2451 5242 2653 5295 addidit
2687 5258 2917 5309 causam,
2977 5259 3070 5297 cur
3098 5261 3127 5295 a
3157 5244 3473 5314 desponsata

1865 5309 2121 5384 Christus
2145 5322 2426 5384 conceptus
2453 5314 2518 5366 sit
2550 5327 2566 5363 :
2599 5322 2655 5369 ut
2678 5324 2859 5384 partus
2893 5329 3087 5382 nempe
3111 5315 3229 5384 ejus
3251 5309 3468 5369 "celare-

1869 5389 1953 5434 tur
2001 5379 2229 5443 diabolo,
2288 5381 2412 5434 dum
2454 5397 2572 5456 eum
2617 5379 2765 5456 putat
2797 5401 2903 5439 non
2929 5384 2993 5439 de
3022 5379 3238 5456 uirgine.
3285 5384 3379 5443 sed
3409 5385 3475 5441 de

1872 5466 2039 5527 uxore
2062 5458 2364 5527 generatum
2388 5461 2409 5521 )
2467 5452 2639 5527 videri
2685 5452 3227 5527 _Iliero_nymnm'nnn
3259 5472 3327 5515 ex
3355 5457 3476 5527 ipso

1872 5521 2101 5592 Iguatio,
2135 5521 2229 5581 sed
2259 5536 2326 5575 ex
2353 5521 2452 5592 hac
2476 5521 2803 5591 Origeniana
2859 5521 3089 5583 humilia
3120 5526 3298 5589 locum
3330 5521 3477 5583 reci-—

1880 5591 2021 5669 tare,
2044 5608 2151 5649 non
2175 5594 2326 5669 enim
2359 5591 2477 5669 lucc
2500 5593 2727 5669 proprie
2758 5607 2978 5669 sanctus
3003 5597 3207 5669 Marlyr
3234 5614 3474 5666 pronun—

1885 5665 2059 5731 tiavtt,
2094 5664 2193 5721 sed
2220 5680 2294 5720 ex
2332 5662 2453 5735 ejus
2498 5662 2742 5735 Epistula
2766 5667 2833 5721 ad
2862 5662 3159 5735 Ephesios'
3181 5662 3282 5723 sub
3315 5670 3479 5726 tinent

1886 5744 2188 5811 utcumque
2205 5734 2469 5808 colligere
2501 5734 2651 5793 licet.
