4044 6378
192 312 274 370 253

770 303 1206 362 τιιΑΝειΑτιο
1246 300 1685 361 ιιοιίιιιΑιιυιι
1725 300 1765 356 0

1872 299 2053 357 ἱΕΝΙὸ
2096 298 2161 355 ΙΝ
2202 299 2464 358 LUCAM.
2506 301 2672 358 ΝΟΜ.
2718 302 2832 359 Vll.

3334 315 3442 372 234

189 433 229 481 et
267 422 415 478 Maria
464 420 648 478 statim
696 428 755 476 ut
819 420 1025 475 audivit
1068 419 1316 489 angelum
1363 418 1740 481 nuntiantem,
1768 416 1817 474 Α
1848 414 1966 482 lilii,
2006 415 2097 485 qui
2124 414 2329 486 Joseph
2367 415 2710 480 dicebantur.
2744 433 2850 472 non
2892 428 3049 475 erant
3086 423 3190 476 orti
3231 423 3302 482 de
3332 428 3445 483 Ma-

189 515 303 585 quod
330 512 642 581 conceperit
668 512 1030 579 Salvatorem,
1071 519 1125 567 et
1165 510 1306 579 quod
1335 518 1561 579 cognata
1594 507 1741 562 illius

190 608 434 667 Elizabeth
464 608 693 665 haberet
738 609 792 663 in
834 616 1013 673 utero,
1061 619 1394 676 consurgens
1436 620 1560 657 cum
1591 603 1745 656 festi-

191 703 374 757 natione
416 701 567 757 venit
612 702 666 756 in
719 709 999 768 montana,
1027 707 1084 754 et
1128 699 1371 769 ingressa
1401 706 1485 752 est
1517 697 1740 752 domum

191 792 453 850 Elizabt-th.
486 794 842 867 Μ
864 793 1024 850 Jesus
1045 808 1197 859 vero,
1220 794 1311 863 qui
1343 794 1394 847 in
1421 801 1576 847 utero
1598 791 1742 846 illius

192 896 302 953 erat,
346 888 638 943 festinabat
676 887 854 942 adhuc
902 888 955 942 in
1005 897 1199 942 ventre
1246 886 1436 941 matris
1473 885 1743 941 Joannem

195 981 389 1049 positum
414 982 785 1038 sanctiﬁcare.
813 982 1060 1053 Denique
1088 992 1379 1051 antequam
1409 983 1622 1037 veniret
1644 982 1746 1036 Ma-

194 1074 274 1143 ria,
298 1086 345 1132 et
373 1076 640 1132 salutaret
671 1075 982 1141 Elizabetb,
1012 1090 1124 1130 non
1151 1074 1448 1132 exsultavit
1479 1073 1657 1128 iulans
1691 1074 1744 1127 in

195 1176 351 1222 litem:
375 1169 470 1223 sed
498 1169 687 1223 statim
716 1176 776 1222 ut
802 1167 970 1223 Maria
997 1167 1175 1222 locuta
1215 1177 1300 1222 cst
1324 1166 1574 1227 verbum,
1600 1166 1747 1237 quod

194 1256 329 1313 Filios
347 1260 435 1314 Dei
466 1261 519 1314 in
541 1270 730 1315 ventre
759 1260 946 1315 matris
966 1269 1332 1330 suggesserat,
1350 1258 1646 1313 exsultavit
1669 1259 1749 1311 in—

195 1350 288 1407 laus
312 1353 360 1407 in
390 1354 613 1424 gaudio,
644 1362 700 1409 et
729 1362 855 1408 tunc
885 1353 1120 1423 primum
1162 1368 1557 1421 praecursorem
1588 1367 1746 1407 suum

196 1446 483 1517 prophetam
534 1446 668 1503 fecit
714 1446 894 1503 Jesus.
946 1445 1246 1517 Oportebat
1278 1460 1498 1515 quoque
1524 1444 1746 1499 Mariam

195 1553 289 1593 tum
327 1540 417 1595 Dei
458 1539 619 1610 prole
654 1538 1002 1609 dignissima,
1046 1547 1167 1607 post
1205 1536 1497 1606 alloquium
1532 1535 1651 1599 Dei,
1679 1535 1749 1590 ad

195 1639 410 1685 montana
449 1630 848 1694 conscendere,
891 1638 946 1684 et
983 1629 1038 1683 in
1060 1627 1477 1683 sublimioribus
1506 1641 1752 1680 commo-

194 1722 295 1776 tari.
343 1722 494 1779 Unde
541 1732 599 1778 et
638 1721 900 1792 scriptum
945 1729 1030 1777 est
1067 1739 1082 1773 :
1124 1719 1452 1790 Consurgens
1484 1717 1659 1772 Maria
1695 1718 1750 1771 in

1846 505 1949 569 ria,
1984 522 2161 576 neque
2184 516 2270 563 est
2296 506 2404 562 ulla
2435 507 2713 577 Scriptura
2734 523 2858 579 quae
2880 510 2983 565 ista
3024 526 3442 576 commemoret.

1847 601 2129 658 Benedicta
2154 615 2210 659 tu
2236 605 2371 660 inter
2397 606 2658 670 mulieres,
2688 615 2735 658 et
2765 605 3057 663 benedictus
3085 610 3285 679 fructus
3322 629 3445 668 ven-

1846 697 1939 750 tris
1982 698 2077 750 tui.
2117 696 2181 751 Et
2210 697 2347 752 unde
2387 698 2512 751 mihi
2554 697 2674 759 hoc,
2718 709 2771 751 ut
2821 701 2987 754 veniat
3020 701 3191 758 Mater
3231 705 3441 761 Domini

1848 788 1947 842 mei
1983 790 2052 842 ad
2080 790 2202 843 me?
2228 789 2385 856 Quod
2416 792 2522 844 ait:
2550 789 2701 845 Unde
2739 791 2866 845 milii
2890 793 3008 860 hoc,
3040 810 3147 850 non
3181 798 3442 866 ignorans

1847 881 1982 936 dicit
2006 899 2021 935 :
2047 892 2102 938 et
2128 885 2365 938 maxime
2390 884 2600 955 Spiritu
2630 896 2823 941 sancto
2842 889 3025 958 plena,
3051 892 3209 961 quasi
3237 896 3447 953 nesciat

1848 974 1992 1043 quod
2019 973 2171 1043 juxta
2199 974 2295 1031 Dei
2323 977 2662 1035 voluntatem
2688 980 2858 1036 Mater
2889 984 3097 1041 Domini
3129 990 3344 1043 venerit
3374 991 3439 1046 ad

1849 1080 2002 1132 eam;
2033 1068 2128 1120 sed
2177 1068 2285 1123 isto
2326 1083 2490 1123 sensu
2519 1071 2785 1140 loquitur:
2810 1074 2951 1141 Quid
2984 1077 3108 1131 boni
3144 1078 3289 1134 feci?
3317 1098 3439 1150 qua:

1849 1172 2018 1227 opera
2048 1175 2169 1214 mea
2216 1169 2363 1215 tanta
2404 1172 2551 1229 sunt,
2597 1172 2657 1217 ut
2687 1164 2862 1220 Mater
2892 1167 3104 1223 Domini
3133 1172 3198 1224 ad
3236 1190 3323 1227 me
3350 1190 3441 1230 ve-

1853 1254 2007 1307 niat?
2056 1270 2152 1322 per
2179 1270 2339 1326 quam
2365 1256 2658 1326 justitiam,
2691 1274 2757 1313 ex
2791 1261 2988 1328 quibus
3035 1263 3209 1327 bonis,
3239 1266 3307 1320 de
3337 1285 3443 1338 qua

1854 1344 2118 1401 ﬁdelitate
2168 1349 2366 1402 utentis
2417 1348 2521 1403 hoc
2569 1351 2767 1414 merui,
2795 1362 2856 1406 ut
2881 1353 3050 1409 Mater
3079 1356 3294 1412 Domini
3337 1362 3443 1416 mei

1853 1436 2037 1490 veniat
2067 1437 2132 1491 ad
2162 1440 2283 1492 me?
2309 1437 2446 1493 Ecce
2471 1440 2607 1493 enim
2646 1450 2699 1494 ut
2729 1443 2867 1513 facta
2894 1453 2969 1497 est
3004 1448 3249 1502 salutatio
3279 1460 3367 1504 tua
3392 1451 3443 1504 in

1852 1544 2002 1582 aures
2042 1545 2202 1591 meas,
2232 1531 2505 1586 exsultauit
2550 1534 2603 1586 in
2642 1535 2985 1590 exsultatione
3009 1538 3183 1609 infans
3220 1542 3273 1594 in
3302 1554 3449 1597 utero

1855 1636 1986 1675 meo.
2021 1621 2218 1678 Sancta
2260 1635 2380 1679 erat
2422 1625 2608 1679 anima
2645 1627 2788 1683 beati
2815 1628 3061 1699 Joannis,
3094 1643 3149 1687 et
3177 1633 3356 1690 adhuc
3395 1638 3447 1691 in

1857 1715 2049 1769 matris
2075 1726 2234 1769 utero
2261 1716 2470 1782 clausa,
2503 1727 2844 1787 venturaque
2886 1722 2938 1775 in
2973 1724 3258 1791 mundum,
3295 1730 3451 1798 quasi

196 1812 342 1868 diebus
378 1815 508 1883 illis,
554 1816 695 1869 venit
714 1815 767 1868 in
811 1824 1073 1868 montana.
1108 1811 1377 1866 Debuerat
1408 1809 1595 1875 etiam,
1624 1826 1746 1863 cum
1778 1794 1830 1856 Β
1858 1827 1953 1879 per
1979 1813 2330 1883 experientia:
2358 1829 2602 1880 sensum,
2632 1815 2839 1872 sciebat
2869 1834 2990 1887 quae.
3030 1820 3196 1875 Israel
3231 1794 3450 1893 ignora.

194 1916 308 1958 esSet
350 1905 606 1972 sollicita,
651 1921 759 1959 non
800 1906 978 1974 pigra,
1020 1919 1319 1975 properare
1353 1903 1746 1971 sollicitudine,

195 2006 237 2047 et
259 1996 446 2067 Spiritu
494 2008 692 2053 sancto
738 1998 897 2068 plena
945 1996 1011 2052 ad
1062 1996 1380 2051 sublimiora
1424 1995 1669 2064 perduci,
1695 2009 1749 2051 et

192 2087 358 2144 virtute
387 2090 481 2145 Dei
524 2091 759 2161 protegi,
790 2107 818 2141 ει
847 2105 951 2160 qua
994 2090 1165 2144 luerat
1206 2089 1548 2144 obumbrata.
1600 2087 1750 2143 Venit

191 2196 287 2249 ergo
328 2182 375 2234 in
426 2183 689 2236 civitatem
732 2179 910 2250 Iudae,
942 2191 988 2232 et
1034 2182 1085 2233 in
1118 2181 1329 2235 domum
1353 2179 1659 2245 Zachariae,
1705 2189 1753 2232 et

191 2274 397 2328 salutauit
436 2273 733 2330 Elizabeth.
781 2271 1005 2328 Factum
1051 2283 1125 2328 est
1154 2290 1271 2326 Cum
1302 2274 1531 2327 audisset
1559 2271 1755 2326 saluta-

192 2364 348 2419 tione-tn
374 2366 564 2420 Maria:
594 2365 905 2430 Elizabetlt,
955 2364 1232 2421 exsultavit
1276 2367 1454 2437 infans
1507 2368 1561 2419 in
1610 2377 1754 2419 utero

190 2461 300 2529 ejus,
347 2472 391 2515 et
434 2460 639 2530 repleta
684 2469 758 2515 est
799 2460 1006 2532 Spiritu
1045 2470 1245 2514 sancto.
1287 2459 1406 2515 Non
1453 2472 1539 2515 eet
1568 2460 1755 2531 itaque

191 2552 384 2609 dubium
428 2557 561 2626 quin
602 2570 722 2625 quae
750 2564 879 2609 tunc
917 2554 1124 2626 repleta
1168 2567 1251 2609 est
1289 2554 1499 2624 Spiritu
1537 2564 1753 2622 sancto,

191 2656 386 2715 propter
429 2648 605 2703 lilium
657 2648 729 2702 sit
770 2648 1000 2715 repleta.
1044 2646 1231 2719 Neque
1266 2647 1413 2702 enim
1444 2658 1619 2704 mater
1646 2648 1756 2719 pri-

191 2752 316 2793 mum
345 2740 605 2806 Spiritum
637 2749 885 2795 sanctum
931 2740 1126 2796 meruit
1156 2781 1173 2803 ,
1221 2740 1335 2796 sed
1363 2757 1488 2796 cum
1518 2741 1757 2797 Joannes

192 2830 351 2886 adhuc
371 2834 585 2888 clausus
612 2834 666 2887 in
694 2842 847 2888 utero
868 2832 1132 2901 Spiritum
1158 2843 1406 2888 sanctum
1435 2836 1756 2903 recepisset,

191 2929 309 2976 tunc
351 2934 403 2977 et
446 2925 533 2979 illa
583 2933 704 2994 post
745 2924 1229 2980 sanctilicationem
1279 2924 1375 2979 lilii
1423 2926 1628 2996 repleta
1675 2935 1762 2980 est

191 3013 384 3084 Spiritu
432 3028 645 3074 sancto.
674 3017 887 3074 Poteris
915 3018 1016 3074 hoc
1057 3018 1308 3083 credere.
1341 3018 1387 3072 si
1417 3019 1599 3074 simile
1629 3018 1758 3088 quid

192 3110 338 3165 etiam
401 3112 467 3168 de
516 3111 801 3169 Salvatore
866 3112 1210 3184 cognoveris.
1268 3112 1551 3168 Invenitur
1602 3112 1757 3167 beata

193 3197 363 3268 Maria,
391 3205 531 3260 sicut
554 3203 609 3258 in
637 3204 929 3275 aliquantis
952 3214 978 3241 ι
1000 3204 1407 3274 exemplaribus
1435 3205 1759 3273 reperimus,

196 3297 525 3365 prophetare.
558 3297 676 3352 Non
722 3298 866 3353 enim
899 3298 1234 3368 ignoramus,
1267 3298 1409 3368 quod
1461 3300 1760 3354 secundum

194 3385 312 3442 alios
336 3390 557 3445 codices
604 3399 659 3446 et
706 3388 823 3444 haec
870 3390 1037 3444 verba
1088 3390 1367 3445 Elizabeth
1418 3391 1764 3445 vaticinetur.

195 3477 378 3549 Spiritu
404 3484 592 3551 itaque
622 3493 814 3537 sancto
841 3492 967 3538 lunt:
990 3484 1193 3552 repleta
1220 3490 1307 3537 est
1326 3483 1515 3542 Maria.
1550 3481 1766 3551 quando

196 3575 342 3641 coepit
370 3578 424 3629 in
453 3586 615 3630 utero
656 3574 862 3630 habere
908 3574 1273 3630 Salvatorem.
1307 3574 1500 3629 Statim
1534 3577 1677 3628 ettim
1710 3584 1769 3629 nt

195 3662 439 3734 Spiritum
492 3676 741 3722 sanctum
774 3666 1007 3736 accepit,
1042 3667 1309 3722 Dominici
1357 3666 1605 3737 corporis
1635 3682 1768 3721 cou-

196 3756 432 3828 ditorem,
464 3770 517 3816 et
567 3758 734 3814 Filius
762 3759 856 3814 Dei
893 3774 1015 3816 esse
1067 3761 1235 3828 C(Bpil
1285 3760 1335 3814 in
1384 3769 1562 3824 utero,
1603 3760 1769 3814 etiam

197 3849 295 3921 ipsa
341 3853 616 3924 completa
665 3863 749 3909 est
792 3853 996 3923 Spiritu
1048 3864 1261 3910 sancto.
1294 3853 1591 3909 Exsultauit
1641 3869 1772 3925 ergo

196 3942 355 4012 infans
382 3948 436 4001 in
457 3954 604 4000 utero
631 3945 918 4012 Elizabetlt,
943 3956 990 4000 et
1016 3946 1213 4019 repleta
1239 3958 1312 4002 est
1335 3948 1541 4018 Spiritu
1569 3956 1769 4014 sancto,

196 4044 238 4089 et
263 4039 499 4093 clamavit
527 4054 647 4093 voce
673 4055 859 4112 magna
888 4047 936 4092 el
964 4038 1098 4094 dixit
1117 4056 1137 4094 :

258 4129 537 4186 Benedicta
569 4142 625 4184 tu
662 4132 795 4184 inter
828 4130 1093 4186 mulieres.
1124 4132 1396 4192 Debemus
1419 4134 1471 4187 iit
1496 4133 1599 4189 hoc
1627 4132 1773 4198 loco,

197 4234 257 4276 ne
282 4223 561 4294 simplices
591 4221 791 4293 quique
821 4222 1186 4292 decipiantur,
1216 4238 1280 4276 ea
1318 4238 1436 4293 quae
1467 4223 1649 4278 solent
1673 4239 1774 4293 op-

196 4326 393 4383 ponere
424 4313 690 4379 hatretici,
717 4312 1019 4367 confutare.
1043 4313 1098 4367 lu
1126 4322 1331 4369 tantam
1361 4313 1561 4385 quippe
1591 4316 1777 4371 nescio

195 4409 308 4475 quis
342 4403 599 4476 prorupit
622 4405 915 4468 insaniam,
949 4412 1007 4455 ut
1039 4416 1307 4461 assereret
1333 4418 1578 4477 negatam
1610 4408 1778 4463 fuisse

191 4497 414 4555 Mariam
449 4514 477 4548 a
509 4495 816 4558 Salvatore,
844 4508 911 4547 eo
939 4493 1082 4562 quod
1115 4506 1235 4562 post
1273 4500 1606 4554 nativitatem
1635 4501 1777 4556 illius

188 4588 375 4658 juncta
427 4583 599 4637 fuerit
625 4580 653 4620 δ
683 4581 993 4651 Josepltzet
1045 4583 1255 4638 locutus
1300 4598 1418 4651 est,
1464 4606 1584 4659 quae
1628 4593 1775 4661 quali

189 4691 381 4739 mente
440 4678 637 4732 dixerit
696 4680 811 4747 ipse
857 4677 1073 4733 noverit
1121 4678 1213 4747 qui
1261 4678 1473 4734 locutus
1521 4690 1607 4738 est
1651 4702 1663 4735 :
1721 4686 1780 4741 Si

192 4774 418 4846 quando
456 4771 622 4841 igitur
661 4769 905 4824 lla-relici
948 4769 1100 4823 vobis
1142 4771 1247 4824 tale
1286 4769 1415 4841 quid
1463 4771 1782 4843 objecerint,

194 4867 526 4942 respondete
549 4869 651 4933 eis,
676 4873 734 4920 et
759 4863 960 4919 dicite:
990 4864 1151 4918 Certe
1185 4862 1389 4934 Spiritu
1419 4880 1604 4920 saneto
1626 4868 1781 4938 plena

198 4959 479 5018 Elizabelh
509 4961 582 5013 ait
614 4977 628 5012 :
654 4956 930 5012 Benedicta
971 4968 1027 5010 tu
1057 4958 1188 5012 inter
1212 4957 1473 5013 mulieres.
1508 4958 1564 5016 Si
1596 4967 1785 5015 sancto

200 5054 410 5130 Spiritu
440 5053 735 5110 benedicta
763 5054 977 5105 canitur
1006 5050 1193 5117 Maria,
1226 5052 1500 5123 quomodo
1530 5069 1649 5115 eam
1677 5053 1790 5110 Sal-

201 5158 349 5206 vator
390 5141 648 5217 negavit?
685 5142 857 5197 Porro
893 5141 1037 5213 quod
1075 5155 1331 5199 asserunt
1370 5159 1489 5199 eam
1539 5146 1790 5215 nupsisse

202 5252 319 5313 post
358 5252 597 5314 partum,
642 5236 791 5291 unde
819 5236 1122 5307 approbent
1151 5250 1256 5291 non
1286 5235 1506 5320 habent.
1544 5236 1610 5291 Hi
1646 5237 1789 5294 enim

271 5395 297 5423 ι
343 5380 565 5443 Innuit,
606 5375 826 5437 opinor,
888 5375 1053 5430 verba
1103 5374 1491 5444 subsequentis
1532 5375 1793 5430 versiculi

206 5454 290 5522 45,
329 5459 418 5512 καὶ
456 5452 692 5527 μακαρία
729 5450 759 5506 ἡ
801 5449 1152 5527 mars-vicnam
1195 5443 1275 5527 (ire
1324 5444 1795 5527 ἔσταιητξλςίωσις,

208 5516 304 5583 etc.
339 5526 407 5581 Et
446 5516 739 5587 beatu'qum
761 5520 1056 5577 credidisti,
1088 5517 1333 5587 quoniam
1375 5516 1714 5585 perficiantur
1746 5534 1804 5570 ett

210 5615 318 5666 qua
354 5598 499 5651 dictu
533 5586 652 5647 sunt
685 5589 840 5666 tib_i_tt
866 5586 1130 5666 potuine,
1159 5586 1226 5666 ἰιι
1268 5588 1563 5653 aliquantis
1594 5590 1676 5640 sui
1699 5588 1805 5666 Ξ)χί

212 5657 725 5740 ἑιεηιριπὶιξιιξ-εις
751 5660 931 5715 Maria:
964 5657 1204 5738 Virginis
1246 5670 1506 5740 persona,
1549 5670 1658 5740 ηοη
1699 5658 1810 5740 ιειῖἶ

213 5726 397 5798 zabetit
429 5737 564 5794 dici.
600 5733 762 5789 Nulla
792 5744 926 5786 vero
956 5726 1099 5783 nunc
1130 5727 1250 5797 ejus
1285 5726 1537 5782 lectionis
1571 5727 1693 5783 vola
1724 5735 1817 5782 aut

214 5813 497 5886 vestigium
526 5813 808 5876 superest-

668 5897 946 5958 ΡΑτιιοι..
995 5892 1230 5955 XXVI.

1856 1913 1966 1967 bat.
1997 1913 2155 1970 Unde
2181 1914 2450 1970 exsilivit:
2476 1925 2531 1971 et
2559 1932 2667 1970 non
2708 1917 3030 1987 simpliciter
3057 1923 3318 1985 ex~ilivit,
3352 1924 3448 1979 sed

1856 2006 1908 2059 in
1939 2009 2157 2077 gaudio.
2190 2007 2445 2063 Senserat
2495 2012 2641 2064 enim
2687 2013 2904 2067 venisse
2939 2015 3225 2070 Dominum
3265 2034 3446 2083 stnnu,

1855 2107 1915 2152 ιιι
1954 2099 2322 2155 sanctiﬁcaret
2358 2116 2573 2156 servum
2621 2118 2807 2169 Suum,
2839 2115 3131 2175 antequam
3163 2109 3231 2164 de
3259 2109 3450 2164 matris

1857 2204 2015 2250 utero
2060 2197 2399 2266 procederet.
2434 2196 2654 2253 Utinam
2689 2199 2818 2254 mihi
2861 2204 3098 2272 eveniat,
3133 2216 3189 2260 ut
3221 2205 3290 2258 ab
3323 2205 3447 2259 inli-

1856 2286 2073 2343 delibus
2116 2288 2316 2343 stultus
2360 2288 2535 2349 dicar.
2585 2291 2676 2360 qui
2728 2292 2927 2348 talibus
2981 2296 3209 2349 credidi.
3264 2297 3447 2363 Ipsum

1856 2390 1994 2446 opus
2038 2378 2280 2432 ostendit
2322 2389 2373 2433 et
2406 2380 2633 2447 veritas,
2662 2395 2769 2433 non
2816 2398 2901 2433 me
2944 2382 3208 2448 stultitia),
3241 2385 3334 2439 sed
3363 2400 3450 2439 sa—

1858 2470 2080 2538 pientia:
2126 2470 2464 2532 credidisse;
2510 2479 2565 2526 et
2590 2475 2715 2541 quia
2745 2471 2849 2527 hoc
2878 2474 3027 2543 quod
3057 2478 3281 2530 Stultum
3309 2479 3451 2545 apud

1859 2556 1982 2611 illos
2027 2566 2268 2627 putatur,
2321 2558 2452 2612 mihi
2505 2559 2699 2613 salutis
2744 2564 2961 2616 occasio
3008 2567 3097 2616 sit.
3148 2563 3261 2619 Nisi
3304 2567 3449 2620 enim

1859 2649 2050 2706 luisset
2082 2649 2350 2715 ccclesiis,
2397 2660 2453 2706 et
2497 2650 2653 2706 beata
2689 2653 2946 2707 nativitas
2978 2656 3309 2720 Salvatoris,
3344 2658 3449 2713 nisi

1860 2741 2141 2797 habuisset
2171 2742 2338 2796 divini
2380 2742 2604 2812 aliquid,
2638 2751 2694 2799 et
2740 2744 3136 2802 humanitatem
3168 2749 3451 2805 hominum

1859 2833 2341 2903 superegretliens,
2391 2849 2687 2903 numquam
2722 2845 2891 2889 totum
2925 2839 3112 2892 orbem
3163 2840 3308 2896 illius
3353 2842 3455 2895 llo-

1861 2926 2033 2978 ctrina
2064 2932 2424 2993 penetrasset.
2472 2924 2526 2979 Si
2560 2928 2939 2981 tantornmodo
2971 2929 3163 2985 luisset
3189 2932 3242 2986 in
3274 2934 3452 2989 Maria:

1863 3027 2044 3079 utero,
2078 3025 2131 3069 et
2160 3029 2268 3069 non
2315 3016 2672 3088 267-268
2703 3018 2798 3072 Dei
2832 3018 3026 3083 Filius,
3058 3026 3336 3091 quomodo
3365 3043 3461 3094 p0-

1867 3116 2008 3162 terat
2055 3107 2195 3171 lieri,
2242 3118 2302 3162 ut
2342 3120 2398 3163 et
2446 3108 2542 3161 illo
2586 3118 2828 3177 tempore
2858 3120 2915 3166 et
2944 3129 3107 3174 nunc.
3143 3129 3248 3170 non
3284 3122 3458 3173 solum

1868 3217 2196 3270 corporum,
2242 3202 2337 3257 sed
2370 3202 2534 3255 etiam
2566 3203 2871 3258 animarum
2905 3207 3082 3259 morbi
3125 3210 3461 3279 multiplices

1868 3293 2234 3350 curarentur?
2263 3293 2396 3359 Quis
2427 3301 2677 3346 nostrum
2725 3311 2833 3348 non
2885 3296 3151 3363 insipiens
3200 3299 3320 3365 fuit,
3367 3306 3462 3372 qui

1870 3401 2015 3441 nunc
2060 3397 2287 3454 propter
2336 3384 2767 3439 misericordiam
2806 3387 2903 3441 Dei
2952 3387 3217 3443 habemus
3265 3392 3461 3450 intelli.

1869 3478 2129 3547 gentiam,
2178 3476 2483 3531 etsitituus
2517 3477 2723 3531 lieutn?
2767 3477 2901 3545 Quis
2948 3494 3198 3535 IIOSil‘lltli
3232 3500 3337 3537 non
3384 3486 3466 3541 in-

1871 3570 2133 3626 credulus
2155 3569 2403 3638 jttslitia‘,
2446 3568 2538 3638 qui
2568 3584 2710 3623 nunc
2745 3580 2970 3639 propter
3001 3572 3276 3628 Christum
3302 3578 3465 3643 justi-

1874 3662 2001 3717 tiam
2028 3660 2312 3725 habemus,
2332 3661 2723 3730 sequimurque
2738 3660 3042 3730 justitiam?
3061 3664 3193 3732 Quis
3218 3677 3464 3726 nostrum

1874 3772 1980 3812 non
2013 3755 2356 3812 errabundus
2385 3764 2441 3811 et
2466 3771 2634 3824 vagus
2654 3796 2669 3820 ,
2717 3759 2806 3826 qui
2839 3773 2981 3813 nunc
3012 3769 3233 3829 promer
3260 3764 3466 3819 adven-

1877 3857 1990 3903 tum
2038 3848 2340 3903 Salvatoris
2390 3862 2500 3901 non
2548 3846 2901 3913 lluctuamus,
2952 3859 3113 3920 atque
3163 3854 3469 3923 turbamur,

1877 3940 1972 3995 sed
2024 3954 2214 3994 sumus
2245 3942 2297 3992 itt
2329 3940 2437 4003 via,
2467 3940 2521 3993 in
2556 3938 2650 3993 illo
2675 3938 2930 3995 videlicet
2955 3944 3044 4011 qui
3072 3943 3182 3997 ait:
3214 3943 3330 4017 Ego
3353 3966 3470 4004 sum

1878 4032 1961 4087 uia
2006 4031 2188 4105 (Joan.
2232 4032 2326 4102 x)?
2374 4031 2672 4086 Posuimus
2718 4041 2769 4085 et
2819 4032 3032 4103 reliqua
3076 4052 3474 4108 congregantes

1878 4124 2089 4194 videre,
2137 4123 2396 4195 quoniam
2447 4123 2630 4177 omnia
2680 4139 2802 4195 qua:
2849 4127 3054 4194 scripta
3105 4139 3234 4183 sunt
3280 4131 3347 4186 de
3382 4148 3470 4196 eo.

1879 4219 2061 4275 divina
2089 4217 2453 4272 admiratione
2480 4216 2641 4283 digna
2694 4215 3039 4273 referuntur:
3084 4220 3225 4289 quod
3254 4232 3309 4276 et
3338 4226 3477 4279 nati-

1881 4315 2021 4369 vitas
2068 4313 2244 4375 illius,
2294 4322 2350 4367 ct
2399 4311 2753 4374 nutrimenta,
2784 4322 2835 4366 et
2865 4314 3058 4377 virtus,
3092 4326 3146 4369 et
3179 4318 3383 4385 passio,
3420 4328 3477 4373 et

1881 4405 2214 4461 resurrectio
2243 4418 2351 4458 non
2382 4404 2565 4457 solum
2601 4403 2696 4457 illo
2721 4413 2985 4472 tempore,
3019 4405 3112 4459 sed
3146 4409 3306 4461 etiam
3336 4425 3477 4466 nunc

1883 4508 2178 4571 operentur
2209 4500 2260 4552 in
2290 4497 2467 4553 nobis.
2498 4496 2629 4565 Quis
2655 4513 2774 4563 vos,
2808 4515 2839 4550 o
2864 4500 3263 4566 catecltumeni,
3290 4503 3340 4556 in
3376 4503 3479 4559 Ec-

1885 4594 2048 4651 clesia
2080 4589 2465 4661 congregavit?
2493 4589 2583 4657 qui
2613 4591 2867 4644 stimulus
2900 4592 3136 4661 impulit,
3159 4605 3235 4661 nt,
3272 4596 3477 4651 relictis

1885 4687 2161 4749 domibus,
2195 4686 2250 4738 in
2284 4685 2430 4739 hunc
2450 4691 2650 4739 emtum
2699 4685 2943 4739 coeatis?
2973 4686 3157 4756 Neque
3200 4689 3344 4743 enim
3382 4706 3481 4745 nos

1887 4780 2086 4836 domus
2133 4784 2342 4832 vestras
2389 4776 2703 4846 singillatim
2753 4776 3135 4843 circuivitntts;
3177 4781 3271 4834 sed
3305 4784 3482 4836 omni-

1891 4881 2085 4943 potens
2118 4870 2277 4925 Pater
2308 4868 2510 4923 virtute
2542 4866 2800 4921 invisibili
2833 4868 3054 4937 subjicit
3082 4867 3358 4926 ’cortltbus
3386 4890 3481 4930 ve-

1893 4966 2041 5031 stris,
2074 4978 2212 5033 quos
2239 4964 2342 5017 scit
2371 4976 2494 5015 esse
2523 4960 2739 5027 dignos,
2767 4957 2909 5013 hunc
2937 4960 3213 5023 ardorem,
3249 4975 3303 5016 ut
3328 4968 3488 5033 quasi

1898 5056 2077 5119 inviti,
2108 5066 2163 5110 et
2194 5064 2559 5110 retrectantes
2613 5050 2845 5105 veniatis
2890 5049 2957 5105 ad
3008 5052 3197 5117 lidetn,
3249 5060 3490 5115 maxime

1900 5147 1954 5202 in
1988 5145 2217 5201 exordio
2244 5143 2548 5215 religionis,
2573 5156 2695 5197 cum
2727 5141 2895 5197 veluti
2929 5142 3124 5211 trepidi
3152 5153 3210 5199 et
3232 5158 3490 5213 paventes

1900 5237 2097 5295 salutis
2124 5237 2285 5292 ﬁdem
2318 5252 2441 5290 cum
2473 5235 2669 5289 timore
2705 5234 3002 5304 suscipitis.
3033 5235 3277 5289 Obsecro
3310 5253 3428 5304 vos,
3460 5255 3492 5295 ο

1978 5372 2188 5429 1illanc
2257 5381 2444 5440 postea
2517 5374 2767 5428 haeresim
2814 5374 3087 5429 Helvidius
3147 5375 3495 5443 instauravit,

1910 5447 2157 5515 hancque
2184 5445 2370 5515 ipsam
2392 5459 2502 5511 prae
2533 5444 2757 5509 reliquis
2780 5460 2999 5499 causam
3030 5447 3331 5515 pra-texuit,
3355 5450 3498 5514 quod

1913 5514 2101 5588 fratres
2125 5515 2332 5588 Domini
2361 5514 2417 5567 in
2444 5515 2742 5588 Evangelia
2774 5514 3361 5588 nominetttur._0per:e
3389 5532 3503 5582 pre-

1916 5585 2050 5643 tium
2079 5589 2147 5642 sit
2170 5588 2231 5643 S.
2264 5586 2579 5655 Hieronymi
2623 5600 2753 5638 vere
2780 5600 3005 5641 aureum
3039 5585 3281 5639 libellum
3314 5596 3503 5644 contra

1920 5658 2064 5713 hunc
2106 5656 2419 5714 ltmrelicttnt
2464 5655 2783 5708 recoluisse.
2818 5658 2934 5710 Mos
2980 5655 3350 5722 perturbatum
3376 5673 3510 5713 cou-

1924 5738 2128 5784 textutn
2158 5743 2258 5784 nos
2286 5724 2648 5790 restituimus,
2682 5740 2804 5780 cum
2839 5736 2997 5780 antea
3032 5726 3299 5792 legeretur
3332 5733 3515 5796 :quali

1926 5810 2094 5856 mente
2120 5799 2333 5868 dixerit,
2361 5796 2470 5866 qui,
2502 5797 2610 5866 ipse
2636 5798 2848 5866 noverit,
2880 5799 3080 5853 loculus
3113 5805 3205 5849 est.

2881 5892 2923 5954 8
