4044 6360
453 315 562 371 255

1709 298 1766 359 S.
1807 288 2079 357 EUSEBII
2116 296 2502 359 HIEBONYMI

3644 278 3752 342 236

457 429 876 497 catechumeni,
907 428 1080 484 nolite
1124 425 1456 481 retrectare:
1482 429 1641 477 nemo
1667 423 1907 471 vestrum
1937 412 2045 503 for:

2172 421 2229 476 lic
2259 418 2304 475 si
2335 427 2649 490 peccatores
2704 412 2987 478 fuerimus,
3031 406 3296 467 minuitur
3352 407 3515 477 atque
3561 401 3756 459 decre-

458 525 633 581 midet
669 533 728 581 et
765 532 985 594 paveat,
1023 518 1118 576 sed
1148 515 1439 590 sequimini
1474 526 1808 588 precantem
1840 522 2047 573 Jesum.

464 619 563 676 Ille
590 634 692 674 vos
718 616 888 674 trahit
931 614 999 670 ad
1027 614 1283 680 salutem,
1311 618 1606 684 congregat
1636 612 1691 667 in
1720 610 2049 675 Ecclesium,

463 726 611 767 nunc
637 708 856 781 quidem
886 718 1053 778 super
1084 714 1320 763 terram:
1343 704 1393 761 si
1418 712 1599 762 autem
1627 704 1820 776 dignos
1844 702 2054 758 fructus

458 802 727 873 feceritis,
751 803 804 857 in
836 800 1144 856 Ecclesium
1174 797 1576 871 primitivorum
1596 800 1688 869 qui
1714 797 1904 869 scripti
1926 802 2056 850 sunt

463 895 517 951 in
546 892 885 950 ctelestibus.
928 890 1093 946 Beata
1116 906 1234 960 quat
1259 888 1501 955 credidit,
1525 890 1648 962 quia
1675 890 1779 944 erit
1807 888 2054 961 perfectio

459 986 542 1042 Itis
561 1002 677 1059 qua:
698 986 841 1041 dicta
864 993 984 1041 sunt
1007 985 1054 1040 ei
1076 1002 1108 1038 a
1137 985 1379 1039 Dumino.
1404 983 1581 1055 Super
1600 976 1796 1056 quibus
1817 988 1873 1038 et
1896 981 2054 1037 beata

457 1080 626 1136 Maria
659 1079 974 1151 magnificat
997 1078 1285 1134 Dominum
1307 1076 1516 1134 Jesum.
1543 1075 1849 1148 Maghilicat
1870 1078 2054 1129 autem

454 1174 634 1230 anima
660 1172 974 1238 Dominum,
1001 1170 1225 1243 spiritus
1248 1172 1441 1228 Deum.
1472 1170 1605 1239 Quae
1626 1182 1789 1241 quam
1818 1167 2055 1223 habeant

454 1265 996 1337 interpretationem,
1027 1266 1073 1320 si
1106 1264 1445 1321 concesserit
1473 1264 1751 1330 Dominus,
1782 1272 1838 1317 ut
1869 1273 2056 1316 rursus

455 1361 518 1417 in
544 1361 850 1418 Ecclesium
880 1347 1303 1431 congregemur,
1354 1368 1411 1413 ut
1458 1357 1645 1414 festivi
1702 1355 1936 1412 veniatis
1988 1351 2056 1408 ad

456 1453 680 1511 domum
726 1452 858 1520 Dei,
909 1461 968 1510 et
1009 1452 1211 1507 divinas
1258 1450 1480 1507 lectioni
1530 1444 1820 1521 praebeatis
1864 1460 2052 1511 aures,

460 1559 792 1619 quaeremus,
848 1544 1253 1612 ventilabitntts,
1311 1543 1667 1608 disseremus,
1726 1542 1782 1596 in
1833 1538 2057 1596 Christo

461 1637 617 1708 Jesu,
647 1641 735 1695 cui
767 1646 852 1695 est
876 1638 1049 1710 gloria
1081 1644 1137 1693 et
1182 1636 1470 1707 imperium
1512 1635 1566 1691 in
1598 1632 1794 1691 saecula
1820 1631 2055 1690 amulo-

458 1745 604 1789 rum.
636 1732 831 1789 Amen.

1036 1856 1313 1924 llOMlLiA
1349 1855 1479 1921 VIII.

462 1981 541 2040 De
562 1997 627 2038 eo
657 1982 799 2054 quod
830 1980 1205 2054 scriptumest
1227 1978 1579 2054 :_Magniﬁcat
1601 1976 1920 2054 animatum
1950 1974 2061 2054 ρο-

532 2046 753 2119 ηιῑηαῖη,
787 2046 961 2122 usque
984 2053 1048 2107 ad
1072 2050 1224 2106 illum
1255 2046 1432 2106 locum
1458 2046 1556 2106 'ubi
1581 2049 1657 2105 ait
1688 2064 1706 2109 :
1736 2046 2061 2104 Timentibus

533 2126 684 2196 cﬂicit
711 2125 969 2179 virtutem.
1005 2122 1131 2193 Cap.
1170 2122 1212 2177 i.

534 2289 678 2344 Ante
725 2287 994 2341 Joannem
1026 2281 1322 2354 prophetat
1345 2279 1663 2348 Elizabeth,
1710 2287 1835 2334 ante
1881 2285 2060 2334 ortum

472 2380 689 2437 Domini
737 2377 1039 2434 Salvatoris
1084 2374 1378 2446 prophetat
1425 2373 1618 2428 Maria.
1672 2372 1742 2428 Et
1793 2368 2064 2441 quomodo

461 2480 747 2543 peceatum
798 2468 963 2538 cmpit
1008 2482 1038 2521 a
1084 2466 1342 2533 muliere,
1371 2473 1427 2521 et
1472 2464 1733 2536 deinceps
1777 2463 1844 2519 ad
1887 2463 2060 2518 virum

464 2578 641 2635 usque
669 2559 917 2632 pervenit
945 2574 960 2614 :
992 2558 1070 2613 sic
1099 2566 1155 2613 et
1182 2557 1505 2628 principium
1533 2556 1726 2612 salutis
1750 2570 1784 2611 a
1815 2556 2059 2612 mulieri-

464 2656 567 2712 bus
595 2653 786 2708 habuit
826 2649 1144 2716 exordium,
1174 2657 1232 2703 ut
1261 2658 1473 2705 cteterae
1511 2662 1729 2720 quoque
1769 2649 2061 2716 mulieres,

471 2765 637 2807 sexus
666 2746 964 2817 fragilitate
1003 2742 1283 2813 deposita,
1316 2743 1659 2799 imitarentur
1683 2742 1880 2811 vitam,
1925 2754 2061 2798 coni

471 2842 953 2909 versationemque
983 2846 1294 2893 sanctarum
1320 2851 1533 2900 earum,
1564 2851 1687 2907 qua:
1716 2836 1801 2891 vel
1830 2836 2065 2891 maxime

470 2951 617 2994 nunc
648 2936 703 2990 in
733 2932 1033 3004 Evangelia
1058 2929 1463 2987 describuntur.
1486 2928 1782 2985 Videamus
1809 2942 1942 3000 ergo
1971 2937 2067 2984 vat-

470 3029 720 3086 ticinium
753 3024 1034 3096 virginale.
1080 3021 1417 3095 Magni/ictu,
1462 3020 1558 3087 ait,
1588 3022 1767 3076 anima
1807 3032 1921 3075 mea
1950 3021 2061 3076 Do.

468 3125 702 3189 mitium,
737 3130 787 3176 et
827 3117 1105 3175 exsultavit
1139 3116 1354 3187 spiritus
1399 3130 1541 3170 meus
1586 3116 1641 3169 iu
1689 3113 1804 3171 Deo
1848 3116 2068 3169 salutari

2153 514 2277 571 scit.
2300 512 2408 568 Sed
2436 525 2536 566 nos
2567 520 2665 579 pro
2689 506 2921 577 imagine
2947 501 3246 561 Salvatorls
3267 500 3403 556 alias
3428 497 3586 554 nobis
3617 495 3757 550 ima-

2151 608 2308 679 gines
2336 604 2613 661 induimus
2647 616 2661 657 :
2693 612 2794 671 pro
2823 595 3061 668 imagine
3094 594 3260 652 Verbi
3291 589 3574 662 sapientiae
3596 630 3609 654 ,
3638 588 3759 659 jus-

2155 700 2309 768 titite,
2333 706 2765 766 caeterarumque
2792 692 3075 762 virtutum,
3102 686 3309 745 diaboli
3340 682 3572 742 formam
3595 695 3755 739 assu«

2156 794 2391 862 mimus,
2435 799 2493 848 ut
2538 790 2751 847 dicatur
2778 787 2846 843 de
2889 785 3095 843 nobis:
3128 780 3439 855 Serpentes,
3488 775 3758 851 generatio

2156 888 2452 961 viperarum
2484 885 2698 958 (Matth.
2734 891 2865 939 xxttt
2886 882 2927 954 ).
2962 880 3029 936 Et
3058 877 3234 936 leonis
3258 886 3549 948 personam
3581 870 3762 928 indui-

2158 992 2299 1048 mus,
2330 989 2386 1038 et
2408 979 2682 1046 draconis,
2709 986 2766 1034 et
2791 974 3053 1046 vulpium,
3084 970 3305 1045 quando
3327 966 3608 1035 venenati,
3634 979 3763 1021 cru-

2158 1074 2351 1141 deles,
2395 1071 2580 1128 callidi
2626 1080 2814 1127 sumus
2846 1078 2859 1123 :
2891 1078 3105 1124 necnon
3132 1076 3188 1122 et
3236 1060 3404 1130 hirci,
3431 1061 3516 1118 vel
3565 1058 3757 1132 porci,

2160 1164 2384 1238 quando
2410 1165 2477 1220 ad
2508 1162 2787 1221 libidinem
2819 1159 3205 1232 promptiores.
3232 1154 3452 1213 Memini
3481 1150 3758 1225 quondam

2161 1257 2646 1314 Denteronomium
2673 1256 3036 1313 disserentem
3062 1252 3117 1307 in
3141 1266 3207 1307 eo
3234 1249 3356 1306 loco
3378 1247 3474 1305 ubi
3493 1247 3759 1318 scriptum

2160 1361 2244 1410 est
2277 1368 2292 1407 :
2321 1351 2406 1407 Ne
2435 1352 2642 1423 faciatis
2672 1364 2874 1405 omnem
2900 1345 3301 1404 similitudinem
3326 1343 3494 1400 omnis
3517 1341 3763 1397 animatis

2159 1443 2344 1518 (Deut.
2375 1443 2474 1516 ιγ),
2506 1444 2717 1500 dixisse
2738 1454 2826 1498 me
2852 1440 3111 1514 quoniam
3139 1434 3405 1509 spiritalis
3426 1444 3512 1491 est
3541 1435 3596 1490 in
3621 1432 3762 1489 alios

2159 1535 2343 1595 facere
2374 1534 2664 1608 hnagiuem
2690 1535 2942 1603 masculi,
2975 1535 3027 1589 in
3058 1530 3194 1589 alios
3220 1529 3477 1588 feminas:
3512 1527 3666 1585 illum
3690 1523 3765 1581 si-

2160 1630 2528 1688 militudinem
2553 1629 2758 1686 habere
2773 1629 3081 1695 volucrum,
3105 1622 3255 1681 illum
3278 1621 3577 1695 reptilium,
3602 1630 3764 1693 atque

2161 1721 2524 1795 serpentium,
2555 1730 2610 1778 et
2637 1720 2803 1777 alium
2834 1718 3018 1776 facere
3044 1715 3455 1775 similitudinem
3487 1713 3604 1771 Dei.
3638 1714 3765 1770 llaec

2086 1808 2135 1877 Β
2160 1814 2433 1886 quomodo
2458 1812 2830 1885 intelligantur
2859 1811 2996 1867 sciet
3023 1810 3116 1882 qui
3151 1807 3243 1865 illa
3268 1816 3294 1846 α
3320 1806 3538 1881 legerit.
3567 1805 3763 1862 Anima

2162 1909 2347 1980 itaque
2364 1906 2549 1965 Mariae
2571 1908 2806 1978 primum
2829 1902 3142 1977 magniﬁcat
3159 1902 3473 1969 Dominum,
3497 1907 3553 1956 et
3575 1907 3765 1971 postea

2163 2002 2408 2059 exsultat
2438 2002 2493 2056 in
2524 2001 2656 2056 Deo.
2683 1996 2799 2055 Nisi
2830 1998 2977 2054 enim
3006 2006 3167 2054 antea
3184 1992 3561 2060 crederemus,
3585 1990 3767 2050 exsul-

2163 2104 2281 2150 tare
2310 2104 2417 2149 non
2448 2100 2753 2163 possemus.
2790 2089 2927 2157 Quia
2953 2090 3173 2162 respexit
3195 2130 3209 2156 ,
3241 2086 3438 2160 inquit,
3470 2087 3523 2142 in
3555 2085 3767 2140 humili-

2162 2196 2314 2241 tatem
2343 2184 2553 2241 ancillis
2579 2198 2706 2241 cute.
2749 2181 2808 2239 ιιι
2846 2194 3010 2255 quam
3051 2182 3415 2238 humilitatem
3460 2177 3643 2235 Mariae
3682 2194 3767 2233 re—

2164 2274 2343 2351 spexit
2372 2279 2678 2336 Dominus?
2704 2278 2847 2348 Quid
2872 2277 3109 2334 habebat
3138 2275 3312 2333 Mater
3338 2274 3640 2334 Salvatoris
3668 2273 3768 2331 illl«

2164 2372 2292 2429 mile
2336 2381 2499 2444 atque
2543 2370 2847 2443 deiectum,
2900 2385 3019 2442 qua:
3054 2367 3147 2426 Dei
3190 2366 3385 2424 Filium
3423 2367 3669 2439 gestabat
3712 2365 3768 2423 in

2165 2466 2367 2524 utero?
2396 2464 2553 2534 Quod
2578 2477 2715 2537 ergo
2744 2462 2879 2520 dicit
2903 2481 2917 2518 :
2947 2460 3195 2534 Respexit
3222 2462 3275 2518 in
3303 2459 3648 2517 humilitatem
3674 2475 3769 2513 an-

2165 2560 2301 2615 cilla:
2327 2572 2433 2615 suae
2456 2600 2470 2626 ,
2506 2556 2612 2614 tale
2636 2568 2722 2613 est.
2768 2558 2924 2630 quasi
2968 2556 3170 2613 dixerit
3196 2575 3209 2612 :
3239 2550 3500 2628 Respexit
3529 2556 3583 2611 in
3607 2552 3769 2625 justi-

2164 2654 2297 2711 tiam
2324 2650 2538 2710 ancilla:
2565 2662 2701 2722 suae,
2725 2653 2970 2724 reSpexit
2988 2652 3043 2708 in
3064 2648 3504 2723 temperantiam,
3524 2648 3770 2720 respexit

2168 2750 2223 2805 in
2263 2746 2651 2804 fortitudinem
2689 2756 2857 2817 atque
2908 2745 3254 2818 sapientiam.
3298 2742 3521 2816 Dignum
3569 2742 3770 2815 quippe

2167 2848 2273 2909 est,
2300 2849 2359 2897 ut
2385 2839 2618 2897 virtutes
2646 2838 2927 2913 reSpiciat.
2959 2823 3306 2909 [teSpondeat
3329 2834 3545 2908 aliquis,
3587 2845 3644 2892 et
3689 2834 3771 2890 di-

2170 2942 2258 2990 cat
2289 2951 2302 2988 :
2336 2930 2588 3005 Intelligo
2617 2931 2893 3004 quomodo
2920 2928 3067 2988 Deus
3092 2928 3362 3001 justitiam
3387 2928 3598 2986 ancillae
3630 2943 3768 2995 sum,

2167 3023 2606 3096 sapientiamque
2642 3026 2908 3096 respiciat
2937 3040 2951 3078 :
2985 3020 3260 3094 quomodo
3301 3032 3482 3079 autem
3528 3021 3774 3078 intendat

2170 3117 2555 3183 humilitatem,
2580 3127 2688 3174 non
2715 3118 2848 3173 satis
2887 3114 3078 3188 liquet.
3102 3113 3427 3172 Conslderet
3455 3115 3547 3187 qui
3573 3112 3776 3186 quaerit

474 3234 606 3272 meo.
655 3214 786 3269 Duae
806 3225 895 3268 res
916 3252 932 3278 ,
964 3210 1145 3265 anima
1188 3208 1401 3263 scilicet
1442 3218 1500 3263 et
1546 3206 1773 3277 spiritus
1794 3248 1809 3275 ,
1865 3207 2069 3278 duplici
2096 3198 2143 3264 C
2177 3212 2305 3268 talia
2325 3253 2340 3278 ,
2374 3213 2634 3283 quoniam
2662 3210 2885 3281 proprie
2915 3211 2970 3266 in
2999 3209 3298 3278 Scripturis
3328 3224 3434 3264 una
3463 3209 3531 3265 de
3562 3208 3776 3264 virtuti-

469 3306 633 3366 laude
662 3289 984 3375 funguntur.
1008 3301 1213 3356 Anima
1244 3301 1529 3355 Dominum
1561 3300 1855 3371 prmdicat,
1904 3301 2068 3370 spiri-

472 3408 560 3457 tus
592 3399 783 3456 Deum.
826 3395 947 3452 Non
972 3393 1117 3466 quod
1149 3393 1253 3448 alia
1280 3393 1400 3448 laus
1429 3392 1667 3463 Domini,
1701 3394 1804 3448 alia
1835 3393 1933 3449 Dei
1961 3394 2071 3461 sit;

471 3494 570 3550 sed
598 3492 723 3563 quia
764 3489 860 3561 qui
888 3488 1032 3544 Deus
1055 3496 1164 3551 est,
1193 3484 1336 3540 idem
1364 3493 1419 3540 et
1451 3484 1715 3539 Dominus
1738 3493 1829 3541 est
1861 3502 1876 3541 :
1903 3494 1956 3541 et
1982 3484 2076 3555 qui

476 3587 741 3644 Dominus
765 3590 884 3649 est,
912 3581 1056 3637 idem
1081 3591 1137 3635 et
1180 3579 1324 3634 Deus
1364 3579 1457 3633 sit.
1486 3577 1760 3645 Qumritur
1798 3578 2077 3650 quomodo

475 3679 789 3750 magnilicet
813 3672 1129 3729 Dominum.
1156 3670 1217 3725 Si
1238 3670 1385 3725 enim
1414 3670 1677 3725 Dominus
1699 3680 1798 3727 nec
1818 3682 2079 3741 augmen-

476 3784 615 3839 tum,
639 3785 743 3826 nec
775 3767 1207 3832 decrementum,
1232 3763 1478 3833 recipere
1505 3771 1703 3833 potest,
1722 3772 1781 3819 et
1798 3764 1948 3833 quod
1971 3774 2075 3832 est,

480 3875 564 3922 est
605 3880 618 3917 :
664 3876 769 3931 qua
806 3859 1018 3913 ratione
1061 3870 1205 3910 nunc
1246 3855 1415 3909 Maria
1463 3854 1741 3925 loquitur:
1778 3856 2080 3927 Magniﬁcat

484 3954 663 4010 anima
693 3966 807 4007 mea
835 3947 1152 4003 Dominum?
1178 3945 1236 4002 Si
1262 3945 1603 4002 considerent
1653 3947 1937 4001 Dominum
1963 3947 2083 4003 Sal-

484 4056 731 4104 vatorem
760 4041 1052 4111 imaginem
1080 4052 1205 4094 esse
1232 4037 1527 4094 invisibilis
1559 4036 1654 4094 Dei
1679 4036 1902 4111 (Cotoss.
1932 4039 1996 4111 ι),
2030 4044 2087 4096 et

485 4137 701 4196 videam
729 4134 967 4190 animam
998 4144 1177 4186 meam
1206 4127 1402 4185 factam
1431 4129 1499 4183 ad
1525 4128 1811 4199 imaginem
1834 4131 2083 4187 condito-

490 4228 585 4297 ris,
609 4236 668 4282 ut
698 4226 876 4293 imago
908 4231 1055 4276 esset
1082 4218 1354 4291 imaginis,
1386 4233 1563 4289 neque
1590 4218 1734 4274 enim
1766 4221 1943 4275 anima
1967 4235 2088 4278 mea

491 4316 802 4389 specialiter
830 4312 1012 4382 imago
1033 4319 1120 4366 est
1152 4309 1281 4375 Dei;
1310 4308 1405 4364 sed
1432 4308 1497 4362 ad
1523 4309 1928 4367 similitudinem
1954 4313 2088 4368 ima-

490 4409 631 4483 ginis
682 4406 885 4478 prioris
933 4402 1121 4459 eﬂ'ecm
1161 4411 1245 4455 est
1289 4419 1303 4456 :
1348 4410 1477 4455 tunc
1498 4401 1694 4457 videbo
1739 4404 1993 4473 quoniam
2034 4406 2087 4461 in

2177 3303 2281 3359 bus
2312 3303 2592 3359 humilitas
2619 3300 2967 3375 praedicetur.
3000 3298 3093 3357 Ait
3118 3301 3321 3374 quippe
3348 3300 3605 3358 Salvator
3632 3319 3646 3357 :
3677 3298 3775 3357 Di-

2175 3397 2299 3451 scite
2325 3414 2356 3450 a
2384 3410 2465 3451 mc
2502 3398 2626 3468 quia
2656 3406 2955 3451 mansuetus
2982 3412 3097 3451 sum
3116 3440 3128 3463 ,
3158 3404 3205 3450 et
3248 3394 3463 3450 humilis
3511 3395 3664 3451 corde
3683 3436 3699 3461 ,
3727 3404 3774 3451 et

2178 3489 2448 3545 invenietis
2471 3490 2698 3560 requiem
2729 3488 3001 3544 animabus
3033 3489 3213 3544 restria
3240 3484 3460 3558 (Matth.
3493 3490 3594 3559 xl).
3621 3487 3778 3556 Quod

2179 3581 2225 3636 si
2248 3581 2328 3637 vis
2359 3596 2556 3636 nomen
2591 3581 2755 3652 hujus
2784 3577 2977 3638 audire
3002 3578 3253 3647 virtutis,
3292 3581 3568 3651 quomodo
3610 3579 3777 3636 etiam

2180 3689 2209 3728 a
2239 3672 2581 3745 philosophis
2602 3672 2932 3745 appellatur,
2964 3672 3215 3731 ausculta
3246 3673 3493 3732 eamdem
3526 3688 3651 3730 esse
3680 3673 3780 3729 hu-

2181 3766 2469 3824 militatem
2498 3778 2659 3839 quam
2689 3762 2946 3840 respiciat
2976 3766 3144 3836 Deus,
3169 3785 3292 3839 quae
3321 3769 3391 3823 ab
3417 3766 3530 3823 illis
3556 3769 3743 3839 ἀτυφία
3764 3807 3778 3831 ,

2182 3859 2301 3916 sive
2329 3862 2623 3935 μετριότης,
2656 3860 2873 3917 dicitur.
2900 3860 3013 3916 Sed
3040 3870 3095 3916 et
3120 3876 3221 3916 nos
3237 3859 3471 3929 quodam
3512 3873 3635 3915 eam
3666 3874 3783 3929 pos-

2186 3966 2374 4008 sumus
2405 3954 2682 4025 appeilare
2702 3953 2955 4019 circuitu,
2983 3966 3106 4007 cum
3148 3951 3344 4024 aliquis
3375 3967 3482 4008 non
3510 3959 3591 4005 est
3629 3949 3785 4006 inﬂa-

2189 4053 2294 4111 tus,
2324 4047 2422 4102 sed
2453 4044 2572 4117 ipse
2596 4061 2658 4102 se
2685 4045 2889 4117 dejicit.
2923 4045 3025 4114 Qtti
3050 4045 3193 4101 enim
3221 4044 3462 4112 inﬂatur,
3489 4042 3663 4110 cadit,
3698 4058 3784 4098 sc-

2187 4137 2423 4191 cundum
2464 4136 2811 4208 Apostolunt,
2844 4137 2897 4190 in
2923 4135 3182 4206 judicium
3229 4134 3435 4192 diaboli
3473 4134 3782 4205 :siquidcut

2187 4236 2244 4283 et
2269 4228 2365 4283 ille
2393 4225 2461 4283 ab
2497 4227 2780 4285 inﬂatione
2816 4227 2982 4301 erepit
3021 4237 3182 4301 atque
3228 4228 3502 4299 superbia.
3539 4226 3608 4285 Ut
3635 4244 3737 4281 non
3769 4269 3783 4294 ,

2190 4319 2397 4392 inquit,
2429 4321 2644 4390 inﬂatus
2673 4320 2725 4375 in
2764 4321 3032 4393 judicium
3070 4321 3267 4375 incidat
3313 4320 3512 4376 diaboli
3550 4320 3569 4392 (
3598 4318 3617 4375 Ι
3648 4316 3783 4374 Tim.

2192 4427 2252 4468 tn
2275 4411 2318 4484 ).
2362 4411 2624 4483 Respexit
2665 4427 2831 4485 super
2857 4413 3216 4469 humilitatem
3249 4414 3463 4470 ancillae
3501 4427 3640 4469 suae.
3674 4411 3788 4467 llu-

493 4502 808 4573 cxemplum
860 4513 1074 4562 eorum.
1116 4496 1207 4565 (tui
1235 4494 1409 4550 5019'"
1450 4494 1711 4565 ίηηϐίηθε
1740 4495 1993 4566 pingere,
2032 4506 2135 4576 et_
2196 4504 2379 4560 milem
2419 4519 2527 4571 me,
2557 4503 2766 4576 inquit,
2800 4515 2853 4561 et
2887 4505 3320 4562 mansuetudinis
3350 4515 3649 4563 sectantem
3693 4503 3789 4561 de-

495 4614 603 4656 υιιο
631 4594 805 4670 (verbi
838 4591 1024 4661 causa)
1052 4590 1200 4644 vultu
1225 4587 1368 4659 regis
1390 4597 1616 4660 accepto
1636 4588 1702 4645 ad
1730 4591 2089 4662 principalem
2115 4574 2171 4642 Ῑ)
2191 4594 2558 4666 jectionisque
2610 4574 2871 4653 virtutem
2920 4597 3164 4662 respexit
3224 4597 3385 4653 Deus.
3448 4595 3585 4652 Ecce
3650 4596 3789 4650 enim

493 4688 905 4749 similitudinem
944 4683 1356 4754 exprimendam
1396 4681 1529 4736 artis
1572 4682 1892 4739 industriam
1938 4700 2093 4741 com-

495 4782 775 4846 mendare,
807 4776 1177 4847 unusquisque
1204 4784 1451 4829 nostrum
1475 4774 1543 4829 ad
1572 4775 1861 4848 imaginem
1892 4777 2093 4835 Christi

493 4880 737 4935 lormans
756 4873 994 4928 animam
1015 4885 1191 4936 suam,
1215 4879 1304 4924 aut
1329 4869 1588 4938 majorem
1612 4872 1687 4934 ei,
1710 4881 1803 4926 aut
1822 4872 2091 4930 minorem

495 4967 652 5041 ponit
690 4966 1012 5037 imaginem,
1044 4964 1130 5017 Vel
1156 4961 1489 5028 obsoletam,
1519 4962 1608 5017 vel
1644 4964 1920 5021 sordidam
1943 5007 1957 5029 ,
2005 4973 2099 5022 aut

495 5060 721 5123 claram,
752 5066 915 5126 atque
943 5055 1241 5119 lucentem,
1279 5061 1336 5108 et
1359 5051 1735 5123 splendentem
1756 5057 1829 5112 ad
1859 5056 2091 5129 efﬁgiem

494 5151 749 5222 imaginis
784 5147 1121 5219 principalis.
1153 5146 1383 5212 Quando
1427 5146 1592 5217 igitur
1613 5149 1869 5220 grandem
1914 5151 2094 5207 fecero

496 5242 790 5313 imaginem
820 5238 1104 5308 imaginis,
1137 5237 1188 5291 id
1232 5247 1352 5301 est,
1379 5238 1611 5293 animam
1659 5254 1859 5308 meum,
1893 5251 1948 5298 et
1975 5256 2093 5299 ma-

497 5334 825 5405 gnificavcro
849 5343 967 5385 eam
997 5342 1189 5398 Opere,
1219 5327 1575 5401 269-270
1595 5331 1942 5402 cogitatiOue,
1967 5348 2091 5392 ser-

498 5440 687 5493 mone,
719 5434 847 5480 tunc
874 5422 1054 5493 imago
1083 5421 1174 5477 Dei
1204 5419 1425 5492 grandis
1455 5420 1713 5491 efﬁcitur,
1759 5434 1815 5481 et
1844 5426 1959 5495 ipse
1988 5428 2093 5484 Do-

499 5522 702 5583 minus,
734 5516 892 5586 cujus
920 5514 1100 5585 imago
1124 5523 1211 5569 est
1240 5514 1292 5567 in
1316 5523 1505 5568 nostra
1536 5516 1739 5582 anima,
1771 5517 2088 5585 magniuea~

492 5621 599 5668 tur.
632 5610 700 5666 Et
718 5605 999 5680 quomodo
1023 5606 1225 5663 crescit
1248 5604 1513 5661 Dominus
1545 5608 1596 5662 in
1623 5617 1803 5663 nostra
1833 5608 2085 5681 imagine,

562 5720 585 5742 ‘
626 5721 784 5778 Nulla
809 5735 952 5776 nunc
982 5720 1424 5793 lucubrationum
1454 5722 1708 5793 Origenis
1740 5723 1793 5777 in
1826 5724 2085 5780 Deutero-

505 5793 749 5848 nomium
779 5799 1049 5859 superest.
1087 5790 1349 5848 Homilies
1370 5802 1484 5848 octo
1517 5790 1659 5849 unus
1681 5802 1945 5850 memorat
1966 5797 2102 5852 Cas-

2193 4688 2381 4743 amodo
2410 4689 2611 4743 beatam
2638 4705 2718 4742 me
2750 4689 2929 4744 dicunt
2957 4705 3131 4743 omnes
3161 4691 3532 4760 generationes.
3564 4687 3620 4745 Si
3652 4688 3781 4743 sim-

2192 4781 2412 4851 pliciter
2442 4781 2744 4852 intelligam
2776 4795 2971 4837 omnes
3001 4781 3415 4854 generationes,
3452 4796 3621 4851 super
3664 4794 3788 4836 cre~

2194 4871 2451 4927 dentibus
2489 4873 2621 4929 illud
2666 4875 3023 4944 interpretor.
3066 4873 3123 4931 Si
3154 4886 3335 4931 autem
3376 4875 3537 4930 altius
3582 4872 3790 4943 aliquid

2196 4966 2350 5020 fuero
2377 4976 2652 5022 scrutatus
2673 5010 2687 5035 ,
2718 4968 3153 5025 animadvertam
3182 4970 3372 5040 quanti
3409 4964 3679 5040 proiectus
3720 4970 3793 5023 sit

2199 5055 2391 5110 dicere
2420 5072 2432 5109 :
2466 5056 2606 5124 Quia
2633 5059 2753 5127 fecit
2794 5058 2923 5113 nti/ti
2946 5077 3135 5133 magna
3175 5061 3356 5129 quiest
3398 5072 3574 5130 potens
3606 5042 3631 5114 :5
3654 5073 3794 5130 quo-

2198 5149 2344 5203 niam
2370 5149 2551 5206 omnis
2574 5151 2666 5221 qui
2698 5166 2757 5208 se
2789 5153 3038 5209 huutiliat
3064 5152 3395 5210 exaltabitur
3423 5152 3576 5226 (Luc.
3611 5152 3786 5223 xrttt).

2198 5240 2462 5311 Respexit
2503 5251 2687 5298 autem
2719 5244 2863 5300 Deus
2890 5245 2943 5301 in
2964 5244 3331 5303 humilitatem
3366 5248 3541 5303 beatae
3567 5244 3752 5302 Maria:
3774 5287 3789 5313 ,

2200 5343 2491 5404 propterea
2517 5334 2646 5390 fecit
2673 5336 2759 5391 illi
2787 5353 2982 5409 magna
2996 5339 3091 5409 qui
3118 5351 3308 5408 potens
3330 5348 3437 5407 est,
3459 5350 3518 5394 et
3544 5347 3790 5393 sanctum

2198 5442 2401 5484 nomen
2428 5427 2567 5497 ejus.
2601 5427 2674 5484 Et
2698 5430 3056 5486 misericordia
3074 5432 3190 5502 ejus
3221 5434 3272 5485 iu
3315 5433 3671 5503 gateratioues
3698 5447 3793 5501 ge-

2196 5521 2547 5576 nerationum.
2592 5520 2968 5580 Misericordia
3001 5524 3094 5579 Dei
3126 5537 3235 5579 non
3268 5524 3323 5580 in
3352 5540 3514 5582 unam
3556 5539 3792 5597 genera-

2199 5612 2424 5680 tionem,
2453 5627 2557 5670 nec
2584 5613 2638 5670 in
2661 5615 2820 5686 duas,
2846 5632 3023 5687 neque
3053 5617 3104 5671 in
3134 5625 3271 5685 tres,
3294 5617 3397 5675 sed
3418 5634 3521 5678 nec
3550 5620 3606 5676 in
3634 5620 3795 5691 quin-

2194 5728 2453 5787 siodorus
2480 5744 2602 5801 cap.
2637 5729 2994 5787 tDivinarutn
3032 5729 3462 5792 institutionum.
