4044 6398
519 319 626 381 259

1774 318 1831 376 S.
1877 314 2148 375 EUSEBII
2188 314 2570 375 HIERONYMI

3711 311 3820 370 ιιο

526 452 715 492 eorum
768 437 1047 494 liberaret.
1096 438 1173 490 De
1230 451 1389 489 manu
1442 433 1770 489 inimicorum
1822 444 2119 488 nostrorum
2149 436 2195 496 Α
2227 433 2508 502 potuisse,
2561 432 2833 489 dicentem
2881 434 2950 489 ad
2980 446 3084 489 se:
3126 432 3194 487 Et
3241 442 3329 498 tu,
3373 446 3521 505 puer,
3564 429 3821 505 praplieta

526 540 573 583 et
606 531 671 586 de
698 548 857 585 manu
883 547 1058 584 eorum
1084 529 1172 598 qui
1202 545 1294 582 nos
1325 528 1566 580 oderunt.
1600 524 1796 580 Facere
1823 526 2118 580 miscricor-

527 622 670 675 diam
691 638 803 674 cum
825 621 1057 693 patribus
1081 624 1294 673 nostris.
1323 618 1435 689 Ego
1458 626 1586 687 puto
1607 617 1775 688 quod.
1802 619 1851 670 in
1880 619 2117 672 adventu

528 713 740 767 Domini
770 712 1068 767 Salvatoris
1090 754 1105 777 ,
1141 718 1196 767 et
1234 709 1540 775 Abraham,
1575 720 1631 765 et
1658 710 1839 777 Isaac,
1867 719 1924 764 et
1948 709 2118 764 .lacob

524 803 675 859 fruiti
723 807 830 859 sint
869 803 1249 858 misericordia
1296 803 1416 859 Dei.
1449 804 1635 872 Neque
1664 802 1810 857 enim
1852 800 2117 856 credibile

526 904 630 963 est,
663 905 723 951 ut
747 896 837 966 qui
861 896 1013 965 prius
1041 895 1284 950 viderent
1312 893 1457 950 diem
1483 894 1655 959 illius,
1685 903 1740 949 et
1768 894 1934 949 laetati
1964 901 2113 960 sunt,

525 1000 709 1060 postea
744 989 796 1044 iu
828 989 1064 1043 adventu
1111 989 1311 1057 ipsius,
1356 996 1412 1042 et
1442 987 1727 1041 nativitate
1756 986 1824 1040 de
1852 984 2113 1056 Virgine,

526 1085 662 1139 nihil
714 1082 970 1138 utilitatis
1019 1082 1352 1151 acceperint.
1399 1081 1469 1135 Et
1508 1079 1639 1151 quid
1678 1079 1746 1133 de
1793 1078 2118 1148 patriarchis

522 1177 752 1246 loquor?
785 1175 866 1230 Ad
914 1176 1114 1230 altiora
1151 1173 1565 1243 Scripturarum
1605 1172 1989 1226 anetoritatem
2031 1183 2120 1225 se—

523 1282 697 1339 quens
724 1267 985 1322 audacter
1014 1266 1339 1325 ascendam.
1376 1266 1631 1334 quoniam
1672 1263 1964 1332 prmsentia
2006 1262 2115 1316 Do-

520 1359 653 1416 mini
681 1359 812 1415 Jesu
842 1368 897 1416 et
926 1359 1264 1428 dispensatio
1305 1356 1453 1412 illius
1495 1372 1606 1411 non
1647 1356 1826 1410 Solum
1858 1364 2073 1410 terrena
2097 1394 2112 1419 ,

523 1451 619 1507 sed
647 1453 813 1507 etiam
841 1459 870 1488 ει
900 1451 1143 1507 calestia
1167 1450 1397 1519 juverit.
1429 1448 1582 1505 Unde
1603 1457 1659 1504 et
1684 1447 1978 1516 Apostolus
2004 1447 2113 1502 ait:

526 1544 717 1601 Pacem
746 1546 940 1616 faciens
980 1561 1073 1617 per
1116 1543 1421 1615 sanguinem
1450 1544 1619 1597 crucis
1654 1559 1794 1609 sate,
1822 1542 1926 1596 sive
1963 1557 2117 1611 super

522 1650 745 1707 terram,
777 1637 883 1691 sive
912 1637 967 1691 in
996 1634 1137 1691 τωιὶι
1168 1633 1393 1708 (Ephes.
1421 1641 1518 1706 ιι).
1551 1633 1611 1691 Si
1653 1643 1834 1688 autem
1867 1635 1920 1687 in
1958 1632 2115 1688 cmlis

525 1742 579 1787 et
608 1731 660 1786 in
692 1739 836 1785 terra
868 1729 1156 1799 praesentia
1186 1728 1400 1781 Domini
1430 1726 1653 1798 profuit,
1679 1742 1777 1781 cur
1802 1740 2000 1796 paveas
2026 1724 2113 1779 di-

2225 523 2437 578 Erccelsi
2453 524 2736 591 vocaberis,
2759 526 3027 580 antecedes
3048 525 3180 578 enim
3195 540 3372 578 caram
3393 523 3618 578 Domino
3630 537 3819 591 parare

2221 616 2327 669 vias
2352 619 2511 687 ejus?
2538 615 2665 671 Ideo
2693 633 2819 672 reor
2845 617 3164 672 Zachariam
3193 615 3505 681 festinasse,
3540 625 3598 666 ut
3626 614 3815 682 loque-

2221 716 2375 763 retur
2401 709 2469 764 ad
2502 710 2809 779 Parvulum,
2838 711 2965 781 quia
2990 710 3201 765 sciebat
3230 725 3354 765 eum
3385 717 3510 779 post
3538 708 3815 777 paululum

2222 802 2276 857 in
2301 817 2488 858 eremo
2520 811 2881 872 moraturum,
2917 820 3016 860 nec
3039 820 3098 860 se
3124 804 3243 873 ejus
3274 818 3435 873 posse
3466 802 3813 875 prmsentiam

2222 894 2446 953 habere.
2483 897 2625 953 Puer
2670 900 2808 952 enim
2839 907 2950 954 erat
2998 900 3052 952 in
3100 899 3315 954 desertis
3359 914 3521 968 usque
3566 898 3635 951 ad
3678 897 3816 951 diem

2221 989 2531 1045 ostensionis
2570 1006 2681 1045 sate
2717 991 2787 1043 ad
2827 989 3000 1045 Israel
3033 989 3235 1058 (Exod.
3268 988 3382 1061 ιιι).
3415 991 3481 1045 Et
3506 990 3722 1062 Moyses
3759 990 3813 1045 in

2219 1081 2455 1135 desertis
2514 1090 2760 1135 moratus
2807 1091 2933 1146 est;
2968 1082 3064 1137 sed
3110 1093 3265 1151 post,
3322 1091 3379 1137 et
3418 1081 3657 1153 expletis
3701 1082 3814 1151 jam

2221 1173 2399 1225 (etatis
2446 1187 2561 1227 suae
2605 1174 2795 1237 annis,
2850 1173 2985 1245 fugit
3030 1190 3099 1230 ex
3140 1174 3407 1247 Egypto,
3449 1186 3503 1230 et
3551 1190 3647 1244 per
3680 1175 3819 1230 alios

2219 1277 2393 1318 annos
2436 1278 2637 1332 pecora
2682 1265 3026 1320 custodivit:
3075 1266 3316 1323 Joannes
3357 1282 3493 1324 vero
3536 1267 3721 1322 statim
3761 1275 3819 1322 ut

2219 1366 2381 1411 natus
2426 1365 2550 1423 est,
2606 1358 2826 1412 transiit
2855 1358 2923 1414 ad
2970 1359 3224 1428 deSerta,
3260 1371 3314 1414 et
3361 1359 3455 1430 qui
3505 1360 3680 1430 major
3720 1359 3820 1415 fuit

2219 1447 2363 1503 inter
2403 1457 2559 1503 natos
2605 1450 2938 1517 mulierum,
2988 1450 3180 1520 majori
3233 1452 3576 1507 nutrimento
3622 1452 3818 1523 dignus

2220 1540 2494 1609 apparuit.
2529 1540 2605 1596 De
2635 1557 2744 1612 quo
2777 1542 3040 1613 propheta
3067 1543 3345 1611 loquitur:
3382 1543 3516 1599 Ecce
3543 1545 3688 1599 mitto
3714 1563 3812 1599 au-

2218 1632 2389 1701 gelum
2431 1647 2602 1687 meum
2646 1646 2767 1688 ante
2813 1635 2999 1705 faciem
3044 1644 3187 1689 tuam
3233 1634 3457 1707 (Malae.
3499 1639 3615 1707 ιιι).
3644 1638 3815 1695 Recte

2218 1723 2448 1791 angelus
2488 1724 2688 1779 dicitur
2729 1726 2819 1797 qui
2865 1726 3065 1782 missus
3096 1727 3279 1783 fuerat
3326 1744 3511 1786 coram
3555 1731 3813 1799 Domino,

522 1839 654 1879 cere
681 1821 825 1893 quod
865 1821 1134 1877 adventus
1174 1819 1324 1875 illius
1354 1820 1517 1875 etiam
1549 1819 1845 1889 majoribus
1876 1816 2109 1887 profuit,
2143 1825 2192 1885 Β
2218 1824 2269 1867 et
2297 1814 2720 1884 prOphetantem
2757 1826 2963 1887 patrem
3006 1820 3188 1874 statim
3222 1831 3278 1876 ut
3303 1832 3462 1879 natus
3487 1833 3591 1886 est.
3621 1825 3813 1883 audire

525 1926 584 1971 ut
629 1916 923 1984 impleatur
970 1913 1113 1983 quod
1166 1912 1407 1967 dicitur:
1458 1910 1659 1966 Facere
1704 1910 2116 1965 misericordiam

522 2026 638 2064 cum
659 2008 892 2079 patribus
913 2007 1126 2073 nostris,
1156 2014 1205 2060 et
1224 2004 1493 2059 recordari
1515 2004 1804 2059 testamenti
1823 2003 1987 2057 sancti
2013 2001 2112 2067 sui,

511 2100 803 2174 juramenti
839 2100 977 2169 quod
1001 2098 1292 2169 juravitad
1324 2096 1589 2150 Abraham
1618 2106 1821 2167 patrem
1850 2106 2111 2160 nostrum,

520 2202 574 2247 ut
617 2192 766 2247 daret
814 2190 960 2245 nobis
1008 2189 1198 2259 absque
1244 2190 1427 2242 timore
1470 2188 1532 2241 de
1578 2203 1736 2240 manu
1780 2186 2114 2240 inimicorum

519 2291 731 2346 liberari
750 2292 774 2344 ?
793 2288 1002 2345 Crebro
1028 2288 1098 2343 de
1127 2285 1362 2342 hosﬁum
1394 2301 1557 2340 manu
1586 2285 1753 2354 aliqui
1784 2284 2109 2352 liberantur,

518 2384 618 2439 sed
650 2398 759 2438 non
786 2382 993 2451 absque
1019 2382 1236 2435 timore.
1271 2378 1407 2434 Cum
1433 2378 1576 2433 enim
1606 2389 1783 2433 metus
1810 2378 2113 2433 discrimen

518 2484 647 2531 ante
679 2472 1070 2545 pra‘cesserint
1092 2517 1106 2542 ,
1133 2483 1186 2527 et
1220 2472 1289 2525 ita
1328 2470 1396 2527 de
1429 2471 1773 2526 inimicorum
1802 2485 1964 2525 manu
1992 2471 2113 2540 quis

517 2567 685 2624 fuerit
709 2574 923 2631 erutus,
944 2565 1209 2619 liberatur
1232 2563 1477 2633 quidem.
1496 2563 1589 2618 sed
1619 2580 1725 2618 non
1748 2564 1869 2618 sine
1891 2563 2110 2619 timore.

517 2660 691 2716 Porro
723 2659 988 2713 adventus
1023 2656 1239 2711 Domini
1275 2656 1407 2713 Jesu
1437 2655 1506 2711 de
1538 2672 1702 2711 manu
1760 2656 2109 2711 inimicorum

518 2753 725 2821 absque
755 2750 955 2805 timore
986 2763 1089 2803 nos
1115 2749 1278 2803 eruit.
1307 2749 1421 2803 Non
1446 2747 1590 2803 enim
1631 2749 1906 2803 sensimus
1933 2748 2112 2804 inimi-

520 2858 614 2899 cos
661 2855 918 2906 nostros,
973 2855 1076 2896 nec
1129 2855 1225 2895 eos
1274 2840 1513 2894 vidimus
1560 2849 1964 2912 repugnantes;
2011 2841 2108 2896 sed

518 2937 793 2992 nescimus
841 2934 1118 3005 quomodo
1164 2941 1391 3003 repente
1433 2933 1502 2989 de
1542 2933 1788 2989 faucibus
1832 2951 2024 2989 eorum
2055 2942 2113 2990 et

516 3027 729 3082 insidiis
754 3026 929 3097 erepti
956 3040 1168 3091 sumus,
1200 3026 1254 3078 in
1288 3032 1489 3093 puncto
1516 3034 1678 3092 atque
1708 3035 2020 3094 momento,
2055 3035 2111 3080 et

516 3118 797 3175 transtulit
824 3134 924 3173 tios
954 3118 1008 3173 in
1038 3117 1412 3173 [nereditatem
1453 3126 1773 3187 partemque
1806 3117 2103 3187 justorum.

2222 1907 2425 1974 potuit,
2476 1918 2530 1962 et
2572 1909 2898 1981 intelligere.
2945 1912 3309 1980 Quamobrem
3358 1931 3461 1972 nos
3508 1919 3597 1988 qui
3647 1920 3814 1975 tantis

2220 1997 2560 2055 mirabilibus
2591 2002 2902 2071 credimus,
2952 2006 3241 2061 credamus
3282 2009 3487 2078 pariter
3529 2026 3811 2067 resurrec-

2221 2090 2353 2145 tioni
2379 2137 2392 2161 ,
2443 2093 2733 2150 credamus
2779 2106 2834 2151 et
2863 2099 3389 2168 repromissionibns
3418 2119 3539 2171 quae
3569 2113 3814 2160 venturae

2219 2193 2382 2249 sunt,
2416 2200 2695 2255 regnoque
2743 2187 3008 2243 coalorum
3058 2190 3201 2259 quod
3248 2194 3404 2248 nobis
3431 2195 3676 2265 quotidie
3704 2195 3815 2267 spi-

2219 2276 2357 2330 ritus
2386 2277 2696 2345 pollicetur.
2729 2280 2861 2345 Qute
2893 2283 3074 2336 omnia
3095 2293 3157 2337 ut
3177 2286 3379 2356 scripta
3410 2294 3555 2349 sunt,
3590 2287 3817 2343 mirabi-

2215 2365 2341 2420 liter
2391 2368 2675 2438 plusquam
2732 2372 2937 2427 sentirc
2989 2388 3320 2444 possumus,
3374 2377 3705 2446 accipiamus
3754 2382 3808 2436 in

2215 2457 2436 2515 Christo
2464 2461 2591 2517 Jesu
2612 2506 2627 2530 ,
2671 2463 2758 2518 cui
2799 2473 2881 2520 est
2910 2465 3084 2536 gloria
3114 2478 3168 2523 et
3210 2469 3496 2540 imperium
3530 2472 3583 2527 in
3611 2473 3812 2531 saecula

2215 2552 2576 2609 saeculorum.
2613 2556 2806 2612 Amen.

2816 2668 3100 2727 HOMILIA
3144 2672 3233 2728 XI.

2219 2772 2293 2827 De
2324 2776 2564 2854 eo‘quod
2598 2778 2859 2854 scriptum
2888 2790 2971 2836 est
3007 2799 3020 2835 :
3055 2782 3197 2838 Puer
3224 2795 3397 2840 autent
3425 2788 3683 2844 crescebat
3706 2832 3721 2854 ,
3767 2803 3815 2847 et

2285 2847 2674 2923 cgnfortabalur
2698 2851 2910 2923 spiritu,
2943 2867 3112 2923 usque
3138 2856 3203 2909 ad
3228 2871 3352 2912 eum
3376 2856 3555 2914 locum
3584 2862 3673 2914 ubi
3699 2847 3810 2919 ait:

2442 2932 2528 3001 est‘
2542 2913 2816 3001 de’scrijiiio
2844 2913 3153 3001 prima'gua:
3182 2931 3323 2997 facta
3354 2939 3428 2983 est
3445 2913 3552 2984 sub

2286 2985 2459 3056 Syria:
2489 2985 2868 3063 CyrinofCap'.
2899 2992 2920 3046 Ι
2950 3007 3004 3050 et
3032 2985 3096 3049 III.

2284 3126 2482 3182 Bifarie
2513 3129 2563 3183 in
2587 3128 2884 3200 Scripturis
2913 3136 3116 3191 sanctis
3138 3151 3386 3194 crescere
3414 3140 3541 3208 quid
3568 3140 3808 3198 dicitur:

514 3210 586 3265 Et
624 3210 831 3265 liberali
855 3226 1033 3265 sumus
1063 3210 1126 3265 de
1162 3225 1324 3263 manu
1352 3209 1683 3263 ἱηὶηιὲεονιιηι
1708 3210 1819 3263 sine
1847 3220 2019 3279 ηιειιι,
2050 3218 2105 3264 αι
2134 3210 2181 3275 C
2212 3234 2377 3275 unum
2404 3225 2768 3293 corporaliter
2789 3267 2806 3294 ,
2847 3227 2934 3282 ubi
2972 3230 3223 3287 voluntas
3246 3233 3478 3289 humana
3512 3235 3642 3291 nihil
3677 3254 3808 3307 pro-

514 3306 800 3360 serviamus
829 3304 937 3358 Deo
966 3304 1023 3358 in
1064 3304 1340 3358 sanctitate
1370 3312 1417 3357 et
1458 3304 1672 3375 justitia
1701 3320 1879 3357 coram
1906 3320 1966 3358 eo
1993 3320 2108 3358 om-

515 3399 667 3452 nibus
705 3396 884 3452 diebus
913 3396 1125 3451 nostris.
1156 3392 1226 3448 Et
1262 3404 1318 3448 tu
1338 3436 1353 3460 ,
1394 3412 1541 3463 puer,
1574 3394 1827 3466 praplteta
1858 3395 2110 3451 Altissimi

513 3490 793 3545 vocaberis.
852 3488 1015 3558 Apud
1075 3488 1462 3557 memetipsum
1528 3502 1783 3556 qnzrrens
1834 3488 2107 3542 rationem

511 3599 681 3655 quare
711 3599 819 3639 non
849 3583 1004 3653 quasi
1033 3581 1103 3636 de
1130 3580 1343 3635 Joanne
1364 3619 1379 3643 ,
1410 3581 1508 3633 sed
1535 3578 1600 3632 ad
1628 3579 1894 3634 Joannem
1927 3580 2106 3649 ipsum

509 3676 653 3732 dicat
684 3675 805 3748 [AL
834 3671 1059 3745 dicens]
1085 3690 1100 3725 :
1145 3670 1213 3726 Et
1244 3681 1332 3739 tu,
1364 3688 1515 3742 puer,
1556 3672 1813 3741 propheta
1852 3673 2108 3727 Altissimi

514 3767 777 3822 vocaberis
798 3806 814 3829 ,
844 3774 900 3821 et
924 3763 1132 3832 reliqua
1154 3802 1169 3828 ,
1204 3764 1543 3831 superfluum
1582 3763 1727 3816 enim
1763 3763 1865 3818 fuit
1889 3764 1957 3819 ad
1999 3780 2107 3820 non

508 3859 828 3915 audientem
876 3856 1058 3924 loqui,
1103 3864 1160 3909 et
1201 3854 1268 3909 ad
1300 3853 1585 3925 parvulum
1617 3862 1782 3925 atque
1813 3857 2105 3914 laetantem

511 3949 898 4020 apostmpham
932 3947 1154 4002 facere:
1188 3946 1329 4001 hanc
1360 3955 1494 4015 puto
1526 3962 1683 4014 posse
1711 3964 1798 4003 me
1826 3950 2103 4020 reperire,

509 4042 653 4114 quod
679 4040 953 4109 quomodo
974 4037 1297 4092 mirabiliter
1320 4036 1561 4093 Joannes
1584 4047 1743 4094 natus
1766 4050 1875 4107 est,
1912 4051 1967 4095 et
2002 4057 2103 4096 an-

505 4136 628 4205 gelo
657 4132 1018 4207 275-276
1066 4130 1430 4201 praedicante,
1462 4135 1613 4187 venit
1652 4134 1704 4188 in
1735 4136 2015 4200 mundum,
2049 4145 2105 4192 et

510 4227 686 4283 tribus
714 4227 997 4281 mensibus
1024 4223 1186 4278 Maria
1205 4222 1357 4293 juxta
1387 4224 1670 4281 Elizabellt
1702 4240 2099 4295 commorante,

509 4320 661 4373 lusus
689 4328 778 4375 est
802 4319 859 4373 in
885 4328 1089 4373 terram
1112 4358 1127 4379 ,
1158 4316 1241 4372 sic
1271 4316 1436 4372 etiam
1463 4329 1657 4374 cuncta
1686 4336 1808 4391 quae
1839 4337 2005 4393 super
2034 4336 2103 4379 eo

508 4416 710 4482 scripta
741 4421 900 4476 sunt,
951 4409 1280 4465 mirabiliter
1319 4410 1463 4466 facta
1494 4412 1826 4469 referuntur.
1858 4414 2015 4481 Quod
2053 4415 2100 4470 si

506 4506 729 4561 dubitas
754 4504 937 4559 statim
967 4503 1039 4558 de
1065 4514 1220 4558 utero
1250 4504 1441 4559 matris
1470 4503 1701 4560 eil‘usum
1740 4522 1903 4575 posse
1932 4508 2097 4563 verba

2212 3311 2372 3379 dest,
2425 3314 2656 3370 alterum
2697 3318 3015 3385 Spiritaliter
3040 3363 3056 3387 ,
3103 3323 3193 3376 ubi
3229 3339 3392 3382 causa
3438 3330 3719 3384 crescendi
3753 3331 3806 3385 in

2212 3404 2393 3459 studio
2416 3407 2669 3463 consistit
2694 3408 2952 3465 humano.
2971 3412 3048 3468 De
3072 3417 3173 3469 hoc
3194 3430 3324 3487 ergo
3344 3418 3487 3487 quod
3509 3422 3808 3478 secumlum

2212 3498 2511 3566 posuimus,
2554 3499 2606 3553 id
2629 3509 2733 3570 est,
2775 3502 3029 3572 Spiritali.
3056 3521 3199 3561 nunc
3224 3507 3566 3580 Evangelista
3591 3522 3810 3570 narrat:

2212 3588 2353 3644 Puer
2382 3601 2551 3646 autem
2582 3594 2874 3662 crescebat,
2906 3608 2953 3652 et
2983 3601 3378 3672 confortabatur
3405 3605 3616 3676 spiritu.
3645 3606 3808 3673 Quod

2209 3683 2359 3747 dicit,
2393 3685 2500 3740 tale
2531 3695 2652 3742 est:
2682 3693 2964 3745 crescebat
2990 3694 3209 3762 spiritu,
3243 3711 3343 3752 nec
3372 3696 3424 3752 in
3454 3699 3648 3754 eadem
3680 3717 3809 3767 per-

2209 3779 2468 3834 manebat
2494 3796 2751 3837 mensura
2773 3798 2878 3852 qna
2908 3794 3186 3855 cmperat;
3220 3788 3315 3844 sed
3342 3803 3563 3859 semper
3589 3807 3811 3849 cresce-

2209 3868 2302 3925 bat
2332 3871 2385 3925 in
2416 3887 2482 3926 eo
2510 3874 2739 3942 spiritus
2763 3885 2865 3939 ,ιρι
2896 3892 2993 3946 per
3023 3878 3265 3948 singulas
3298 3880 3462 3936 horas
3488 3894 3654 3952 atque
3685 3900 3807 3940 mo-

2207 3973 2394 4018 menta
2421 3965 2617 4034 spiritu
2649 3977 3031 4025 succrescente
3058 4011 3073 4036 ,
3115 3973 3293 4025 anima
3335 3989 3550 4045 quoque
3588 3991 3686 4031 sua
3718 3976 3806 4032 in-

2207 4063 2488 4111 crementa
2517 4058 2791 4128 capiebat,
2821 4070 2880 4116 et
2910 4076 3017 4117 non
3048 4062 3228 4119 solum
3256 4065 3434 4119 anima
3463 4107 3476 4130 ,
3512 4068 3606 4123 sed
3636 4069 3802 4126 etiam

2206 4162 2401 4203 sensus
2433 4158 2488 4203 et
2513 4166 2667 4205 mens
2708 4164 2998 4222 augmenta
3028 4155 3255 4224 spiritus
3286 4159 3633 4226 sequebatur.
3666 4161 3807 4218 Illud

2209 4240 2355 4310 quod
2385 4243 2646 4310 prmcepit
2679 4244 2821 4299 Deus
2845 4262 2858 4296 :
2884 4243 3108 4300 Crescite
3133 4256 3185 4301 et
3210 4247 3635 4320 multiplicamini
3661 4252 3807 4323 (Ge-

2204 4348 2314 4387 nes.
2348 4331 2426 4404 ι),
2458 4332 2552 4403 qui
2577 4333 2904 4404 simpliciter
2930 4345 2988 4393 et
3008 4338 3162 4406 juxta
3197 4340 3435 4396 litteram
3475 4345 3800 4417 accipiunt,

2203 4427 2477 4498 quomodo
2502 4443 2781 4496 exponere
2808 4432 3090 4501 potuerint
3111 4435 3319 4489 nescio.
3349 4436 3478 4491 Esto
3498 4438 3642 4492 enim
3666 4439 3805 4493 mut-

2203 4518 2514 4589 tiplicamini
2558 4519 2833 4576 referatur
2874 4523 2942 4578 ad
2982 4540 3309 4593 numerum,
3357 4534 3414 4583 et
3448 4528 3577 4584 dum
3613 4532 3802 4601 plures

507 4601 679 4670 patris
710 4598 929 4663 audire,
961 4605 1018 4652 et
1046 4597 1188 4652 scire
1223 4595 1352 4667 quid
1382 4597 1454 4651 sit
1484 4596 1587 4652 hoc
1610 4599 1756 4669 quod
1784 4601 1850 4656 ad
1876 4618 1936 4656 se
1963 4602 2092 4656 dici-
2124 4601 2179 4662 D
2205 4610 2339 4665 ﬁunt
2360 4626 2521 4682 quam
2550 4615 2699 4681 prius
2724 4614 2958 4680 fuerant,
2986 4617 3369 4686 multiplicatio
3394 4621 3557 4677 habet
3581 4595 3797 4682 locum:

510 4705 598 4749 tur
630 4709 644 4746 :
674 4691 742 4745 Et
770 4701 852 4759 tu,
879 4705 1029 4761 puer,
1053 4689 1303 4760 prapheta
1326 4688 1580 4743 Altissinti
1601 4691 1884 4758 vocaberis,
1914 4696 2100 4749 consi-
2128 4722 2135 4725 τ

505 4786 635 4840 dera
669 4783 842 4837 multo
886 4780 1055 4836 fuisse
1102 4779 1406 4834 mirabilius
1434 4779 1576 4849 quod
1611 4784 1931 4850 prmcessit:
1967 4784 2101 4842 Ecce

506 4891 560 4934 ut
588 4881 726 4950 facta
747 4884 824 4931 est
844 4891 946 4930 vos:
968 4873 1306 4929 salutationis
1338 4881 1439 4927 tua:
1466 4873 1519 4926 in
1551 4890 1705 4928 aures
1732 4892 1893 4939 meas.
1922 4880 2096 4934 exsul-

503 4974 623 5026 tari:
655 4971 829 5039 infans
857 4969 909 5021 in
938 4966 1131 5039 gaudio
1157 4966 1213 5019 in
1239 4976 1385 5018 utero
1413 4983 1545 5020 meo.
1578 4969 1635 5022 Si
1660 4970 1804 5023 enim
1833 4971 2011 5029 adhuc
2037 4974 2092 5030 in

499 5073 691 5118 ventre
736 5057 931 5114 matris
980 5055 1276 5111 conclusus
1311 5056 1464 5111 audit
1490 5055 1713 5127 Jesum,
1764 5070 1820 5117 et
1864 5063 2093 5122 audiens

495 5150 731 5208 ettsiiivit
754 5193 768 5211 .
797 5157 961 5218 atque
988 5147 1203 5202 lutatus
1231 5155 1317 5199 est
1337 5188 1352 5213 ,
1384 5162 1560 5217 quare
1592 5165 1698 5206 non
1744 5155 1937 5210 credas
1965 5174 2087 5214 eum

491 5248 605 5318 jam
634 5243 878 5315 genitum
906 5239 1251 5311 prophetiam
1281 5241 1455 5308 patris
1486 5240 1678 5298 audire
1702 5252 1759 5299 et
1784 5246 2088 5322 intelligere

562 5454 590 5483 ιι
631 5442 953 5516 Suspicatnr
983 5435 1215 5516 lluetius
1258 5436 1567 5516 caelestium
1600 5443 1852 5511 nomine,
1883 5448 2079 5516 quibus

492 5507 768 5588 Dimittit-.53
802 5511 1137 5588 dispensatio
1170 5507 1436 5588 prnfuerit
1457 5549 1471 5567 .
1510 5526 1615 5564 noti
1648 5519 1811 5568 modo
1840 5507 2076 5588 angelo-

488 5604 609 5642 rum
649 5583 906 5648 ordines,
948 5582 1043 5635 sed
1086 5589 1140 5657 ct
1165 5581 1343 5633 sidera
1377 5580 1492 5657 ipsa
1517 5588 1691 5637 notari
1717 5588 1785 5637 ab
1810 5580 2074 5657 Uiig'ene,

485 5673 685 5727 quippe
727 5670 848 5727 quin
896 5666 1001 5705 n0n
1048 5655 1229 5727 anima
1277 5650 1475 5718 modo,
1523 5657 1616 5706 sed
1667 5658 1883 5710 ratione
1907 5650 2073 5714 ctiam

488 5721 711 5796 pra'dita
737 5721 1030 5797 arbitratus
1066 5721 1155 5797 sit.
1187 5725 1319 5789 Qua:
1362 5732 1544 5797 autem
1585 5727 1797 5797 ratione
1837 5732 2071 5797 pollent.

488 5790 713 5870 peccato
742 5809 864 5849 esse
893 5790 1150 5860 obnoxia,
1175 5802 1230 5847 et
1262 5794 1582 5861 purgatione
1613 5790 1860 5866 indigere
1885 5816 1896 5851 :
1927 5790 2069 5869 quod

2205 4702 2310 4756 hoc
2338 4719 2470 4760 vero
2495 4706 2643 4777 quod
2673 4708 2952 4777 sequitur,
2987 4709 3212 4765 Crescite
3233 4752 3250 4777 ,
3282 4728 3389 4767 non
3414 4724 3498 4769 est
3527 4715 3580 4769 in
3610 4730 3799 4777 nostra
3836 4702 3850 4713 ’

2201 4801 2491 4863 potestate.
2516 4796 2647 4864 Quis
2668 4799 2814 4852 enim
2841 4799 3123 4856 hominum
3149 4817 3255 4857 non
3280 4804 3414 4859 velit
3438 4805 3503 4859 ad
3530 4817 3797 4866 staturam

2198 4900 2353 4942 suam
2385 4888 2626 4957 adjicere
2654 4891 2874 4958 (Matth.
2916 4894 3015 4962 v1)
3042 4935 3057 4959 ,
3089 4904 3147 4949 ιιι
3179 4895 3390 4968 longior
3417 4898 3548 4954 tlat?
3577 4900 3633 4957 Si
3665 4918 3798 4976 ergo

2200 4988 2485 5047 projiterea
2513 4981 2642 5050 quid
2677 4984 2991 5054 praecipitur
3012 4996 3070 5039 ut
3091 4984 3207 5054 fiat,
3239 4993 3464 5045 stultum
3485 5000 3572 5048 est
3595 4994 3797 5064 quippe

2199 5077 2527 5144 praecipere.
2551 5079 2693 5148 quod
2726 5081 2771 5134 is
2796 5082 2883 5135 cui
2909 5082 3215 5150 prircipias,
3242 5084 3423 5142 facere
3448 5101 3553 5141 non
3584 5090 3790 5158 possit:

2197 5174 2254 5221 et
2285 5170 2598 5237 prmcipitur
2629 5172 2785 5228 nobis
2816 5181 2877 5229 ut
2910 5188 3227 5233 crescamus
3246 5221 3263 5241 ,
3300 5181 3486 5248 utique
3519 5181 3568 5236 id
3597 5185 3793 5252 praeci-

2197 5260 2340 5329 pitur
2359 5262 2501 5332 quod
2526 5263 2706 5319 facere
2728 5280 2835 5321 non
2867 5281 3179 5336 possumus.
3213 5270 3305 5326 Vis
3334 5273 3477 5329 scire
3511 5276 3792 5346 quomodo

2182 5452 2420 5536 cilicium
2452 5457 2565 5536 illis
2589 5472 2768 5515 morte
2794 5479 2894 5536 sua
2925 5464 3231 5536 exliihitum
3265 5486 3293 5524 a
3334 5470 3559 5529 Christo
3601 5475 3786 5532 credi-

2180 5523 2346 5607 derit.
2369 5524 2571 5607 Confer
2598 5536 2760 5600 paulo
2793 5533 3019 5607 inferius
3051 5535 3243 5593 ltontil.
3272 5523 3356 5595 725‘

2179 5595 2851 5678 emit-stiumpotestatum
2882 5605 3129 5678 profectu
3172 5624 3274 5678 per
3314 5595 3526 5667 Clitis-ti

2178 5677 2348 5790 ftqpe
2379 5668 2642 5792 tE’Icelesm:
2686 5668 3130 5742 prmdtc'ationent
3165 5668 3231 5734 ex
3277 5668 3785 5754 Origenianaﬂsve‘n:

2202 5751 2268 5791 ett
2300 5753 2345 5791 ta
2422 5755 2639 5792 icimus.

2180 5741 2345 5791 tentia
2380 5741 2639 5796 dicimus.
