4044 6326
184 354 294 409 '2“

831 352 1272 428 TRANSLATIO
1311 352 1756 411 HOMILIARUM
1796 351 2123 410 ORIGENIS
2156 352 2224 408 IN
2266 353 2527 409 LUCAM.
2571 352 2738 409 HOM.
2781 351 2901 408 XII.

3417 356 3529 413 242

200 473 569 542 intelligitur,
607 475 872 529 Crescite?
901 476 1143 529 ausculta
1173 474 1302 545 quid
1327 475 1476 529 Isaac
1502 473 1717 538 fecerit,
1748 474 1817 529 de
1845 476 1899 536 Α
1923 486 2263 530 memorante
2293 493 2306 527 :
2340 473 2497 529 Cibus
2525 486 2698 529 autem
2720 479 2832 549 ejus
2862 486 3009 529 erant
3039 479 3258 531 locusta
3284 517 3299 540 ,
3345 488 3394 531 et
3423 480 3529 533 mel

200 585 315 639 quo
348 569 563 623 dicitur
592 586 608 623 :
645 566 801 622 Isaac
827 569 1152 639 proﬁciebat,
1180 578 1229 622 et
1253 571 1423 640 major
1445 568 1620 636 ﬁebat,
1656 570 1821 621 donec

208 664 389 733 factus
416 670 492 715 est
522 678 769 732 magnus,
798 661 877 714 vel
903 660 1224 716 vehementer
1249 662 1401 715 nimis
1432 658 1646 729 (Cenes.
1679 660 1820 731 ιιι).

212 757 454 823 Semper
481 756 635 808 enim
662 755 921 809 voluntas
951 755 1096 811 illius
1125 755 1191 810 ad
1225 755 1449 811 meliora
1481 771 1541 810 se
1568 755 1817 823 tendens,

210 849 459 905 habebat
482 847 769 919 profectus
794 866 944 915 suos,
970 860 1025 905 et
1047 866 1198 907 mens
1219 851 1456 906 divinius
1475 852 1673 923 aliquid
1693 868 1821 908 con-

212 941 596 1006 templabatur
618 985 636 1009 ,
668 949 724 994 et
748 941 1037 997 exercebat
1067 956 1126 997 se
1154 944 1416 997 memoria
1444 984 1459 1008 ,
1504 953 1559 996 ut
1589 944 1738 1012 plura
1768 944 1820 998 in

214 1031 487 1086 thesauro
514 1047 619 1087 suo
648 1032 911 1087 conderet
936 1074 953 1099 ,
1000 1043 1059 1087 ut
1102 1033 1313 1088 ﬁrmius
1336 1035 1619 1090 retineret.
1647 1034 1824 1101 Atque

221 1124 275 1177 in
306 1123 461 1178 hunc
491 1123 718 1178 modum
750 1124 938 1179 evenit
957 1166 972 1188 ,
1016 1133 1076 1179 ιιι
1099 1126 1190 1194 qui
1219 1141 1410 1180 omnes
1439 1126 1668 1180 virtutes
1695 1142 1824 1181 suas

228 1215 285 1269 in
312 1215 517 1270 anima:
538 1230 674 1285 agro
698 1215 1019 1282 excoluerit,
1055 1216 1305 1286 impleret
1329 1216 1641 1271 mandatum
1687 1232 1825 1286 prat-

225 1308 462 1378 cipiens.
480 1307 722 1362 Crescite.
750 1308 1117 1377 Quamobrem
1142 1319 1199 1364 et
1225 1308 1463 1365 Joannes
1492 1309 1670 1363 adhuc
1701 1325 1826 1378 par-

230 1399 395 1451 vulus
434 1399 760 1465 crescebat,
806 1409 864 1454 et
902 1399 1386 1469 multiplicabatur.
1432 1399 1822 1455 Difﬁcillimum

226 1499 415 1543 autem
440 1499 523 1543 est
547 1491 834 1558 parvulum
863 1491 1220 1563 277-278
1247 1492 1440 1561 spiritu
1465 1506 1739 1559 crescere,
1770 1501 1825 1547 et

220 1583 372 1637 inter
400 1582 664 1638 mortales
692 1594 989 1652 petrarum.
1044 1583 1184 1637 Puer
1221 1594 1399 1638 autem
1434 1584 1694 1638 crescebat
1718 1630 1734 1653 ,
1776 1594 1826 1639 et
1868 1583 1875 1589 ’

221 1676 624 1745 confortabatur
652 1678 844 1747 spiritu
877 1675 1094 1746 (Matth.
1120 1676 1293 1747 xxtx).
1327 1677 1487 1732 Aliud
1517 1687 1602 1732 est
1628 1693 1821 1731 cresce-

223 1768 336 1833 bat,
370 1767 516 1822 aliud
549 1768 959 1839 confortabatur.
992 1768 1211 1823 Inﬁrma
1234 1780 1317 1824 est
1346 1774 1577 1824 humana
1607 1782 1819 1836 natura,

1923 565 2157 620 silvestre
2188 565 2406 635 (Matth.
2440 565 2559 636 ιιι).
2602 566 2738 632 Quia
2768 566 2916 621 enim
2949 567 3199 622 minister
3231 567 3331 623 fuit
3364 570 3526 638 primi

1924 661 2225 717 Salvatoris
2247 661 2533 722 adventus.
2554 672 2609 717 et
2631 660 3011 716 tantummodo
3032 661 3098 717 de
3110 661 3528 731 dispensatione

1926 754 2108 809 carnis
2133 753 2427 808 Dominica:
2457 753 2807 822 loquebatur,
2839 768 2901 806 ac
2925 752 3212 823 prophetia
3236 753 3381 809 illius
3400 770 3525 811 eum

1925 849 2016 917 qui
2051 858 2208 902 natus
2240 847 2417 903 fuerat
2437 863 2504 902 ex
2527 847 2775 918 Virgine,
2812 847 3164 917 prtecinebat,
3199 863 3308 903 non
3336 847 3529 903 habuit

1927 939 2287 994 domesticum
2321 940 2460 1003 mel,
2493 949 2553 995 et
2581 940 2818 994 humana
2847 940 3123 1011 diligentia
3155 941 3487 1010 percolatutn
3507 984 3526 1010 ,

1926 1031 2023 1086 sed
2054 1032 2309 1087 silvestre
2342 1033 2487 1099 mel,
2534 1042 2589 1087 et
2629 1032 2853 1088 volucre
2899 1049 3004 1087 non
3039 1035 3266 1103 grande,
3316 1050 3423 1089 non
3468 1036 3524 1090 in

1925 1124 2160 1179 sublime
2190 1140 2250 1178 se
2276 1124 2524 1189 elevans,
2560 1140 2746 1179 verum
2774 1125 3001 1180 volucre
3031 1141 3256 1195 parvum
3279 1168 3295 1192 ,
3339 1137 3395 1181 et
3436 1127 3527 1182 vix

1927 1230 1954 1269 a
1988 1224 2127 1270 terra
2158 1231 2495 1288 consurgens
2522 1258 2538 1281 ,
2587 1226 2643 1271 et
2672 1216 2877 1273 saliens
2899 1218 3086 1288 potius
3110 1233 3270 1288 quam
3320 1219 3526 1275 volans.

1927 1307 2063 1375 Quid
2108 1308 2308 1378 plura?
2359 1308 2807 1364 manifestissime
2860 1308 3058 1363 dicitur
3101 1310 3246 1379 quod
3302 1310 3528 1366 locustte

1928 1397 2128 1454 fuerint
2177 1401 2334 1455 cibus
2364 1400 2526 1470 ejus,
2574 1402 2859 1470 parvulum
2902 1400 3105 1455 animal
3152 1410 3207 1455 et
3242 1402 3522 1457 mundum.

1926 1490 2282 1548 Considerate
2308 1508 2461 1563 ergo,
2499 1493 2695 1547 fratres
2724 1493 3061 1558 charissimi,
3092 1493 3235 1563 quod
3266 1493 3356 1563 qui
3388 1508 3527 1548 novo

1928 1598 2086 1641 natus
2115 1586 2311 1651 fuerat,
2344 1600 2484 1641 nove
2511 1587 2753 1640 nutritus
2781 1594 2887 1641 est.
2932 1586 3063 1640 Post
3090 1601 3212 1655 qua:
3239 1586 3519 1656 Scriptura

1929 1678 2179 1748 subjicit;
2216 1679 2436 1732 Factum
2462 1690 2538 1733 est
2555 1690 2725 1732 autent
2756 1680 2809 1732 iu
2839 1678 3022 1733 diebus
3044 1677 3155 1733 illis
3178 1723 3194 1747 ,
3238 1682 3389 1733 exivit
3417 1682 3527 1734 edi-

1926 1784 2064 1827 ctum
2093 1792 2125 1826 lt
2148 1773 2355 1828 thsttre
2381 1776 2636 1842 Augusto.
2668 1782 2720 1826 ut
2753 1773 3135 1827 describeretur
3160 1774 3329 1826 omnis
3361 1773 3522 1827 orbis.

223 1866 281 1911 et
308 1865 367 1911 ut
399 1857 516 1911 ﬁeri
549 1859 723 1927 possit
752 1857 944 1912 fortior
968 1901 982 1921 ,
1013 1858 1198 1913 divino
1222 1859 1424 1913 auxilio
1454 1859 1675 1929 indiget.
1711 1860 1815 1915 Le—
1850 1862 1894 1922 Β
1923 1865 2055 1919 Haec
2099 1866 2199 1934 fuit
2245 1866 2524 1937 descriptio
2565 1866 2734 1936 prima
2775 1882 2806 1919 a
2846 1865 3072 1935 prwside
3111 1864 3287 1937 Syria
3328 1865 3525 1937 Cyrino

224 1950 427 2020 gimus,
461 1948 596 2005 Caro
621 1951 858 2020 inﬁrma.
882 1951 1003 2018 Quo
1033 1951 1197 2023 igitur
1222 1952 1426 2006 auxilio
1449 1952 1822 2008 conﬁrmanda

225 2043 355 2097 est?
392 2041 593 2112 Utique
623 2043 840 2113 spiritu.
888 2043 1125 2112 Spiritus
1155 2045 1300 2099 enim
1337 2055 1619 2114 promptus
1644 2089 1658 2112 ,
1691 2060 1822 2099 caro

222 2145 409 2189 autem
442 2135 685 2189 infirma.
716 2136 818 2203 Qui
847 2138 959 2190 vult
989 2135 1182 2191 fortior
1211 2136 1353 2205 ﬁeri,
1389 2154 1498 2192 non
1527 2137 1690 2193 debet
1719 2138 1821 2193 nisi

220 2225 273 2279 in
306 2224 514 2294 Spiritu
543 2223 866 2280 confortari.
899 2226 1047 2280 Multi
1074 2225 1460 2281 confortantur
1481 2242 1669 2295 carne,
1699 2244 1823 2283 cor-

219 2331 355 2384 pore
382 2317 747 2380 roborantur;
780 2317 983 2372 athleta
1011 2328 1189 2373 autem
1219 2319 1313 2374 Dei
1341 2322 1535 2389 Spiritu
1557 2321 1823 2376 roboran-

218 2406 321 2461 dus
351 2416 436 2462 est
461 2448 475 2469 ,
524 2420 579 2463 et
606 2423 730 2464 cum
758 2409 839 2462 sic
868 2409 1035 2464 luerit
1063 2409 1402 2465 confortatus
1430 2454 1446 2479 ,
1495 2413 1821 2481 sapientiam

217 2503 401 2557 carnis
423 2501 612 2566 elidet,
638 2511 694 2557 et
709 2503 975 2574 spiritalis
995 2503 1243 2572 effectus,
1269 2505 1461 2560 subdet
1485 2521 1684 2576 corpus
1706 2506 1822 2561 aui-

215 2596 290 2650 mi
320 2595 572 2666 imperio.
597 2596 715 2652 Non
747 2606 1002 2665 putemus
1026 2612 1160 2668 ergo
1184 2598 1490 2668 simplicem
1518 2599 1587 2655 de
1609 2602 1820 2657 Joanne

216 2688 509 2744 historiam
536 2704 657 2745 esse
684 2692 1074 2760 conscriptam,
1106 2701 1162 2747 et
1181 2708 1303 2762 qum
1332 2692 1466 2747 nihil
1488 2693 1554 2747 ad
1577 2709 1674 2749 nos
1697 2710 1822 2765 per-

219 2783 420 2849 tineat,
453 2782 507 2835 in
536 2797 603 2837 eo
626 2782 769 2852 quod
796 2782 997 2838 dicitur
1016 2826 1031 2850 ,
1065 2784 1319 2839 crescebat
1347 2796 1397 2840 et
1425 2788 1820 2857 confortabatur

212 2876 421 2945 spiritu
449 2891 468 2927 :
492 2874 587 2929 sed
612 2877 676 2931 ad
709 2878 1068 2935 imitationem
1094 2889 1361 2947 nostram,
1391 2892 1447 2934 ut
1474 2882 1817 2953 multiplicati

212 2963 550 3034 Spiritalitcr
568 2965 716 3035 juxta
744 2984 867 3024 eum
897 2985 1056 3039 quem
1090 2970 1330 3025 diximus
1360 2986 1601 3035 sensum,
1639 2975 1814 3029 incre-

215 3064 406 3113 menta
446 3061 742 3127 capiamus.
796 3060 867 3115 Et
896 3072 1009 3117 erat
1049 3064 1102 3117 iu
1142 3065 1355 3119 desertis
1384 3083 1544 3137 usque
1586 3069 1656 3121 ad
1681 3068 1819 3123 diem

218 3152 532 3205 ostensiom's
558 3168 670 3207 sua:
693 3155 763 3207 ad
783 3152 973 3210 Israel.
1006 3165 1033 3193 ⁸
1061 3156 1209 3211 Dixit
1238 3173 1411 3226 nuper
1433 3159 1577 3229 quod
1608 3171 1663 3214 et
1686 3175 1818 3213 con-

1926 1957 2079 2030 (Luc.
2106 1958 2189 2018 tt).
2226 1958 2379 2011 Dicat
2406 1956 2601 2029 aliquis
2627 1976 2638 2009 :
2666 1957 3044 2026 Oevaugelica
3074 1959 3347 2013 narratio!
3372 1958 3522 2025 Quo.

1924 2052 2068 2106 niam
2112 2050 2287 2119 prima
2336 2048 2632 2117 descriptio
2678 2050 2922 2104 universi
2971 2048 3124 2104 orbis
3164 2049 3273 2104 sub
3308 2049 3525 2105 Caesare

1923 2142 2169 2210 AugnSto
2210 2140 2410 2204 luetit,
2460 2151 2515 2194 et
2556 2140 2698 2195 inter
2736 2154 2930 2195 omnes
2956 2141 3121 2194 etiam
3153 2139 3353 2208 Josepb
3395 2154 3520 2195 cum

1924 2232 2093 2287 Maria
2124 2232 2450 2301 desponsata
2481 2232 2582 2286 sibi
2610 2244 2773 2302 atque
2802 2243 3117 2302 praegnante
3145 2248 3344 2287 nomen
3379 2242 3523 2287 retu-

1923 2323 2046 2379 lerit
2075 2326 2128 2378 in
2150 2338 2373 2378 censum
2402 2363 2419 2390 ,
2457 2337 2521 2377 ac
2546 2323 2865 2393 priusquam
2898 2323 3193 2394 descriptio
3213 2325 3519 2394 complere-

1924 2429 2032 2481 tur,
2052 2428 2204 2472 ortus
2232 2417 2587 2481 lueritJesus,
2611 2416 2930 2486 diligentius
2953 2417 3182 2471 intuenti
3205 2432 3513 2473 sacramen-

1922 2521 2035 2567 tum
2058 2510 2326 2581 quoddam
2352 2510 2570 2564 videtur
2590 2510 2918 2579 signiﬁcare,
2944 2508 3085 2579 quod
3107 2509 3162 2563 in
3189 2510 3351 2564 totius
3372 2509 3520 2564 orbis

1924 2604 2263 2674 professiOne
2292 2601 2529 2658 describi
2557 2602 2865 2671 oportuerit
2891 2609 2949 2657 et
2973 2600 3275 2665 Christum,
3309 2610 3367 2656 ut
3393 2617 3516 2657 cum

1922 2696 2175 2751 omnibus
2203 2696 2439 2763 scriptus
2466 2694 2833 2750 sanctiﬁcaret
2858 2708 3051 2750 omnes
3073 2734 3090 2762 ,
3134 2704 3190 2749 et
3218 2709 3341 2749 cum
3374 2694 3512 2750 orbe

1922 2790 2126 2845 relatus
2154 2789 2206 2842 iu
2230 2802 2479 2851 censum,
2506 2786 2949 2842 communionem
2976 2785 3060 2840 sui
3087 2786 3355 2853 praeberet
3374 2783 3519 2852 orbi,

1922 2890 1981 2936 ut
2009 2890 2134 2951 post
2163 2881 2304 2935 hanc
2334 2878 2785 2949 descriptionem,
2817 2877 3159 2933 describeret
3186 2892 3427 2948 quosque
3454 2892 3519 2931 ex

1921 2972 2054 3026 orbe
2085 2985 2273 3025 secum
2308 2971 2362 3023 in
2393 2968 2534 3023 libro
2559 2968 2854 3022 viventium
2891 2986 2904 3021 :
2937 2974 2997 3021 ιιι
3033 2967 3365 3037 quicumque
3401 2980 3521 3021 cre-

1922 3062 2192 3118 didissent
2214 3064 2268 3115 in
2293 3076 2382 3125 eo,
2406 3068 2598 3130 postea
2621 3074 2744 3114 cum
2761 3060 2963 3113 sanctis
2982 3058 3131 3113 illius
3144 3059 3519 3113 scriberentur

1923 3158 1978 3212 in
2000 3157 2174 3219 caelis,
2207 3155 2295 3210 cui
2328 3162 2413 3211 est
2442 3153 2610 3223 gloria
2640 3165 2696 3208 et
2726 3153 3017 3222 imperium
3052 3151 3104 3205 in
3130 3151 3327 3205 sa-cula
3349 3166 3522 3205 sarcu-

215 3254 403 3311 ceptus
443 3246 683 3303 Joannes
722 3251 1050 3320 stupendum
1087 3250 1221 3321 quid
1262 3253 1546 3320 habuerit,
1594 3254 1816 3324 quando
1843 3249 1890 3311 C
1922 3248 2119 3304 lorum.
2148 3246 2345 3302 Amen.

216 3339 509 3395 exsultavit
532 3340 716 3396 infans
745 3341 798 3396 in
831 3352 987 3399 utero
1008 3386 1022 3408 ,
1055 3353 1111 3399 et
1145 3360 1304 3399 suum
1333 3346 1564 3401 necdum
1596 3348 1814 3415 genitus

218 3428 504 3485 Dominum
538 3437 861 3503 recognovit
886 3451 901 3489 :
930 3444 986 3490 et
1009 3436 1273 3493 nativitas
1303 3452 1411 3492 nou
1446 3439 1619 3508 impar
1648 3440 1813 3495 mira-

218 3525 396 3577 culum
422 3565 439 3587 ,
487 3524 709 3592 quando
740 3525 809 3579 ad
836 3540 964 3581 eum
1000 3527 1149 3582 velut
1186 3528 1502 3585 audientem
1535 3530 1811 3587 Zacharias

215 3616 595 3685 propltetantis
617 3632 800 3673 sermo
820 3622 1178 3688 comertitur,
1204 3622 1397 3679 dit-ens
1421 3643 1433 3679 ε
1460 3624 1527 3679 Et
1553 3634 1630 3693 tu,
1658 3643 1805 3698 puer,

213 3707 464 3781 propheta
492 3711 748 3766 Altissimi
774 3713 1057 3770 vocaberis.
1092 3716 1259 3787 Digne
1284 3716 1449 3788 igitur
1469 3720 1559 3788 qui
1582 3720 1662 3774 sic
1682 3734 1814 3774 con-

214 3814 400 3874 ceptus
434 3805 631 3873 fuerat,
667 3817 723 3861 et
754 3815 933 3875 natus,
966 3824 1073 3863 non
1101 3812 1434 3880 exspectavit
1461 3854 1474 3876 ,
1513 3822 1567 3866 ut
1600 3828 1627 3865 a
1662 3821 1816 3882 patre

217 3897 516 3951 nutriretur
547 3911 720 3967 usque
748 3899 817 3954 ad
843 3899 991 3955 diem
1022 3904 1353 3957 ostensiouis
1386 3918 1497 3958 sua:
1520 3910 1586 3958 att
1616 3905 1807 3970 Israel,

216 3988 309 4043 sed
344 3990 613 4056 recessit,
647 3991 861 4062 fugiens
890 3994 1179 4049 tumultum
1215 3995 1459 4060 urbium,
1492 3997 1674 4067 populi
1707 3998 1817 4053 fre-

219 4083 518 4151 quentiam,
545 4083 800 4138 viciniam
824 4086 1129 4154 civitatum,
1154 4098 1206 4141 et
1228 4090 1361 4143 abiit
1386 4089 1437 4144 iu
1455 4090 1698 4158 deserta,
1725 4094 1813 4149 ubi

218 4174 403 4242 purior
441 4190 539 4229 aer
580 4183 701 4229 erat
736 4188 790 4231 et
830 4177 1032 4232 cceluut
1076 4182 1316 4247 apertius
1342 4222 1357 4245 ,
1401 4190 1457 4236 et
1501 4184 1817 4239 familiarior

220 4268 361 4325 Deus
383 4312 399 4337 ,
435 4278 494 4325 ut
520 4272 645 4339 quia
676 4272 909 4328 necdum
941 4286 1341 4329 sacramentum
1372 4276 1666 4348 baptismi,
1717 4294 1815 4335 nec

221 4363 629 4431 praedicationis
673 4374 888 4434 tempus
929 4365 1246 4431 advenerat,
1294 4379 1514 4423 vacaret
1554 4371 1820 4426 oratiOni-

223 4453 323 4506 bus
350 4495 363 4517 ,
414 4465 470 4507 et
502 4468 626 4509 cum
656 4458 864 4526 angelis
897 4470 1319 4514 conversaretur
1348 4502 1361 4524 ,
1411 4463 1817 4531 appellaretque

225 4544 517 4600 Dominum
543 4589 557 4608 ,
586 4556 645 4602 et
669 4549 821 4602 illum
848 4549 1061 4606 audiret
1092 4540 1514 4620 respondentem
1546 4564 1709 4623 atque
1736 4554 1819 4609 di—

2312 3379 2667 3452 279-280
2690 3376 2974 3433 IIOMILIA
2997 3376 3112 3432 XII.

1918 3519 1997 3575 De
2025 3532 2090 3573 eo
2119 3516 2262 3587 quod
2288 3517 2551 3586 scriptum
2582 3524 2686 3580 est,
2714 3514 2968 3584 angelum
2998 3513 3313 3587 venisseﬁe
3336 3516 3510 3587 ctelo,

1988 3599 2043 3645 et
2072 3581 2254 3644 ortum
2288 3581 2502 3643 Domini
2530 3581 2811 3642 nuntiasse
2845 3586 3175 3656 pasmribus.
3203 3581 3341 3655 Cap.
3373 3585 3438 3640 ll.

1989 3728 2157 3782 Natus
2179 3725 2535 3780 estDominus
2559 3739 2713 3779 meus
2739 3724 2920 3789 Jesus,
2947 3734 3003 3778 et
3024 3721 3252 3792 angelus
3283 3721 3514 3777 descen-

1916 3821 1996 3876 dit
2022 3820 2091 3874 de
2133 3819 2275 3875 caelo
2302 3818 2633 3871 annuntians
2673 3816 3013 3871 nativitatem
3042 3816 3184 3880 ejus.
3217 3812 3514 3868 Videamus

1918 3913 2101 3983 itaque
2131 3926 2293 3982 quem
2320 3910 2634 3980 quaesierit,
2677 3918 2734 3962 ut
2764 3910 2846 3963 eis
2877 3906 3155 3962 nuntiaret
3192 3905 3507 3960 adventum.

1917 4005 2035 4061 Non
2074 4004 2225 4060 venit
2277 4004 2708 4075 Jerosolymam,
2755 4017 2862 4056 non
2915 3999 3166 4071 quiesivit
3195 3999 3419 4055 Scribas
3459 4007 3516 4053 et

1915 4098 2268 4163 Phariszros,
2331 4111 2437 4152 non
2484 4110 2818 4166 synagogam
2852 4094 3134 4164 ingressus
3176 4105 3261 4146 est
3288 4090 3510 4146 Judtno-

1917 4208 2035 4247 rum
2058 4233 2072 4256 ,
2102 4191 2196 4246 sed
2230 4199 2483 4261 pastores
2512 4188 2719 4258 reperit
2747 4200 3124 4256 supergreges
3146 4199 3277 4239 suos
3299 4183 3510 4253 vigilias

1917 4284 2276 4350 excubantes,
2310 4282 2499 4351 eisque
2526 4280 2767 4351 loquitur
2806 4298 2817 4333 :
2856 4278 3030 4333 Natus
3050 4285 3125 4333 est
3146 4276 3302 4330 hodie
3323 4274 3516 4331 Salva-

1919 4388 2033 4443 tor,
2083 4380 2169 4447 qui
2225 4386 2300 4431 est
2347 4375 2583 4429 Christus
2629 4374 2901 4428 Dominus.
2936 4371 3174 4426 Putasne
3201 4369 3337 4429 nihil
3368 4368 3517 4423 aliud

1917 4470 2133 4525 divinus
2162 4470 2574 4537 Scripturarum
2608 4479 2791 4521 sermo
2821 4464 3093 4535 signiﬁcat
3116 4504 3131 4530 ,
3174 4462 3268 4516 sed
3299 4471 3510 4517 tantum

1920 4563 2025 4618 hoc
2051 4562 2192 4631 qUod
2222 4562 2288 4615 ad
2324 4570 2569 4630 pastores
2593 4560 2806 4614 venerit
2828 4559 3084 4628 angelus,
3116 4568 3170 4611 et
3198 4556 3279 4611 eis
3304 4557 3516 4610 locutus

223 4652 437 4695 centem
464 4660 478 4694 :
504 4640 641 4695 Ecce
663 4642 850 4697 adsum
879 4643 1093 4716 (Matth.
1120 4645 1220 4715 xt).
1253 4646 1404 4703 Sicut
1435 4650 1578 4701 enim
1604 4649 1816 4720 Moyses
1842 4629 1896 4690 Ῑ)
1921 4656 2033 4711 sit?
2072 4629 2307 4718 Audite,
2328 4629 2589 4721 pastores
2629 4650 3000 4704 Ecclesiarum
3026 4691 3041 4714 ,
3091 4656 3343 4716 pastores
3374 4644 3473 4699 Dei
3499 4684 3513 4709 ,

228 4730 559 4798 loquebatur
580 4778 594 4801 ,
628 4746 682 4789 et
712 4734 859 4790 Deus
888 4736 1253 4806 respondebat
1280 4739 1327 4792 ei
1366 4760 1379 4793 :
1412 4738 1490 4792 sic
1513 4749 1644 4808 puto
1671 4742 1814 4810 quod

225 4823 464 4880 Joannes
486 4827 704 4882 locutus
726 4827 892 4885 fuerit
912 4830 965 4885 iu
982 4833 1218 4896 deserto,
1242 4845 1291 4887 et
1314 4831 1575 4888 Dominus
1592 4850 1821 4905 respou-

225 4916 366 4971 derit
405 4919 481 4973 ei.
512 4918 627 4974 Hoc
669 4922 912 4977 arbitror
936 4963 950 4988 ,
1002 4932 1155 4977 certa
1188 4924 1256 4977 de
1285 4922 1579 4994 Scripturis
1607 4926 1817 4981 ratione

225 5021 551 5067 commotus.
585 5012 641 5068 Si
667 5016 814 5070 enim
838 5017 1015 5085 major
1035 5017 1088 5071 in
1120 5022 1261 5071 natis
1291 5018 1579 5073 mulierum
1604 5021 1814 5075 Joanne

222 5100 468 5171 Baptista
506 5103 609 5159 fuit
645 5121 809 5160 nemo
833 5148 847 5170 ,
897 5107 1065 5179 Moysi
1104 5118 1289 5163 autem
1328 5110 1607 5177 reSpondit
1632 5110 1772 5165 Deus
1796 5151 1810 5174 ,

223 5207 624 5265 consequenter
650 5199 939 5269 respondit
978 5206 1035 5254 et
1071 5198 1264 5255 Joanni
1294 5203 1382 5271 qui
1427 5202 1602 5271 major
1633 5203 1814 5275 Moyse

226 5282 359 5351 fuit,
403 5288 493 5356 qui
522 5296 611 5343 est
637 5292 877 5344 nutritus
916 5290 972 5345 in
1000 5306 1186 5346 eremo
1211 5333 1225 5355 ,
1275 5293 1429 5362 cujus
1470 5292 1812 5350 nativitatem

225 5375 363 5431 idem
407 5381 776 5451 archangelus
821 5383 913 5453 qui
960 5395 1015 5439 et
1046 5385 1263 5439 Domini
1307 5388 1612 5451 nuntiavit,
1661 5388 1816 5457 cujus

226 5480 375 5537 pater
399 5473 490 5542 qui
522 5490 654 5528 eum
689 5478 838 5530 nasci
865 5493 973 5531 non
1003 5477 1304 5546 credebat,
1350 5479 1640 5534 obmutuit.
1689 5480 1818 5534 Erat

222 5558 382 5629 igitur
425 5565 480 5620 in
520 5565 750 5621 deserto
792 5569 1069 5627 Joannes.
1120 5579 1175 5622 et
1213 5568 1554 5624 nutriebatur
1588 5587 1727 5625 novo
1766 5582 1822 5626 et

226 5665 371 5710 extra
401 5655 708 5713 humanam
742 5673 991 5715 naturam
1025 5661 1187 5716 modo
1212 5702 1227 5726 ,
1270 5660 1323 5715 id
1358 5661 1532 5729 ipsum
1565 5662 1821 5717 Mattltaeo

1919 4748 2062 4820 qttod
2091 4760 2310 4814 semper
2363 4743 2587 4811 angelus
2637 4741 2757 4810 ejus
2806 4740 3104 4795 descendat
3155 4754 3186 4793 e
3235 4738 3412 4801 coelo,
3464 4745 3520 4789 et

1919 4839 2209 4894 aununtiet
2236 4835 2390 4888 vobis
2417 4833 2674 4904 quoniam
2702 4841 2860 4884 natus
2901 4842 2983 4884 εει
3011 4829 3169 4883 vobis
3208 4828 3372 4882 hodie
3395 4826 3519 4880 Sal-

1920 4939 2082 4987 vator
2106 4970 2121 4995 ,
2168 4928 2259 4999 qui
2289 4934 2375 4982 est
2402 4924 2658 4979 Christus
2689 4922 2973 4977 Dominus.
3023 4920 3237 4974 Etenim
3272 4927 3520 4985 pastores

1923 5022 2287 5079 Ecclesiarum
2308 5062 2324 5086 ,
2361 5018 2461 5071 nisi
2510 5015 2599 5068 ille
2644 5023 2829 5081 pastor
2857 5010 3114 5073 venerit,
3150 5024 3250 5080 per
3279 5023 3340 5063 se
3372 5009 3513 5062 bene

1921 5130 2140 5188 gregem
2172 5126 2393 5168 servare
2425 5123 2532 5164 non
2582 5114 2845 5178 poterunt
2869 5146 2882 5171 ,
2928 5102 3141 5159 inﬁrma
3196 5110 3280 5156 est
3321 5116 3516 5156 eorum

1921 5207 2168 5263 custodia
2194 5252 2207 5273 ,
2243 5205 2346 5259 nisi
2379 5201 2628 5258 Christus
2658 5215 2780 5255 cum
2817 5199 2900 5252 eis
2952 5196 3164 5267 paverit
3203 5206 3367 5263 atque
3394 5208 3515 5247 ser-

1921 5300 2156 5354 vaverit.
2186 5296 2401 5351 Dudum
2436 5294 2486 5347 iu
2512 5292 2776 5361 Apostolo
2809 5292 3007 5344 lectum
3040 5294 3127 5342 est
3147 5328 3161 5352 ,
3195 5285 3291 5340 Dei
3317 5299 3520 5353 coOpe-

1925 5403 2137 5448 ratores
2161 5404 2349 5445 sumus
2380 5386 2433 5460 (l
2467 5384 2588 5441 Cor.
2620 5383 2738 5452 ιιι).
2774 5382 2969 5436 Pastor
2996 5381 3200 5444 bonus,
3230 5378 3320 5446 qui
3344 5378 3524 5429 imita—

1930 5492 2018 5537 tur
2050 5491 2322 5550 pastorem
2356 5480 2557 5533 bonum
2587 5473 2774 5545 (Joan.
2802 5472 2899 5541 χ),
2936 5480 3263 5539 cooperator
3292 5475 3377 5523 est
3418 5465 3518 5521 Dei

1928 5583 1984 5627 et
2013 5573 2237 5629 Christi.
2263 5572 2332 5625 Et
2363 5580 2651 5641 propterea
2684 5576 2871 5637 pastor
2899 5564 3075 5617 bonus
3100 5568 3209 5626 est,
3231 5564 3324 5629 qui
3355 5557 3521 5613 habet

1934 5677 2120 5719 secum
2168 5674 2444 5732 pastorem
2484 5662 2752 5728 optimum
2785 5661 3224 5725 compascentem
3252 5650 3380 5706 sibi.
3415 5649 3524 5706 Po-

291 5843 314 5872 '
355 5838 649 5899 Maluerim
684 5839 740 5895 in
771 5848 927 5896 recto
960 5838 1104 5895 Dixi.
1151 5839 1384 5897 Leviora
1424 5839 1679 5911 quaedam
1717 5839 1823 5921 alia
1856 5839 2011 5896 taciti
2041 5840 2391 5911 castigamus.
