4044 6356
447 392 556 448 εις

1698 382 1754 432 S.
1797 374 2067 433 EUSEBII
2106 371 2492 429 ιιιιίιιιιῂγιιι

3634 368 3742 429 244

452 509 560 561 suit
599 506 746 561 enim
796 504 935 558 Deus
966 502 1016 555 in
1053 499 1292 557 Ecclesia
1339 494 1619 568 apostolos
1640 537 1653 559 ,
1688 491 1989 563 prophetas
2014 534 2028 557 ,
2061 492 2115 555 Α
2136 489 2209 543 ris
2226 486 2557 558 Λῖῃνριὶιιιιι,
2582 484 2827 553 quoniam
2855 484 3067 539 aduentv
3089 482 3243 536 eratis
3267 483 3320 536 in
3342 490 3477 539 terra
3492 480 3736 555 Egypti,

450 600 846 668 evangelistas,
880 604 1126 661 pastores
1147 632 1162 656 ,
1195 591 1449 646 doctores
1471 630 1486 653 ,
1518 587 1701 642 omnia
1738 586 1790 645 in
1821 582 2035 654 periec.

454 692 599 744 tlone
649 694 963 742 sanctorum
1004 682 1186 754 (Eph.
1220 697 1270 736 ιν
1292 682 1331 749 ).
1367 681 1433 735 Ει
1483 681 1596 734 hec
1643 677 1863 747 quidem
1909 684 2039 735 cunt

448 780 592 835 dicta
617 777 939 847 simplicius.
969 777 1239 831 (lictorum
1271 774 1317 828 si
1348 772 1413 827 ad
1442 771 1798 826 sacratiorem
1822 774 2040 839 oportet

449 868 743 925 accendere
769 865 1207 935 intelligentiam,
1230 864 1406 921 dicam
1431 862 1695 933 quosdam
1718 860 1890 916 fuisse
1916 875 2040 928 pas~

452 974 599 1018 tores
622 960 844 1030 angelos
870 959 963 1029 qui
994 972 1083 1017 res
1105 958 1368 1011 humanas
1395 965 1667 1026 regerent.
1703 955 1766 1010 Et
1793 969 1915 1011 cum
1942 955 2038 1012 lto-

451 1070 568 1111 rum
609 1052 981 1122 unusquisque
1009 1065 1161 1105 suam
1190 1050 1490 1104 custodiam
1540 1057 1932 1110 conservaret.
1986 1055 2039 1100 et

446 1145 641 1201 diebus
679 1159 743 1198 ae
783 1143 1037 1203 noctibus
1065 1141 1297 1212 vigilans
1337 1140 1448 1208 jam
1482 1140 1725 1195 laborem
1754 1139 1897 1194 ierre
1929 1153 2036 1193 non

449 1248 670 1307 posset,
700 1245 755 1291 et
784 1234 891 1290 hoc
919 1242 1110 1304 ageret
1136 1233 1439 1296 industrie,
1472 1240 1532 1286 ut
1560 1240 1752 1301 gentes
1783 1245 1903 1299 qutr
1931 1228 2039 1283 sibi

444 1329 669 1386 credite
701 1328 935 1391 fuerant,
962 1327 1325 1397 gubernaret,
1361 1323 1580 1379 venisse
1617 1322 1871 1391 angelum
1907 1332 2039 1377 nato

449 1423 685 1477 Domino
710 1462 725 1488 ,
759 1434 815 1476 et
844 1420 1199 1475 utttttlttliaSse
1230 1419 1563 1490 pastoribus,
1589 1417 1734 1487 quod
1763 1433 1925 1473 verus
1952 1432 2039 1472 esv

449 1525 532 1567 sct
565 1521 752 1580 pastor
790 1520 1037 1567 exortus.
1069 1510 1233 1566 Verbi
1282 1510 1454 1580 gratia
1480 1550 1496 1575 ,
1550 1518 1608 1565 ιιι
1635 1508 1702 1563 ad
1728 1508 2039 1578 exemplum

447 1609 662 1660 veniam
685 1646 699 1670 ,
732 1614 851 1660 erat
879 1604 1102 1674 quidam
1128 1614 1312 1674 pastor
1340 1603 1670 1659 Macedonia:
1688 1648 1701 1670 ,
1730 1602 1823 1657 hic
1853 1617 2041 1658 neces-

450 1698 653 1752 sarium
683 1696 919 1751 habebat
962 1697 1225 1751 auxilium
1260 1696 1470 1750 Domini
1505 1713 1517 1750 :
1549 1702 1836 1765 propterea
1873 1710 2043 1766 appa-

449 1794 556 1846 ruit
590 1795 640 1842 in
674 1790 877 1844 somnis
908 1791 990 1844 vir
1022 1789 1244 1844 ΠειραιΙο
1268 1789 1474 1857 Paulo,
1505 1788 1728 1844 dicens:
1755 1786 2040 1845 Transiena

448 1887 503 1939 in
561 1884 963 1950 Macedoniam,
1019 1885 1214 1955 udjuva
1272 1900 1365 1937 nos
1390 1886 1410 1955 (
1439 1886 1555 1939 Act.
1595 1898 1684 1937 xu
1706 1883 1747 1953 ).
1771 1882 1913 1948 Quid
1971 1881 2042 1938 de
2072 1872 2119 1937 Β

450 1979 618 2035 Paulo
651 1977 1024 2048 loquaricnm
1056 1980 1170 2035 haec
1204 1993 1309 2030 non
1342 1976 1530 2041 Paulo,
1566 1974 1665 2030 sed
1695 1976 1785 2045 qui
1818 1976 1870 2029 in
1903 1975 2042 2030 Pau-

451 2072 505 2126 lo
532 2083 651 2127 erat
674 2113 687 2134 ,
725 2071 936 2127 locutus
967 2071 1042 2126 sit
1071 2071 1275 2127 Jcsus?
1310 2071 1557 2140 lndigent
1585 2070 1766 2140 itaque
1794 2080 2043 2138 pastores

452 2162 737 2232 praesentia
765 2161 992 2216 Christi.
1027 2161 1394 2229 Quamobrem
1417 2162 1643 2232 angelus
1664 2160 1947 2217 descendit
1974 2160 2044 2217 de
2071 2163 2075 2167 ’

449 2254 609 2315 etelo.
644 2266 699 2309 et
730 2256 807 2309 ait
837 2275 849 2310 :
887 2255 1066 2317 Nolite
1084 2257 1280 2312 timere.
1314 2254 1449 2310 Ecce
1472 2257 1606 2310 enim
1628 2257 1885 2311 annuntio
1906 2255 2046 2311 vobis

452 2348 699 2418 gaudium
726 2364 991 2418 tnagttum.
1027 2349 1162 2403 Vere
1190 2350 1446 2419 gaudium
1480 2364 1736 2419 magnum
1756 2391 1769 2415 ,
1815 2350 1898 2403 his
1928 2351 2048 2419 qui-

452 2439 553 2493 bus
573 2438 855 2493 hominum
879 2439 1076 2507 fuerat,
1096 2449 1152 2494 et
1177 2440 1580 2509 provinciarum
1602 2454 1731 2495 cura
1755 2440 2043 2510 permissa,

453 2531 735 2585 Christum
767 2532 986 2586 venisse
1018 2531 1072 2587 itt
1103 2531 1387 2589 mundum.
1422 2530 1645 2587 Multum
1677 2532 1925 2587 utilitatis
1955 2547 2047 2587 ac-

455 2624 602 2691 repit
630 2622 890 2693 angelus,
926 2624 1017 2693 qui
1038 2622 1392 2693 dispensabat
1413 2622 1697 2695 {Egypties
1723 2638 1841 2691 res,
1895 2633 2047 2694 post-

459 2730 620 2784 quam
656 2716 916 2770 Dominus
946 2714 1234 2773 descendit
1276 2733 1305 2772 c
1343 2717 1506 2782 omlo,
1535 2728 1591 2772 ut
1617 2716 1860 2789 Egyptii
1890 2717 2052 2771 Chri-

463 2805 631 2861 stiani
684 2806 900 2863 tierent.
958 2807 1173 2864 Profuit
1246 2819 1302 2864 et
1371 2812 1610 2877 cunctis,
1669 2814 1758 2881 qui
1806 2812 2051 2868 diversas

460 2898 774 2965 provincias
805 2899 1146 2956 obtinebant.
1195 2901 1361 2958 Verbi
1390 2916 1554 2961 causa
1577 2946 1591 2970 ,
1628 2903 1845 2973 prasidi
1875 2904 2052 2961 Hace.

457 2988 666 3056 deuito,
703 2990 917 3057 ιιι-ιοεὶάί
949 2991 1199 3055 Aebaiw.
1251 2993 1691 3067 reliquarumque
1744 2998 2048 3068 regionum.

458 3079 644 3150 Neque
695 3082 839 3136 enim
892 3081 974 3137 fas
1030 3093 1117 3139 est
1159 3085 1390 3140 credere
1444 3088 1615 3143 malos
1668 3089 1895 3160 angelos
1936 3090 2052 3148 suis

463 3186 699 3239 pmesse
722 3174 1041 3243 provinciis,
1071 3189 1124 3231 ct
1158 3177 1330 3233 bonos
1354 3196 1459 3232 non
1484 3180 1708 3235 easdem
1742 3183 2053 3249 provincias

2143 592 2189 635 et
2218 579 2530 641 ldttmwuut,
2562 577 2682 647 quia
2711 579 2875 646 frater
2906 583 3029 631 tuus
3054 585 3148 631 est.
3178 572 3310 631 Filii
3337 575 3381 628 si
3402 575 3513 631 nati
3541 574 3741 646 {uerius

2142 676 2213 733 eis
2241 715 2256 741 ,
2290 673 2344 731 in
2374 670 2703 744 generatione
2734 669 2882 723 tertia
2914 666 3180 723 intrabunt
3234 666 3288 728 in
3314 662 3610 727 Ecclesium
3636 661 3739 719 Dei

2144 765 2338 839 (Deut.
2371 780 2502 823 χχιιι
2530 761 2572 833 ),
2605 761 2784 832 Atque
2813 761 2884 819 ita
2918 758 3104 827 ﬁebat,
3145 768 3201 813 ut
3226 757 3294 817 de
3321 756 3574 813 omnibus
3596 770 3737 829 gen-

2144 860 2286 917 tibus
2315 856 2561 917 nonnulli
2597 852 2861 926 proselyti
2892 851 3108 918 fierent,
3142 862 3197 911 et
3227 849 3329 911 hoc
3351 851 3531 923 ipsum
3570 863 3738 925 auge-

2144 956 2249 1021 lis,
2291 955 2380 1026 qtti
2428 961 2617 1024 gentos
2667 951 2938 1009 habebant
2989 945 3233 1007 subditas
3264 985 3280 1014 ,
3339 942 3731 1003 adnitentibus.

2141 1050 2293 1106 Nunc
2319 1058 2501 1107 autent
2534 1044 2719 1115 populi
2765 1041 3107 1104 credentium
3152 1036 3422 1099 accedunt
3460 1035 3530 1097 ad
3571 1034 3737 1095 ﬁdem

2142 1144 2293 1207 Jesn,
2317 1148 2373 1196 et
2401 1138 2577 1209 angeli
2608 1137 2803 1206 quibus
2832 1133 3055 1194 creditae
3084 1130 3287 1191 iuerint
3317 1127 3613 1195 Ecclesiae,
3646 1140 3739 1184 ro-

2143 1236 2318 1297 bor-eti
2350 1233 2643 1303 praesentia
2664 1228 2987 1296 Salvatoris,
3012 1226 3215 1287 multos
3241 1225 3521 1286 adducunl
3549 1238 3738 1294 prose-

2143 1333 2313 1403 lytos,
2367 1340 2426 1385 ιιι
2452 1336 2854 1399 congregantur
2890 1326 2946 1383 in
2976 1325 3126 1381 omni
3169 1322 3303 1381 orbe
3350 1319 3736 1379 conventicula

2142 1424 2595 1481 Christianorum.
2628 1420 2977 1491 Quapmptcr
3001 1424 3406 1487 consurgentes
3450 1414 3739 1473 laudemus

2146 1519 2432 1574 Dominum
2459 1560 2473 1583 ,
2507 1526 2557 1572 et
2587 1516 2780 1571 liamus
2810 1529 2909 1584 pro
2952 1511 3161 1573 carnali
3208 1509 3374 1568 lsrael
3400 1548 3418 1575 ,
3473 1507 3738 1579 spiritalis

2145 1610 2334 1669 Israel.
2371 1609 2765 1665 Benedicamus
2794 1604 3153 1676 omnipotenti
3187 1603 3299 1661 Deo
3328 1616 3533 1672 Opere,
3582 1599 3737 1671 cogi-

2147 1705 2385 1769 tatione,
2419 1716 2710 1769 sermone,
2743 1701 2794 1755 itt
2827 1699 3044 1755 Christo
3064 1697 3193 1754 Jesu
3213 1739 3227 1764 ,
3260 1696 3348 1751 eui
3372 1704 3456 1752 est
3481 1694 3656 1765 gloria
3681 1701 3742 1750 et

2144 1797 2431 1868 imperium
2467 1797 2519 1850 in
2551 1794 2750 1850 secula
2782 1792 3128 1847 surculorum.
3159 1790 3351 1849 Anien.

2706 1945 2992 2013 liOMlLlA
3033 1943 3174 2003 XIII.

2150 2089 2223 2143 De
2273 2102 2338 2142 eo
2384 2085 2526 2157 quod
2568 2083 2828 2153 scriptum
2882 2090 2966 2135 est
2998 2096 3011 2133 :
3046 2077 3115 2157 Et
3149 2080 3286 2157 facta
3332 2086 3405 2131 cst
3458 2074 3740 2157 multitudo

2218 2147 2472 2215 exercitus
2502 2147 2717 2213 caelestis
2745 2197 2760 2219 ,
2792 2168 2962 2222 usque
3004 2152 3070 2206 ad
3098 2147 3220 2207 cum
3274 2152 3453 2222 locum
3487 2147 3577 2205 ubi
3617 2149 3692 2201 ait
3722 2164 3737 2205 ;

2217 2229 2533 2357 énvcuelrlunt
2572 2226 2804 2285 Mariam
2848 2220 2894 2280 et
2944 2224 3122 2281 Jrsttm
3147 2224 3371 2295 positum
3405 2220 3457 2277 in
3487 2234 3736 2291 ιιιθιυεξρρ.

2264 2317 2353 2377 ap,
2446 2340 2458 2352 .

2222 2438 2487 2494 Dominus
2518 2445 2734 2499 noster,
2764 2440 2925 2501 atque
2970 2428 3225 2487 Salvator
3257 2428 3310 2481 in
3342 2425 3654 2489 iivtlilcem,
3687 2432 3743 2484 et

2152 2531 2443 2588 multitudo
2470 2526 2714 2584 caelestis
2745 2524 3019 2582 exercitus
3042 2521 3225 2577 laudat
3254 2519 3451 2585 Deum,
3478 2528 3527 2575 et
3562 2516 3694 2575 dicit
3722 2533 3739 2574 :

2152 2625 2335 2680 Gloria
2364 2625 2417 2677 in
2445 2621 2663 2676 excelsis
2697 2617 2823 2683 Deo,
2855 2627 2905 2677 ct
2925 2632 3077 2688 super
3104 2624 3294 2670 terram
3316 2628 3421 2685 pax
3449 2609 3743 2669 hominibus

2154 2720 2301 2779 bene
2325 2715 2624 2771 voluntatis.
2676 2713 2802 2768 Hac
2829 2719 3010 2770 autem
3052 2709 3287 2778 loquitur
3316 2702 3602 2763 multitudo
3629 2718 3746 2761 cm-

2154 2812 2307 2867 lestis
2326 2809 2626 2871 exercitus,
2662 2804 2785 2875 quia
2815 2803 2926 2873 jam
2960 2800 3241 2857 deiecerat
3289 2796 3533 2866 praebere
3564 2794 3748 2855 homi-

2154 2905 2313 2961 nibus
2339 2902 2627 2964 ausilium,
2657 2909 2713 2955 et
2736 2896 2951 2954 videbat
2999 2910 3060 2952 se
3105 2908 3244 2963 opus
3272 2890 3414 2961 quod
3439 2889 3541 2945 sibi
3570 2887 3753 2946 credi-

2156 3007 2267 3053 tmn
2294 2996 2492 3060 iuerat,
2525 2992 2757 3061 implore
2799 3005 2909 3046 non
2941 3001 3099 3058 posse
3136 2984 3343 3054 absque
3391 2996 3458 3037 eo
3494 2981 3749 3051 quivere

2156 3089 2364 3145 salvare
2391 3095 2628 3152 poterat,
2658 3094 2712 3138 et
2741 3082 3004 3154 praasules
3030 3092 3246 3150 quoque
3276 3075 3661 3146 ipsosjuvarc,
3688 3081 3751 3135 ut

2158 3182 2407 3237 homines
2442 3179 2807 3239 solverentur.
2840 3174 3127 3243 Quomodo
3159 3172 3319 3243 igitur
3368 3168 3627 3239 scriptum
3662 3175 3750 3228 est

460 3264 662 3319 habere
695 3268 1008 3334 permissas.
1049 3269 1159 3323 Iloc
1189 3282 1369 3324 autem
1398 3272 1540 3342 quod
1567 3273 1637 3328 de
1663 3275 1894 3345 singulis
1924 3292 2052 3347 pro-
2077 3248 2125 3313 (ἶ
2159 3278 2210 3329 in
2242 3272 2531 3343 Evangelia
2562 3313 2578 3339 ,
2630 3270 2771 3341 quod
2813 3270 3034 3341 quidam
3068 3266 3239 3325 remis
3281 3264 3557 3321 sulcantes
3596 3275 3749 3318 mare

459 3355 656 3413 vinciis
682 3356 837 3420 dicit,
873 3367 1004 3435 puto
1027 3361 1190 3421 etiam
1221 3362 1290 3421 de
1312 3362 1580 3427 ililiYel'aiS
1612 3367 1926 3427 hominibus
1952 3385 2047 3440 ge-

460 3450 722 3505 neraliter
759 3448 962 3506 debere
1008 3453 1257 3510 credere.
1295 3453 1600 3528 Unicuique
1652 3460 1760 3515 duo
1791 3462 2053 3520 assistunt

462 3550 489 3583 ⁸
515 3542 707 3612 Angeli
730 3583 747 3613 ,
773 3543 918 3597 alter
959 3544 1216 3613 justitl:e,
1273 3547 1410 3602 alter
1442 3549 1767 3620 iniquitatis.
1804 3556 1858 3609 Si
1894 3555 2055 3612 bona:

458 3636 820 3705 cogitationes
852 3634 903 3688 In
938 3635 1105 3690 corde
1158 3648 1345 3692 nostro
1394 3640 1631 3709 fuerint,
1665 3654 1720 3697 et
1770 3646 1822 3699 in
1870 3647 2054 3703 animo

450 3726 663 3796 iustitia
699 3727 984 3797 pullularit
1007 3772 1022 3796 ,
1059 3729 1200 3791 haud
1239 3731 1465 3793 dubium
1494 3736 1624 3805 quin
1658 3738 1823 3795 nobis
1863 3740 2054 3811 loqua-

460 3833 549 3877 tur
577 3820 803 3889 angelus
829 3822 1066 3883 Domini.
1095 3824 1156 3880 Si
1184 3839 1317 3881 vero
1361 3828 1500 3883 mala
1532 3830 1735 3887 iuerint
1783 3836 1836 3891 in
1866 3846 2056 3894 nostro

462 3912 631 3970 corde
655 3922 867 3974 versata
891 3957 905 3981 ,
940 3915 1179 3986 loquitur
1207 3920 1368 3977 nobis
1398 3924 1625 3992 angelus
1646 3925 1869 3985 diaboli.
1902 3929 2051 3997 Quo-

464 4003 629 4061 modo
676 4004 843 4075 igitur
867 4022 964 4075 per
991 4009 1239 4078 singulos
1265 4011 1515 4073 homines
1542 4015 1652 4075 bini
1682 4032 1808 4076 sunt
1836 4026 2012 4095 angeli
2035 4070 2051 4094 ,

464 4097 545 4152 sic
582 4096 788 4189 opinor
818 4106 877 4157 et.
921 4102 974 4155 in
1018 4101 1251 4171 singulis
1281 4104 1531 4175 dispares
1567 4124 1689 4166 esse
1718 4117 2052 4189 provinciis,

466 4197 524 4244 ut
546 4188 660 4250 sint
683 4196 738 4244 et
765 4187 914 4253 boni.
937 4190 1046 4253 sint
1066 4204 1117 4249 et
1151 4194 1303 4251 mali.
1337 4196 1499 4255 Verbi
1523 4204 1725 4270 gratia,
1759 4205 1812 4261 in
1839 4187 2055 4278 Epheso

466 4287 688 4372 propter
731 4282 960 4372 ωειιυί
1005 4282 1063 4344 in
1113 4284 1204 4343 illa
1259 4288 1391 4347 urbe
1465 4303 1786 4359 peccatores
1860 4311 2052 4372 erant,

464 4371 688 4439 pessimi
709 4370 889 4442 angeli
918 4374 1307 4444 prasidcbant.
1337 4378 1546 4439 Rursus
1568 4385 1692 4453 quia
1715 4389 1872 4449 multi
1899 4370 2056 4451 erant

464 4459 752 4523 credentes
784 4460 838 4519 in
872 4476 935 4525 ea
960 4504 979 4529 .
1008 4473 1131 4525 erat
1154 4477 1212 4527 et
1234 4470 1460 4537 angelus
1490 4472 1748 4533 Ecclesiae
1778 4479 2054 4544 Ephesio-

464 4568 628 4647 rem,
683 4554 869 4626 utique
918 4556 1110 4620 bonus.
1141 4559 1258 4619 lloc
1299 4570 1479 4620 autem
1527 4570 1668 4637 quod
1715 4571 1788 4628 de
1833 4574 2053 4647 Epheso

460 4642 699 4707 diximus
723 4686 738 4713 ,
768 4660 937 4715 super
963 4650 1217 4709 omnibus
1258 4634 1557 4722 provinciis
1583 4634 2047 4732 cognoscent-dum.
2079 4634 2128 4699 Ι)

460 4734 605 4793 Ante
625 4734 920 4801 adventum
946 4738 1165 4804 Dninini
1191 4743 1512 4815 Salvatoris,
1536 4750 1625 4811 isti
1650 4758 1827 4824 angeli
1857 4772 2050 4828 parum

460 4834 718 4896 poterant
762 4830 983 4893 creditis
1013 4832 1117 4891 sibi
1152 4835 1406 4897 utilitatis
1451 4840 1651 4902 aderre
1673 4884 1690 4909 ,
1734 4855 1791 4902 et
1820 4861 2049 4912 conatus

454 4938 646 4986 eorum
705 4928 860 4997 sequi
930 4931 1283 5005 εει-282
1340 4949 1449 4995 non
1528 4938 1741 4999 valebat
1796 4943 2043 5004 allectus.

455 5014 741 5082 Quoddam
769 5028 857 5075 est
884 5021 1100 5092 signum
1125 5064 1140 5088 .
1183 5041 1350 5095 quam
1382 5044 1569 5097 parum
1598 5034 1869 5102 prodesse
1893 5049 2046 5107 pote.

454 5119 578 5167 rant
598 5111 885 5178 subiectis.
914 5113 1179 5175 Ausculta
1204 5119 1357 5188 quod
1384 5120 1619 5181 dicimus
1646 5143 1664 5183 :
1693 5125 1923 5195 Quando
1947 5146 2048 5188 an-

2157 3370 2420 3426 adversus
2460 3368 2768 3423 contrarios
2796 3374 2987 3421 ventos
3028 3363 3141 3434 jam
3174 3360 3299 3420 fessi
3329 3367 3522 3425 erant,
3576 3367 3633 3415 et
3661 3357 3747 3411 vi-

2156 3464 2292 3535 ginti
2318 3462 2590 3533 quinque.
2614 3460 2730 3516 sive
2758 3460 2979 3528 triginta
3009 3455 3202 3511 stadiis
3235 3454 3550 3511 laborantes
3571 3494 3584 3518 ,
3618 3464 3751 3519 por-

2160 3568 2271 3612 tum
2303 3565 2492 3611 tenere
2522 3570 2630 3609 non
2666 3558 2938 3622 poterant,
2967 3559 3025 3606 et
3056 3560 3242 3619 postea
3271 3545 3531 3602 Dominus
3562 3558 3755 3614 supers

2157 3648 2326 3716 venit,
2350 3658 2406 3704 ct
2430 3648 2713 3718 quiescere
2740 3645 2873 3702 fecit
2892 3643 3090 3700 tinctus
3121 3651 3415 3708 tumentes,
3446 3650 3752 3708 navemque

2157 3745 2312 3813 cujus
2360 3743 2484 3797 hinc
2511 3739 2636 3795 inde
2681 3741 2850 3795 latera
2883 3736 3253 3793 tondebantur
3276 3776 3293 3799 ,
3340 3735 3409 3789 ab
3441 3729 3751 3789 imminenti

2158 3837 2470 3894 discrimine
2518 3832 2765 3889 liberavit
2801 3829 2998 3903 (Joan.
3028 3832 3114 3897 vt)
3144 3848 3158 3884 :
3193 3829 3273 3886 sic
3322 3825 3566 3895 intelligo
3605 3837 3751 3895 quo-

2159 3932 2303 3986 ttiam
2323 3938 2378 3983 et
2407 3927 2584 3998 angeli
2617 3926 2869 3981 volebant
2897 3922 3121 3993 quidem
3154 3920 3463 3979 hominibus
3494 3916 3741 3987 pmbem

2159 4023 2420 4078 auxilium
2442 4061 2457 4086 ,
2485 4030 2541 4076 et
2568 4020 2646 4074 eis
2666 4019 2737 4073 ab
2760 4015 3211 4088 aegrotationibus
3237 4015 3347 4071 suis
3382 4010 3621 4068 trilmere
3659 4022 3751 4064 sa-

2159 4113 2385 4169 nitatem
2405 4153 2420 4177 ,
2454 4111 2581 4181 quia
2606 4125 2781 4163 omnes
2809 4117 2925 4165 sunt
2953 4106 3279 4178 apparitores
3304 4103 3523 4175 spiritus
3564 4101 3619 4154 its
3647 4098 3750 4154 nti-

2159 4207 2427 4261 nisterium
2472 4203 2617 4258 missi
2643 4212 2855 4273 propter
2881 4217 2966 4254 eos
2989 4200 3075 4267 qui
3102 4198 3363 4253 consecuti
3387 4205 3504 4250 sunt
3529 4194 3751 4248 salutent

2158 4297 2362 4371 (Hebr.
2391 4296 2442 4367 ι)
2471 4310 2486 4351 :
2516 4294 2607 4365 qui
2649 4301 2911 4364 quantum
2945 4292 2997 4347 in
3025 4290 3139 4347 suis
3168 4290 3374 4345 viribus
3404 4297 3521 4343 erat
3542 4327 3556 4352 ,
3589 4283 3748 4353 adju~

2157 4390 2365 4447 vabant
2409 4387 2681 4443 homines.
2719 4383 2985 4441 Videbunt
3012 4392 3192 4439 autem
3220 4380 3389 4439 multo
3432 4378 3751 4436 inferiorem

2158 4496 2312 4540 suam
2337 4493 2463 4535 esse
2487 4476 2841 4545 medicinam,
2873 4490 3034 4546 quam
3055 4474 3273 4531 illorum
3302 4486 3432 4527 cura
3465 4467 3743 4541 poscebat.

2159 4574 2331 4630 Porro
2378 4580 2436 4625 ut
2460 4569 2535 4627 de
2560 4568 2814 4637 exemplo
2869 4567 3042 4637 possis
3072 4565 3382 4634 intelligere
3433 4561 3575 4633 quod
3606 4561 3749 4617 dicio

2156 4678 2283 4725 mus
2307 4704 2325 4729 ,
2366 4663 2489 4719 vide
2518 4659 2653 4718 mihi
2674 4659 2860 4715 urbem
2895 4658 2950 4715 in
2977 4671 3082 4726 qua
3112 4663 3378 4727 mgrotent
3402 4653 3617 4723 plurimi
3642 4694 3657 4717 .
3691 4661 3751 4712 et

2158 4758 2491 4817 medicorum
2515 4756 2773 4825 frequens
2799 4750 3122 4810 adhibeatur
3140 4762 3369 4805 nianns:
3401 4746 3503 4800 sint
3530 4744 3748 4803 diversa

2156 4852 2381 4908 vulnera
2402 4890 2418 4915 ,
2443 4844 2689 4919 quotidie
2719 4846 2771 4901 in
2803 4851 3106 4904 emortuam
3135 4854 3353 4897 carnem
3381 4852 3611 4907 serpens
3641 4851 3744 4908 [tuo

2156 4946 2316 5003 trcdo
2346 4951 2591 5013 penetret
2613 4958 2626 4997 :
2646 4951 2700 4997 et
2734 4952 2911 4997 tamen
2939 4937 3133 4994 medici
3163 4936 3255 5002 qui
3279 4935 3507 4992 adhibiti
3533 4943 3657 4989 sunt
3675 4933 3747 4991 ad

2154 5037 2475 5102 curandum,
2494 5043 2768 5106 nequeant
2795 5032 2902 5088 alia
2922 5032 3065 5087 ultra
3086 5029 3337 5087 invenire
3356 5025 3743 5093 medicamina,

2153 5142 2208 5188 et
2253 5131 2389 5186 artis
2435 5145 2550 5187 suto
2588 5127 2821 5184 scientia
2852 5123 3279 5194 magnitudinem
3325 5123 3455 5177 moli
3482 5122 3744 5186 vincere;

451 5199 1366 5309 Ψυξ1ιξίσῖνιῆ⁶λξηξιιβὲγβιὶοε
1412 5214 1746 5285 adiuvabat,
1774 5221 1864 5279 vis
1904 5240 2046 5283 unus

2156 5241 2273 5281 cum
2321 5224 2443 5280 haec
2475 5224 2535 5278 in
2565 5221 2769 5276 talibus
2810 5218 2955 5274 nacti
2985 5216 3125 5284 sint,
3171 5216 3387 5273 eveniat
3428 5215 3625 5285 aliquis
3652 5230 3747 5270 ar.

452 5292 767 5402 proselth
803 5296 1067 5402 credebat
1090 5298 1144 5355 in
1175 5301 1368 5368 lacum,
1396 5316 1450 5361 et
1479 5304 1582 5363 hoc
1611 5307 1811 5375 (iebat,
1842 5314 2046 5387 Δῐειι»

2156 5319 2359 5376 rhiatcr
2382 5318 2473 5387 qui
2503 5315 2701 5370 habent
2729 5326 2998 5368 summam
3022 5310 3076 5365 itt
3107 5318 3223 5365 erle
3251 5308 3533 5373 nulitiztm,
3579 5316 3635 5363 et
3665 5307 3746 5364 illi

449 5388 556 5491 ‘2‘
580 5388 775 5491 ’ΨΜ
818 5388 1192 5491 δίξξοηθαξδίθν
1246 5395 1493 5491 θφίίιμο
1516 5401 1646 5469 quia
1691 5403 1943 5477 plerique
1972 5409 2043 5467 de
2145 5411 2240 5483 qui
2296 5408 2447 5481 prius
2495 5420 2690 5462 sanare
2740 5404 3098 5475 nequiverant
3151 5409 3442 5457 cernentes
3496 5399 3746 5469 magistri

448 5476 724 5582 ξεῖιὲξίίθ
769 5491 825 5539 ﬂ
879 5481 1433 5582 κωκξίδΡτθωῙῊῘ
1477 5492 1828 5563 “amabant
1858 5476 2038 5558 iidem
2145 5476 2309 5562 manu
2340 5501 2653 5575 putredines
2698 5513 2916 5554 cessare
2952 5496 3267 5560 vulnerum,
3308 5509 3415 5550 non
3447 5492 3746 5561 invideant,

445 5567 650 5629 ωυίδῑί
674 5611 692 5638 ο
727 5581 1015 5644 ΡΝΡίΟΜ
1041 5576 1325 5649 δαίρωῐδ
1342 5580 1512 5638 die“:
1548 5584 1675 5643 Νοη
1698 5587 2041 5646 αὸοαίκαὸσς
2137 5615 2245 5654 non
2277 5567 2455 5654 livore
2477 5593 2826 5657 crucientur,
2880 5588 2976 5645 sed
3000 5590 3050 5642 in
3099 5586 3289 5643 Iaudes
3327 5594 3621 5655 erumpant
3649 5600 3747 5644 ar-

517 5763 543 5793 ι
575 5755 651 5813 De
675 5758 883 5830 angelis
906 5759 1185 5843 hominum
1215 5768 1732 5847 provinciarumque
1764 5780 2027 5837 custodiae

442 5823 713 5898 praefectis
742 5842 810 5883 ex
836 5828 1089 5903 Ortgcnis
1127 5838 1397 5894 sententia
1428 5842 1554 5921 (qui
1595 5853 1783 5911 tamen
1809 5848 2028 5911 sibimet

2156 5798 2328 5854 sarum
2359 5789 2613 5839 constans
2643 5776 2775 5847 fuit)
2809 5774 3053 5831 dicemus
3087 5772 3251 5843 paulo
3299 5770 3532 5833 inferius
3555 5770 3623 5826 ad
3643 5772 3747 5830 Ηο.

2156 5853 2249 5913 nil.
2277 5853 2353 5912 εδ
2371 5865 2428 5912 et
2454 5848 2541 5913 55.
