4044 6334
268 327 389 385 iis

892 326 1333 384 TRANSLATIU
1377 326 1808 387 llOMlLIARUl
1845 330 2175 390 OREENIS
2216 332 2285 389 IN
2324 333 2579 393 LUCAM.
2625 336 2791 394 HOM.
2835 338 2977 395 XIV.

3490 342 3595 403 248

270 442 501 508 chiatri,
524 450 585 499 et
616 439 909 511 praedicent
940 428 1232 514 Deum'qui
1275 451 1331 498 et
1349 442 1456 498 sibi
1480 454 1538 499 et
1562 446 1876 515 egrotanti
1914 450 1967 512 Α
1991 449 2253 520 consequi
2274 450 2301 505 ἲ
2321 450 2438 524 Ego
2468 461 2598 522 pato
2626 454 2861 511 inveniri
2881 456 3042 511 simul
3072 472 3235 528 posse
3257 469 3312 515 et
3330 461 3592 531 angelum

272 535 386 594 bus
429 544 596 591 tanta:
639 535 883 591 scientia:
914 535 1192 592 hominem
1222 536 1457 597 miserit.
1492 535 1548 598 lu
1578 536 1721 595 hanc
1749 553 1884 609 ergo

279 628 706 687 similitudinem
766 638 819 685 et
877 630 1169 686 multitudo
1225 633 1503 691 exercitus
1569 633 1888 706 angelorum

278 722 468 780 audita
490 733 576 777 εει
607 723 795 779 dicens
824 744 837 777 :
870 721 1053 777 Gloria
1081 724 1137 778 in
1176 724 1395 779 excelsis
1425 724 1537 781 Deo
1565 769 1581 793 ,
1636 736 1683 781 et
1728 742 1888 797 super

281 826 480 872 terram
521 832 627 887 paa:
664 816 721 870 in
748 816 1040 870 horninibus
1077 817 1225 871 bona:
1251 818 1555 875 uoluntatis.
1584 818 1882 891 Postquam

284 912 437 969 enim
480 909 746 964 Dominus
796 910 944 964 venit
989 909 1057 965 ad
1105 922 1327 977 terram,
1366 926 1556 982 pacem
1602 911 1735 969 fecit
1788 927 1888 983 per

281 1002 610 1075 sanguinem
655 1002 837 1058 crucis
875 1018 1024 1069 suae,
1074 1003 1190 1059 sive
1220 1020 1409 1061 eorum
1458 1021 1579 1077 qua
1633 1007 1687 1062 in
1737 1016 1884 1063 terra

281 1103 464 1165 erant,
498 1097 615 1153 sive
641 1110 831 1151 eorum
875 1111 999 1167 quae
1056 1098 1111 1153 in
1149 1098 1307 1154 oculis
1335 1096 1559 1171 (Ephes.
1590 1099 1670 1172 ι).
1698 1099 1882 1170 Siqui-

283 1190 408 1245 dem
437 1187 688 1245 volentes
711 1187 891 1259 angeli
922 1198 979 1243 ut
1003 1188 1429 1245 recordarentur
1459 1191 1711 1247 homines
1734 1207 1887 1249 crea-

284 1283 421 1339 toris
444 1282 566 1347 sui,
617 1297 740 1336 cum
783 1281 1039 1337 iecissent
1067 1283 1251 1337 omnia
1277 1298 1397 1353 qua:
1442 1283 1495 1337 in
1525 1284 1639 1339 suis
1672 1285 1879 1340 viribus

282 1385 462 1442 erant,
486 1384 542 1429 ut
566 1383 890 1429 sanarentur
913 1415 930 1440 ,
962 1381 1019 1429 et
1048 1373 1350 1430 noluissent
1378 1373 1458 1429 illi
1488 1375 1764 1444 respicere
1791 1391 1882 1431 sa-

283 1469 540 1534 nitatem,
571 1476 801 1523 cernnnt
829 1482 953 1523 eum
982 1468 1074 1537 qui
1107 1481 1302 1521 sanare
1325 1468 1534 1536 potuit,
1582 1476 1639 1523 et
1666 1468 1879 1540 glorill-

280 1572 471 1617 cantes
490 1560 678 1617 dicunt
707 1577 720 1613 :
750 1557 937 1615 Gloria
966 1562 1018 1614 in
1041 1560 1254 1615 excelsis
1281 1557 1394 1614 Deo
1418 1568 1467 1615 et
1508 1578 1663 1634 super
1691 1571 1884 1618 terrent

283 1674 410 1729 pax.
439 1656 683 1726 Diligens
705 1655 1005 1725 Scriptura:
1030 1657 1205 1711 lector
1222 1657 1455 1727 inquirat
1477 1659 1751 1728 quomodo
1765 1657 1884 1714 Sal-

283 1758 441 1805 vator
470 1749 712 1819 loquitur
735 1769 750 1805 :
777 1748 901 1804 Non
925 1751 1038 1805 veni
1063 1766 1241 1821 pacem
1260 1750 1462 1805 mittere
1487 1766 1643 1821 super
1667 1762 1879 1816 terram,

1988 548 2045 594 et
2087 542 2363 598 hominem
2393 544 2565 600 bonos
2598 545 2855 603 Ecclesia
2879 548 3192 619 episcopos,
3216 561 3273 605 et
3318 552 3586 622 quodam-

1989 632 2152 688 modo
2176 636 2336 690 unius
2360 636 2546 706 operis
2569 652 2691 694 csse
2714 639 3027 708 participes.
3046 640 3207 709 Quod
3232 655 3359 697 cum
3380 642 3459 699 ita
3481 645 3575 709 sit,

1988 734 2236 797 petamus
2255 730 2689 800 omnipotentem
2718 730 2886 788 Deum
2902 776 2917 801 ,
2943 740 3003 788 ut
3020 735 3201 806 angeli
3221 744 3278 792 et
3302 734 3578 805 homines,

1988 817 2364 875 Ecclesiurutn
2422 820 2689 892 episcopi,
2743 824 3061 893 adjumento
3124 826 3236 882 sint
3297 827 3481 896 nobis,
3522 837 3582 885 et

1988 911 2222 968 sciamus
2246 914 2505 983 quoniam
2535 917 2753 986 utrique
2780 932 2880 989 pro
2910 920 3070 975 nobis
3097 933 3130 973 a
3160 920 3392 976 Domino
3432 920 3581 993 judi-

1987 1012 2202 1061 centnr.
2230 1002 2386 1072 Quod
2413 1006 2459 1060 si
2496 1006 2573 1060 illi
2597 1006 2798 1064 iuerint
2831 1009 3085 1079 iudicati,
3117 1021 3177 1068 et
3199 1013 3392 1070 vitium
3422 1024 3590 1086 atque

1990 1104 2271 1167 peccatum
2297 1112 2405 1152 non
2434 1096 2490 1152 in
2517 1113 2706 1154 eorum
2735 1098 2970 1169 incuria,
3004 1104 3101 1159 sed
3148 1105 3202 1159 in
3246 1116 3439 1162 nostra
3489 1121 3593 1164 ne—

1986 1188 2250 1261 gligentia
2306 1188 2472 1247 fuerit
2529 1191 2837 1260 inventum,
2890 1208 2990 1250 nos
3044 1211 3363 1267 argnemur,
3422 1208 3588 1270 atque

1988 1284 2312 1353 plectemur.
2361 1282 2473 1339 lllis
2503 1285 2648 1340 enim
2691 1287 2949 1342 universa
2997 1288 3346 1358 facientibus,
3393 1299 3450 1346 et
3482 1305 3585 1362 pro

1989 1386 2175 1431 noetra
2202 1376 2382 1432 salute
2429 1378 2749 1446 nitentibus,
2808 1394 2910 1435 nos
2962 1379 3317 1438 nihilominus
3364 1398 3394 1436 a
3447 1397 3581 1454 pec-

1989 1468 2126 1524 catis
2155 1469 2496 1525 vocabimus.
2541 1470 2716 1526 Porro
2745 1470 3065 1543 frequenter
3093 1475 3300 1539 evenit,
3334 1483 3397 1531 ut
3425 1477 3584 1532 nobis

1987 1561 2384 1630 laborantibus,
2409 1563 2487 1619 illi
2516 1579 2672 1620 suum
2702 1564 2947 1622 ofﬁcium
2972 1581 3085 1621 non
3114 1569 3394 1639 expleant,
3442 1580 3498 1626 et
3524 1571 3579 1624 in

1986 1655 2161 1727 culpis
2193 1656 2326 1711 sint.
2360 1655 2431 1711 Et
2458 1656 2655 1726 factum
2683 1664 2794 1726 ,‘est,
2842 1658 3036 1729 inquit,
3066 1675 3181 1713 cum
3227 1661 3473 1715 abiissent
3517 1660 3584 1714 ab

1988 1750 2061 1803 eis
2114 1748 2286 1821 angeli
2332 1749 2386 1803 in
2417 1750 2595 1817 catlos,
2655 1762 2890 1820 pastores
2934 1751 3181 1805 dixerunt
3227 1753 3297 1807 ad
3340 1753 3578 1809 invicem.

282 1844 372 1897 sed
388 1842 620 1913 gladium
641 1840 832 1912 (Hau.
856 1841 945 1911 ‘.\'),
991 1841 1350 1915 283-285
1375 1850 1432 1897 et
1459 1858 1603 1898 nunc
1630 1844 1804 1914 angeli
1823 1843 1877 1900 in
1907 1841 1959 1905 B
1988 1841 2331 1897 Transeamus
2359 1858 2520 1912 usque
2546 1840 2833 1910 Bethleem,
2868 1854 2917 1899 et
2953 1843 3220 1899 videamus
3246 1845 3343 1899 hoc
3369 1848 3575 1900 verbum

280 1934 401 2005 ejus
427 1935 710 1990 nativitate
730 1934 1048 2000 deeantant,
1069 1952 1228 2005 super
1240 1945 1428 1990 terram
1453 1951 1578 2007 pax.
1597 1936 1879 2007 Siquidem

281 2037 337 2084 et
377 2028 431 2083 in
471 2027 579 2082 alio
615 2028 736 2083 loco
772 2044 838 2082 ex
885 2043 1119 2098 persona
1167 2029 1337 2098 ipsius
1381 2027 1586 2084 dicitur
1635 2046 1649 2082 :
1689 2028 1882 2085 Pacem

280 2137 443 2175 meam
464 2121 531 2175 do
557 2120 721 2187 vobis,
752 2137 930 2193 pacem
942 2121 1350 2191 relinquovobis.
1372 2120 1880 2177 Nonsicutmundus

279 2213 704 2285 istedatpacem,
737 2230 833 2285 ego
851 2214 919 2267 do
934 2230 1110 2283 pacem
1142 2215 1162 2285 (
1178 2213 1339 2270 Joan.
1369 2213 1504 2285 xlv).
1535 2213 1727 2269 Videat
1748 2231 1881 2286 ergo

278 2308 419 2377 quod
496 2308 813 2373 inferimus,
872 2321 940 2362 an
991 2307 1162 2375 possit
1204 2307 1420 2363 solvere
1487 2307 1874 2378 quaestionem.

277 2399 334 2455 Si
368 2399 634 2469 scriptum
666 2408 834 2464 esset,
888 2416 1041 2471 super
1087 2409 1276 2455 terrent
1305 2417 1434 2473 pax,
1486 2409 1542 2455 et
1598 2401 1879 2472 hucusque

278 2502 427 2548 esset
474 2493 623 2547 linita
699 2495 993 2561 sententia,
1046 2502 1197 2549 recte
1241 2495 1472 2564 quaestio
1533 2504 1872 2551 nasceretur.

280 2584 435 2640 Nunc
468 2600 601 2641 vero
625 2584 679 2640 in
705 2600 774 2643 eo
800 2585 945 2656 quod
978 2586 1220 2642 additum
1269 2595 1375 2655 est,
1426 2585 1531 2642 hoc
1557 2596 1673 2655 est,
1728 2587 1876 2659 quod

277 2688 400 2748 post
427 2694 610 2749 pacem
638 2679 858 2745 dicitur,
888 2681 941 2734 in
966 2680 1258 2733 hominibus
1301 2679 1454 2734 bonte
1498 2688 1526 2717 ⁸
1566 2678 1871 2748 voluntatis,

277 2774 445 2829 solvit
511 2773 887 2843 quaestionem.
932 2772 1042 2828 Pax
1070 2774 1216 2828 enim
1257 2788 1419 2844 quam
1470 2786 1576 2828 non
1615 2772 1709 2827 dat
1763 2773 1870 2829 Do-

278 2868 463 2922 minus
490 2882 652 2937 super
693 2877 923 2934 terram,
957 2884 1061 2924 non
1103 2880 1187 2924 est
1219 2884 1322 2939 pax
1362 2869 1518 2925 bella:
1548 2869 1870 2925 voluntatis.

276 2960 468 3029 Neque
494 2958 641 3013 enim
675 2958 754 3012 ait
779 2958 1116 3028 simpliciter,
1144 2960 1270 3016 Non
1299 2961 1414 3015 veni
1439 2977 1619 3030 pacem
1641 2961 1869 3029 mittere,

277 3051 378 3108 sed
399 3065 522 3106 cum
546 3048 939 3115 additamento,
963 3066 1120 3121 super
1152 3061 1380 3106 terrent:
1413 3065 1589 3123 neque
1616 3062 1871 3108 econtra-

278 3147 365 3199 rio
384 3142 543 3206 dixit,
572 3140 696 3195 Non
720 3141 835 3195 veni
850 3157 1028 3212 pacem
1052 3142 1251 3196 mittere
1262 3159 1415 3215 super
1437 3153 1633 3199 terram
1643 3144 1869 3199 homini-

1984 1935 2123 2000 quod
2143 1935 2342 2004 factum
2370 1944 2467 2003 est,
2491 1934 2632 2005 quod
2662 1934 2918 1991 Dominus
2953 1935 3177 1991 ostendit
3199 1937 3365 1991 nobis.
3404 1937 3573 1993 Vene-

1984 2035 2104 2080 runt
2148 2027 2473 2097 festinantes,
2510 2036 2557 2081 et
2585 2027 2893 2083 imeuerunt
2926 2026 3150 2081 Mariam
3188 2036 3237 2082 et
3280 2027 3480 2099 Ioseph
3522 2037 3574 2084 et

1983 2136 2221 2191 puerum.
2247 2120 2383 2188 Quia
2413 2121 2732 2176 iestinantes
2752 2130 3045 2190 venerant,
3079 2132 3133 2177 et
3164 2137 3274 2177 non
3314 2123 3581 2193 pedeten-

1984 2214 2105 2278 tim,
2133 2227 2308 2282 neque
2332 2212 2476 2269 fesso
2495 2213 2689 2283 gradu,
2718 2214 2840 2269 ideo
2871 2215 3195 2271 invenerunt
3223 2215 3429 2287 Ioseph
3455 2216 3571 2272 dis-

1983 2314 2327 2377 pensatorem
2370 2317 2525 2361 ortus
2552 2307 2841 2375 Dominici,
2870 2318 2925 2363 et
2955 2309 3178 2365 Mariam
3205 2324 3328 2380 quas
3377 2310 3564 2367 Ιθςιιιιι

1981 2396 2116 2453 indit
2140 2397 2193 2451 in
2227 2405 2460 2466 partum,
2489 2406 2544 2452 et
2592 2397 2766 2468 ipsum
2814 2397 3153 2454 Salvatorem
3216 2401 3490 2471 jacentem
3520 2404 3573 2457 in

1980 2490 2267 2561 prmsepio.
2320 2489 2460 2543 Illud
2508 2493 2662 2556 erat',
2720 2490 2789 2546 de
2840 2505 2949 2562 quo
2993 2491 3257 2562 propheta
3293 2494 3568 2548 vaticina-

1981 2591 2067 2637 tus
2110 2590 2194 2637 est
2239 2580 2427 2638 dicens
2457 2597 2470 2635 :
2501 2580 2771 2655 Cagnoeit-
2800 2582 2890 2639 bos
2926 2600 3272 2655 possessorem
3318 2603 3490 2654 suum,
3526 2596 3572 2640 et

1978 2679 2155 2732 asinus
2184 2694 2412 2750 prterepe
2458 2675 2669 2733 Domini
2708 2680 2789 2733 sui
2835 2696 2852 2733 :
2898 2680 3004 2736 Bos
3055 2681 3256 2736 animal
3308 2682 3573 2737 mundum

1978 2779 2084 2837 est,
2137 2770 2321 2825 asinus
2371 2770 2572 2826 animal
2631 2771 2993 2827 immundum.
3056 2770 3326 2851 Cognovit
3388 2776 3580 2829 asinus

1979 2876 2224 2933 praesepe
2279 2861 2490 2917 Domini
2530 2863 2637 2918 sui.
2670 2862 2788 2918 Non
2843 2864 3076 2934 pepulus
3107 2863 3273 2921 Israel
3312 2869 3572 2937 cognovit

1976 2969 2221 3028 praesepe
2273 2954 2485 3010 Domini
2532 2958 2636 3021 sui,
2697 2957 2794 3012 sed
2843 2955 3186 3013 immundum
3246 2958 3450 3014 animal
3512 2976 3578 3015 ex

1974 3048 2247 3119 gentibus.
2277 3046 2451 3103 Israel
2499 3062 2617 3101 vero
2666 3064 2747 3103 me
2776 3065 2880 3103 non
2935 3049 3191 3122 cognovit,
3247 3058 3297 3106 et
3348 3052 3578 3122 populus

1974 3159 2117 3198 meus
2143 3159 2222 3196 me
2242 3157 2346 3196 non
2372 3140 2625 3197 intellexit
2646 3140 2805 3214 (Isai.
2822 3143 2885 3215 ι).
2913 3143 3281 3214 lntelligentes
3302 3143 3409 3201 hoc
3434 3158 3575 3217 pra:—

280 3234 373 3288 bus
408 3234 554 3288 bona:
591 3232 893 3287 voluntatis.
923 3232 1049 3287 ilice
1080 3233 1241 3288 locuti
1273 3245 1398 3289 sunt
1430 3236 1606 3306 angeli
1648 3235 1715 3291 ad
1745 3251 1868 3306 pas-
1893 3233 1942 3296 C
1974 3252 2127 3307 sepe,
2162 3237 2396 3291 nitamur
2424 3250 2754 3307 cognoscere
2801 3236 3117 3303 Dominum,
3152 3244 3208 3291 et
3256 3237 3403 3308 digni
3448 3238 3564 3293 iieri

279 3337 445 3396 tores,
479 3328 572 3399 qui
599 3343 709 3384 non
747 3327 924 3383 solum
959 3342 1028 3385 eo
1054 3336 1302 3399 tempore
1352 3330 1650 3399 loquebant
1674 3348 1743 3397 ar,
1771 3333 1871 3389 sed

278 3433 451 3491 usque
482 3418 648 3474 hodie
674 3419 776 3474 nisi
803 3420 962 3474 locuti
988 3418 1189 3475 fuerint
1236 3420 1303 3475 ad
1337 3430 1606 3493 pastores,
1663 3433 1719 3479 et
1766 3440 1863 3482 sua

278 3518 356 3572 eis
384 3532 550 3587 opera
580 3516 911 3586 copularint,
938 3515 1137 3573 dicitur
1168 3516 1235 3575 ad
1285 3532 1379 3574 eos
1406 3537 1417 3571 :
1451 3517 1571 3576 Nisi
1606 3518 1868 3577 Dominus

276 3608 606 3678 wdiﬁcaverit
636 3609 874 3675 domum,
903 3609 956 3664 in
982 3625 1170 3666 vanum
1215 3610 1579 3667 laboraverunt
1609 3615 1694 3684 qni
1722 3616 1857 3669 tedi-

278 3702 437 3771 ﬁcant
457 3717 591 3756 earn.
627 3700 749 3756 Nisi
770 3699 1022 3756 Dominus
1048 3702 1347 3757 custodierit
1375 3705 1650 3772 civitatem,
1697 3708 1751 3761 in
1776 3724 1866 3761 ea-

278 3810 401 3849 num
425 3795 676 3850 laborabit
702 3796 792 3865 qui
814 3796 1035 3850 custodit
1064 3812 1178 3855 eam
1205 3796 1391 3869 (Psal.
1422 3801 1648 3871 cxxvn).
1676 3800 1731 3855 Si
1761 3817 1867 3859 au.

282 3889 469 3946 dacter
493 3889 716 3961 expedit
740 3889 888 3961 loqui
922 3891 1332 3961 Scripturarutn
1355 3907 1574 3949 sensum
1596 3898 1869 3967 sequenti,

280 3997 375 4054 per
395 3983 638 4054 singulas
667 3982 944 4038 Ecclesias
970 3982 997 4022 δ
1021 3984 1133 4039 bini
1166 3995 1294 4040 sunt
1315 3986 1578 4056 episcopi,
1609 3988 1750 4043 alius
1778 3990 1861 4045 vi-

277 4078 472 4145 sibilis,
496 4078 639 4134 alius
669 4077 963 4133 invisibilis
992 4095 1004 4131 :
1040 4078 1132 4137 ille
1162 4079 1298 4136 visui
1326 4081 1529 4151 carnis,
1559 4082 1647 4140 hic
1679 4083 1868 4141 sensui

278 4184 490 4245 patens.
526 4173 593 4230 Et
631 4174 908 4245 quomodo
953 4174 1119 4230 homo
1147 4176 1192 4231 si
1223 4177 1574 4235 commissam
1617 4180 1720 4237 sibi
1748 4181 1863 4238 dis-

279 4267 653 4336 pensationem
705 4266 842 4322 bene
872 4267 1064 4336 egerit,
1116 4268 1369 4325 laudatur
1416 4286 1444 4325 a
1502 4272 1772 4332 Domino:
1824 4277 1872 4331 si

279 4356 442 4423 male,
470 4358 638 4429 eulpae
659 4366 713 4417 et
737 4359 869 4413 vitio
892 4359 1175 4430 snbjacet;
1206 4360 1373 4432 sicel
1398 4365 1641 4435 angelus.
1673 4367 1869 4440 Scrip-

279 4458 396 4505 tnm
425 4457 510 4507 est
533 4450 676 4507 enim
700 4451 756 4511 in
782 4452 1106 4523 Apocalypsi
1132 4453 1358 4510 Joannis
1387 4474 1400 4508 :
1447 4456 1555 4513 Sed
1597 4456 1755 4514 habes
1784 4461 1853 4516 ibi

278 4541 490 4595 nomina
536 4557 700 4612 pauca
748 4557 866 4612 quat
895 4541 1191 4612 polluerunt
1245 4544 1398 4612 illud,
1444 4547 1529 4601 vel
1583 4549 1739 4605 illud.
1794 4552 1859 4607 Et

1975 3330 2201 3387 scientia
2221 3330 2360 3400 ejus,
2389 3343 2670 3384 assumere
2689 3344 2905 3399 quoque
2931 3329 3271 3385 nativitatem
3297 3339 3352 3384 et
3383 3344 3570 3385 resur-

1975 3423 2271 3479 rectionem
2301 3420 2483 3477 carnis
2504 3420 2644 3491 ejus,
2676 3420 2772 3478 sed
2799 3432 2853 3479 et
2881 3421 3142 3492 inclytum
3167 3434 3232 3475 ac
3264 3420 3563 3477 secundum

1975 3515 2270 3587 majestatis
2289 3514 2406 3584 ejus
2432 3513 2749 3580 adventum,
2777 3513 2862 3570 cui
2888 3521 2972 3573 est
2991 3511 3161 3587 gloria
3185 3520 3239 3571 et
3274 3512 3561 3585 imperium

1975 3612 2028 3666 in
2062 3610 2259 3667 szecula
2282 3609 2627 3665 saeculorum.
2661 3608 2856 3665 Amen.

2349 3700 2708 3773 εδδ-286
2737 3698 3027 3773 ιιομιιιιιιΑ
3063 3697 3210 3756 xw.

1978 3775 2052 3828 De
2071 3787 2139 3827 eo
2166 3772 2310 3841 quod
2350 3770 2635 3841 {ciman
2652 3770 2733 3826 e'st
2760 3789 2774 3824 :
2806 3770 2933 3826 Cum
2956 3780 3128 3843 autem
3167 3770 3363 3843 impleti
3400 3781 3570 3826 essent

2046 3846 2151 3898 dies
2180 3844 2584 3897 circumcisionis
2604 3846 2737 3914 ejus,
2771 3858 2939 3912 usque
2969 3842 3203 3914 adeum
3244 3842 3425 3914 locum
3477 3843 3569 3898 ubi

2046 3917 2155 3970 ait:
2200 3914 2311 3969 Par
2355 3912 2701 3969 turturum—et
2764 3914 2893 3968 duos
2950 3912 3121 3985 pullos
3188 3912 3568 3969 columbarum.

2047 3987 2182 4059 Cap.
2216 3986 2282 4042 ll.

2046 4081 2197 4151 Quod
2229 4090 2471 4139 mortuus
2493 4087 2578 4137 est
2602 4077 2870 4145 Christus,
2906 4095 3004 4149 pro
3053 4087 3276 4148 peccato
3318 4089 3566 4136 mortuus

1974 4185 2079 4234 est.
2114 4174 2228 4231 Non
2251 4174 2374 4245 quia
2393 4174 2510 4243 ipse
2533 4172 2862 4243 peccaverit,
2900 4186 3075 4241 neque
3100 4171 3247 4227 enim
3287 4182 3565 4241 peceatum

1975 4269 2123 4334 fecit,
2153 4281 2254 4323 nec
2284 4266 2535 4322 inventus
2563 4273 2648 4320 est
2683 4264 2844 4320 dolus
2871 4265 2922 4319 in
2960 4277 3056 4319 ore
3080 4263 3205 4334 ejus
3230 4279 3243 4327 ;
3294 4263 3389 4318 sed
3416 4278 3568 4319 mor-

1974 4369 2098 4417 tuus
2118 4368 2220 4429 est,
2247 4368 2305 4414 ut
2331 4373 2427 4414 nos
2450 4358 2540 4430 qui
2568 4358 2763 4413 mortui
2786 4371 2994 4425 sumus,
3021 4355 3112 4412 illo
3135 4357 3409 4413 moriente
3440 4372 3567 4428 pec-

1973 4457 2129 4521 catis,
2158 4468 2501 4524 nequaquam
2532 4460 2755 4522 peccato
2789 4461 2845 4509 et
2875 4451 3021 4506 vitiis
3046 4450 3356 4509 viveremus
3380 4451 3564 4523 (Rom.

1974 4549 2081 4621 vi).
2117 4547 2269 4605 Unde
2298 4546 2552 4602 scribitur
2580 4564 2592 4598 :
2634 4544 2790 4601 Sicut
2820 4544 2984 4614 igitur
3010 4545 3337 4600 commortui
3374 4560 3565 4600 sumus

275 4649 504 4690 rursus:
558 4633 728 4689 Habes
767 4635 838 4688 ibi
861 4636 949 4705 qui
977 4634 1266 4689 doctrinam
1320 4635 1704 4694 Nicolaitarum
1758 4644 1861 4698 do-
1895 4624 1951 4685 Ῑ)
1978 4651 2104 4698 tunc
2132 4642 2227 4697 illo
2283 4640 2570 4707 moriente,
2626 4647 2681 4693 et
2730 4640 3175 4694 consurreximus
3207 4641 3515 4712 resurgenti
3550 4659 3564 4696 :

277 4736 421 4782 ceant
442 4726 462 4798 (
485 4725 645 4799 Apoc.
675 4727 792 4799 tt):
824 4742 886 4784 ac
910 4726 1106 4787 deinde
1137 4727 1303 4785 habes
1333 4728 1424 4785 illa
1453 4731 1549 4789 vel
1599 4734 1690 4789 illa
1739 4752 1868 4807 pec-

278 4829 394 4875 catu
422 4819 712 4886 facientes,
742 4828 801 4877 et
820 4831 1147 4877 accusantur
1171 4822 1369 4893 angeli,
1402 4824 1598 4894 quibus
1628 4830 1862 4888 creditae

277 4923 403 4970 sunt
456 4915 733 4971 Ecclesiae.
773 4914 830 4972 Si
878 4924 1060 4972 autem
1111 4917 1317 4988 angelis
1386 4919 1694 4979 sollicitudo
1750 4926 1873 4996 est;

277 5008 547 5081 quomodo
574 5009 832 5066 Ecclesiae
859 5010 1250 5081 gnbernentur,
1277 5012 1406 5083 quid
1431 5030 1656 5072 necesse
1682 5029 1767 5075 eSt
1795 5020 1865 5076 de

279 5100 588 5157 hominibus
619 5101 826 5170 dicere,
853 5111 1117 5172 quantum
1142 5111 1347 5162 metum
1374 5104 1628 5168 habeant.
1655 5118 1716 5163 ut
1739 5126 1870 5181 pos-

278 5193 533 5249 sintcum
588 5193 799 5265 angelis
856 5195 1237 5259 laborantibus,
1277 5196 1590 5253 laborantes
1636 5202 1866 5261 salutem

348 5406 373 5434 δ
410 5395 801 5453 Genebrardns
825 5395 938 5449 ait:
974 5394 1123 5465 Legit
1142 5409 1273 5465 ergo
1300 5394 1567 5465 Origenes
1592 5410 1718 5451 eum
1748 5396 1860 5453 Ls-

281 5469 424 5531 linis,
451 5468 596 5522 boum
621 5467 919 5527 voluntatis,
953 5464 1140 5519 nonut
1160 5464 1417 5531 Gmculi,
1446 5468 1580 5521 bona
1600 5469 1860 5525 voluntas.

346 5539 374 5579 b
406 5540 605 5593 Demus
630 5537 942 5592 Adamantii
971 5536 1207 5606 ingenio,
1239 5538 1384 5604 quod
1410 5540 1480 5591 ita
1504 5539 1866 5608 Apocalypsis

278 5628 395 5680 cap.
424 5611 481 5663 ll
514 5610 690 5680 locum
723 5609 1134 5680 interpretetur,
1148 5617 1201 5662 et
1218 5608 1489 5677 geminum
1518 5608 1748 5680 singulis
1768 5609 1870 5665 Ec-

279 5677 461 5739 clesiis
502 5679 816 5750 episcopum
874 5677 1120 5746 deputet,
1165 5680 1394 5733 alterum
1447 5679 1860 5750 aspectabilem,

282 5754 510 5808 alterum
535 5746 637 5804 sub
665 5746 860 5804 oculos
880 5750 1189 5818 neutiquam
1217 5746 1532 5812 cadentem,
1558 5746 1867 5818 quodiinl‘e-

284 5825 393 5879 rius
420 5819 622 5875 Homil.
651 5821 724 5875 25
750 5818 982 5889 replicat
1003 5830 1097 5874 :‘at
1127 5818 1259 5873 illud
1307 5821 1399 5891 pio
1426 5820 1725 5891 unicuique
1771 5834 1860 5875 rc-

1972 4737 2052 4792 sic
2071 4750 2193 4790 cum
2214 4748 2281 4791 eo
2300 4732 2601 4789 circumcisi
2627 4744 2834 4797 sumus,
2859 4740 2918 4785 et
2941 4740 3064 4801 post
3095 4730 3566 4793 circumcisionem

1974 4828 2205 4885 solemni
2232 4825 2555 4897 purgatione
2582 4822 2845 4878 mandati.
2874 4822 3030 4878 Unde
3070 4836 3175 4877 non
3203 4823 3316 4890 jam
3352 4824 3562 4895 indige-

1976 4936 2095 4978 mus
2124 4918 2539 4976 circnmcisione
2562 4913 2786 4971 carnali.
2843 4915 2907 4969 Et
2930 4923 2988 4968 ut
3013 4914 3157 4969 scias
3186 4924 3406 4983 propter
3465 4929 3566 4971 nos

1975 5013 2145 5068 fuisse
2188 5011 2341 5067 illum
2388 5009 2789 5079 circumcisum,
2847 5007 2970 5061 audi
3028 5004 3249 5062 Paulum
3299 5006 3561 5064 manifes-

1977 5106 2189 5162 tissime
2216 5103 2625 5175 praedicantem.
2659 5100 2727 5155 In
2752 5117 2855 5172 quo
2879 5100 3099 5164 habitat,
3140 5096 3338 5166 inquit,
3394 5101 3562 5154 carnis

1978 5197 2244 5271 plenitudo
2267 5195 2552 5252 divinitatis
2601 5193 2964 5269 corporaliter,
3023 5200 3071 5246 et
3120 5190 3242 5245 estis
3270 5190 3326 5244 in
3356 5188 3450 5244 illo
3479 5206 3564 5246 re-

1969 5394 2301 5470 pudiandum
2330 5390 2557 5470 omnino
2582 5399 2687 5453 est,
2716 5397 2881 5470 atque
2905 5403 2935 5441 a
2960 5388 3065 5470 [ide
3093 5387 3385 5470 absonum,
3407 5386 3564 5470 quod

1969 5457 2132 5542 paulo
2158 5474 2280 5536 post
2300 5462 2506 5542 subdit,
2531 5461 2844 5542 frequenter
2862 5459 3281 5542 evenirenhonos
3301 5457 3562 5512 custodes

1969 5528 2211 5609 angelos,
2249 5534 2415 5609 nobis
2437 5529 2835 5609 laborantibus,
2862 5544 3021 5583 suum
3050 5528 3292 5584 cilicium
3319 5541 3431 5609 non
3460 5542 3561 5581 es-

2007 5598 2140 5676 lere,
2171 5598 2224 5663 et
2251 5607 2307 5659 in
2333 5603 2492 5676 culpa
2522 5613 2666 5676 esse:
2703 5598 2835 5652 Vide
2858 5615 3007 5676 qui)“
3028 5610 3217 5676 contra
3251 5603 3557 5676 solemnem

2009 5696 2109 5736 me
2130 5668 2385 5748 (uigent;
2411 5673 2486 5748 de
2508 5668 2827 5748 angelorum
2854 5669 3095 5747 lapsibus
3123 5671 3435 5738 Opinionem
3469 5670 3551 5723 iu-

1973 5751 2060 5807 lra
2089 5751 2154 5807 ad
2185 5736 2383 5804 llomil.
2418 5742 2490 5798 25
2512 5736 3012 5794 animadvertimus.
