4028 6326
112 297 231 357 εις

762 299 1205 358 TRANSLATIO
1243 296 1675 356 HOMILIARUM
1716 299 2040 357 ORIGENIS
2078 298 2147 355 IN
2186 298 2447 358 LUCAM.
2493 301 2659 358 llOM.
2701 300 2840 358 XIV.

3348 300 3457 359 250

117 431 296 472 esse:
328 412 635 472 Seminatur
657 415 715 470 in
743 418 1098 487 corruptione,
1131 417 1297 488 surgit
1326 416 1381 470 in
1408 417 1751 487 incorriiptio-
1779 433 1829 487 Α
1858 418 2059 474 latione
2105 427 2359 489 purgatus
2386 431 2490 488 est,
2531 421 2603 474 ita
2644 422 2806 477 etiam
2840 434 2941 476 nos
2966 418 3193 490 spiritali
3226 435 3452 490 regene-

119 525 225 575 ne;
261 508 551 563 seminatur
601 508 660 561 in
700 509 1046 581 ignobilitate,
1078 510 1245 579 surgit
1273 510 1327 562 in
1370 507 1570 581 gloria;
1598 508 1751 561 semi-

120 613 287 655 natur
313 603 376 654 in
418 599 751 668 inﬁrmitate,
783 601 949 672 surgit
981 602 1035 653 in
1074 598 1418 671 fortitudine;
1468 592 1750 653 seminatur

124 709 329 763 corpus
355 691 609 758 animale,
634 692 797 763 surgit
828 707 1014 762 corpus
1038 691 1292 760 spiritale.
1324 691 1551 761 Oportet
1596 705 1746 761 ergo,

124 800 179 840 ut
220 801 329 856 pro
360 786 595 840 Domino
623 794 682 840 et
704 782 994 841 Salvatore
1026 794 1237 849 nostro,
1269 786 1357 853 qui
1383 783 1622 839 sordidis
1651 798 1749 838 ve-

124 877 421 934 stimentis
469 876 648 932 fuerat
693 877 944 942 indutus,
996 886 1051 932 et
1094 886 1367 932 terrenum
1413 892 1611 947 corpus
1658 890 1750 931 as-

126 980 476 1040 sumpserat,
529 986 595 1025 ea
643 969 975 1026 olferrentnr
1013 985 1141 1041 qua:
1186 984 1419 1041 purgare
1465 971 1655 1025 sordes
1682 985 1749 1024 ex

130 1066 277 1137 Lege
330 1072 761 1120 consueverant.
807 1063 963 1131 Quod
1015 1065 1325 1135 frequenter
1364 1063 1505 1119 inter
1555 1062 1751 1118 fratres

130 1158 430 1229 quaeritur,
468 1157 577 1211 loci
606 1157 898 1212 occasione
919 1170 1190 1212 commota
1221 1164 1482 1212 retracto.
1525 1156 1746 1212 Parvuli

135 1252 496 1323 baptizantur
544 1252 597 1305 in
639 1250 1024 1307 remissionem
1076 1263 1444 1322 peccatorum.
1505 1253 1747 1319 Quorum

133 1353 525 1415 piscatorum,
552 1343 642 1398 vel
661 1358 768 1413 quo
794 1353 1040 1412 tempore
1061 1344 1462 1414 peccaverunt?
1495 1355 1583 1397 aut
1616 1360 1750 1413 quo-

136 1436 305 1491 modo
335 1447 522 1507 poteSt
551 1435 657 1490 ulla
690 1436 888 1492 lavacri
918 1438 969 1490 in
1003 1436 1244 1506 parvulis
1265 1438 1406 1492 ratio
1427 1438 1747 1504 subsistere,

135 1530 239 1584 nisi
267 1531 434 1600 juxta
485 1527 639 1583 illum
671 1542 889 1582 sensum
919 1528 988 1581 de
1029 1542 1135 1598 quo
1173 1536 1198 1565 α
1229 1529 1390 1598 paulo
1437 1540 1564 1583 ante
1613 1529 1751 1583 dixi-

135 1637 256 1679 mus
291 1640 307 1675 :
358 1621 558 1677 Nullus
593 1619 820 1675 mundus
850 1638 881 1673 a
910 1620 1093 1684 sorde,
1127 1636 1217 1675 nec
1259 1621 1303 1673 si
1332 1621 1483 1674 unius
1512 1620 1615 1674 diei
1634 1621 1751 1692 qui-

133 1715 251 1768 item
278 1716 442 1785 fuerit
459 1714 562 1767 vita
584 1716 698 1786 ejus
722 1728 874 1785 super
902 1713 1135 1766 terram?
1177 1711 1242 1767 Et.
1272 1713 1395 1783 quia
1429 1727 1525 1782 per
1563 1712 1747 1783 bapti-

1855 512 2064 568 ratione
2090 528 2402 584 purgemur.
2453 513 2723 569 Duxerunt
2770 514 2917 569 illum
2962 512 3243 567 secundum
3288 511 3453 583 legem

1855 601 2029 675 Moysi
2074 604 2127 658 in
2179 603 2595 675 Jerosolgmain,
2643 604 2830 672 oﬂ’erre
2887 605 3289 677 289-290
3332 614 3451 658 ante

1853 707 2182 770 conspectum
2207 697 2437 752 Domini.
2471 698 2574 754 Ubi
2603 711 2723 754 snnt
2745 699 2836 769 qui
2858 699 3026 754 Deum
3046 697 3198 768 Legis
3224 707 3447 767 negant,

1853 791 1946 860 qui
1976 792 2126 846 aiunt
2156 806 2259 846 non
2307 792 2489 855 istum,
2543 792 2635 846 sed
2681 794 2845 848 alium
2891 809 2920 846 a
2951 790 3169 847 Christo
3197 792 3363 846 fuisse
3389 789 3446 845 in

1856 883 2150 955 Evangelio
2173 885 2560 954 praedicatum?
2591 884 2739 940 Misit
2777 883 2920 939 Deus
2947 883 3149 938 Filium
3175 898 3327 937 suum
3357 882 3443 950 fa-

1853 986 1989 1032 ctum
2018 995 2082 1033 ea:
2106 979 2341 1048 muliere,
2389 980 2579 1046 factum
2622 980 2715 1034 sub
2756 979 2911 1053 Lege.
2961 979 3102 1049 Ergo
3150 976 3442 1047 putandum

1854 1080 1956 1137 est,
2006 1080 2066 1125 ut
2112 1070 2307 1125 Filium
2355 1086 2512 1126 suum
2562 1072 2736 1126 bonus
2768 1070 2910 1125 Deus
2955 1071 3055 1125 sub
3087 1068 3227 1140 Lege
3255 1068 3444 1124 fecerit

1851 1163 2150 1229 Creatoris,
2180 1175 2234 1218 et
2263 1164 2364 1217 sub
2412 1163 2615 1219 inimici
2658 1165 2780 1233 jure
2827 1163 2969 1230 quod
3017 1164 3131 1233 ipse
3178 1160 3445 1216 dederat?

1853 1259 1993 1325 Quin
2036 1258 2217 1328 potius
2249 1257 2370 1312 ideo
2420 1260 2521 1312 sub
2548 1257 2691 1327 Lege
2733 1256 2908 1312 factus
2931 1266 3034 1317 est.
3068 1264 3126 1309 ut
3155 1254 3445 1309 redimeret

1852 1365 1947 1406 eos
1978 1350 2070 1420 qui
2099 1350 2199 1405 sub
2235 1349 2379 1420 Lege
2421 1360 2574 1404 erant
2601 1348 2747 1419 (Gal.
2773 1351 2871 1420 tv),
2903 1356 2959 1403 et
2985 1347 3103 1402 aliae
3145 1347 3247 1417 legi
3278 1345 3446 1415 subji-

1852 1453 2023 1512 ceret,
2072 1441 2142 1498 de
2186 1457 2292 1512 qua
2319 1441 2522 1496 dudum
2576 1441 2773 1495 lectum
2806 1450 2912 1505 est,
2942 1438 3229 1504 Attendite,
3258 1438 3445 1508 papula

1852 1552 2018 1603 meus,
2043 1535 2203 1609 legem
2233 1552 2417 1601 meam,
2447 1544 2501 1589 et
2531 1534 2760 1606 reliqua.
2791 1533 3133 1587 Adduxerunt
3160 1547 3279 1601 ergo
3308 1544 3443 1593 eum,

1853 1640 1900 1685 et
1923 1640 2209 1686 statuerunt
2232 1639 2353 1685 ante
2375 1639 2700 1695 conspectum
2725 1626 2957 1682 Domini.
3008 1624 3177 1695 Cujus
3203 1623 3447 1692 Seriptu-

1852 1737 1927 1777 rre
1966 1729 2230 1791 pra-cepta
2278 1721 2656 1786 complentes?
2690 1719 2894 1788 Nempe
2935 1717 3097 1772 illius.
3142 1713 3291 1771 Sicut
3319 1711 3448 1765 seri-

134 1811 237 1864 smi
261 1816 676 1863 sacramentum
696 1807 995 1861 nativitatis
1019 1806 1212 1861 sordes
1228 1804 1598 1876 deponuntur,
1623 1821 1747 1873 pro-
1775 1821 1823 1881 Β
1852 1828 1996 1885 pium
2023 1825 2118 1879 εει,
2156 1814 2351 1884 inquit,
2380 1815 2434 1866 in
2464 1811 2598 1883 Lege
2624 1811 2819 1882 Moysi.
2858 1811 2982 1881 quia
3024 1824 3172 1863 οηιηε
3203 1803 3452 1860 masculi.

134 1910 328 1971 pterea
358 1900 726 1970 baptizantur,
759 1907 814 1954 et
841 1896 1076 1968 parvuli.
1103 1896 1222 1952 Nisi
1248 1897 1389 1952 enim
1434 1896 1556 1966 quis
1586 1913 1744 1952 rena-

137 2004 222 2049 tus
251 1992 424 2048 fuerit
453 2006 522 2047 ex
560 2005 699 2062 aqua
722 1999 779 2046 et
817 1991 1035 2060 Spiritu,
1081 2005 1187 2046 non
1219 1992 1413 2061 poterit
1452 1991 1658 2046 intrare
1690 1991 1741 2046 in

135 2102 372 2157 regnum
404 2086 671 2142 caelorum
705 2083 887 2157 (Joan.
915 2084 1019 2155 ιιι).
1046 2082 1194 2151 Cum,
1233 2086 1425 2156 inquit,
1456 2085 1645 2156 expleti
1666 2102 1745 2140 es-

136 2188 243 2233 sent
274 2179 391 2233 dies
424 2177 749 2250 purgationis
778 2193 974 2232 eorum.
1017 2177 1317 2249 Explentur
1345 2178 1462 2233 dies
1491 2186 1547 2233 et
1581 2178 1741 2248 justi-

136 2271 244 2326 tize.
294 2270 492 2341 Neque
524 2271 670 2326 enim
716 2271 899 2327 statim
928 2278 988 2325 ut
1031 2282 1157 2326 nata
1188 2270 1374 2337 fuerit,
1399 2272 1585 2326 anima
1620 2286 1746 2341 pur-

135 2376 316 2432 gatur,
361 2378 467 2418 nec
516 2370 698 2433 potest
746 2363 1040 2433 perlectam
1071 2364 1126 2417 in
1178 2364 1295 2433 ipso
1324 2372 1444 2418 ortu
1484 2364 1741 2434 consequi

134 2458 460 2530 puritatem,
492 2458 587 2512 sed
616 2458 757 2512 sicut
802 2458 1063 2528 scriptum
1095 2442 1178 2513 ἔξει
1209 2458 1260 2511 in
1290 2456 1434 2527 Lege
1467 2473 1480 2509 :
1510 2458 1573 2511 Si
1608 2474 1746 2512 mas-

132 2553 310 2604 culum
334 2551 555 2622 peperit,
586 2559 780 2621 septem
808 2550 983 2604 diebus
1009 2560 1172 2604 mater
1195 2551 1388 2605 sedebit
1419 2553 1473 2604 in
1498 2552 1746 2621 sanguine

133 2643 434 2713 immundo,
464 2659 525 2696 ac
554 2644 739 2698 deinde
768 2645 983 2718 triginta
1025 2643 1184 2699 tribus
1212 2645 1266 2699 in
1310 2646 1562 2716 sanguine
1588 2662 1740 2717 puro,

130 2745 174 2788 et
202 2736 275 2788 ad
311 2745 603 2789 extremum
631 2744 680 2789 et
713 2734 825 2805 ipse
851 2735 1027 2804 infans
1062 2734 1253 2790 sedebit
1292 2737 1346 2789 in
1375 2737 1625 2807 sanguine
1648 2754 1745 2808 pu-

130 2826 351 2879 rissimo
378 2822 534 2895 (Luc.
565 2824 624 2896 ιι)
656 2843 670 2879 :
702 2827 781 2881 sic
812 2828 936 2895 quia
975 2828 1057 2881 lex
1088 2827 1355 2897 spiritalis
1383 2836 1499 2893 est,
1541 2840 1592 2883 et
1624 2844 1744 2883 um-

132 2919 298 2974 bram
334 2917 502 2973 habet
528 2916 829 2975 futurorum
856 2920 1120 2976 bonorum
1157 2922 1342 2992 (Rom.
1378 2937 1471 2988 vtt,
1500 2932 1548 2976 et
1577 2921 1740 2976 Hebr.

131 3012 228 3085 x),
266 3026 564 3083 possumus
605 3013 911 3086 intelligere
952 3016 1334 3086 purgationem
1370 3032 1554 3071 veram
1588 3018 1742 3071 nobis

134 3102 371 3159 evenire
400 3112 524 3173 post
555 3113 788 3174 tempus.
826 3105 940 3175 Ego
971 3116 1102 3175 puto
1136 3106 1278 3176 quod
1316 3117 1371 3161 et
1408 3116 1531 3176 post
1561 3122 1743 3163 resur—

1848 1924 1968 1961 num
1995 1906 2133 1977 quod
2168 1906 2332 1974 aperit
2377 1906 2599 1966 vulvam,
2629 1912 2865 1957 sanetum
2904 1899 3131 1954 Domino
3159 1896 3446 1961 vocabitur,

1847 2011 1892 2057 et
1917 2012 1994 2056 ter
2019 2017 2111 2072 per
2139 2014 2332 2053 annum
2356 1996 2619 2069 apparebit
2662 2012 2809 2049 omne
2855 1991 3201 2054 masculinum
3239 1990 3293 2043 in
3333 1980 3453 2041 con-

1847 2100 2026 2162 specta
2062 2090 2269 2144 Domini
2306 2088 2423 2144 Dei.
2470 2087 2760 2143 Maseulina
2799 2099 2921 2156 qua:
2949 2098 3017 2139 ex
3059 2097 3123 2137 eo
3153 2079 3296 2151 quod
3327 2078 3445 2133 vul-

1848 2198 1968 2239 vam
2004 2182 2197 2237 matris
2240 2187 2572 2249 aperuerunt
2609 2186 2797 2234 sancta
2847 2186 3023 2241 erant,
3073 2172 3444 2227 oll‘erebantnr

1847 2289 1973 2332 ante
2002 2276 2175 2331 altare
2200 2275 2439 2329 Domini.
2474 2273 2661 2341 Omne,
2693 2272 2896 2343 inquit,
2928 2270 3273 2325 masculinum
3305 2266 3441 2335 quod

1848 2370 2010 2438 aperit
2038 2369 2263 2422 vulvam.
2288 2367 2571 2422 Sacrattim
2600 2365 2876 2436 quippiam
2910 2372 3086 2417 sonat.
3110 2359 3442 2427 Quemcum-

1848 2476 1955 2531 que
1981 2459 2123 2515 enim
2156 2459 2225 2513 de
2256 2467 2410 2513 utero
2440 2456 2671 2513 ellusum
2717 2472 2920 2510 marem
2957 2452 3200 2516 dixeris,
3231 2466 3338 2504 non
3365 2448 3443 2502 sic

1849 2551 2027 2621 aperit
2055 2551 2274 2606 vulvam
2304 2550 2494 2604 matris
2523 2563 2657 2615 sum,
2682 2555 2743 2601 ut
2789 2546 3051 2601 Dominus
3088 2541 3268 2606 Jesus,
3316 2539 3442 2609 quia

1847 2644 2091 2698 omnium
2125 2644 2411 2698 mulierum
2441 2656 2549 2697 non
2587 2652 2772 2710 partus
2804 2638 3041 2705 infantis,
3072 2636 3165 2692 sed
3199 2635 3299 2688 viri
3329 2633 3444 2687 coi-

1851 2744 1934 2789 tus
1965 2734 2175 2788 vulvam
2209 2742 2421 2789 reserat
2451 2731 2641 2805 (Num.
2676 2735 2811 2802 vni).
2844 2731 3029 2786 Matris
3056 2744 3189 2785 vero
3222 2723 3440 2781 Domini

1849 2845 1916 2885 eo
1947 2839 2190 2898 tempore
2219 2829 2378 2882 vulva
2409 2836 2646 2883 reserata
2682 2837 2704 2865 ε
2734 2836 2816 2881 est
2842 2867 2857 2893 ,
2906 2840 3012 2897 quo
3041 2835 3093 2879 et
3125 2830 3306 2891 partus
3335 2818 3443 2873 edi-

1849 2933 1958 2991 tus,
1984 2922 2107 2993 quia
2140 2930 2387 2976 sanctum
2420 2932 2629 2976 uterum
2663 2932 2714 2976 et
2745 2920 2891 2975 omni
2937 2916 3250 2989 dignatione
3284 2927 3442 2966 vene-

1848 3017 2077 3072 rationis
2107 3014 2476 3071 venerandum
2500 3025 2624 3068 ante
2652 3014 2985 3069 nativitatem
3010 3010 3205 3067 Cltristi
3229 3022 3440 3062 mascu-

1848 3110 1932 3165 lus
1955 3110 2178 3165 omnino
2210 3125 2318 3163 non
2350 3110 2543 3179 tetigit.
2574 3107 2765 3164 Audeo
2795 3106 2923 3176 quid
2947 3106 3116 3175 loqui,
3146 3105 3272 3174 quia
3300 3111 3353 3154 et
3385 3101 3436 3154 in

137 3196 442 3250 rectionem
473 3210 538 3249 ex
574 3195 802 3251 mortuis
824 3195 1163 3269 indigeamus
1184 3207 1524 3253 sacramento
1551 3199 1740 3254 eluen-
1770 3211 1817 3274 ρ
1846 3218 1912 3260 eo
1939 3202 2082 3274 quod
2103 3202 2367 3272 scriptum
2391 3211 2471 3256 est
2505 3220 2515 3255 :
2550 3201 2784 3271 Spiritus
2806 3199 2903 3253 Dei
2924 3200 3083 3253 veniet
3109 3212 3262 3266 super
3290 3202 3357 3257 te,
3391 3203 3438 3247 et

141 3299 193 3344 te
223 3302 326 3343 nos
354 3300 519 3358 atque
544 3299 839 3359 purgante,
875 3306 1036 3345 nemo
1085 3291 1229 3346 enim
1277 3292 1481 3362 absque
1508 3290 1535 3329 ι’
1565 3291 1740 3347 sordi-

140 3380 240 3435 bus
269 3396 562 3452 resurgere
604 3382 822 3450 poterit,
854 3397 957 3437 nec
989 3382 1152 3437 ullam
1191 3397 1350 3453 posse
1378 3382 1615 3438 animam
1649 3398 1736 3438 re-

142 3473 301 3541 periri
327 3488 450 3543 quin
481 3473 753 3529 universis
780 3476 961 3528 statim
987 3474 1133 3529 vitiis
1154 3483 1357 3530 careat.
1393 3474 1548 3530 Unde
1575 3477 1628 3530 in
1654 3490 1739 3530 re-

142 3568 495 3635 generatione
555 3564 810 3635 baptismi
865 3568 1161 3622 assumitur
1204 3578 1606 3624 sacramentum
1633 3612 1648 3635 ,
1682 3577 1739 3623 ut

144 3659 416 3728 quomodo
450 3658 605 3716 Iesus
630 3659 923 3715 secundum
946 3660 1407 3731 dispensationem
1434 3663 1615 3718 carnis
1641 3662 1737 3717 ob-

215 3808 240 3837 ι
272 3801 381 3854 Aut
408 3798 570 3868 igitur
594 3812 661 3853 eo
688 3797 903 3854 dixerat
931 3813 1116 3863 sensu,
1145 3810 1199 3853 tit
1230 3799 1422 3854 sordes
1449 3800 1574 3866 illae,
1621 3801 1737 3855 ani—

148 3886 248 3925 nias
300 3869 498 3925 sordes
528 3881 737 3933 essent,
778 3870 894 3925 sive
932 3882 1214 3940 peccatum
1248 3889 1258 3926 :
1293 3882 1348 3926 ct
1397 3872 1743 3940 blasphemus

147 3942 198 3997 in
236 3941 519 3996 Cbri~tum
551 3940 687 4005 fuit;
746 3949 839 3995 aut
896 3942 1077 4010 (quod
1120 3942 1341 4011 propius
1384 3943 1449 3996 ad
1496 3946 1607 4008 ejus
1661 3952 1746 3998 est

148 4013 427 4081 mentem)
462 4011 654 4065 sordes
685 4015 933 4076 corporis
974 4014 1182 4077 absque
1225 4016 1456 4068 crimine
1483 4015 1695 4068 censuit
1728 4032 1739 4067 :

150 4096 197 4137 et
222 4084 386 4137 modo
417 4082 641 4153 originis
673 4091 951 4151 peccatum
979 4084 1139 4151 tollit,
1172 4083 1435 4153 legaliquis
1464 4096 1744 4153 comparat

149 4154 488 4209 caeremoniae
514 4153 1021 4221 Paednbaptistnum.
1069 4155 1127 4209 Et
1162 4171 1290 4207 vero
1318 4156 1420 4208 alia
1451 4165 1745 4209 occurrunt

152 4225 203 4278 in
236 4225 543 4280 Adamantii
574 4226 791 4291 scriptis
834 4225 972 4290 loca,
1022 4240 1145 4294 quae
1174 4226 1487 4295 suspicione
1516 4227 1740 4293 hujusce

149 4301 350 4351 erroris
377 4295 699 4364 gravissima
733 4295 997 4350 laborant.

216 4367 244 4405 ιι
276 4367 435 4421 Paria
466 4366 548 4419 his
576 4367 734 4419 habet
769 4365 993 4420 inferius
1027 4366 1215 4423 lmmil.
1239 4365 1333 4431 24,
1364 4367 1451 4420 ubi
1486 4382 1581 4421 eos
1617 4377 1733 4421 tan-

150 4449 261 4493 tum
284 4440 445 4506 igneo
474 4436 695 4491 ﬂumine
724 4452 753 4490 a
781 4437 997 4492 Christo
1029 4439 1352 4505 baptizatum
1403 4440 1465 4491 iri
1516 4454 1742 4506 pronun-

152 4512 267 4567 tiat.
302 4510 394 4576 qui
438 4522 574 4576 aqua
605 4518 659 4562 et
685 4509 877 4575 spiritu
916 4508 1120 4563 fuerint
1154 4508 1431 4576 baptizati,
1463 4519 1516 4563 et
1549 4525 1744 4574 purga-

1845 3297 2010 3352 uirtus
2053 3296 2307 3351 Altissimi
2354 3294 2673 3350 obumbrabit
2724 3304 2769 3348 te
2812 3293 2966 3366 (an.
2999 3293 3062 3364 l),
3116 3288 3437 3360 principium

1847 3388 2069 3444 seminis
2094 3398 2149 3441 et
2170 3397 2465 3455 conceptus
2481 3386 2732 3450 fuerit,et
2753 3386 2873 3441 sine
2898 3384 3067 3439 vulva:
3101 3382 3436 3436 reseratione

1846 3479 2096 3535 novnsin
2128 3489 2284 3534 utero
2331 3480 2495 3535 {cetus
2523 3478 2841 3533 adoleverit.
2892 3476 3043 3533 Unde
3089 3484 3144 3529 et
3190 3472 3437 3526 Salvator

1844 3569 2084 3637 10tllllllll'
2112 3590 2122 3624 :
2170 3568 2281 3642 Ego
2326 3587 2439 3623 sum
2482 3571 2664 3625 vermis
2687 3579 2737 3624 et
2764 3586 2867 3624 non
2895 3568 3069 3633 homo,
3103 3562 3435 3638 opprobrium

1845 3661 2131 3727 hominum,
2162 3673 2209 3715 et
2235 3662 2454 3732 obiectio
2487 3662 2645 3733 plebis
2670 3662 2791 3736 (Ps.
2818 3661 2950 3732 χχι).
2986 3659 3215 3716 Videbat
3245 3659 3298 3710 in
3325 3671 3439 3709 ma-

1848 3799 2001 3873 illum
2030 3810 2085 3856 et
2117 3802 2405 3871 pugnantia
2444 3804 2769 3873 prodidisse.
2822 3805 3109 3859 Enimvero
3160 3800 3283 3872 quid
3314 3800 3434 3873 hoc

1846 3871 1965 3942 ipso
2011 3874 2346 3928 manifestius
2376 3871 2539 3930 eifato
2568 3894 2581 3929 :
2617 3875 2797 3943 Neque
2818 3876 2951 3930 enim
2980 3871 3436 3946 absque’sordibus

1846 3959 2111 4015 resurgere
2139 3946 2362 4017 poterit?
2397 3947 2501 4000 Eos
2532 3947 2686 4010 adeo,
2717 3949 2805 4017 qui
2853 3948 2921 4001 ab
2952 3943 3154 4000 erroris
3176 3951 3321 4017 nuta
3351 3943 3431 3997 lo-

1846 4028 1967 4068 cum
2004 4016 2145 4068 Itiine
2174 4017 2452 4073 vindicare
2482 4016 2754 4087 satagunt,
2786 4020 2878 4071 niti
2903 4019 3138 4071 arbitror
3167 4016 3380 4070 frustra.

1922 4095 1944 4124 ο
1978 4087 2077 4140 Par
2105 4088 2325 4155 quidem
2356 4104 2512 4143 error
2538 4099 2622 4144 est
2653 4096 3016 4144 vetustiorum
3048 4090 3251 4157 aliquot
3294 4088 3432 4140 scri-

1849 4166 2083 4228 ptorum,
2112 4169 2273 4227 atque
2317 4161 2582 4228 imprimis
2622 4160 2945 4215 Tertulliani
2995 4159 3132 4213 libro
3158 4158 3227 4212 de
3256 4157 3432 4212 Carne

1846 4224 2047 4281 Chriin
2072 4269 2087 4290 ,
2121 4224 2243 4298 cap.
2276 4231 2368 4294 25,
2394 4224 2564 4300 atque
2608 4246 2819 4295 eorum,
2866 4249 2998 4298 quos
3046 4228 3433 4300 Geni-brartlus

1846 4307 2008 4363 atque
2041 4300 2263 4356 lluetiiis
2315 4298 2639 4367 prietexunt,
2690 4304 2961 4358 Ainbiosii
3002 4300 3232 4362 scilicet,
3263 4298 3433 4354 Atha-

1849 4370 2005 4431 nasii,
2045 4369 2250 4441 Basilii,
2284 4374 2373 4440 qui
2407 4374 2472 4427 ile
2511 4374 2741 4441 Virginei
2793 4374 3012 4429 claustri
3063 4373 3346 4441 apertioite
3378 4371 3432 4425 iit

1850 4453 2003 4507 partit
2031 4440 2327 4496 disserunt.
2360 4442 2539 4497 Probe
2571 4440 2747 4498 anteiit
2784 4445 2976 4499 Hui-tio
3005 4440 3297 4498 notandum
3325 4452 3430 4501 est,

1848 4509 2103 4562 munibus
2151 4514 2215 4564 iis
2263 4514 2643 4580 exceptionem
2694 4517 2837 4569 illam
2886 4514 3244 4568 adhibendam
3290 4528 3432 4574 esse,

152 4584 304 4655 tione
334 4579 681 4655 iudiguerint,
707 4578 971 4632 malorum
997 4591 1177 4633 autem
1204 4590 1449 4655 portaset
1474 4580 1605 4655 vitia
1628 4579 1741 4634 fore
1769 4595 1823 4655 ι)
1848 4595 1952 4650 qua
2000 4581 2064 4632 ad
2081 4578 2428 4655 _solven_iltim
2465 4586 2736 4639 Ambrosii
2773 4590 2983 4650 locum,
3015 4601 3147 4639 usus
3177 4594 3260 4640 est
3287 4584 3434 4638 Tito-

152 4662 205 4705 ιιι
251 4648 489 4704 ﬂammis
531 4650 744 4719 penitus
782 4661 1173 4718 excoquuntur.
1226 4648 1611 4705 Genebrarilns
1651 4665 1741 4704 ca-

152 4722 384 4777 vendam
416 4722 552 4775 banc
599 4722 855 4775 admonet
885 4722 1187 4777 doctrinam
1220 4737 1233 4773 :
1268 4720 1449 4775 Sixtus
1481 4721 1741 4775 Senensis

152 4792 442 4862 benignius
478 4794 735 4860 explicat,
767 4793 1041 4862 refertque
1072 4794 1135 4846 ail
1169 4798 1345 4862 ignem
1379 4790 1581 4845 ultima!
1603 4806 1735 4845 con.

148 4862 513 4933 ﬂagrationis,
535 4863 624 4934 qui
650 4877 720 4917 ex
751 4863 938 4918 electis
959 4865 1168 4934 aliquos
1198 4863 1431 4916 nonduin
1460 4865 1591 4934 satis
1617 4879 1742 4929 pur-

148 4947 302 5003 gatos
336 4933 609 4996 lustrabit,
652 4934 912 5002 reprobos
938 4933 1068 4989 vero
1111 4948 1302 4988 omnes
1345 4933 1737 5003 apprehenilet.

150 5008 472 5074 liel‘ragatur
499 5018 632 5058 vero
655 5003 904 5070 Huetius,
939 5008 1147 5075 liocque
1168 5006 1338 5071 accipi
1370 5021 1534 5059 sensti
1560 5005 1745 5073 Orige-

150 5079 229 5132 nis
261 5093 370 5133 non
387 5089 560 5147 posse
585 5075 749 5147 verba
771 5078 1071 5147 Contendit,
1095 5076 1528 5147 quandoquidem
1557 5077 1647 5129 ille
1675 5092 1743 5130 ne

148 5143 522 5217 sanctissimos
551 5143 775 5217 quidem
823 5146 991 5211 viros,
1044 5143 1259 5203 Petrum
1293 5143 1440 5217 puta,
1481 5157 1576 5200 aut
1606 5147 1743 5200 Pau-

148 5222 278 5283 lum,
316 5218 420 5272 hoc
440 5216 652 5271 futuros
679 5216 802 5286 igne
843 5216 1111 5273 immunes
1141 5216 1453 5273 arbitratur.
1506 5217 1739 5273 Rursum

146 5287 767 5359 Snareziogrespondet,
799 5290 890 5357 qui
924 5300 1054 5343 tom.
1083 5289 1146 5343 IV
1183 5291 1233 5343 in
1266 5305 1326 5344 ιιι
1356 5292 1412 5344 S.
1458 5287 1650 5343 Thom.
1682 5306 1738 5359 q.

146 5360 234 5428 46,
265 5357 468 5427 εοειιι,
494 5369 554 5411 ιιι
589 5356 879 5427 Origenem
914 5371 1154 5424 excuset,
1186 5361 1440 5414 mendosa
1476 5361 1590 5414 haec
1619 5356 1742 5413 esse

146 5444 199 5487 el
224 5440 483 5498 corrupta
516 5428 862 5483 librariorum
902 5432 1031 5484 villi)
1061 5431 1369 5484 coiitendit.
1398 5431 1559 5499 idque
1590 5447 1656 5485 ex
1673 5448 1740 5486 eo

148 5504 491 5573 potissimum
538 5500 755 5573 probat,
808 5501 952 5573 quod
1004 5500 1163 5573 paulo
1212 5501 1460 5565 superius
1504 5500 1742 5573 ipseait

142 5568 599 5648 Origeiies._quod
638 5568 912 5648 polluti__et
943 5571 1160 5648 sordidi
1198 5586 1556 5648 resurgamus,
1586 5571 1741 5648 etiam

140 5639 363 5718 cogitare
396 5639 792 5718 piaculuntest.
817 5640 1079 5718 Nimirum
1113 5649 1319 5718 tantam
1354 5640 1574 5718 (inquit
1609 5642 1744 5718 Hue-

137 5709 266 5792 tiu's)
316 5709 617 5774 in'multt’s
664 5709 1064 5792 haesitationem
1104 5709 1743 5792 Qrigenisdeprehendi-

130 5781 263 5864 inus,
292 5799 360 5848 ut
407 5796 619 5842 novum
646 5781 775 5836 mihi
800 5796 907 5838 non
933 5783 1026 5849 sit,
1053 5781 1245 5839 eadem
1277 5781 1497 5840 homilia
1523 5781 1740 5839 diversa

1849 4666 1965 4704 mas
1999 4664 2048 4722 ρ.
2081 4650 2136 4713 3,
2165 4666 2221 4721 q.
2245 4653 2338 4719 28,
2363 4672 2390 4705 a
2420 4656 2475 4714 ‘2.
2512 4660 2582 4709 ita
2616 4671 2810 4722 nempe
2835 4657 3052 4712 loeutus
3075 4655 3263 4711 Patres
3289 4655 3431 4716 illos,

1846 4735 1967 4774 cum
2016 4721 2144 4774 illttil
2183 4724 2535 4794 Evangelistie
2575 4721 2908 4794 caponerent
2942 4747 2952 4780 :
2989 4726 3152 4780 Omne
3194 4729 3438 4780 musculi-

1846 4794 2296 4865 uumadaperiens
2328 4793 2550 4859 vulvam,
2583 4793 2816 4849 sanetum
2863 4796 3085 4849 Domino
3123 4802 3385 4852 vocabitur
3418 4814 3434 4849 :

1846 4864 1988 4931 quod
2016 4864 2234 4930 quidem
2251 4880 2314 4918 ex
2342 4867 2553 4933 vulgata
2575 4866 2827 4932 loquendi
2853 4869 3248 4921 consuetudine
3271 4883 3435 4920 usur-

1849 4943 2030 5002 patum
2063 4944 2167 5007 est,
2202 4952 2306 5007 non
2360 4936 2425 4989 ad
2471 4936 2878 5005 signiﬁcandam
2912 4937 3147 5007 Virginei
3190 4937 3349 5006 sigilli
3380 4937 3433 4997 in

1849 5004 2137 5078 puerperio
2170 5006 2467 5070 Icc.~iorteiit,
2498 5009 2591 5061 sed
2614 5006 2815 5062 exitum
2848 5004 3127 5061 dumtaxat
3176 5004 3339 5078 prolis
3370 5010 3436 5060 ile

1847 5086 2021 5129 utero.
2073 5075 2344 5132 (lictorum
2395 5078 2587 5132 eodem
2636 5086 2931 5132 annutante
2962 5075 3186 5141 lluetio,
3226 5080 3329 5133 hoc.
3353 5090 3438 5132 Erl

1844 5145 2064 5220 optimae
2112 5148 2329 5220 Patrum
2373 5158 2480 5204 tam
2531 5149 2873 5217 Graecorum,
2918 5165 3076 5220 quam
3120 5149 3434 5204 Latinorum

1842 5216 2120 5290 partis,_et
2149 5219 2406 5287 Epltesini
2437 5236 2700 5290 prmterea
2735 5216 2950 5275 concilii
2981 5223 3286 5286 decretum,
3319 5238 3438 5276 ner-

1846 5296 2008 5363 petuo
2037 5287 2296 5346 Ecclesia:
2322 5287 2587 5348 consensu
2620 5295 3029 5363 cotitprnbatum
3055 5334 3067 5355 ,
3099 5309 3272 5363 coque
3302 5293 3434 5346 Eze-

1843 5360 2033 5414 chielis
2060 5363 2280 5417 oraculo
2301 5364 2712 5418 corriibot-atttin
2744 5360 2759 5415 ἱ
2789 5365 2947 5417 Porta
2977 5365 3086 5417 Iiwc
3107 5360 3285 5418 clausa
3305 5366 3395 5417 erit
3417 5382 3433 5416 :

1844 5446 1944 5504 non
1976 5434 2253 5504 aperietur.
2288 5436 2443 5504 etivir
2483 5450 2585 5488 non
2616 5434 2851 5487 transibit
2899 5452 2987 5503 per
3009 5452 3163 5502 eam;
3193 5437 3434 5504 quoniam

1849 5500 2098 5578 Dominus
2120 5504 2279 5578 Deus
2327 5503 2494 5578 Israel
2524 5507 2782 5578 ingressus
2826 5500 2907 5558 est
2936 5523 3026 5577 per
3058 5500 3169 5558 eain
3193 5500 3215 5570 ξ
3242 5508 3437 5578 eritque

1845 5573 2023 5646 clausa
2048 5574 2294 5646 principi,
2327 5577 2586 5629 illibatam
2618 5584 2669 5629 et
2720 5576 2771 5630 in
2801 5573 3063 5646 conceptu
3100 5591 3155 5629 et
3199 5582 3248 5631 in
3282 5573 3433 5642 partit

1846 5641 2028 5715 Maria:
2050 5641 2447 5712 virginitatem,
2483 5647 2795 5715 Christique
2823 5641 3022 5715 corpus
3051 5649 3244 5703 eodem
3278 5641 3438 5703 modo

1845 5711 2344 5796 fot'as‘prodidisse,
2374 5733 2482 5788 quo
2513 5720 2579 5773 ad
2608 5711 2904 5788 discipulos
2926 5711 3209 5777 obseratis
3233 5720 3439 5776 foribus

1847 5792 2227 5857 penetravin
