4044 6322
561 314 661 368 ΞΜ

1828 296 1887 354 8.
1932 291 2206 354 EUSEBII
2243 287 2624 349 HIERONYMI

3749 278 3860 337 952

564 428 660 487 tris
691 439 848 485 utero
892 424 1286 484 immunditiam
1314 432 1605 490 corporum
1627 458 1642 484 ,
1693 411 1993 470 visceribus
2031 409 2153 481 ejus
2177 407 2225 471 Α
2257 404 2375 477 pit?
2412 402 2712 460 Fimbriam
2739 398 3054 459 vestimenti
3082 396 3446 490 Jesttmulier
3486 395 3665 467 tetigit
3692 402 3749 452 et
3769 409 3859 451 sa-

565 521 694 578 hine
724 520 849 575 inde
882 518 1131 581 vallatus,
1163 522 1393 570 terrente
1439 510 1587 564 lancis
1628 506 1934 578 patiebatur
1984 516 2155 572 sngu-

564 616 721 681 stias,
750 613 893 668 unde
924 608 1187 666 assimilat
1232 621 1292 660 se
1328 604 1520 665 vermi.
1571 613 1622 656 et
1661 599 1837 655 dicit:
1881 596 1994 668 Ego
2037 610 2155 650 sum

560 710 763 775 uerutis,
788 718 835 761 et
863 722 963 760 non
1003 705 1175 758 homo.
1229 702 1303 756 Ex
1339 713 1487 754 mare
1509 696 1707 768 quippe
1736 708 1801 749 ac
1826 690 2024 747 femina
2057 687 2157 744 lto.

561 814 651 857 mo
676 798 823 853 nasci
850 796 1024 861 solet,
1055 808 1157 865 ego
1185 805 1319 846 vero
1350 805 1456 845 non
1503 803 1571 844 ex
1600 786 1845 842 masculo
1871 793 1925 840 et
1950 781 2154 840 l'ctnina

561 890 856 947 secundum
907 887 1069 943 ritum
1111 884 1406 940 humanum
1440 889 1604 953 atque
1651 892 1923 946 naturam,
1971 876 2067 937 sed
2098 876 2155 933 in

559 984 865 1054 exemplum
898 980 1098 1038 vermis
1127 988 1286 1037 natus
1315 993 1455 1043 sum,
1487 976 1643 1046 cujus
1688 989 1796 1032 non
1825 981 1913 1029 est
1937 970 2158 1026 aliunde

561 1092 780 1143 semen,
811 1076 906 1131 sed
938 1074 994 1129 in
1026 1073 1182 1144 ipsis,
1221 1082 1278 1127 et
1315 1086 1383 1127 ex
1412 1070 1545 1140 ipsis
1583 1069 1636 1123 in
1663 1067 1861 1139 quibus
1890 1064 2158 1121 coalescit

561 1170 879 1242 corporibus
907 1170 1062 1240 origo
1087 1176 1193 1223 est.
1227 1166 1457 1235 Propter
1493 1161 1636 1235 quod
1666 1163 1788 1233 quia
1817 1174 1981 1216 omne
2020 1171 2157 1214 mas.

560 1263 799 1321 culinam
826 1260 969 1332 quod
1001 1259 1174 1329 aperit
1197 1258 1431 1321 vulvam.
1461 1266 1706 1313 sanctum
1740 1255 1966 1310 Domino
1991 1267 2155 1307 voca.

560 1358 723 1423 bitur,
759 1355 955 1410 ductus
983 1366 1068 1409 est
1095 1354 1147 1407 in
1174 1351 1595 1421 lerosolymam,
1628 1359 1683 1404 ut
1714 1357 2006 1419 appareret
2030 1352 2158 1401 ante

559 1460 914 1521 conspectqu
944 1447 1064 1515 Dei,
1097 1453 1153 1501 et
1181 1454 1402 1516 propter
1427 1443 1562 1500 illud
1602 1441 1745 1514 quod
1773 1441 2052 1513 sequitur,
2089 1437 2157 1494 Ut

559 1547 772 1601 daretur
794 1560 980 1598 munus
1006 1557 1102 1611 pro
1135 1556 1195 1595 eo
1233 1538 1373 1610 quod
1409 1539 1463 1591 in
1493 1536 1627 1609 Lege
1655 1536 1866 1590 Domini
1911 1536 2158 1605 scriptum

562 1651 636 1695 est
669 1655 688 1693 :
719 1638 830 1692 Par
850 1644 1109 1693 turturum
1130 1646 1220 1691 aut
1248 1636 1377 1690 duos
1417 1633 1589 1705 pullos
1619 1631 1973 1686 columbarum
1998 1628 2154 1702 (Luc.

562 1748 623 1803 ll,
648 1731 767 1801 24).
798 1732 1252 1800 Turturum‘par,
1286 1738 1342 1785 et
1377 1728 1516 1784 duos
1557 1726 1732 1798 pullos
1759 1724 2154 1791 columbarum,

2258 505 2378 554 nats
2409 504 2497 553 est
2537 493 2759 569 (Matth.
2790 490 2892 567 ts).
2944 491 3004 549 Si
3048 491 3139 549 illa
3169 489 3240 550 ad
3293 495 3597 547 extremam
3644 495 3857 558 partem

2258 587 2571 645 vestimenti
2604 596 2809 645 tantum
2852 582 3209 640 emolumenti
3240 579 3430 638 habuit
3456 623 3473 648 ,
3502 577 3632 651 quid
3659 588 3861 649 putan-

2257 685 2385 745 dum
2411 689 2499 738 est
2535 679 2605 738 de
2623 679 2912 747 Simeone,
2961 678 3053 748 qui
3078 678 3133 735 in
3160 689 3286 731 snas
3314 674 3475 731 ulnas
3507 672 3725 742 accepit
3770 672 3864 729 in-

2257 770 2484 841 tentem,
2523 783 2573 828 et
2606 771 2842 829 brachiis
2866 779 3061 827 tenens
3088 767 3374 826 leuabatur
3398 773 3563 836 atque
3590 763 3865 836 gaudebat

2257 867 2444 923 videns
2470 866 2755 937 parvulum
2784 879 2815 919 a
2840 878 2901 920 se
2921 861 3146 935 gestari,
3179 860 3271 929 qui
3292 858 3360 916 ad
3391 859 3605 915 vinctos
3631 865 3869 914 venerat

2259 958 2633 1025 resolvendos,
2661 955 3019 1028 sequeipsum
3039 953 3196 1009 nodis
3208 952 3456 1019 corporis
3477 948 3821 1007 liberandum
3846 964 3860 1003 :

2258 1054 2436 1108 sciens
2459 1051 2733 1107 neminem
2750 1064 2909 1120 posse
2919 1048 2989 1106 de
3006 1047 3252 1105 claustro
3269 1045 3521 1116 corporis
3543 1060 3705 1115 quem
3716 1043 3866 1115 piam

2257 1146 2507 1202 emittere
2554 1159 2679 1200 cum
2725 1158 2822 1213 spe
2853 1142 3048 1198 futurae
3074 1141 3201 1199 vita:
3226 1184 3241 1209 ,
3291 1138 3398 1196 nisi
3425 1153 3555 1194 eum
3593 1152 3755 1208 quem
3804 1137 3863 1196 in

2260 1238 2495 1296 brachiis
2536 1237 2873 1294 continebat.
2931 1234 3089 1293 Unde
3108 1233 3176 1290 sd
3199 1248 3325 1290 eum
3356 1232 3642 1303 loquitur:
3694 1229 3860 1288 Nunc

2260 1332 2498 1399 dimittis,
2521 1329 2759 1392 Domine,
2791 1345 2995 1385 seruum
3011 1336 3158 1383 tuum
3173 1327 3230 1381 in
3256 1343 3400 1398 pace.
3429 1324 3696 1395 Quamdiu
3709 1323 3863 1381 enim

2259 1422 2536 1481 Christum
2559 1437 2666 1478 non
2701 1420 2973 1487 tenebam,
3004 1417 3258 1489 quamdiu
3278 1418 3432 1475 illum
3449 1419 3588 1474 meis
3611 1417 3856 1474 brachiis

2261 1528 2368 1570 non
2409 1512 2687 1569 arctabam
2714 1555 2729 1580 ,
2781 1511 2999 1569 clausus
3018 1526 3167 1566 eram
3200 1553 3216 1578 ,
3269 1518 3327 1566 et
3353 1509 3421 1565 de
3447 1509 3680 1567 vinculis
3706 1509 3871 1567 exire

2261 1622 2371 1662 non
2417 1615 2681 1676 poteram.
2726 1605 2842 1662 Hoc
2889 1614 3068 1659 autem
3100 1618 3209 1659 non
3255 1603 3434 1660 solum
3483 1602 3553 1658 de
3579 1603 3867 1671 Simeone,

2260 1702 2356 1757 sed
2383 1701 2454 1758 de
2490 1702 2640 1757 omni
2672 1700 2914 1759 humano
2957 1713 3162 1770 genere
3199 1696 3480 1755 sciendum
3512 1706 3616 1752 est.
3654 1697 3710 1753 Si
3738 1699 3872 1768 quis

562 1846 662 1902 pro
708 1830 989 1886 Salvatore
1032 1827 1278 1882 videmus
1326 1825 1558 1881 oblatos.
1613 1823 1725 1893 Ego
1768 1833 1822 1876 et
1850 1836 1976 1876 aves
2024 1820 2154 1874 istas

2267 1797 2536 1868 egreditur
2556 1812 2587 1853 e
2604 1796 2828 1863 mundo,
2860 1795 2908 1851 si
2936 1794 3059 1866 quis
3082 1806 3349 1850 ecarcere
3364 1795 3672 1848 vinctorum
3697 1791 3872 1851 domo

562 1884 751 1980 ﬁgam,
796 1929 923 1992 pum
965 1936 1085 1990 qua,
1131 1934 1228 1989 pro
1280 1926 1399 1972 om,
1441 1884 1880 1971 Domini'omam
1926 1920 2073 1978 sum,
2101 1918 2156 1966 οι
2257 1891 2572 1956 dimittitur,
2621 1900 2679 1944 ut
2708 1888 2773 1945 ad
2804 1887 3139 1992 regnandum
3169 1886 3353 1950 vadat,
3384 1894 3566 1941 sumat
3591 1884 3782 1941 Jesum
3810 1887 3865 1942 in

560 2015 832 2088 quomodo
878 2015 1086 2069 asinam
1118 2012 1333 2067 Balaam
1368 2012 1557 2075 miror,
1607 2016 1663 2065 et
1706 2005 1964 2065 felicitate
2002 2020 2158 2060 aecu-

561 2110 728 2176 mulo,
756 2107 883 2181 quia
922 2107 1086 2179 digna
1131 2105 1294 2161 fuerit
1325 2119 1431 2159 non
1462 2103 1638 2159 solum
1669 2102 1855 2157 videre
1903 2100 2155 2171 angelum

564 2203 680 2271 Dei,
708 2202 805 2259 sed
834 2202 1000 2258 etiam
1030 2217 1125 2256 ore
1164 2207 1412 2255 reserato
1438 2199 1492 2253 in
1524 2199 1817 2253 humanum
1847 2209 2157 2251 sermonem

563 2312 850 2373 erumpere
876 2315 887 2351 :
920 2296 999 2351 sic
1028 2296 1200 2351 multo
1226 2294 1463 2364 amplius
1491 2292 1588 2347 has
1615 2292 1868 2346 volucres
1900 2290 2155 2362 prmdico,

565 2405 768 2461 easque
799 2389 1053 2461 sustollo,
1078 2389 1221 2459 quod
1266 2404 1365 2460 pro
1398 2387 1628 2443 Domino
1666 2394 1853 2441 nostro
1892 2394 1947 2442 et
1972 2384 2162 2441 Salva—

567 2494 688 2540 tore
709 2482 902 2538 oblattu
921 2490 1065 2543 sunt.
1087 2480 1155 2536 Ut
1178 2479 1418 2553 oﬂ'errent
1447 2497 1541 2551 pro
1563 2495 1621 2533 eo
1643 2495 1739 2551 par
1763 2486 2050 2544 turturum,
2073 2483 2163 2530 aut

568 2576 699 2631 duos
722 2575 895 2647 pullos
915 2574 1289 2629 columbarum.
1319 2574 1530 2629 Novum
1557 2573 1685 2644 quid
1719 2573 1946 2628 forsitan
1977 2569 2164 2625 videar

572 2667 801 2735 inferre,
829 2667 923 2724 sed
954 2683 1050 2741 pro
1081 2666 1364 2738 majestate
1395 2681 1583 2736 parum
1613 2664 1856 2736 dignum.
1887 2663 2038 2720 Sicut
2069 2676 2166 2717 no-

569 2777 636 2815 va
665 2759 764 2815 iuit
791 2758 1071 2831 generatio
1102 2757 1426 2826 Salvatoris,
1450 2772 1553 2811 non
1582 2771 1649 2811 ex
1689 2757 1806 2809 viro
1826 2766 1881 2810 et
1908 2754 2160 2823 muliere,

572 2852 669 2907 sed
697 2868 763 2907 ex
789 2850 903 2905 sola
938 2861 1143 2905 tantum
1177 2850 1436 2920 Virgine:
1488 2849 1566 2904 sic
1600 2856 1654 2904 et
1686 2864 1782 2919 par
1813 2857 2082 2902 turturum
2112 2854 2168 2902 et

572 2944 682 3000 duo
714 2944 842 3014 pulli
866 2945 1235 3000 columbarum
1266 2958 1375 2999 non
1408 2941 1626 2997 fuerunt
1662 2944 1797 2997 tales
1822 2941 2013 3013 quales
2039 2956 2168 2996 ocu-

576 3038 643 3093 lis
671 3038 851 3093 carnis
897 3036 1232 3104 aspicimus;
1280 3036 1376 3092 sed
1423 3035 1610 3103 quales
1658 3033 1896 3105 Spiritus
1946 3042 2168 3088 sanctus

575 3140 677 3194 est,
702 3131 795 3207 qui
825 3131 878 3186 in
910 3132 1090 3202 specie
1110 3132 1375 3185 columba:
1404 3128 1689 3185 descendit
1727 3140 1781 3183 et
1821 3127 1971 3183 venit
1998 3143 2169 3198 super

575 3195 1181 3294 Salvatorem,‘quando
1204 3223 1255 3279 in
1278 3223 1515 3279 Jordane
1533 3223 1835 3293 baptizatus
1855 3195 2166 3297 esuriant.
2196 3195 2241 3260 C
2275 3198 2342 3297 (ξά
2383 3204 2491 3297 ιοιξι

576 3318 679 3388 ιιι).
710 3318 843 3373 Tale
873 3315 972 3371 l‘uit
1001 3328 1055 3372 et
1088 3332 1187 3387 par
1210 3326 1480 3372 turturum
1517 3333 1529 3370 :
1574 3331 1680 3371 non
1707 3324 1862 3370 erant
1889 3314 1998 3369 illa:
2021 3313 2175 3370 voln-

577 3426 699 3467 cres
727 3420 753 3447 ³
786 3418 841 3464 ιιι
868 3410 985 3465 ista:
1018 3426 1138 3481 quae
1170 3425 1268 3480 per
1296 3425 1475 3467 aerem
1508 3409 1756 3472 volitant,
1790 3408 1884 3461 scd
1929 3407 2171 3461 divinum

576 3503 829 3576 quiddam
859 3515 913 3557 et
944 3501 1178 3557 humana
1228 3501 1686 3570 contemplatione
1732 3499 2039 3569 augustius,
2073 3497 2176 3554 sub

579 3600 766 3670 specie
792 3596 1054 3653 columba:
1082 3609 1134 3653 et
1161 3598 1385 3652 lttrlttris
1408 3596 1724 3667 apparebat,
1758 3606 1814 3650 ut
1837 3610 1942 3651 non
1977 3594 2174 3657 talibus

580 3691 813 3747 victimis
842 3689 1092 3761 qualibus
1122 3704 1315 3744 omnes
1343 3689 1608 3754 homines,
1645 3687 1734 3744 ille
1771 3688 1883 3759 qui_
1912 3703 2010 3759 pro
2059 3696 2174 3744 toto

578 3784 783 3841 mundo
822 3783 1165 3847 nascebatur,
1190 3793 1244 3840 ct
1277 3783 1385 3854 pati
1428 3782 1679 3849 habebat,
1718 3796 1902 3841 coram
1947 3784 2176 3859 Domino

580 3876 957 3943 mundarctur,
971 3876 1344 3948 εει-292,
1361 3875 1455 3931 sed
1477 3884 1536 3930 ut
1551 3875 1889 3944 dispensatio
1901 3876 2020 3946 ejus
2035 3890 2170 3930 nova

579 3970 784 4034 omnia,
817 3969 893 4022 ita
922 3983 1094 4024 novas
1124 3983 1337 4039 queque
1370 3967 1594 4023 haberet
1620 3966 1845 4034 hostias,
1874 3967 2171 4024 secundum

578 4063 916 4121 voluntatem
960 4062 1350 4131 omnipotentis
1401 4062 1492 4117 Dei
1538 4061 1593 4116 in
1638 4060 1859 4119 Christo
1885 4060 2037 4128 Jesu,
2086 4061 2175 4117 cui

579 4166 664 4215 est
690 4156 867 4230 gloria
893 4166 950 4214 et
981 4157 1264 4226 imperium
1295 4158 1346 4213 in
1375 4156 1571 4214 saecula
1602 4156 1951 4212 saeculorum.
1977 4158 2169 4211 Amen.

1157 4293 1439 4351 HOMILIA
1481 4293 1599 4351 XV.

579 4408 657 4466 De
696 4407 987 4478 Simeone,
1028 4408 1171 4480 quod
1204 4409 1258 4464 in
1286 4409 1473 4480 Spiritu
1523 4408 1591 4468 ad
1632 4407 1891 4480 templum
1939 4411 2172 4479 venerit,

650 4496 818 4552 usque
844 4480 911 4537 ad
942 4479 1064 4552 eum
1091 4481 1269 4539 locum
1290 4479 1326 4550 ,⁷
1362 4481 1451 4537 ubi
1483 4481 1593 4538 ait:
1637 4479 1794 4552 Nunc
1821 4480 2041 4543 dimittis
2064 4497 2173 4538 ser-

649 4550 767 4609 uum
793 4562 966 4621 tuum,
995 4550 1238 4621 Domine,
1265 4554 1318 4607 in
1341 4568 1484 4623 pace.
1518 4553 1650 4623 Cap,
1674 4551 1738 4613 ll.

650 4667 816 4741 Digna
836 4667 932 4724 Dei
967 4682 1191 4723 munere
1215 4665 1505 4738 quaerenda
1537 4677 1621 4727 est
1646 4667 1809 4722 ratio.
1854 4667 2065 4724 Simeon
2093 4669 2170 4723 uir

576 4771 785 4820 sanctus
806 4772 853 4819 et
885 4761 1109 4821 Domino
1136 4763 1346 4834 placens
1374 4802 1389 4828 ,
1434 4762 1577 4819 sicut
1623 4762 1676 4821 in
1711 4763 2002 4836 Evangelio
2029 4764 2165 4823 εει-ἰ·

574 4867 725 4929 ptum
746 4870 853 4924 est,
876 4867 1180 4929 exspectans
1207 4857 1611 4913 consolationem
1633 4854 1827 4924 Israel,
1858 4873 2169 4928 responsum

572 4961 889 5027 acceperata
912 4950 1119 5023 Spiritu
1140 4960 1335 5017 sancto,
1370 4967 1474 5005 non
1504 4966 1560 5005 se
1584 4950 1729 5023 prius
1758 4959 1974 5005 mortem
1999 4951 2171 5005 obitu-

571 5066 691 5105 rum
728 5065 881 5121 quam
910 5047 1100 5103 uideret
1130 5044 1396 5103 Christum
1425 5044 1657 5103 Domini.
1697 5044 1838 5117 Quid
1865 5046 1915 5102 ei
1946 5045 2168 5115 profuit,

572 5150 631 5196 ut
661 5140 868 5197 videret
888 5139 1162 5196 Christum
1189 5139 1210 5192 ἰ
1240 5139 1432 5196 Utrum
1463 5139 1567 5194 hoc
1597 5148 1803 5193 tantum
1832 5140 1886 5195 in
1924 5140 2160 5211 promis.

571 5232 725 5287 sione
751 5231 958 5300 habuit,
995 5239 1053 5286 ut
1076 5231 1286 5287 videret
1314 5231 1491 5296 illum,
1523 5232 1762 5303 nihilque
1790 5247 1856 5289 es
1888 5232 2009 5291 visu
2043 5233 2162 5306 ejus

573 5332 1002 5399 consequeretur
1034 5323 1334 5382 utilitatis?
1389 5339 1456 5380 an
1506 5323 1635 5385 latet
1688 5325 1907 5399 aliquod
1960 5327 2164 5386 donum

571 5418 791 5490 dignum
822 5418 943 5487 Dei,
964 5417 1114 5489 quod
1145 5418 1334 5475 beatus
1347 5418 1566 5475 Simeon
1597 5426 1654 5474 et
1680 5419 1897 5490 meruit,
1926 5427 1984 5476 et
2010 5433 2171 5476 acce-

643 5568 671 5597 ·
699 5557 893 5615 Merito
921 5555 1206 5627 Origenes.
1235 5554 1381 5627 quod
1434 5556 1501 5627 in,
1519 5555 1815 5624 Scripturis
1860 5553 2164 5627 edissereno

575 5631 679 5689 dis.
716 5624 1063 5698 pessumdatb
1082 5624 1283 5698 stupins
1313 5625 1573 5683 historico
1603 5641 1804 5692 sensu,
1851 5624 2164 5698 allegoricis

576 5694 1004 5768 expositionibus
1043 5698 1119 5751 rei
1166 5694 1448 5754 veritatem
1502 5698 1800 5765 praevertit,
1850 5698 1993 5752 male
2019 5694 2164 5765 apud

577 5767 840 5827 Ecclesia:
867 5767 1060 5823 Patres
1095 5768 1354 5821 continuo
1385 5768 1576 5822 audiit.
1629 5767 1781 5822 Haud
1821 5776 1975 5825 certe
2023 5768 2165 5833 scio,

580 5856 684 5913 qua
715 5837 888 5911 possit
933 5838 1051 5896 hac
1096 5838 1469 5910 interpretatio
1514 5839 1864 5898 excusatione
1911 5836 2168 5906 obliniri,

2258 1984 2506 2040 manibus
2528 1987 2643 2039 suis
2670 2025 2685 2050 ,
2726 1992 2784 2039 et
2822 1980 3130 2039 circumdet
3154 1995 3277 2036 eum
3313 1980 3553 2035 brachiis
3584 1981 3700 2037 suis
3727 2021 3744 2047 ,
3777 1990 3865 2035 to-

2261 2088 2370 2133 tum
2396 2075 2592 2131 habeat
2612 2075 2667 2129 in
2700 2075 2842 2138 sinu,
2862 2081 2919 2129 et
2940 2083 3067 2129 tunc
3085 2072 3369 2128 exsultans
3392 2071 3472 2127 ire
3497 2069 3720 2141 poterit,
3745 2088 3858 2142 quo

2261 2166 2551 2223 desiderat.
2577 2165 2944 2221 Considerate
2973 2173 3171 2234 quanta
3200 2163 3538 2235 dispensatio
3566 2176 3871 2232 praecesse-

2264 2262 2352 2329 rit,
2385 2261 2656 2318 utFilium
2686 2260 2779 2316 Dei
2806 2260 3031 2317 Simeon
3055 2266 3363 2315 mereretur
3382 2266 3594 2314 tenere.
3624 2257 3867 2313 Primum

2266 2370 2587 2427 responsum
2618 2369 2649 2410 s
2689 2363 2881 2410 saneto
2919 2353 3125 2425 Spiritu
3150 2360 3461 2421 acceperat,
3492 2366 3599 2411 non
3628 2366 3754 2407 eum
3783 2351 3870 2406 vi-

2266 2451 2400 2506 dere
2429 2459 2660 2507 mortem
2684 2490 2701 2518 ,
2739 2449 2842 2504 nisi
2871 2430 3024 2519 prius
3062 2446 3295 2505 vidisset
3319 2444 3597 2502 Christum
3628 2444 3867 2500 Domini.

2268 2543 2475 2603 Deinde
2537 2557 2642 2598 non
2701 2541 2924 2596 fortuitu
2973 2554 3037 2595 se
3080 2539 3406 2609 simpliciter
3462 2538 3743 2608 ingressus
3787 2545 3875 2592 est

2271 2637 2551 2707 templum,
2579 2634 2677 2693 sed
2709 2634 2857 2689 venit
2886 2632 2940 2688 in
2968 2632 3226 2703 templum
3251 2631 3306 2686 in
3327 2631 3536 2702 Spiritu
3562 2630 3675 2684 Dei.
3704 2629 3871 2695 Quot-

2268 2738 2388 2801 quot
2410 2729 2546 2783 enim
2577 2728 2784 2797 Spiritu
2804 2724 2900 2780 Dei
2928 2733 3173 2797 aguntur,
3199 2722 3255 2777 lsi
3284 2723 3385 2795 ﬁlii
3413 2732 3535 2777 sunt
3561 2719 3661 2775 Dei
3684 2720 3869 2793 (Rom.

2268 2838 2383 2888 vni,
2418 2821 2611 2893 Ephes.
2646 2818 2733 2891 tt).
2771 2818 3006 2887 Spiritus
3035 2816 3197 2888 igitur
3227 2824 3451 2871 sanctus
3480 2830 3604 2870 eum
3628 2813 3787 2869 duxit
3816 2813 3869 2868 in

2272 2916 2551 2986 templum.
2575 2914 2653 2968 'l‘u
2667 2926 2881 2983 quoque
2893 2911 2937 2966 si
2950 2910 3032 2966 vis
3057 2918 3245 2966 tenere
3255 2908 3442 2966 Jesum
3453 2950 3468 2975 ,
3482 2920 3538 2963 et
3552 2907 3870 2977 amplexare

2273 3009 2521 3065 manibus
2544 3048 2560 3073 ,
2581 3013 2639 3061 et
2663 3004 2862 3076 dignus
2891 3002 3009 3058 ﬁeri
3039 3003 3193 3058 exire
3232 3001 3301 3059 de
3327 3015 3580 3068 carcere,
3609 3000 3763 3057 omni
3790 2999 3872 3054 la.

2274 3103 2405 3157 horc
2432 3099 2629 3165 nitere,
2658 3107 2718 3152 ut
2743 3097 2935 3153 ducem
2970 3095 3177 3149 habeas
3217 3093 3482 3163 Spiritum
3509 3134 3523 3158 ,
3569 3091 3869 3162 venissque

2498 3193 2644 3264 plum
2673 3190 2790 3246 Dei.
2834 3191 2972 3246 Ecce
3020 3203 3166 3245 nunc
3190 3197 3306 3243 stas
3335 3187 3390 3241 in
3417 3186 3628 3256 templo
3652 3184 3871 3239 Domini

2276 3288 2427 3354 Jesu,
2458 3287 2562 3342 hoc
2585 3295 2691 3352 est,
2716 3284 2767 3339 iu
2800 3282 3046 3339 Ecclesia
3074 3285 3226 3353 ejus,
3259 3279 3365 3337 hoc
3389 3287 3474 3335 est
3505 3279 3770 3348 templum
3802 3278 3871 3334 de

2276 3384 2418 3439 vivis
2462 3379 2736 3451 lapidibus
2775 3386 3140 3435 exstructum.
3180 3375 3306 3432 Stas
3346 3383 3527 3429 autem
3559 3374 3612 3429 in
3665 3373 3875 3442 templo

2279 3475 2531 3540 Domini,
2586 3470 2802 3543 quando
2829 3471 2936 3525 vita
2964 3477 3054 3524 tua
3084 3511 3097 3532 ,
3140 3476 3195 3524 et
3228 3466 3575 3523 conversatio
3605 3466 3872 3523 Ecclesiae

2281 3570 2437 3625 fuerit
2469 3566 2833 3638 appellatione
2856 3563 3197 3635 dignissima.
3230 3562 3289 3617 Si
3320 3561 3534 3617 veneris
3558 3559 3755 3629 spiritu
3798 3557 3866 3615 ad

2280 3661 2542 3732 templum
2572 3703 2587 3729 ,
2630 3658 2877 3714 invenies
2898 3655 3183 3729 parvulum
3208 3654 3393 3710 Jesum
3423 3695 3439 3721 ,
3475 3653 3685 3708 lcvabis
3716 3653 3869 3711 illum

2278 3752 2516 3811 brachiis
2549 3752 2655 3813 tuis
2684 3758 2741 3807 et
2765 3750 2915 3806 dices
2942 3767 2955 3804 :
3019 3747 3180 3804 Nunc
3215 3746 3428 3803 dimittis
3461 3762 3663 3801 seruum
3701 3755 3866 3811 tuum,

2281 3847 2498 3909 Domine
2525 3886 2543 3913 ,
2581 3845 2635 3902 in
2664 3859 2808 3915 pace,
2838 3840 3120 3899 secundum
3140 3840 3345 3895 veritum
3377 3848 3543 3897 tuum.
3583 3838 3869 3908 Simulque

2276 3939 2499 3996 attende
2545 3938 2690 4009 quod
2721 3934 3004 4002 solutiOni,
3032 3944 3091 3991 et
3112 3934 3416 3991 dimissioni
3443 3948 3543 4007 pax
3573 3931 3754 3988 addita
3775 3932 3865 3988 sit.

2276 4033 2391 4090 Non
2421 4032 2565 4090 enim
2595 4031 2692 4096 ait,
2718 4029 2925 4089 Dimitti
2957 4030 3107 4098 volo,
3126 4028 3222 4083 sed
3248 4043 3374 4083 cum
3393 4026 3793 4100 additatnento,
3816 4027 3867 4082 in

2276 4140 2414 4198 pace
2442 4124 2663 4183 dimitti.
2702 4121 2836 4179 Nam
2867 4130 2921 4177 et
2961 4122 3121 4179 beato
3148 4120 3380 4179 Abrahae
3425 4120 3535 4177 hoc
3566 4120 3708 4177 idem
3745 4136 3872 4190 ριόν

2275 4218 2500 4275 missum
2529 4224 2614 4273 est
2638 4233 2652 4270 :
2712 4215 2793 4269 Tu
2816 4223 2986 4269 autem
3013 4213 3168 4273 vades
3188 4214 3260 4267 ad
3287 4223 3458 4287 patres
3482 4220 3598 4266 tuos
3624 4212 3679 4266 in
3712 4229 3861 4279 pace,

2276 4311 2567 4367 nutritusin
2588 4316 2788 4367 senecta
2810 4307 2962 4361 bona.
2989 4305 3120 4374 Quis
3143 4313 3229 4361 est
3246 4305 3335 4376 qui
3352 4303 3618 4359 moriatur
3635 4303 3692 4359 in
3714 4318 3867 4375 pace,

2276 4404 2378 4462 nisi
2405 4401 2503 4476 qui
2536 4399 2700 4457 habet
2721 4413 2910 4472 pacem
2939 4397 3075 4463 Dei,
3120 4412 3238 4467 qua:
3281 4412 3501 4456 omnem
3531 4411 3753 4455 sensum
3783 4412 3872 4453 su-

2277 4503 2453 4566 perat,
2481 4490 2826 4563 eustoditque
2848 4505 2944 4548 cor
2973 4489 3312 4561 possessoris
3338 4489 3465 4545 sui?
3515 4488 3648 4556 Quis
3669 4498 3754 4543 est
3777 4489 3873 4559 qui

2198 4590 2253 4650 Ι)
2276 4587 2345 4643 de
2367 4586 2568 4641 szeculo
2598 4585 2704 4639 isto
2733 4582 2943 4643 recedit
2968 4582 3022 4635 in
3068 4594 3202 4650 pace
3226 4621 3240 4645 ,
3292 4578 3398 4635 nisi
3430 4579 3477 4634 is
3497 4579 3587 4650 qui
3616 4580 3872 4650 intelligit

2274 4678 2419 4752 quod
2436 4678 2577 4739 Deus
2605 4688 2723 4736 erat
2747 4676 2800 4733 in
2822 4672 3041 4732 Christo
3073 4669 3331 4727 mundum
3365 4670 3731 4727 reconcilians
3745 4671 3872 4739 sibi,

2278 4769 2522 4840 nihilque
2551 4768 2833 4824 inimicum
2866 4765 3030 4822 habet
3060 4762 3436 4819 adversarium
3470 4762 3597 4830 Dei,
3621 4765 3716 4820 sed
3750 4780 3872 4818 om-

2282 4878 2412 4920 nem
2466 4876 2648 4933 pacem
2676 4869 2840 4931 atque
2867 4857 3216 4915 concordiam
3249 4857 3405 4912 bonis
3446 4858 3498 4912 in
3526 4872 3587 4913 se
3613 4858 3873 4928 operibus

2276 4954 2595 5025 assumpsit,
2638 4959 2697 5008 et
2720 4952 2801 5007 sic
2840 4951 2894 5005 in
2925 4966 3058 5023 pace
3084 4948 3379 5005 dimittitur
3405 4964 3629 5025 pergere
3655 4949 3719 5002 ad
3748 4963 3871 5003 san-

2276 5057 2395 5103 ctus
2427 5046 2617 5103 Patres
2640 5087 2656 5110 ,
2688 5042 2754 5100 ad
2783 5057 2920 5113 quos
2950 5052 3004 5098 et
3032 5050 3255 5099 sanctus
3284 5039 3557 5097 Abraham
3588 5039 3866 5111 proiectus

2271 5150 2357 5199 est
2375 5138 2545 5213 (Phil.
2569 5137 2646 5207 1)?
2668 5135 2809 5204 Quid
2821 5137 2891 5191 de
2907 5136 3161 5191 Patribus
3184 5136 3375 5206 loquar
3393 5135 3419 5189 ἲ
3443 5134 3510 5192 ad
3536 5135 3710 5205 ipsum
3734 5146 3872 5203 quo-

2272 5250 2377 5306 que
2396 5234 2485 5307 qui
2520 5228 2951 5304 patriarcharum
2974 5229 3229 5300 princeps
3259 5238 3313 5284 et
3335 5228 3597 5283 Dominus
3622 5234 3741 5294 est,
3785 5224 3867 5281 ire

2273 5328 2484 5395 Iesum,
2516 5326 2583 5382 de
2609 5337 2718 5395 quo
2742 5321 2979 5379 dicitur:
3012 5321 3202 5379 Melius
3230 5330 3302 5378 est
3331 5321 3519 5377 resolvi
3547 5330 3594 5375 et
3620 5336 3725 5375 esse
3750 5333 3870 5373 cum

2278 5419 2501 5477 Christo.
2530 5417 2626 5475 ille
2646 5415 2808 5471 habet
2831 5415 3041 5483 Jesum,
3065 5415 3158 5484 qui
3189 5413 3354 5468 sudet
3374 5413 3522 5483 loqui
3550 5431 3564 5466 :
3602 5412 3731 5468 Vivo
3749 5413 3867 5481 jam

2268 5571 2396 5613 eum
2426 5566 2668 5612 turtures
2699 5567 2797 5622 pro
2822 5550 3047 5606 Christo
3066 5549 3282 5604 oblatos
3308 5549 3478 5622 fuisse
3509 5560 3690 5622 negat,
3717 5546 3864 5622 rotu-

2270 5644 2402 5692 crcs,
2430 5638 2485 5682 ut
2516 5630 2631 5682 ista
2654 5619 2794 5688 sunt,
2815 5636 2929 5691 qua
2956 5637 3045 5690 per
3065 5635 3236 5692 aerem
3257 5621 3497 5680 rolitant.
3516 5621 3612 5692 sed
3636 5619 3867 5692 (liuinum

2270 5688 2518 5771 quiddam
2546 5706 2593 5771 et
2623 5688 2851 5751 humana
2872 5688 3301 5771 contemplatione
3318 5690 3610 5761 augustius,
3633 5688 3724 5745 sub
3750 5702 3864 5755 spe.

2274 5761 2351 5825 cie
2373 5767 2624 5826 columba
2640 5772 2689 5819 et
2711 5762 2924 5818 terseris
2944 5761 3273 5832 apparuisse.
