  <div class='ocr_page' id='page_1' title='image "/cluster/home/n/w/nwhite01/storage/ocr_20150623/26/uva.x000826568/134.png"; bbox 0 0 4044 6320; ppageno 0'>
   <div class='ocr_carea' id='block_1_1' title="bbox 140 311 3476 375">
    <p class='ocr_par' dir='ltr' id='par_1_1' title="bbox 140 311 3476 375">
     <span class='ocr_line' id='line_1_1' title="bbox 140 311 3476 375; baseline -0 0"><span class='ocrx_word' id='word_1_1' title='bbox 140 320 260 375; x_wconf 67' lang='lat'><strong>9.55</strong></span> <span class='ocrx_word' id='word_1_2' title='bbox 798 313 1228 371; x_wconf 78' lang='lat' dir='ltr'><strong>TRANSLATIU</strong></span> <span class='ocrx_word' id='word_1_3' title='bbox 1268 311 1699 373; x_wconf 75' lang='lat' dir='ltr'><strong>HOMILIARUII</strong></span> <span class='ocrx_word' id='word_1_4' title='bbox 1735 311 2061 373; x_wconf 69' lang='lat' dir='ltr'><strong>ORIGENIS</strong></span> <span class='ocrx_word' id='word_1_5' title='bbox 2102 314 2166 375; x_wconf 77' lang='lat' dir='ltr'><strong>IN</strong></span> <span class='ocrx_word' id='word_1_6' title='bbox 2208 313 2465 371; x_wconf 71' lang='lat' dir='ltr'><strong>LUCAM.</strong></span> <span class='ocrx_word' id='word_1_7' title='bbox 2510 314 2674 371; x_wconf 73' lang='lat' dir='ltr'><strong>HOM.</strong></span> <span class='ocrx_word' id='word_1_8' title='bbox 2721 315 2858 372; x_wconf 76' lang='lat' dir='ltr'><strong>XVI.</strong></span> <span class='ocrx_word' id='word_1_9' title='bbox 3366 317 3476 374; x_wconf 62' lang='lat'><strong>25‘</strong></span> 
     </span>
    </p>
   </div>
   <div class='ocr_carea' id='block_1_2' title="bbox 147 420 3483 514">
    <p class='ocr_par' dir='ltr' id='par_1_2' title="bbox 147 420 3483 514">
     <span class='ocr_line' id='line_1_2' title="bbox 147 420 3483 514; baseline 0.003 -28"><span class='ocrx_word' id='word_1_10' title='bbox 147 450 261 487; x_wconf 71' lang='lat' dir='ltr'><strong>non</strong></span> <span class='ocrx_word' id='word_1_11' title='bbox 290 447 397 504; x_wconf 72' lang='lat' dir='ltr'><strong>ego</strong></span> <span class='ocrx_word' id='word_1_12' title='bbox 420 470 439 499; x_wconf 92' lang='lat'><strong>,</strong></span> <span class='ocrx_word' id='word_1_13' title='bbox 468 430 599 487; x_wconf 76' lang='lat' dir='ltr'><strong>sisit</strong></span> <span class='ocrx_word' id='word_1_14' title='bbox 630 446 751 487; x_wconf 77' lang='lat' dir='ltr'><strong>cera</strong></span> <span class='ocrx_word' id='word_1_15' title='bbox 776 430 830 484; x_wconf 87' lang='lat' dir='ltr'><strong>in</strong></span> <span class='ocrx_word' id='word_1_16' title='bbox 854 445 934 485; x_wconf 76' lang='lat' dir='ltr'><strong>me</strong></span> <span class='ocrx_word' id='word_1_17' title='bbox 962 420 1198 489; x_wconf 65' lang='lat' dir='ltr'><strong>Christus</strong></span> <span class='ocrx_word' id='word_1_18' title='bbox 1227 430 1434 500; x_wconf 63' lang='grc' dir='ltr'><strong>(ϐολαί.</strong></span> <span class='ocrx_word' id='word_1_19' title='bbox 1456 446 1516 495; x_wconf 88' lang='lat' dir='ltr'><strong>u.</strong></span> <span class='ocrx_word' id='word_1_20' title='bbox 1550 428 1668 501; x_wconf 70' lang='grc' dir='ltr'><strong>ΞΟ).</strong></span> <span class='ocrx_word' id='word_1_21' title='bbox 1712 429 1780 489; x_wconf 87' lang='lat' dir='ltr'><strong>Ut</strong></span> <span class='ocrx_word' id='word_1_22' title='bbox 1804 432 1862 499; x_wconf 70' lang='grc' dir='ltr'><strong>Δ</strong></span> <span class='ocrx_word' id='word_1_23' title='bbox 1882 430 2147 493; x_wconf 73' lang='lat' dir='ltr'><strong>Joannem</strong></span> <span class='ocrx_word' id='word_1_24' title='bbox 2183 433 2367 514; x_wconf 78' lang='lat' dir='ltr'><strong>reperi</strong></span> <span class='ocrx_word' id='word_1_25' title='bbox 2394 434 2695 507; x_wconf 76' lang='lat' dir='ltr'><strong>scriptum:</strong></span> <span class='ocrx_word' id='word_1_26' title='bbox 2752 433 2819 493; x_wconf 85' lang='lat' dir='ltr'><strong>lu</strong></span> <span class='ocrx_word' id='word_1_27' title='bbox 2839 436 3104 507; x_wconf 68' lang='lat' dir='ltr'><strong>judicium</strong></span> <span class='ocrx_word' id='word_1_28' title='bbox 3130 451 3227 508; x_wconf 73' lang='lat' dir='ltr'><strong>ego</strong></span> <span class='ocrx_word' id='word_1_29' title='bbox 3250 436 3308 493; x_wconf 81' lang='lat' dir='ltr'><strong>in</strong></span> <span class='ocrx_word' id='word_1_30' title='bbox 3329 452 3483 497; x_wconf 78' lang='lat' dir='ltr'><strong>mutt-</strong></span> 
     </span>
    </p>
   </div>
   <div class='ocr_carea' id='block_1_3' title="bbox 146 521 3463 600">
    <p class='ocr_par' dir='ltr' id='par_1_3' title="bbox 146 521 3463 600">
     <span class='ocr_line' id='line_1_3' title="bbox 146 521 3463 600; baseline 0.002 -20"><span class='ocrx_word' id='word_1_31' title='bbox 146 524 327 596; x_wconf 80' lang='lat' dir='ltr'><strong>igitur</strong></span> <span class='ocrx_word' id='word_1_32' title='bbox 381 532 439 579; x_wconf 85' lang='lat' dir='ltr'><strong>et</strong></span> <span class='ocrx_word' id='word_1_33' title='bbox 499 535 604 581; x_wconf 84' lang='lat' dir='ltr'><strong>nos</strong></span> <span class='ocrx_word' id='word_1_34' title='bbox 660 529 872 579; x_wconf 83' lang='lat' dir='ltr'><strong>stantes</strong></span> <span class='ocrx_word' id='word_1_35' title='bbox 909 521 963 577; x_wconf 90' lang='lat' dir='ltr'><strong>in</strong></span> <span class='ocrx_word' id='word_1_36' title='bbox 1002 522 1209 592; x_wconf 85' lang='lat' dir='ltr'><strong>templo</strong></span> <span class='ocrx_word' id='word_1_37' title='bbox 1234 563 1249 587; x_wconf 92' lang='lat'><strong>,</strong></span> <span class='ocrx_word' id='word_1_38' title='bbox 1308 533 1364 581; x_wconf 88' lang='lat' dir='ltr'><strong>et</strong></span> <span class='ocrx_word' id='word_1_39' title='bbox 1401 530 1653 579; x_wconf 86' lang='lat' dir='ltr'><strong>tenentes</strong></span> <span class='ocrx_word' id='word_1_40' title='bbox 1679 521 1775 581; x_wconf 90' lang='lat' dir='ltr'><strong>Dei</strong></span> <span class='ocrx_word' id='word_1_41' title='bbox 1878 525 2001 583; x_wconf 81' lang='lat' dir='ltr'><strong>dum</strong></span> <span class='ocrx_word' id='word_1_42' title='bbox 2018 526 2173 585; x_wconf 65' lang='lat' dir='ltr'><strong>istum</strong></span> <span class='ocrx_word' id='word_1_43' title='bbox 2189 526 2321 590; x_wconf 74' lang='lat' dir='ltr'><strong>sati,</strong></span> <span class='ocrx_word' id='word_1_44' title='bbox 2353 526 2624 596; x_wconf 79' lang='lat' dir='ltr'><strong>utquinon</strong></span> <span class='ocrx_word' id='word_1_45' title='bbox 2647 527 2818 587; x_wconf 75' lang='lat' dir='ltr'><strong>rident</strong></span> <span class='ocrx_word' id='word_1_46' title='bbox 2840 528 3073 598; x_wconf 70' lang='lat' dir='ltr'><strong>rideant.</strong></span> <span class='ocrx_word' id='word_1_47' title='bbox 3098 538 3148 587; x_wconf 82' lang='lat' dir='ltr'><strong>et</strong></span> <span class='ocrx_word' id='word_1_48' title='bbox 3172 529 3260 600; x_wconf 70' lang='lat' dir='ltr'><strong>qui</strong></span> <span class='ocrx_word' id='word_1_49' title='bbox 3288 530 3463 591; x_wconf 75' lang='lat' dir='ltr'><strong>rideat</strong></span> 
     </span>
    </p>
   </div>
   <div class='ocr_carea' id='block_1_4' title="bbox 156 613 3466 691">
    <p class='ocr_par' dir='ltr' id='par_1_4' title="bbox 156 613 3466 691">
     <span class='ocr_line' id='line_1_4' title="bbox 156 613 3466 691; baseline 0.001 -18"><span class='ocrx_word' id='word_1_50' title='bbox 156 618 414 683; x_wconf 78' lang='lat' dir='ltr'><strong>Filium.</strong></span> <span class='ocrx_word' id='word_1_51' title='bbox 466 615 953 685; x_wconf 76' lang='lat' dir='ltr'><strong>amplexantesque</strong></span> <span class='ocrx_word' id='word_1_52' title='bbox 999 630 1165 684; x_wconf 87' lang='lat' dir='ltr'><strong>eum,</strong></span> <span class='ocrx_word' id='word_1_53' title='bbox 1220 615 1369 687; x_wconf 87' lang='lat' dir='ltr'><strong>digni</strong></span> <span class='ocrx_word' id='word_1_54' title='bbox 1426 617 1772 684; x_wconf 71' lang='lat' dir='ltr'><strong>remissione,</strong></span> <span class='ocrx_word' id='word_1_55' title='bbox 1878 616 2001 672; x_wconf 72' lang='lat' dir='ltr'><strong>caeci</strong></span> <span class='ocrx_word' id='word_1_56' title='bbox 2026 613 3466 691; x_wconf 76' lang='lat' dir='ltr'><strong>ﬁaut(Joau.ts).Quotnudoorgoiujudiciumvenit,</strong></span> 
     </span>
    </p>
   </div>
   <div class='ocr_carea' id='block_1_5' title="bbox 154 705 3472 783">
    <p class='ocr_par' dir='ltr' id='par_1_5' title="bbox 154 705 3472 783">
     <span class='ocr_line' id='line_1_5' title="bbox 154 705 3472 783; baseline 0.003 -21"><span class='ocrx_word' id='word_1_57' title='bbox 154 707 601 783; x_wconf 60' lang='lat'><strong>393—395</strong></span> <span class='ocrx_word' id='word_1_58' title='bbox 624 715 687 763; x_wconf 91' lang='lat' dir='ltr'><strong>et</strong></span> <span class='ocrx_word' id='word_1_59' title='bbox 717 705 1056 777; x_wconf 71' lang='lat' dir='ltr'><strong>profectione</strong></span> <span class='ocrx_word' id='word_1_60' title='bbox 1076 706 1144 765; x_wconf 88' lang='lat' dir='ltr'><strong>ad</strong></span> <span class='ocrx_word' id='word_1_61' title='bbox 1173 707 1399 767; x_wconf 77' lang='lat' dir='ltr'><strong>meliora</strong></span> <span class='ocrx_word' id='word_1_62' title='bbox 1426 708 1619 775; x_wconf 77' lang='lat' dir='ltr'><strong>simus,</strong></span> <span class='ocrx_word' id='word_1_63' title='bbox 1651 723 1776 766; x_wconf 81' lang='lat' dir='ltr'><strong>ore-</strong></span> <span class='ocrx_word' id='word_1_64' title='bbox 1879 715 1936 765; x_wconf 87' lang='lat' dir='ltr'><strong>ut</strong></span> <span class='ocrx_word' id='word_1_65' title='bbox 1981 724 2088 769; x_wconf 80' lang='lat' dir='ltr'><strong>una</strong></span> <span class='ocrx_word' id='word_1_66' title='bbox 2150 708 2399 769; x_wconf 82' lang='lat' dir='ltr'><strong>videntes</strong></span> <span class='ocrx_word' id='word_1_67' title='bbox 2452 711 2520 765; x_wconf 88' lang='lat' dir='ltr'><strong>de</strong></span> <span class='ocrx_word' id='word_1_68' title='bbox 2570 711 2885 769; x_wconf 70' lang='lat' dir='ltr'><strong>nationibus</strong></span> <span class='ocrx_word' id='word_1_69' title='bbox 2932 710 3224 781; x_wconf 87' lang='lat' dir='ltr'><strong>viderent,</strong></span> <span class='ocrx_word' id='word_1_70' title='bbox 3273 722 3331 769; x_wconf 88' lang='lat' dir='ltr'><strong>et</strong></span> <span class='ocrx_word' id='word_1_71' title='bbox 3376 713 3472 783; x_wconf 88' lang='lat' dir='ltr'><strong>qui</strong></span> 
     </span>
    </p>
   </div>
   <div class='ocr_carea' id='block_1_6' title="bbox 155 799 3470 873">
    <p class='ocr_par' dir='ltr' id='par_1_6' title="bbox 155 799 3470 873">
     <span class='ocr_line' id='line_1_6' title="bbox 155 799 3470 873; baseline 0.001 -13"><span class='ocrx_word' id='word_1_72' title='bbox 155 819 285 860; x_wconf 88' lang='lat' dir='ltr'><strong>mus</strong></span> <span class='ocrx_word' id='word_1_73' title='bbox 314 804 752 873; x_wconf 69' lang='lat' dir='ltr'><strong>omnipotentem</strong></span> <span class='ocrx_word' id='word_1_74' title='bbox 771 801 968 868; x_wconf 87' lang='lat' dir='ltr'><strong>Deum,</strong></span> <span class='ocrx_word' id='word_1_75' title='bbox 996 816 1217 857; x_wconf 85' lang='lat' dir='ltr'><strong>oremus</strong></span> <span class='ocrx_word' id='word_1_76' title='bbox 1237 810 1347 858; x_wconf 60' lang='lat' dir='ltr'><strong>etat</strong></span> <span class='ocrx_word' id='word_1_77' title='bbox 1376 802 1551 873; x_wconf 89' lang='lat' dir='ltr'><strong>ipsum</strong></span> <span class='ocrx_word' id='word_1_78' title='bbox 1574 817 1776 871; x_wconf 78' lang='lat' dir='ltr'><strong>parvu—</strong></span> <span class='ocrx_word' id='word_1_79' title='bbox 1878 800 2027 868; x_wconf 87' lang='lat' dir='ltr'><strong>prius</strong></span> <span class='ocrx_word' id='word_1_80' title='bbox 2067 799 2324 857; x_wconf 87' lang='lat' dir='ltr'><strong>videbant</strong></span> <span class='ocrx_word' id='word_1_81' title='bbox 2371 800 2444 861; x_wconf 88' lang='lat' dir='ltr'><strong>de</strong></span> <span class='ocrx_word' id='word_1_82' title='bbox 2497 801 2658 861; x_wconf 71' lang='lat' dir='ltr'><strong>lsruel</strong></span> <span class='ocrx_word' id='word_1_83' title='bbox 2720 804 2850 863; x_wconf 70' lang='lat' dir='ltr'><strong>caeci</strong></span> <span class='ocrx_word' id='word_1_84' title='bbox 2904 803 3138 867; x_wconf 81' lang='lat' dir='ltr'><strong>tierent:</strong></span> <span class='ocrx_word' id='word_1_85' title='bbox 3184 806 3268 864; x_wconf 86' lang='lat' dir='ltr'><strong>sic</strong></span> <span class='ocrx_word' id='word_1_86' title='bbox 3317 807 3470 873; x_wconf 76' lang='lat' dir='ltr'><strong>venit</strong></span> 
     </span>
    </p>
   </div>
   <div class='ocr_carea' id='block_1_7' title="bbox 156 892 3466 966">
    <p class='ocr_par' dir='ltr' id='par_1_7' title="bbox 156 892 3466 966">
     <span class='ocr_line' id='line_1_7' title="bbox 156 892 3466 966; baseline 0.001 -12"><span class='ocrx_word' id='word_1_87' title='bbox 156 901 272 954; x_wconf 86' lang='lat' dir='ltr'><strong>lum</strong></span> <span class='ocrx_word' id='word_1_88' title='bbox 303 897 539 960; x_wconf 74' lang='lat' dir='ltr'><strong>losum,</strong></span> <span class='ocrx_word' id='word_1_89' title='bbox 565 910 726 965; x_wconf 87' lang='lat' dir='ltr'><strong>quem</strong></span> <span class='ocrx_word' id='word_1_90' title='bbox 757 895 983 966; x_wconf 85' lang='lat' dir='ltr'><strong>alloqui,</strong></span> <span class='ocrx_word' id='word_1_91' title='bbox 1016 906 1071 951; x_wconf 88' lang='lat' dir='ltr'><strong>et</strong></span> <span class='ocrx_word' id='word_1_92' title='bbox 1099 906 1287 955; x_wconf 88' lang='lat' dir='ltr'><strong>tenere</strong></span> <span class='ocrx_word' id='word_1_93' title='bbox 1316 896 1689 951; x_wconf 83' lang='lat' dir='ltr'><strong>desideramus</strong></span> <span class='ocrx_word' id='word_1_94' title='bbox 1715 897 1772 952; x_wconf 91' lang='lat' dir='ltr'><strong>in</strong></span> <span class='ocrx_word' id='word_1_95' title='bbox 1874 892 1930 953; x_wconf 91' lang='lat' dir='ltr'><strong>in</strong></span> <span class='ocrx_word' id='word_1_96' title='bbox 1986 894 2200 951; x_wconf 87' lang='lat' dir='ltr'><strong>ruinam</strong></span> <span class='ocrx_word' id='word_1_97' title='bbox 2241 902 2296 948; x_wconf 89' lang='lat' dir='ltr'><strong>et</strong></span> <span class='ocrx_word' id='word_1_98' title='bbox 2346 895 2804 957; x_wconf 81' lang='lat' dir='ltr'><strong>resurrectionem</strong></span> <span class='ocrx_word' id='word_1_99' title='bbox 2858 897 3173 959; x_wconf 83' lang='lat' dir='ltr'><strong>multorum.</strong></span> <span class='ocrx_word' id='word_1_100' title='bbox 3249 897 3308 954; x_wconf 83' lang='lat' dir='ltr'><strong>lu</strong></span> <span class='ocrx_word' id='word_1_101' title='bbox 3364 898 3466 958; x_wconf 56' lang='lat' dir='ltr'><strong>ad.»</strong></span> 
     </span>
    </p>
   </div>
   <div class='ocr_carea' id='block_1_8' title="bbox 158 985 1772 1063">
    <p class='ocr_par' dir='ltr' id='par_1_8' title="bbox 158 985 1772 1063">
     <span class='ocr_line' id='line_1_8' title="bbox 158 985 1772 1063; baseline -0.001 -18"><span class='ocrx_word' id='word_1_102' title='bbox 158 987 445 1045; x_wconf 77' lang='lat' dir='ltr'><strong>brachiis:</strong></span> <span class='ocrx_word' id='word_1_103' title='bbox 502 985 588 1038; x_wconf 84' lang='lat' dir='ltr'><strong>cui</strong></span> <span class='ocrx_word' id='word_1_104' title='bbox 611 992 698 1041; x_wconf 81' lang='lat' dir='ltr'><strong>est</strong></span> <span class='ocrx_word' id='word_1_105' title='bbox 725 985 900 1056; x_wconf 80' lang='lat' dir='ltr'><strong>gloria</strong></span> <span class='ocrx_word' id='word_1_106' title='bbox 949 997 1004 1041; x_wconf 87' lang='lat' dir='ltr'><strong>et</strong></span> <span class='ocrx_word' id='word_1_107' title='bbox 1033 987 1323 1063; x_wconf 84' lang='lat' dir='ltr'><strong>imperium</strong></span> <span class='ocrx_word' id='word_1_108' title='bbox 1358 988 1411 1041; x_wconf 92' lang='lat' dir='ltr'><strong>in</strong></span> <span class='ocrx_word' id='word_1_109' title='bbox 1439 986 1638 1043; x_wconf 59' lang='lat' dir='ltr'><strong>saecula</strong></span> <span class='ocrx_word' id='word_1_110' title='bbox 1670 1002 1772 1043; x_wconf 74' lang='lat' dir='ltr'><strong>ste—</strong></span> 
     </span>
    </p>
   </div>
   <div class='ocr_carea' id='block_1_9' title="bbox 162 1076 670 1141">
    <p class='ocr_par' dir='ltr' id='par_1_9' title="bbox 162 1076 670 1141">
     <span class='ocr_line' id='line_1_9' title="bbox 162 1076 670 1141; baseline 0.006 -5"><span class='ocrx_word' id='word_1_111' title='bbox 162 1083 446 1141; x_wconf 82' lang='lat' dir='ltr'><strong>culorum.</strong></span> <span class='ocrx_word' id='word_1_112' title='bbox 475 1076 670 1139; x_wconf 76' lang='lat' dir='ltr'><strong>Amen-</strong></span> 
     </span>
    </p>
   </div>
   <div class='ocr_carea' id='block_1_10' title="bbox 746 1173 1203 1233">
    <p class='ocr_par' dir='ltr' id='par_1_10' title="bbox 746 1173 1203 1233">
     <span class='ocr_line' id='line_1_10' title="bbox 746 1173 1203 1233; baseline 0 -2"><span class='ocrx_word' id='word_1_113' title='bbox 746 1173 1031 1233; x_wconf 73' lang='lat' dir='ltr'><strong>HOMILIA</strong></span> <span class='ocrx_word' id='word_1_114' title='bbox 1061 1175 1203 1231; x_wconf 78' lang='grc' dir='ltr'><strong>ΧΥΙ.</strong></span> 
     </span>
    </p>
   </div>
   <div class='ocr_carea' id='block_1_11' title="bbox 163 1287 1770 1363">
    <p class='ocr_par' dir='ltr' id='par_1_11' title="bbox 163 1287 1770 1363">
     <span class='ocr_line' id='line_1_11' title="bbox 163 1287 1770 1363; baseline -0.001 -18"><span class='ocrx_word' id='word_1_115' title='bbox 163 1288 245 1345; x_wconf 79' lang='lat' dir='ltr'><strong>De</strong></span> <span class='ocrx_word' id='word_1_116' title='bbox 273 1302 347 1363; x_wconf 70' lang='lat' dir='ltr'><strong>eo</strong></span> <span class='ocrx_word' id='word_1_117' title='bbox 372 1287 520 1357; x_wconf 84' lang='lat' dir='ltr'><strong>quod</strong></span> <span class='ocrx_word' id='word_1_118' title='bbox 564 1287 828 1363; x_wconf 77' lang='lat' dir='ltr'><strong>scriptum</strong></span> <span class='ocrx_word' id='word_1_119' title='bbox 859 1298 944 1343; x_wconf 86' lang='lat' dir='ltr'><strong>est</strong></span> <span class='ocrx_word' id='word_1_120' title='bbox 969 1306 1003 1363; x_wconf 53' lang='grc' dir='ltr'><strong>ξΔ</strong></span> <span class='ocrx_word' id='word_1_121' title='bbox 1029 1288 1197 1363; x_wconf 82' lang='lat' dir='ltr'><strong>Erant</strong></span> <span class='ocrx_word' id='word_1_122' title='bbox 1225 1298 1372 1361; x_wconf 85' lang='lat' dir='ltr'><strong>pater</strong></span> <span class='ocrx_word' id='word_1_123' title='bbox 1407 1292 1520 1363; x_wconf 84' lang='lat' dir='ltr'><strong>ejus</strong></span> <span class='ocrx_word' id='word_1_124' title='bbox 1539 1300 1587 1344; x_wconf 87' lang='lat' dir='ltr'><strong>et</strong></span> <span class='ocrx_word' id='word_1_125' title='bbox 1606 1302 1770 1344; x_wconf 77' lang='lat' dir='ltr'><strong>mater</strong></span> 
     </span>
    </p>
   </div>
   <div class='ocr_carea' id='block_1_12' title="bbox 234 1359 1769 1433">
    <p class='ocr_par' dir='ltr' id='par_1_12' title="bbox 234 1359 1769 1433">
     <span class='ocr_line' id='line_1_12' title="bbox 234 1359 1769 1433; baseline 0.001 -20"><span class='ocrx_word' id='word_1_126' title='bbox 234 1360 504 1433; x_wconf 70' lang='lat' dir='ltr'><strong>mirantes</strong></span> <span class='ocrx_word' id='word_1_127' title='bbox 525 1376 683 1433; x_wconf 63' lang='lat' dir='ltr'><strong>super</strong></span> <span class='ocrx_word' id='word_1_128' title='bbox 814 1376 929 1429; x_wconf 66' lang='lat' dir='ltr'><strong>qum</strong></span> <span class='ocrx_word' id='word_1_129' title='bbox 950 1359 1258 1417; x_wconf 78' lang='lat' dir='ltr'><strong>dicebautur</strong></span> <span class='ocrx_word' id='word_1_130' title='bbox 1283 1362 1347 1415; x_wconf 84' lang='lat' dir='ltr'><strong>de</strong></span> <span class='ocrx_word' id='word_1_131' title='bbox 1367 1359 1462 1424; x_wconf 76' lang='lat' dir='ltr'><strong>eo,</strong></span> <span class='ocrx_word' id='word_1_132' title='bbox 1499 1377 1672 1433; x_wconf 86' lang='lat' dir='ltr'><strong>usque</strong></span> <span class='ocrx_word' id='word_1_133' title='bbox 1700 1364 1769 1421; x_wconf 84' lang='lat' dir='ltr'><strong>ad</strong></span> 
     </span>
    </p>
   </div>
   <div class='ocr_carea' id='block_1_13' title="bbox 234 1429 1769 1501">
    <p class='ocr_par' dir='ltr' id='par_1_13' title="bbox 234 1429 1769 1501">
     <span class='ocr_line' id='line_1_13' title="bbox 234 1429 1769 1501; baseline 0.002 -15"><span class='ocrx_word' id='word_1_134' title='bbox 234 1432 422 1487; x_wconf 85' lang='lat' dir='ltr'><strong>locum</strong></span> <span class='ocrx_word' id='word_1_135' title='bbox 456 1429 542 1487; x_wconf 83' lang='lat' dir='ltr'><strong>ubi</strong></span> <span class='ocrx_word' id='word_1_136' title='bbox 574 1431 688 1485; x_wconf 87' lang='lat' dir='ltr'><strong>nit:</strong></span> <span class='ocrx_word' id='word_1_137' title='bbox 732 1429 868 1501; x_wconf 71' lang='lat' dir='ltr'><strong>Ecce</strong></span> <span class='ocrx_word' id='word_1_138' title='bbox 896 1432 993 1484; x_wconf 84' lang='lat' dir='ltr'><strong>iste</strong></span> <span class='ocrx_word' id='word_1_139' title='bbox 1021 1433 1221 1501; x_wconf 86' lang='lat' dir='ltr'><strong>positus</strong></span> <span class='ocrx_word' id='word_1_140' title='bbox 1268 1441 1343 1488; x_wconf 83' lang='lat' dir='ltr'><strong>est</strong></span> <span class='ocrx_word' id='word_1_141' title='bbox 1374 1434 1427 1485; x_wconf 86' lang='lat' dir='ltr'><strong>in</strong></span> <span class='ocrx_word' id='word_1_142' title='bbox 1476 1429 1682 1491; x_wconf 73' lang='lat' dir='ltr'><strong>ruinam</strong></span> <span class='ocrx_word' id='word_1_143' title='bbox 1720 1445 1769 1493; x_wconf 88' lang='lat' dir='ltr'><strong>et</strong></span> 
     </span>
    </p>
   </div>
   <div class='ocr_carea' id='block_1_14' title="bbox 239 1500 1532 1573">
    <p class='ocr_par' dir='ltr' id='par_1_14' title="bbox 239 1500 1532 1573">
     <span class='ocr_line' id='line_1_14' title="bbox 239 1500 1532 1573; baseline 0.002 -18"><span class='ocrx_word' id='word_1_144' title='bbox 239 1503 671 1556; x_wconf 69' lang='lat' dir='ltr'><strong>resurrectione»:</strong></span> <span class='ocrx_word' id='word_1_145' title='bbox 696 1500 977 1555; x_wconf 83' lang='lat' dir='ltr'><strong>multorum</strong></span> <span class='ocrx_word' id='word_1_146' title='bbox 999 1500 1052 1556; x_wconf 83' lang='lat' dir='ltr'><strong>in</strong></span> <span class='ocrx_word' id='word_1_147' title='bbox 1075 1502 1264 1557; x_wconf 77' lang='lat' dir='ltr'><strong>Israel.</strong></span> <span class='ocrx_word' id='word_1_148' title='bbox 1298 1501 1431 1573; x_wconf 85' lang='lat' dir='ltr'><strong>Cap.</strong></span> <span class='ocrx_word' id='word_1_149' title='bbox 1469 1503 1532 1558; x_wconf 91' lang='lat' dir='ltr'><strong>ll.</strong></span> 
     </span>
    </p>
   </div>
   <div class='ocr_carea' id='block_1_15' title="bbox 234 1637 1768 1709">
    <p class='ocr_par' dir='ltr' id='par_1_15' title="bbox 234 1637 1768 1709">
     <span class='ocr_line' id='line_1_15' title="bbox 234 1637 1768 1709; baseline 0.003 -15"><span class='ocrx_word' id='word_1_150' title='bbox 234 1638 304 1695; x_wconf 78' lang='lat' dir='ltr'><strong>Et</strong></span> <span class='ocrx_word' id='word_1_151' title='bbox 329 1647 479 1693; x_wconf 75' lang='lat' dir='ltr'><strong>cram</strong></span> <span class='ocrx_word' id='word_1_152' title='bbox 506 1679 523 1704; x_wconf 91' lang='lat'><strong>,</strong></span> <span class='ocrx_word' id='word_1_153' title='bbox 574 1637 773 1709; x_wconf 83' lang='lat' dir='ltr'><strong>inquit,</strong></span> <span class='ocrx_word' id='word_1_154' title='bbox 824 1646 972 1709; x_wconf 76' lang='lat' dir='ltr'><strong>pater</strong></span> <span class='ocrx_word' id='word_1_155' title='bbox 1001 1638 1145 1695; x_wconf 80' lang='lat' dir='ltr'><strong>illius</strong></span> <span class='ocrx_word' id='word_1_156' title='bbox 1176 1650 1221 1694; x_wconf 83' lang='lat' dir='ltr'><strong>et</strong></span> <span class='ocrx_word' id='word_1_157' title='bbox 1248 1648 1410 1699; x_wconf 79' lang='lat' dir='ltr'><strong>mater</strong></span> <span class='ocrx_word' id='word_1_158' title='bbox 1443 1639 1768 1699; x_wconf 73' lang='lat' dir='ltr'><strong>admirantes</strong></span> 
     </span>
    </p>
   </div>
   <div class='ocr_carea' id='block_1_16' title="bbox 162 1732 1765 1806">
    <p class='ocr_par' dir='ltr' id='par_1_16' title="bbox 162 1732 1765 1806">
     <span class='ocr_line' id='line_1_16' title="bbox 162 1732 1765 1806; baseline 0.001 -17"><span class='ocrx_word' id='word_1_159' title='bbox 162 1733 551 1806; x_wconf 62' lang='lat' dir='ltr'><strong>supernisque</strong></span> <span class='ocrx_word' id='word_1_160' title='bbox 570 1733 870 1791; x_wconf 73' lang='lat' dir='ltr'><strong>dicebautur</strong></span> <span class='ocrx_word' id='word_1_161' title='bbox 894 1733 956 1789; x_wconf 82' lang='lat' dir='ltr'><strong>de</strong></span> <span class='ocrx_word' id='word_1_162' title='bbox 985 1750 1064 1790; x_wconf 91' lang='lat' dir='ltr'><strong>eo.</strong></span> <span class='ocrx_word' id='word_1_163' title='bbox 1093 1732 1505 1805; x_wconf 83' lang='lat' dir='ltr'><strong>Congregemus</strong></span> <span class='ocrx_word' id='word_1_164' title='bbox 1522 1734 1574 1790; x_wconf 92' lang='lat' dir='ltr'><strong>in</strong></span> <span class='ocrx_word' id='word_1_165' title='bbox 1597 1749 1765 1791; x_wconf 89' lang='lat' dir='ltr'><strong>unum</strong></span> 
     </span>
    </p>
   </div>
   <div class='ocr_carea' id='block_1_17' title="bbox 1873 985 3464 1062">
    <p class='ocr_par' dir='ltr' id='par_1_17' title="bbox 1873 985 3464 1062">
     <span class='ocr_line' id='line_1_17' title="bbox 1873 985 3464 1062; baseline 0.005 -23"><span class='ocrx_word' id='word_1_166' title='bbox 1873 995 2037 1045; x_wconf 86' lang='lat' dir='ltr'><strong>ventu</strong></span> <span class='ocrx_word' id='word_1_167' title='bbox 2067 986 2213 1047; x_wconf 88' lang='lat' dir='ltr'><strong>enim</strong></span> <span class='ocrx_word' id='word_1_168' title='bbox 2252 986 2466 1045; x_wconf 76' lang='lat' dir='ltr'><strong>Dontini</strong></span> <span class='ocrx_word' id='word_1_169' title='bbox 2499 985 2832 1054; x_wconf 63' lang='lat' dir='ltr'><strong>Saluatoris,</strong></span> <span class='ocrx_word' id='word_1_170' title='bbox 2860 989 2950 1061; x_wconf 85' lang='lat' dir='ltr'><strong>qui</strong></span> <span class='ocrx_word' id='word_1_171' title='bbox 2998 992 3149 1061; x_wconf 78' lang='lat' dir='ltr'><strong>prius</strong></span> <span class='ocrx_word' id='word_1_172' title='bbox 3175 998 3464 1062; x_wconf 80' lang='lat' dir='ltr'><strong>steterunt,</strong></span> 
     </span>
    </p>
   </div>
   <div class='ocr_carea' id='block_1_18' title="bbox 1872 1081 3468 1151">
    <p class='ocr_par' dir='ltr' id='par_1_18' title="bbox 1872 1081 3468 1151">
     <span class='ocr_line' id='line_1_18' title="bbox 1872 1081 3468 1151; baseline 0.004 -15"><span class='ocrx_word' id='word_1_173' title='bbox 1872 1087 2217 1151; x_wconf 86' lang='lat' dir='ltr'><strong>corruerunt,</strong></span> <span class='ocrx_word' id='word_1_174' title='bbox 2248 1088 2306 1139; x_wconf 87' lang='lat' dir='ltr'><strong>et</strong></span> <span class='ocrx_word' id='word_1_175' title='bbox 2332 1081 2765 1151; x_wconf 82' lang='lat' dir='ltr'><strong>quiceciderant,</strong></span> <span class='ocrx_word' id='word_1_176' title='bbox 2795 1095 3174 1143; x_wconf 73' lang='lat' dir='ltr'><strong>surrexerunt.</strong></span> <span class='ocrx_word' id='word_1_177' title='bbox 3204 1083 3320 1145; x_wconf 86' lang='lat' dir='ltr'><strong>Una</strong></span> <span class='ocrx_word' id='word_1_178' title='bbox 3351 1086 3468 1149; x_wconf 75' lang='lat' dir='ltr'><strong>luet:</strong></span> 
     </span>
    </p>
   </div>
   <div class='ocr_carea' id='block_1_19' title="bbox 1873 1171 3459 1245">
    <p class='ocr_par' dir='ltr' id='par_1_19' title="bbox 1873 1171 3459 1245">
     <span class='ocr_line' id='line_1_19' title="bbox 1873 1171 3459 1245; baseline 0.006 -19"><span class='ocrx_word' id='word_1_179' title='bbox 1873 1182 1955 1229; x_wconf 87' lang='lat' dir='ltr'><strong>est</strong></span> <span class='ocrx_word' id='word_1_180' title='bbox 1986 1171 2364 1241; x_wconf 76' lang='lat' dir='ltr'><strong>interpretatio</strong></span> <span class='ocrx_word' id='word_1_181' title='bbox 2387 1172 2459 1235; x_wconf 85' lang='lat' dir='ltr'><strong>de</strong></span> <span class='ocrx_word' id='word_1_182' title='bbox 2485 1188 2552 1231; x_wconf 88' lang='lat' dir='ltr'><strong>eo</strong></span> <span class='ocrx_word' id='word_1_183' title='bbox 2577 1173 2721 1245; x_wconf 80' lang='lat' dir='ltr'><strong>quod</strong></span> <span class='ocrx_word' id='word_1_184' title='bbox 2770 1172 2977 1231; x_wconf 88' lang='lat' dir='ltr'><strong>dictum</strong></span> <span class='ocrx_word' id='word_1_185' title='bbox 3008 1184 3132 1233; x_wconf 77' lang='lat' dir='ltr'><strong>est:</strong></span> <span class='ocrx_word' id='word_1_186' title='bbox 3182 1175 3320 1235; x_wconf 81' lang='lat' dir='ltr'><strong>Ecce</strong></span> <span class='ocrx_word' id='word_1_187' title='bbox 3373 1177 3459 1235; x_wconf 83' lang='lat' dir='ltr'><strong>ln&#39;c</strong></span> 
     </span>
    </p>
   </div>
   <div class='ocr_carea' id='block_1_20' title="bbox 1869 1266 3464 1335">
    <p class='ocr_par' dir='ltr' id='par_1_20' title="bbox 1869 1266 3464 1335">
     <span class='ocr_line' id='line_1_20' title="bbox 1869 1266 3464 1335; baseline 0.008 -16"><span class='ocrx_word' id='word_1_188' title='bbox 1869 1266 2068 1335; x_wconf 78' lang='lat' dir='ltr'><strong>positus</strong></span> <span class='ocrx_word' id='word_1_189' title='bbox 2092 1276 2167 1327; x_wconf 80' lang='lat' dir='ltr'><strong>est</strong></span> <span class='ocrx_word' id='word_1_190' title='bbox 2210 1267 2263 1321; x_wconf 78' lang='lat' dir='ltr'><strong>iu</strong></span> <span class='ocrx_word' id='word_1_191' title='bbox 2292 1267 2496 1327; x_wconf 74' lang='lat' dir='ltr'><strong>ruinam</strong></span> <span class='ocrx_word' id='word_1_192' title='bbox 2535 1277 2585 1325; x_wconf 81' lang='lat' dir='ltr'><strong>et</strong></span> <span class='ocrx_word' id='word_1_193' title='bbox 2625 1270 3057 1327; x_wconf 66' lang='lat' dir='ltr'><strong>resurrectionem</strong></span> <span class='ocrx_word' id='word_1_194' title='bbox 3099 1270 3378 1329; x_wconf 74' lang='lat' dir='ltr'><strong>multarunt</strong></span> <span class='ocrx_word' id='word_1_195' title='bbox 3406 1272 3464 1333; x_wconf 69' lang='lat' dir='ltr'><strong>in</strong></span> 
     </span>
    </p>
   </div>
   <div class='ocr_carea' id='block_1_21' title="bbox 1872 1356 3462 1433">
    <p class='ocr_par' dir='ltr' id='par_1_21' title="bbox 1872 1356 3462 1433">
     <span class='ocr_line' id='line_1_21' title="bbox 1872 1356 3462 1433; baseline 0.008 -23"><span class='ocrx_word' id='word_1_196' title='bbox 1872 1356 2061 1414; x_wconf 78' lang='lat' dir='ltr'><strong>Israel.</strong></span> <span class='ocrx_word' id='word_1_197' title='bbox 2097 1360 2386 1421; x_wconf 84' lang='lat' dir='ltr'><strong>Estautem</strong></span> <span class='ocrx_word' id='word_1_198' title='bbox 2416 1371 2469 1416; x_wconf 83' lang='lat' dir='ltr'><strong>et</strong></span> <span class='ocrx_word' id='word_1_199' title='bbox 2494 1361 2660 1421; x_wconf 86' lang='lat' dir='ltr'><strong>altius</strong></span> <span class='ocrx_word' id='word_1_200' title='bbox 2683 1361 2812 1432; x_wconf 88' lang='lat' dir='ltr'><strong>quid</strong></span> <span class='ocrx_word' id='word_1_201' title='bbox 2837 1363 3248 1433; x_wconf 82' lang='lat' dir='ltr'><strong>intelligendum</strong></span> <span class='ocrx_word' id='word_1_202' title='bbox 3266 1364 3462 1423; x_wconf 82' lang='lat' dir='ltr'><strong>adver-</strong></span> 
     </span>
    </p>
   </div>
   <div class='ocr_carea' id='block_1_22' title="bbox 1871 1451 3466 1526">
    <p class='ocr_par' dir='ltr' id='par_1_22' title="bbox 1871 1451 3466 1526">
     <span class='ocr_line' id='line_1_22' title="bbox 1871 1451 3466 1526; baseline 0.006 -23"><span class='ocrx_word' id='word_1_203' title='bbox 1871 1464 1963 1505; x_wconf 75' lang='lat' dir='ltr'><strong>sus</strong></span> <span class='ocrx_word' id='word_1_204' title='bbox 1992 1465 2088 1506; x_wconf 81' lang='lat' dir='ltr'><strong>eos</strong></span> <span class='ocrx_word' id='word_1_205' title='bbox 2122 1451 2207 1507; x_wconf 89' lang='lat' dir='ltr'><strong>vel</strong></span> <span class='ocrx_word' id='word_1_206' title='bbox 2234 1452 2492 1520; x_wconf 76' lang='lat' dir='ltr'><strong>maxime,</strong></span> <span class='ocrx_word' id='word_1_207' title='bbox 2521 1452 2613 1523; x_wconf 89' lang='lat' dir='ltr'><strong>qui</strong></span> <span class='ocrx_word' id='word_1_208' title='bbox 2640 1462 2830 1515; x_wconf 87' lang='lat' dir='ltr'><strong>contra</strong></span> <span class='ocrx_word' id='word_1_209' title='bbox 2858 1454 3210 1515; x_wconf 82' lang='lat' dir='ltr'><strong>Conditorem</strong></span> <span class='ocrx_word' id='word_1_210' title='bbox 3238 1455 3466 1526; x_wconf 83' lang='lat' dir='ltr'><strong>latrant,</strong></span> 
     </span>
    </p>
   </div>
   <div class='ocr_carea' id='block_1_23' title="bbox 1870 1544 3470 1621">
    <p class='ocr_par' dir='ltr' id='par_1_23' title="bbox 1870 1544 3470 1621">
     <span class='ocr_line' id='line_1_23' title="bbox 1870 1544 3470 1621; baseline 0.007 -23"><span class='ocrx_word' id='word_1_211' title='bbox 1870 1553 1925 1599; x_wconf 89' lang='lat' dir='ltr'><strong>et</strong></span> <span class='ocrx_word' id='word_1_212' title='bbox 1955 1544 2078 1601; x_wconf 83' lang='lat' dir='ltr'><strong>hinc</strong></span> <span class='ocrx_word' id='word_1_213' title='bbox 2101 1546 2225 1605; x_wconf 88' lang='lat' dir='ltr'><strong>inde</strong></span> <span class='ocrx_word' id='word_1_214' title='bbox 2247 1546 2317 1604; x_wconf 91' lang='lat' dir='ltr'><strong>de</strong></span> <span class='ocrx_word' id='word_1_215' title='bbox 2344 1547 2520 1607; x_wconf 87' lang='lat' dir='ltr'><strong>veteri</strong></span> <span class='ocrx_word' id='word_1_216' title='bbox 2544 1547 2901 1607; x_wconf 85' lang='lat' dir='ltr'><strong>Testamento</strong></span> <span class='ocrx_word' id='word_1_217' title='bbox 2925 1593 2940 1618; x_wconf 92' lang='lat'><strong>,</strong></span> <span class='ocrx_word' id='word_1_218' title='bbox 2972 1566 3095 1621; x_wconf 68' lang='lat' dir='ltr'><strong>qua:</strong></span> <span class='ocrx_word' id='word_1_219' title='bbox 3124 1567 3234 1609; x_wconf 87' lang='lat' dir='ltr'><strong>non</strong></span> <span class='ocrx_word' id='word_1_220' title='bbox 3264 1550 3470 1615; x_wconf 82' lang='lat' dir='ltr'><strong>intelli-</strong></span> 
     </span>
    </p>
   </div>
   <div class='ocr_carea' id='block_1_24' title="bbox 1868 1641 3469 1715">
    <p class='ocr_par' dir='ltr' id='par_1_24' title="bbox 1868 1641 3469 1715">
     <span class='ocr_line' id='line_1_24' title="bbox 1868 1641 3469 1715; baseline 0.01 -23"><span class='ocrx_word' id='word_1_221' title='bbox 1868 1650 2002 1709; x_wconf 88' lang='lat' dir='ltr'><strong>gunt</strong></span> <span class='ocrx_word' id='word_1_222' title='bbox 2029 1682 2046 1706; x_wconf 93' lang='lat'><strong>,</strong></span> <span class='ocrx_word' id='word_1_223' title='bbox 2105 1641 2417 1699; x_wconf 82' lang='lat' dir='ltr'><strong>testimonia</strong></span> <span class='ocrx_word' id='word_1_224' title='bbox 2446 1653 2848 1713; x_wconf 84' lang='lat' dir='ltr'><strong>congregantes</strong></span> <span class='ocrx_word' id='word_1_225' title='bbox 2872 1684 2889 1710; x_wconf 88' lang='lat'><strong>,</strong></span> <span class='ocrx_word' id='word_1_226' title='bbox 2932 1645 3268 1715; x_wconf 86' lang='lat' dir='ltr'><strong>simplicium</strong></span> <span class='ocrx_word' id='word_1_227' title='bbox 3300 1647 3469 1708; x_wconf 81' lang='lat' dir='ltr'><strong>corda</strong></span> 
     </span>
    </p>
   </div>
   <div class='ocr_carea' id='block_1_25' title="bbox 1870 1731 3471 1812">
    <p class='ocr_par' dir='ltr' id='par_1_25' title="bbox 1870 1731 3471 1812">
     <span class='ocr_line' id='line_1_25' title="bbox 1870 1731 3471 1812; baseline 0.009 -27"><span class='ocrx_word' id='word_1_228' title='bbox 1870 1731 2169 1803; x_wconf 88' lang='lat' dir='ltr'><strong>decipiunt.</strong></span> <span class='ocrx_word' id='word_1_229' title='bbox 2215 1734 2385 1793; x_wconf 81' lang='lat' dir='ltr'><strong>Aiunt</strong></span> <span class='ocrx_word' id='word_1_230' title='bbox 2409 1735 2555 1793; x_wconf 85' lang='lat' dir='ltr'><strong>enim</strong></span> <span class='ocrx_word' id='word_1_231' title='bbox 2583 1753 2595 1791; x_wconf 88' lang='lat'><strong>:</strong></span> <span class='ocrx_word' id='word_1_232' title='bbox 2632 1737 2771 1795; x_wconf 82' lang='lat' dir='ltr'><strong>Ecce</strong></span> <span class='ocrx_word' id='word_1_233' title='bbox 2798 1736 2945 1797; x_wconf 86' lang='lat' dir='ltr'><strong>Deus</strong></span> <span class='ocrx_word' id='word_1_234' title='bbox 2970 1738 3131 1809; x_wconf 78' lang='lat' dir='ltr'><strong>Legis</strong></span> <span class='ocrx_word' id='word_1_235' title='bbox 3157 1749 3214 1799; x_wconf 84' lang='lat' dir='ltr'><strong>et</strong></span> <span class='ocrx_word' id='word_1_236' title='bbox 3235 1742 3471 1812; x_wconf 78' lang='lat' dir='ltr'><strong>prophe-</strong></span> 
     </span>
    </p>
   </div>
   <div class='ocr_carea' id='block_1_26' title="bbox 157 1817 3470 1903">
    <p class='ocr_par' dir='ltr' id='par_1_26' title="bbox 157 1817 3470 1903">
     <span class='ocr_line' id='line_1_26' title="bbox 157 1817 3470 1903; baseline 0.004 -22"><span class='ocrx_word' id='word_1_237' title='bbox 157 1842 219 1881; x_wconf 85' lang='lat' dir='ltr'><strong>ea</strong></span> <span class='ocrx_word' id='word_1_238' title='bbox 237 1840 366 1897; x_wconf 67' lang='lat' dir='ltr'><strong>qua!</strong></span> <span class='ocrx_word' id='word_1_239' title='bbox 396 1827 453 1883; x_wconf 90' lang='lat' dir='ltr'><strong>in</strong></span> <span class='ocrx_word' id='word_1_240' title='bbox 477 1833 603 1883; x_wconf 90' lang='lat' dir='ltr'><strong>ortu</strong></span> <span class='ocrx_word' id='word_1_241' title='bbox 631 1823 761 1881; x_wconf 80' lang='lat' dir='ltr'><strong>Jesu</strong></span> <span class='ocrx_word' id='word_1_242' title='bbox 791 1824 935 1883; x_wconf 87' lang='lat' dir='ltr'><strong>dicta</strong></span> <span class='ocrx_word' id='word_1_243' title='bbox 966 1826 1279 1897; x_wconf 87' lang='lat' dir='ltr'><strong>scriptaque</strong></span> <span class='ocrx_word' id='word_1_244' title='bbox 1301 1836 1428 1881; x_wconf 85' lang='lat' dir='ltr'><strong>sunt</strong></span> <span class='ocrx_word' id='word_1_245' title='bbox 1457 1827 1528 1882; x_wconf 89' lang='lat' dir='ltr'><strong>de</strong></span> <span class='ocrx_word' id='word_1_246' title='bbox 1554 1843 1622 1883; x_wconf 86' lang='lat' dir='ltr'><strong>eo</strong></span> <span class='ocrx_word' id='word_1_247' title='bbox 1645 1867 1664 1894; x_wconf 90' lang='lat'><strong>,</strong></span> <span class='ocrx_word' id='word_1_248' title='bbox 1718 1835 1774 1885; x_wconf 87' lang='lat' dir='ltr'><strong>et</strong></span> <span class='ocrx_word' id='word_1_249' title='bbox 1799 1817 1851 1883; x_wconf 74' lang='grc' dir='ltr'><strong>Β</strong></span> <span class='ocrx_word' id='word_1_250' title='bbox 1881 1835 2078 1893; x_wconf 88' lang='lat' dir='ltr'><strong>tarum,</strong></span> <span class='ocrx_word' id='word_1_251' title='bbox 2109 1828 2290 1885; x_wconf 78' lang='lat' dir='ltr'><strong>\idete</strong></span> <span class='ocrx_word' id='word_1_252' title='bbox 2311 1829 2485 1898; x_wconf 79' lang='lat' dir='ltr'><strong>qualis</strong></span> <span class='ocrx_word' id='word_1_253' title='bbox 2499 1829 2572 1887; x_wconf 85' lang='lat' dir='ltr'><strong>sit</strong></span> <span class='ocrx_word' id='word_1_254' title='bbox 2598 1848 2609 1885; x_wconf 92' lang='lat'>:</span> <span class='ocrx_word' id='word_1_255' title='bbox 2647 1829 2779 1903; x_wconf 73' lang='lat' dir='ltr'><strong>Ego,</strong></span> <span class='ocrx_word' id='word_1_256' title='bbox 2809 1832 3009 1902; x_wconf 85' lang='lat' dir='ltr'><strong>inquit,</strong></span> <span class='ocrx_word' id='word_1_257' title='bbox 3033 1833 3470 1899; x_wconf 77' lang='lat' dir='ltr'><strong>occidant.viuero</strong></span> 
     </span>
    </p>
   </div>
   <div class='ocr_carea' id='block_1_27' title="bbox 158 1917 1768 1989">
    <p class='ocr_par' dir='ltr' id='par_1_27' title="bbox 158 1917 1768 1989">
     <span class='ocr_line' id='line_1_27' title="bbox 158 1917 1768 1989; baseline 0.002 -16"><span class='ocrx_word' id='word_1_258' title='bbox 158 1934 308 1975; x_wconf 72' lang='lat' dir='ltr'><strong>lianc</strong></span> <span class='ocrx_word' id='word_1_259' title='bbox 357 1918 508 1976; x_wconf 85' lang='lat' dir='ltr'><strong>seire</strong></span> <span class='ocrx_word' id='word_1_260' title='bbox 558 1917 862 1987; x_wconf 83' lang='lat' dir='ltr'><strong>poterimus</strong></span> <span class='ocrx_word' id='word_1_261' title='bbox 907 1919 1122 1989; x_wconf 84' lang='lat' dir='ltr'><strong>singula</strong></span> <span class='ocrx_word' id='word_1_262' title='bbox 1155 1933 1382 1989; x_wconf 62' lang='lat' dir='ltr'><strong>quisque</strong></span> <span class='ocrx_word' id='word_1_263' title='bbox 1438 1918 1602 1987; x_wconf 81' lang='lat' dir='ltr'><strong>digna</strong></span> <span class='ocrx_word' id='word_1_264' title='bbox 1641 1934 1768 1977; x_wconf 86' lang='lat' dir='ltr'><strong>esse</strong></span> 
     </span>
    </p>
   </div>
   <div class='ocr_carea' id='block_1_28' title="bbox 160 2008 1766 2083">
    <p class='ocr_par' dir='ltr' id='par_1_28' title="bbox 160 2008 1766 2083">
     <span class='ocr_line' id='line_1_28' title="bbox 160 2008 1766 2083; baseline 0.001 -19"><span class='ocrx_word' id='word_1_265' title='bbox 160 2008 452 2067; x_wconf 85' lang='lat' dir='ltr'><strong>miraculo.</strong></span> <span class='ocrx_word' id='word_1_266' title='bbox 492 2008 860 2077; x_wconf 82' lang='lat' dir='ltr'><strong>Quamobrem</strong></span> <span class='ocrx_word' id='word_1_267' title='bbox 886 2010 1189 2069; x_wconf 79' lang='lat' dir='ltr'><strong>mirabatur</strong></span> <span class='ocrx_word' id='word_1_268' title='bbox 1213 2022 1269 2067; x_wconf 88' lang='lat' dir='ltr'><strong>et</strong></span> <span class='ocrx_word' id='word_1_269' title='bbox 1301 2018 1454 2080; x_wconf 87' lang='lat' dir='ltr'><strong>pater</strong></span> <span class='ocrx_word' id='word_1_270' title='bbox 1486 2009 1588 2083; x_wconf 87' lang='lat' dir='ltr'><strong>(sio</strong></span> <span class='ocrx_word' id='word_1_271' title='bbox 1617 2010 1766 2073; x_wconf 83' lang='lat' dir='ltr'><strong>enim</strong></span> 
     </span>
    </p>
   </div>
   <div class='ocr_carea' id='block_1_29' title="bbox 159 2103 1768 2176">
    <p class='ocr_par' dir='ltr' id='par_1_29' title="bbox 159 2103 1768 2176">
     <span class='ocr_line' id='line_1_29' title="bbox 159 2103 1768 2176; baseline 0.004 -18"><span class='ocrx_word' id='word_1_272' title='bbox 159 2103 479 2174; x_wconf 83' lang='lat' dir='ltr'><strong>appellatus</strong></span> <span class='ocrx_word' id='word_1_273' title='bbox 502 2103 827 2174; x_wconf 78' lang='lat' dir='ltr'><strong>estJosepli,</strong></span> <span class='ocrx_word' id='word_1_274' title='bbox 856 2105 989 2175; x_wconf 86' lang='lat' dir='ltr'><strong>quia</strong></span> <span class='ocrx_word' id='word_1_275' title='bbox 1008 2105 1267 2163; x_wconf 86' lang='lat' dir='ltr'><strong>nutritius</strong></span> <span class='ocrx_word' id='word_1_276' title='bbox 1290 2106 1437 2176; x_wconf 89' lang='lat' dir='ltr'><strong>fuit),</strong></span> <span class='ocrx_word' id='word_1_277' title='bbox 1467 2105 1768 2165; x_wconf 80' lang='lat' dir='ltr'><strong>mirabatur</strong></span> 
     </span>
    </p>
   </div>
   <div class='ocr_carea' id='block_1_30' title="bbox 159 2197 1762 2268">
    <p class='ocr_par' dir='ltr' id='par_1_30' title="bbox 159 2197 1762 2268">
     <span class='ocr_line' id='line_1_30' title="bbox 159 2197 1762 2268; baseline 0.002 -17"><span class='ocrx_word' id='word_1_278' title='bbox 159 2204 215 2251; x_wconf 88' lang='lat' dir='ltr'><strong>et</strong></span> <span class='ocrx_word' id='word_1_279' title='bbox 255 2203 437 2253; x_wconf 83' lang='lat' dir='ltr'><strong>mater</strong></span> <span class='ocrx_word' id='word_1_280' title='bbox 491 2210 660 2267; x_wconf 82' lang='lat' dir='ltr'><strong>super</strong></span> <span class='ocrx_word' id='word_1_281' title='bbox 709 2197 968 2255; x_wconf 88' lang='lat' dir='ltr'><strong>omnibus</strong></span> <span class='ocrx_word' id='word_1_282' title='bbox 1019 2213 1141 2268; x_wconf 65' lang='lat' dir='ltr'><strong>quae</strong></span> <span class='ocrx_word' id='word_1_283' title='bbox 1184 2197 1510 2255; x_wconf 81' lang='lat' dir='ltr'><strong>dicebantur</strong></span> <span class='ocrx_word' id='word_1_284' title='bbox 1561 2200 1631 2255; x_wconf 89' lang='lat' dir='ltr'><strong>de</strong></span> <span class='ocrx_word' id='word_1_285' title='bbox 1672 2213 1762 2255; x_wconf 90' lang='lat' dir='ltr'><strong>eo.</strong></span> 
     </span>
    </p>
   </div>
   <div class='ocr_carea' id='block_1_31' title="bbox 158 2292 1765 2365">
    <p class='ocr_par' dir='ltr' id='par_1_31' title="bbox 158 2292 1765 2365">
     <span class='ocr_line' id='line_1_31' title="bbox 158 2292 1765 2365; baseline 0.001 -18"><span class='ocrx_word' id='word_1_286' title='bbox 158 2292 421 2360; x_wconf 54' lang='lat' dir='ltr'><strong>Quasnam</strong></span> <span class='ocrx_word' id='word_1_287' title='bbox 443 2305 576 2365; x_wconf 80' lang='lat' dir='ltr'><strong>ergo</strong></span> <span class='ocrx_word' id='word_1_288' title='bbox 597 2300 748 2354; x_wconf 84' lang='lat' dir='ltr'><strong>sunt,</strong></span> <span class='ocrx_word' id='word_1_289' title='bbox 775 2308 896 2362; x_wconf 70' lang='lat' dir='ltr'><strong>qua:</strong></span> <span class='ocrx_word' id='word_1_290' title='bbox 910 2292 979 2348; x_wconf 87' lang='lat' dir='ltr'><strong>de</strong></span> <span class='ocrx_word' id='word_1_291' title='bbox 1001 2293 1225 2362; x_wconf 77' lang='lat' dir='ltr'><strong>parvulo</strong></span> <span class='ocrx_word' id='word_1_292' title='bbox 1239 2293 1369 2349; x_wconf 82' lang='lat' dir='ltr'><strong>Jeau</strong></span> <span class='ocrx_word' id='word_1_293' title='bbox 1388 2293 1528 2349; x_wconf 81' lang='lat' dir='ltr'><strong>fama</strong></span> <span class='ocrx_word' id='word_1_294' title='bbox 1552 2293 1765 2364; x_wconf 78' lang='lat' dir='ltr'><strong>disper-</strong></span> 
     </span>
    </p>
   </div>
   <div class='ocr_carea' id='block_1_32' title="bbox 159 2384 1763 2457">
    <p class='ocr_par' dir='ltr' id='par_1_32' title="bbox 159 2384 1763 2457">
     <span class='ocr_line' id='line_1_32' title="bbox 159 2384 1763 2457; baseline 0.002 -18"><span class='ocrx_word' id='word_1_295' title='bbox 159 2398 305 2442; x_wconf 81' lang='lat' dir='ltr'><strong>serat</strong></span> <span class='ocrx_word' id='word_1_296' title='bbox 326 2385 352 2438; x_wconf 68' lang='grc' dir='ltr'>ἓ</span> <span class='ocrx_word' id='word_1_297' title='bbox 380 2384 639 2441; x_wconf 83' lang='lat' dir='ltr'><strong>Pastores</strong></span> <span class='ocrx_word' id='word_1_298' title='bbox 678 2396 839 2441; x_wconf 84' lang='lat' dir='ltr'><strong>erant</strong></span> <span class='ocrx_word' id='word_1_299' title='bbox 872 2387 927 2440; x_wconf 92' lang='lat' dir='ltr'><strong>in</strong></span> <span class='ocrx_word' id='word_1_300' title='bbox 954 2386 1175 2457; x_wconf 81' lang='lat' dir='ltr'><strong>regione</strong></span> <span class='ocrx_word' id='word_1_301' title='bbox 1209 2386 1296 2441; x_wconf 87' lang='lat' dir='ltr'><strong>illa</strong></span> <span class='ocrx_word' id='word_1_302' title='bbox 1321 2426 1337 2452; x_wconf 91' lang='lat'><strong>,</strong></span> <span class='ocrx_word' id='word_1_303' title='bbox 1388 2386 1681 2457; x_wconf 75' lang='lat' dir='ltr'><strong>vigilantes</strong></span> <span class='ocrx_word' id='word_1_304' title='bbox 1706 2397 1763 2443; x_wconf 88' lang='lat' dir='ltr'><strong>et</strong></span> 
     </span>
    </p>
   </div>
   <div class='ocr_carea' id='block_1_33' title="bbox 160 2475 1758 2546">
    <p class='ocr_par' dir='ltr' id='par_1_33' title="bbox 160 2475 1758 2546">
     <span class='ocr_line' id='line_1_33' title="bbox 160 2475 1758 2546; baseline 0.002 -16"><span class='ocrx_word' id='word_1_305' title='bbox 160 2476 514 2532; x_wconf 72' lang='lat' dir='ltr'><strong>observantes</strong></span> <span class='ocrx_word' id='word_1_306' title='bbox 559 2475 837 2534; x_wconf 76' lang='lat' dir='ltr'><strong>custodias</strong></span> <span class='ocrx_word' id='word_1_307' title='bbox 878 2476 1061 2533; x_wconf 85' lang='lat' dir='ltr'><strong>noctis</strong></span> <span class='ocrx_word' id='word_1_308' title='bbox 1085 2491 1248 2546; x_wconf 84' lang='lat' dir='ltr'><strong>supra</strong></span> <span class='ocrx_word' id='word_1_309' title='bbox 1299 2491 1517 2546; x_wconf 80' lang='lat' dir='ltr'><strong>gregem</strong></span> <span class='ocrx_word' id='word_1_310' title='bbox 1574 2491 1758 2537; x_wconf 87' lang='lat' dir='ltr'><strong>suum.</strong></span> 
     </span>
    </p>
   </div>
   <div class='ocr_carea' id='block_1_34' title="bbox 160 2567 1762 2639">
    <p class='ocr_par' dir='ltr' id='par_1_34' title="bbox 160 2567 1762 2639">
     <span class='ocr_line' id='line_1_34' title="bbox 160 2567 1762 2639; baseline 0.001 -15"><span class='ocrx_word' id='word_1_311' title='bbox 160 2567 323 2625; x_wconf 78' lang='lat' dir='ltr'><strong>Venit</strong></span> <span class='ocrx_word' id='word_1_312' title='bbox 350 2569 583 2639; x_wconf 86' lang='lat' dir='ltr'><strong>angelus</strong></span> <span class='ocrx_word' id='word_1_313' title='bbox 604 2567 709 2625; x_wconf 90' lang='lat' dir='ltr'><strong>sub</strong></span> <span class='ocrx_word' id='word_1_314' title='bbox 751 2569 865 2637; x_wconf 82' lang='lat' dir='ltr'><strong>ipsa</strong></span> <span class='ocrx_word' id='word_1_315' title='bbox 897 2569 1032 2625; x_wconf 78' lang='lat' dir='ltr'><strong>liora</strong></span> <span class='ocrx_word' id='word_1_316' title='bbox 1083 2569 1381 2625; x_wconf 81' lang='lat' dir='ltr'><strong>nativitatis</strong></span> <span class='ocrx_word' id='word_1_317' title='bbox 1415 2568 1572 2636; x_wconf 84' lang='lat' dir='ltr'><strong>Jesu,</strong></span> <span class='ocrx_word' id='word_1_318' title='bbox 1604 2578 1660 2625; x_wconf 90' lang='lat' dir='ltr'><strong>et</strong></span> <span class='ocrx_word' id='word_1_319' title='bbox 1686 2571 1762 2625; x_wconf 86' lang='lat' dir='ltr'><strong>ait</strong></span> 
     </span>
    </p>
   </div>
   <div class='ocr_carea' id='block_1_35' title="bbox 159 2659 1762 2733">
    <p class='ocr_par' dir='ltr' id='par_1_35' title="bbox 159 2659 1762 2733">
     <span class='ocr_line' id='line_1_35' title="bbox 159 2659 1762 2733; baseline 0.003 -19"><span class='ocrx_word' id='word_1_320' title='bbox 159 2660 227 2715; x_wconf 89' lang='lat' dir='ltr'><strong>ad</strong></span> <span class='ocrx_word' id='word_1_321' title='bbox 251 2674 392 2719; x_wconf 77' lang='lat' dir='ltr'><strong>eos:</strong></span> <span class='ocrx_word' id='word_1_322' title='bbox 433 2659 702 2719; x_wconf 71' lang='lat' dir='ltr'><strong>Anuuutio</strong></span> <span class='ocrx_word' id='word_1_323' title='bbox 731 2660 876 2716; x_wconf 72' lang='lat' dir='ltr'><strong>vobis</strong></span> <span class='ocrx_word' id='word_1_324' title='bbox 895 2660 1147 2732; x_wconf 80' lang='lat' dir='ltr'><strong>gaudium</strong></span> <span class='ocrx_word' id='word_1_325' title='bbox 1167 2677 1434 2733; x_wconf 74' lang='lat' dir='ltr'><strong>maguum.</strong></span> <span class='ocrx_word' id='word_1_326' title='bbox 1469 2660 1572 2727; x_wconf 83' lang='lat' dir='ltr'><strong>Ite,</strong></span> <span class='ocrx_word' id='word_1_327' title='bbox 1602 2673 1649 2719; x_wconf 84' lang='lat' dir='ltr'><strong>et</strong></span> <span class='ocrx_word' id='word_1_328' title='bbox 1678 2663 1762 2719; x_wconf 85' lang='lat' dir='ltr'><strong>in-</strong></span> 
     </span>
    </p>
   </div>
   <div class='ocr_carea' id='block_1_36' title="bbox 160 2752 1761 2826">
    <p class='ocr_par' dir='ltr' id='par_1_36' title="bbox 160 2752 1761 2826">
     <span class='ocr_line' id='line_1_36' title="bbox 160 2752 1761 2826; baseline 0.003 -18"><span class='ocrx_word' id='word_1_329' title='bbox 160 2754 380 2811; x_wconf 70' lang='lat' dir='ltr'><strong>venietis</strong></span> <span class='ocrx_word' id='word_1_330' title='bbox 410 2753 659 2823; x_wconf 70' lang='lat' dir='ltr'><strong>infantem</strong></span> <span class='ocrx_word' id='word_1_331' title='bbox 680 2752 967 2809; x_wconf 70' lang='lat' dir='ltr'><strong>inuolutum</strong></span> <span class='ocrx_word' id='word_1_332' title='bbox 999 2756 1208 2825; x_wconf 78' lang='lat' dir='ltr'><strong>pannis,</strong></span> <span class='ocrx_word' id='word_1_333' title='bbox 1234 2766 1281 2809; x_wconf 90' lang='lat' dir='ltr'><strong>e:</strong></span> <span class='ocrx_word' id='word_1_334' title='bbox 1310 2757 1537 2826; x_wconf 82' lang='lat' dir='ltr'><strong>positum</strong></span> <span class='ocrx_word' id='word_1_335' title='bbox 1561 2759 1611 2811; x_wconf 77' lang='lat' dir='ltr'><strong>in</strong></span> <span class='ocrx_word' id='word_1_336' title='bbox 1629 2772 1761 2825; x_wconf 74' lang='lat' dir='ltr'><strong>prta-</strong></span> 
     </span>
    </p>
   </div>
   <div class='ocr_carea' id='block_1_37' title="bbox 156 2844 1763 2919">
    <p class='ocr_par' dir='ltr' id='par_1_37' title="bbox 156 2844 1763 2919">
     <span class='ocr_line' id='line_1_37' title="bbox 156 2844 1763 2919; baseline 0.004 -19"><span class='ocrx_word' id='word_1_337' title='bbox 156 2847 331 2919; x_wconf 68' lang='lat' dir='ltr'><strong>srpio.</strong></span> <span class='ocrx_word' id='word_1_338' title='bbox 380 2844 619 2902; x_wconf 72' lang='lat' dir='ltr'><strong>Necdum</strong></span> <span class='ocrx_word' id='word_1_339' title='bbox 644 2848 870 2919; x_wconf 82' lang='lat' dir='ltr'><strong>angelus</strong></span> <span class='ocrx_word' id='word_1_340' title='bbox 891 2848 1058 2905; x_wconf 87' lang='lat' dir='ltr'><strong>verba</strong></span> <span class='ocrx_word' id='word_1_341' title='bbox 1090 2850 1326 2914; x_wconf 87' lang='lat' dir='ltr'><strong>linierat,</strong></span> <span class='ocrx_word' id='word_1_342' title='bbox 1353 2859 1409 2906; x_wconf 90' lang='lat' dir='ltr'><strong>et</strong></span> <span class='ocrx_word' id='word_1_343' title='bbox 1434 2866 1564 2906; x_wconf 87' lang='lat' dir='ltr'><strong>ecce</strong></span> <span class='ocrx_word' id='word_1_344' title='bbox 1586 2851 1763 2908; x_wconf 77' lang='lat' dir='ltr'><strong>multi-</strong></span> 
     </span>
    </p>
   </div>
   <div class='ocr_carea' id='block_1_38' title="bbox 162 2938 1761 3014">
    <p class='ocr_par' dir='ltr' id='par_1_38' title="bbox 162 2938 1761 3014">
     <span class='ocr_line' id='line_1_38' title="bbox 162 2938 1761 3014; baseline 0.004 -19"><span class='ocrx_word' id='word_1_345' title='bbox 162 2941 301 2996; x_wconf 85' lang='lat' dir='ltr'><strong>tudo</strong></span> <span class='ocrx_word' id='word_1_346' title='bbox 324 2938 569 2996; x_wconf 76' lang='lat' dir='ltr'><strong>cmlestis</strong></span> <span class='ocrx_word' id='word_1_347' title='bbox 595 2947 864 3001; x_wconf 76' lang='lat' dir='ltr'><strong>esercttns</strong></span> <span class='ocrx_word' id='word_1_348' title='bbox 898 2942 1121 2999; x_wconf 85' lang='lat' dir='ltr'><strong>laudare</strong></span> <span class='ocrx_word' id='word_1_349' title='bbox 1150 2944 1317 3014; x_wconf 64' lang='lat' dir='ltr'><strong>carpit</strong></span> <span class='ocrx_word' id='word_1_350' title='bbox 1347 2955 1403 2998; x_wconf 92' lang='lat' dir='ltr'><strong>et</strong></span> <span class='ocrx_word' id='word_1_351' title='bbox 1433 2944 1761 3001; x_wconf 78' lang='lat' dir='ltr'><strong>benedicere</strong></span> 
     </span>
    </p>
   </div>
   <div class='ocr_carea' id='block_1_39' title="bbox 162 3033 1761 3107">
    <p class='ocr_par' dir='ltr' id='par_1_39' title="bbox 162 3033 1761 3107">
     <span class='ocr_line' id='line_1_39' title="bbox 162 3033 1761 3107; baseline 0.003 -18"><span class='ocrx_word' id='word_1_352' title='bbox 162 3033 360 3089; x_wconf 84' lang='lat' dir='ltr'><strong>Deum.</strong></span> <span class='ocrx_word' id='word_1_353' title='bbox 400 3033 534 3090; x_wconf 85' lang='lat' dir='ltr'><strong>Cum</strong></span> <span class='ocrx_word' id='word_1_354' title='bbox 578 3033 683 3090; x_wconf 84' lang='lat' dir='ltr'><strong>hoc</strong></span> <span class='ocrx_word' id='word_1_355' title='bbox 729 3045 975 3105; x_wconf 85' lang='lat' dir='ltr'><strong>pastores</strong></span> <span class='ocrx_word' id='word_1_356' title='bbox 1010 3037 1205 3107; x_wconf 86' lang='lat' dir='ltr'><strong>trepidi</strong></span> <span class='ocrx_word' id='word_1_357' title='bbox 1238 3037 1667 3107; x_wconf 83' lang='lat' dir='ltr'><strong>perspexissent,</strong></span> <span class='ocrx_word' id='word_1_358' title='bbox 1703 3047 1761 3094; x_wconf 88' lang='lat' dir='ltr'><strong>et</strong></span> 
     </span>
    </p>
   </div>
   <div class='ocr_carea' id='block_1_40' title="bbox 160 3132 1758 3204">
    <p class='ocr_par' dir='ltr' id='par_1_40' title="bbox 160 3132 1758 3204">
     <span class='ocr_line' id='line_1_40' title="bbox 160 3132 1758 3204; baseline 0.001 -17"><span class='ocrx_word' id='word_1_359' title='bbox 160 3133 390 3204; x_wconf 81' lang='lat' dir='ltr'><strong>angelus</strong></span> <span class='ocrx_word' id='word_1_360' title='bbox 414 3134 732 3188; x_wconf 81' lang='lat' dir='ltr'><strong>recessisset</strong></span> <span class='ocrx_word' id='word_1_361' title='bbox 760 3133 831 3187; x_wconf 79' lang='lat' dir='ltr'><strong>ab</strong></span> <span class='ocrx_word' id='word_1_362' title='bbox 854 3132 955 3199; x_wconf 84' lang='lat' dir='ltr'><strong>eis,</strong></span> <span class='ocrx_word' id='word_1_363' title='bbox 987 3132 1242 3188; x_wconf 70' lang='lat' dir='ltr'><strong>dixerunt</strong></span> <span class='ocrx_word' id='word_1_364' title='bbox 1261 3133 1330 3188; x_wconf 87' lang='lat' dir='ltr'><strong>ad</strong></span> <span class='ocrx_word' id='word_1_365' title='bbox 1359 3134 1619 3189; x_wconf 75' lang='lat' dir='ltr'><strong>invicem:</strong></span> <span class='ocrx_word' id='word_1_366' title='bbox 1651 3133 1758 3190; x_wconf 80' lang='lat' dir='ltr'><strong>Ea-</strong></span> 
     </span>
    </p>
   </div>
   <div class='ocr_carea' id='block_1_41' title="bbox 1869 1921 3467 1998">
    <p class='ocr_par' dir='ltr' id='par_1_41' title="bbox 1869 1921 3467 1998">
     <span class='ocr_line' id='line_1_41' title="bbox 1869 1921 3467 1998; baseline 0.009 -23"><span class='ocrx_word' id='word_1_367' title='bbox 1869 1921 2093 1991; x_wconf 66' lang='grc' dir='ltr'><strong>[σείσειε</strong></span> <span class='ocrx_word' id='word_1_368' title='bbox 2120 1922 2422 1991; x_wconf 65' lang='lat' dir='ltr'><strong>penatium.</strong></span> <span class='ocrx_word' id='word_1_369' title='bbox 2452 1932 2500 1977; x_wconf 83' lang='lat' dir='ltr'><strong>et</strong></span> <span class='ocrx_word' id='word_1_370' title='bbox 2519 1940 2613 1994; x_wconf 76' lang='lat' dir='ltr'><strong>ego</strong></span> <span class='ocrx_word' id='word_1_371' title='bbox 2640 1925 2872 1981; x_wconf 77' lang='lat' dir='ltr'><strong>ambo:</strong></span> <span class='ocrx_word' id='word_1_372' title='bbox 2900 1934 3064 1983; x_wconf 75' lang='lat' dir='ltr'><strong>etnon</strong></span> <span class='ocrx_word' id='word_1_373' title='bbox 3094 1936 3173 1985; x_wconf 74' lang='lat' dir='ltr'><strong>est</strong></span> <span class='ocrx_word' id='word_1_374' title='bbox 3201 1930 3288 1998; x_wconf 77' lang='lat' dir='ltr'><strong>qui</strong></span> <span class='ocrx_word' id='word_1_375' title='bbox 3316 1938 3467 1989; x_wconf 73' lang='lat' dir='ltr'><strong>eruat</strong></span> 
     </span>
    </p>
   </div>
   <div class='ocr_carea' id='block_1_42' title="bbox 1866 2012 3462 2090">
    <p class='ocr_par' dir='ltr' id='par_1_42' title="bbox 1866 2012 3462 2090">
     <span class='ocr_line' id='line_1_42' title="bbox 1866 2012 3462 2090; baseline 0.009 -22"><span class='ocrx_word' id='word_1_376' title='bbox 1866 2014 1931 2068; x_wconf 86' lang='lat' dir='ltr'><strong>de</strong></span> <span class='ocrx_word' id='word_1_377' title='bbox 1956 2014 2194 2068; x_wconf 70' lang='lat' dir='ltr'><strong>inanibus</strong></span> <span class='ocrx_word' id='word_1_378' title='bbox 2222 2014 2347 2072; x_wconf 79' lang='lat' dir='ltr'><strong>meis</strong></span> <span class='ocrx_word' id='word_1_379' title='bbox 2370 2012 2549 2087; x_wconf 79' lang='lat' dir='ltr'><strong>(Deut.</strong></span> <span class='ocrx_word' id='word_1_380' title='bbox 2576 2015 2769 2088; x_wconf 79' lang='lat' dir='ltr'><strong>sxxu).</strong></span> <span class='ocrx_word' id='word_1_381' title='bbox 2812 2016 3060 2077; x_wconf 80' lang='lat' dir='ltr'><strong>Audiuut</strong></span> <span class='ocrx_word' id='word_1_382' title='bbox 3077 2063 3092 2087; x_wconf 94' lang='lat'><strong>,</strong></span> <span class='ocrx_word' id='word_1_383' title='bbox 3117 2020 3372 2090; x_wconf 70' lang='lat' dir='ltr'><strong>occidant,</strong></span> <span class='ocrx_word' id='word_1_384' title='bbox 3400 2028 3462 2081; x_wconf 87' lang='lat' dir='ltr'><strong>et</strong></span> 
     </span>
    </p>
   </div>
   <div class='ocr_carea' id='block_1_43' title="bbox 1867 2105 3456 2185">
    <p class='ocr_par' dir='ltr' id='par_1_43' title="bbox 1867 2105 3456 2185">
     <span class='ocr_line' id='line_1_43' title="bbox 1867 2105 3456 2185; baseline 0.009 -26"><span class='ocrx_word' id='word_1_385' title='bbox 1867 2122 1977 2160; x_wconf 90' lang='lat' dir='ltr'><strong>non</strong></span> <span class='ocrx_word' id='word_1_386' title='bbox 2007 2105 2275 2173; x_wconf 80' lang='lat' dir='ltr'><strong>audiunt,</strong></span> <span class='ocrx_word' id='word_1_387' title='bbox 2325 2107 2631 2176; x_wconf 71' lang='lat' dir='ltr'><strong>viviﬁcabo:</strong></span> <span class='ocrx_word' id='word_1_388' title='bbox 2660 2109 2917 2178; x_wconf 83' lang='lat' dir='ltr'><strong>audiunt,</strong></span> <span class='ocrx_word' id='word_1_389' title='bbox 2948 2113 3179 2185; x_wconf 75' lang='lat' dir='ltr'><strong>percutio</strong></span> <span class='ocrx_word' id='word_1_390' title='bbox 3198 2131 3255 2180; x_wconf 83' lang='lat' dir='ltr'><strong>tt,</strong></span> <span class='ocrx_word' id='word_1_391' title='bbox 3279 2124 3337 2171; x_wconf 88' lang='lat' dir='ltr'><strong>et</strong></span> <span class='ocrx_word' id='word_1_392' title='bbox 3363 2129 3456 2173; x_wconf 76' lang='lat' dir='ltr'><strong>att-</strong></span> 
     </span>
    </p>
   </div>
   <div class='ocr_carea' id='block_1_44' title="bbox 1865 2199 3460 2275">
    <p class='ocr_par' dir='ltr' id='par_1_44' title="bbox 1865 2199 3460 2275">
     <span class='ocr_line' id='line_1_44' title="bbox 1865 2199 3460 2275; baseline 0.008 -21"><span class='ocrx_word' id='word_1_393' title='bbox 1865 2199 1987 2257; x_wconf 90' lang='lat' dir='ltr'><strong>dire</strong></span> <span class='ocrx_word' id='word_1_394' title='bbox 2023 2210 2381 2259; x_wconf 85' lang='lat' dir='ltr'><strong>contemnunt</strong></span> <span class='ocrx_word' id='word_1_395' title='bbox 2410 2247 2424 2271; x_wconf 93' lang='lat'><strong>,</strong></span> <span class='ocrx_word' id='word_1_396' title='bbox 2471 2212 2518 2257; x_wconf 87' lang='lat' dir='ltr'><strong>et</strong></span> <span class='ocrx_word' id='word_1_397' title='bbox 2548 2219 2641 2275; x_wconf 84' lang='lat' dir='ltr'><strong>ego</strong></span> <span class='ocrx_word' id='word_1_398' title='bbox 2673 2205 2889 2267; x_wconf 75' lang='lat' dir='ltr'><strong>sonabo.</strong></span> <span class='ocrx_word' id='word_1_399' title='bbox 2932 2206 3249 2265; x_wconf 87' lang='lat' dir='ltr'><strong>istiusmodi</strong></span> <span class='ocrx_word' id='word_1_400' title='bbox 3293 2223 3460 2265; x_wconf 76' lang='lat' dir='ltr'><strong>occa-</strong></span> 
     </span>
    </p>
   </div>
   <div class='ocr_carea' id='block_1_45' title="bbox 1864 2293 3464 2372">
    <p class='ocr_par' dir='ltr' id='par_1_45' title="bbox 1864 2293 3464 2372">
     <span class='ocr_line' id='line_1_45' title="bbox 1864 2293 3464 2372; baseline 0.008 -25"><span class='ocrx_word' id='word_1_401' title='bbox 1864 2293 2109 2352; x_wconf 82' lang='lat' dir='ltr'><strong>sionibus</strong></span> <span class='ocrx_word' id='word_1_402' title='bbox 2162 2293 2481 2353; x_wconf 85' lang='lat' dir='ltr'><strong>Creatorem</strong></span> <span class='ocrx_word' id='word_1_403' title='bbox 2536 2298 2971 2359; x_wconf 84' lang='lat' dir='ltr'><strong>calumniantur.</strong></span> <span class='ocrx_word' id='word_1_404' title='bbox 3071 2300 3242 2372; x_wconf 85' lang='lat' dir='ltr'><strong>igitur</strong></span> <span class='ocrx_word' id='word_1_405' title='bbox 3305 2311 3464 2359; x_wconf 81' lang='lat' dir='ltr'><strong>ante-</strong></span> 
     </span>
    </p>
   </div>
   <div class='ocr_carea' id='block_1_46' title="bbox 1862 2390 3457 2468">
    <p class='ocr_par' dir='ltr' id='par_1_46' title="bbox 1862 2390 3457 2468">
     <span class='ocr_line' id='line_1_46' title="bbox 1862 2390 3457 2468; baseline 0.004 -23"><span class='ocrx_word' id='word_1_406' title='bbox 1862 2405 2025 2461; x_wconf 88' lang='lat' dir='ltr'><strong>quam</strong></span> <span class='ocrx_word' id='word_1_407' title='bbox 2078 2390 2466 2461; x_wconf 85' lang='lat' dir='ltr'><strong>interpretetur</strong></span> <span class='ocrx_word' id='word_1_408' title='bbox 2526 2407 2687 2464; x_wconf 84' lang='lat' dir='ltr'><strong>quem</strong></span> <span class='ocrx_word' id='word_1_409' title='bbox 2734 2409 2957 2449; x_wconf 86' lang='lat' dir='ltr'><strong>sensum</strong></span> <span class='ocrx_word' id='word_1_410' title='bbox 3027 2393 3268 2451; x_wconf 83' lang='lat' dir='ltr'><strong>babeat:</strong></span> <span class='ocrx_word' id='word_1_411' title='bbox 3339 2394 3457 2468; x_wconf 77' lang='lat' dir='ltr'><strong>Ego</strong></span> 
     </span>
    </p>
   </div>
   <div class='ocr_carea' id='block_1_47' title="bbox 1862 2485 3456 2559">
    <p class='ocr_par' dir='ltr' id='par_1_47' title="bbox 1862 2485 3456 2559">
     <span class='ocr_line' id='line_1_47' title="bbox 1862 2485 3456 2559; baseline 0.003 -20"><span class='ocrx_word' id='word_1_412' title='bbox 1862 2485 2170 2556; x_wconf 73' lang='lat' dir='ltr'><strong>interﬁciant</strong></span> <span class='ocrx_word' id='word_1_413' title='bbox 2206 2496 2254 2541; x_wconf 86' lang='lat' dir='ltr'><strong>et</strong></span> <span class='ocrx_word' id='word_1_414' title='bbox 2291 2486 2560 2557; x_wconf 71' lang='lat' dir='ltr'><strong>oiriﬁcabe</strong></span> <span class='ocrx_word' id='word_1_415' title='bbox 2582 2531 2597 2557; x_wconf 92' lang='lat'><strong>,</strong></span> <span class='ocrx_word' id='word_1_416' title='bbox 2652 2488 2940 2558; x_wconf 78' lang='lat' dir='ltr'><strong>percutiam</strong></span> <span class='ocrx_word' id='word_1_417' title='bbox 2977 2499 3027 2545; x_wconf 77' lang='lat' dir='ltr'><strong>et</strong></span> <span class='ocrx_word' id='word_1_418' title='bbox 3056 2489 3256 2545; x_wconf 71' lang='lat' dir='ltr'><strong>uitalia</strong></span> <span class='ocrx_word' id='word_1_419' title='bbox 3285 2529 3301 2555; x_wconf 91' lang='lat'><strong>,</strong></span> <span class='ocrx_word' id='word_1_420' title='bbox 3352 2504 3456 2559; x_wconf 67' lang='lat' dir='ltr'><strong>op-</strong></span> 
     </span>
    </p>
   </div>
   <div class='ocr_carea' id='block_1_48' title="bbox 1865 2577 3460 2652">
    <p class='ocr_par' dir='ltr' id='par_1_48' title="bbox 1865 2577 3460 2652">
     <span class='ocr_line' id='line_1_48' title="bbox 1865 2577 3460 2652; baseline 0.006 -25"><span class='ocrx_word' id='word_1_421' title='bbox 1865 2592 2058 2647; x_wconf 69' lang='lat' dir='ltr'><strong>ponam</strong></span> <span class='ocrx_word' id='word_1_422' title='bbox 2088 2578 2172 2633; x_wconf 89' lang='lat' dir='ltr'><strong>eis</strong></span> <span class='ocrx_word' id='word_1_423' title='bbox 2194 2579 2569 2637; x_wconf 77' lang='lat' dir='ltr'><strong>testimonium</strong></span> <span class='ocrx_word' id='word_1_424' title='bbox 2599 2577 2912 2650; x_wconf 83' lang='lat' dir='ltr'><strong>Evangelii,</strong></span> <span class='ocrx_word' id='word_1_425' title='bbox 2944 2578 3234 2652; x_wconf 82' lang='lat' dir='ltr'><strong>dicamque</strong></span> <span class='ocrx_word' id='word_1_426' title='bbox 3262 2580 3460 2637; x_wconf 78' lang='lat' dir='ltr'><strong>adver-</strong></span> 
     </span>
    </p>
   </div>
   <div class='ocr_carea' id='block_1_49' title="bbox 1861 2672 3460 2746">
    <p class='ocr_par' dir='ltr' id='par_1_49' title="bbox 1861 2672 3460 2746">
     <span class='ocr_line' id='line_1_49' title="bbox 1861 2672 3460 2746; baseline 0.002 -19"><span class='ocrx_word' id='word_1_427' title='bbox 1861 2689 1982 2727; x_wconf 88' lang='lat' dir='ltr'><strong>sum</strong></span> <span class='ocrx_word' id='word_1_428' title='bbox 2027 2673 2386 2746; x_wconf 57' lang='grc' dir='ltr'><strong>ξοδ-ποθ</strong></span> <span class='ocrx_word' id='word_1_429' title='bbox 2412 2672 2724 2730; x_wconf 54' lang='lat' dir='ltr'><strong>hereticos.</strong></span> <span class='ocrx_word' id='word_1_430' title='bbox 2768 2673 3206 2731; x_wconf 86' lang='lat' dir='ltr'><strong>innumerabiles</strong></span> <span class='ocrx_word' id='word_1_431' title='bbox 3248 2674 3460 2745; x_wconf 82' lang='lat' dir='ltr'><strong>quippe</strong></span> 
     </span>
    </p>
   </div>
   <div class='ocr_carea' id='block_1_50' title="bbox 1864 2764 3457 2838">
    <p class='ocr_par' dir='ltr' id='par_1_50' title="bbox 1864 2764 3457 2838">
     <span class='ocr_line' id='line_1_50' title="bbox 1864 2764 3457 2838; baseline 0.002 -18"><span class='ocrx_word' id='word_1_432' title='bbox 1864 2764 2107 2821; x_wconf 51' lang='lat' dir='ltr'><strong>haereses</strong></span> <span class='ocrx_word' id='word_1_433' title='bbox 2159 2776 2322 2831; x_wconf 89' lang='lat' dir='ltr'><strong>sunt,</strong></span> <span class='ocrx_word' id='word_1_434' title='bbox 2373 2782 2497 2836; x_wconf 71' lang='lat' dir='ltr'><strong>qua:</strong></span> <span class='ocrx_word' id='word_1_435' title='bbox 2528 2766 2892 2838; x_wconf 84' lang='lat' dir='ltr'><strong>Evsngelium</strong></span> <span class='ocrx_word' id='word_1_436' title='bbox 2918 2766 3220 2823; x_wconf 83' lang='lat' dir='ltr'><strong>secundum</strong></span> <span class='ocrx_word' id='word_1_437' title='bbox 3250 2766 3457 2824; x_wconf 84' lang='lat' dir='ltr'><strong>Lucam</strong></span> 
     </span>
    </p>
   </div>
   <div class='ocr_carea' id='block_1_51' title="bbox 1862 2858 3461 2929">
    <p class='ocr_par' dir='ltr' id='par_1_51' title="bbox 1862 2858 3461 2929">
     <span class='ocr_line' id='line_1_51' title="bbox 1862 2858 3461 2929; baseline 0.002 -15"><span class='ocrx_word' id='word_1_438' title='bbox 1862 2860 2154 2929; x_wconf 88' lang='lat' dir='ltr'><strong>recipiunt.</strong></span> <span class='ocrx_word' id='word_1_439' title='bbox 2188 2858 2248 2916; x_wconf 89' lang='lat' dir='ltr'><strong>Si</strong></span> <span class='ocrx_word' id='word_1_440' title='bbox 2281 2869 2574 2929; x_wconf 78' lang='lat' dir='ltr'><strong>propterea</strong></span> <span class='ocrx_word' id='word_1_441' title='bbox 2619 2870 2906 2926; x_wconf 88' lang='lat' dir='ltr'><strong>cruentus,</strong></span> <span class='ocrx_word' id='word_1_442' title='bbox 2937 2872 2991 2916; x_wconf 89' lang='lat' dir='ltr'><strong>et</strong></span> <span class='ocrx_word' id='word_1_443' title='bbox 3024 2860 3081 2915; x_wconf 90' lang='lat' dir='ltr'><strong>in</strong></span> <span class='ocrx_word' id='word_1_444' title='bbox 3112 2868 3325 2915; x_wconf 89' lang='lat' dir='ltr'><strong>tantum</strong></span> <span class='ocrx_word' id='word_1_445' title='bbox 3353 2872 3461 2917; x_wconf 66' lang='lat' dir='ltr'><strong>sre-</strong></span> 
     </span>
    </p>
   </div>
   <div class='ocr_carea' id='block_1_52' title="bbox 1863 2948 3465 3023">
    <p class='ocr_par' dir='ltr' id='par_1_52' title="bbox 1863 2948 3465 3023">
     <span class='ocr_line' id='line_1_52' title="bbox 1863 2948 3465 3023; baseline -0.002 -19"><span class='ocrx_word' id='word_1_446' title='bbox 1863 2965 1963 3005; x_wconf 90' lang='lat' dir='ltr'><strong>vus</strong></span> <span class='ocrx_word' id='word_1_447' title='bbox 1992 2960 2046 3005; x_wconf 87' lang='lat' dir='ltr'><strong>et</strong></span> <span class='ocrx_word' id='word_1_448' title='bbox 2075 2950 2322 3006; x_wconf 87' lang='lat' dir='ltr'><strong>crudelis</strong></span> <span class='ocrx_word' id='word_1_449' title='bbox 2364 2960 2447 3003; x_wconf 84' lang='lat' dir='ltr'><strong>est</strong></span> <span class='ocrx_word' id='word_1_450' title='bbox 2475 2948 2778 3018; x_wconf 86' lang='lat' dir='ltr'><strong>Conditor,</strong></span> <span class='ocrx_word' id='word_1_451' title='bbox 2827 2950 2956 3021; x_wconf 90' lang='lat' dir='ltr'><strong>quia</strong></span> <span class='ocrx_word' id='word_1_452' title='bbox 3010 2950 3190 3006; x_wconf 79' lang='lat' dir='ltr'><strong>dicit:</strong></span> <span class='ocrx_word' id='word_1_453' title='bbox 3235 2950 3351 3023; x_wconf 75' lang='lat' dir='ltr'><strong>Ego</strong></span> <span class='ocrx_word' id='word_1_454' title='bbox 3380 2954 3465 3006; x_wconf 73' lang='lat' dir='ltr'><strong>in.</strong></span> 
     </span>
    </p>
   </div>
   <div class='ocr_carea' id='block_1_53' title="bbox 1862 3041 3460 3113">
    <p class='ocr_par' dir='ltr' id='par_1_53' title="bbox 1862 3041 3460 3113">
     <span class='ocr_line' id='line_1_53' title="bbox 1862 3041 3460 3113; baseline -0.001 -16"><span class='ocrx_word' id='word_1_455' title='bbox 1862 3043 2140 3113; x_wconf 77' lang='lat' dir='ltr'><strong>ter/icium,</strong></span> <span class='ocrx_word' id='word_1_456' title='bbox 2166 3052 2214 3096; x_wconf 89' lang='lat' dir='ltr'><strong>et</strong></span> <span class='ocrx_word' id='word_1_457' title='bbox 2237 3041 2505 3112; x_wconf 74' lang='lat' dir='ltr'><strong>viviﬁcst</strong></span> <span class='ocrx_word' id='word_1_458' title='bbox 2534 3058 2554 3096; x_wconf 88' lang='lat'><strong><em>:</em></strong></span> <span class='ocrx_word' id='word_1_459' title='bbox 2579 3044 2867 3113; x_wconf 75' lang='lat' dir='ltr'><strong>percutiam</strong></span> <span class='ocrx_word' id='word_1_460' title='bbox 2886 3086 2904 3111; x_wconf 90' lang='lat'><strong>,</strong></span> <span class='ocrx_word' id='word_1_461' title='bbox 2932 3054 2982 3098; x_wconf 82' lang='lat' dir='ltr'><strong>et</strong></span> <span class='ocrx_word' id='word_1_462' title='bbox 3029 3045 3257 3110; x_wconf 67' lang='lat' dir='ltr'><strong>uitato,</strong></span> <span class='ocrx_word' id='word_1_463' title='bbox 3290 3042 3460 3100; x_wconf 68' lang='lat' dir='ltr'><strong>mani.</strong></span> 
     </span>
    </p>
   </div>
   <div class='ocr_carea' id='block_1_54' title="bbox 1862 3135 3456 3205">
    <p class='ocr_par' dir='ltr' id='par_1_54' title="bbox 1862 3135 3456 3205">
     <span class='ocr_line' id='line_1_54' title="bbox 1862 3135 3456 3205; baseline 0.002 -15"><span class='ocrx_word' id='word_1_464' title='bbox 1862 3136 2163 3191; x_wconf 72' lang='lat' dir='ltr'><strong>festissima</strong></span> <span class='ocrx_word' id='word_1_465' title='bbox 2187 3145 2273 3190; x_wconf 83' lang='lat' dir='ltr'><strong>est</strong></span> <span class='ocrx_word' id='word_1_466' title='bbox 2294 3146 2349 3191; x_wconf 91' lang='lat' dir='ltr'><strong>et</strong></span> <span class='ocrx_word' id='word_1_467' title='bbox 2379 3137 2570 3191; x_wconf 85' lang='lat' dir='ltr'><strong>Jesum</strong></span> <span class='ocrx_word' id='word_1_468' title='bbox 2599 3135 2773 3205; x_wconf 86' lang='lat' dir='ltr'><strong>ipsius</strong></span> <span class='ocrx_word' id='word_1_469' title='bbox 2800 3150 2925 3191; x_wconf 88' lang='lat' dir='ltr'><strong>esse</strong></span> <span class='ocrx_word' id='word_1_470' title='bbox 2972 3135 3210 3202; x_wconf 84' lang='lat' dir='ltr'><strong>Filium;</strong></span> <span class='ocrx_word' id='word_1_471' title='bbox 3262 3136 3456 3193; x_wconf 86' lang='lat' dir='ltr'><strong>eadem</strong></span> 
     </span>
    </p>
   </div>
   <div class='ocr_carea' id='block_1_55' title="bbox 163 3201 3456 3301">
    <p class='ocr_par' dir='ltr' id='par_1_55' title="bbox 163 3201 3456 3301">
     <span class='ocr_line' id='line_1_55' title="bbox 163 3201 3456 3301; baseline 0.002 -23"><span class='ocrx_word' id='word_1_472' title='bbox 163 3201 282 3281; x_wconf 73' lang='lat' dir='ltr'><strong>mus</strong></span> <span class='ocrx_word' id='word_1_473' title='bbox 298 3224 581 3290; x_wconf 78' lang='lat' dir='ltr'><strong>Bethleem,</strong></span> <span class='ocrx_word' id='word_1_474' title='bbox 603 3234 652 3278; x_wconf 83' lang='lat' dir='ltr'><strong>et</strong></span> <span class='ocrx_word' id='word_1_475' title='bbox 665 3226 931 3279; x_wconf 76' lang='lat' dir='ltr'><strong>videamus</strong></span> <span class='ocrx_word' id='word_1_476' title='bbox 953 3226 1147 3295; x_wconf 77' lang='lat' dir='ltr'><strong>factum</strong></span> <span class='ocrx_word' id='word_1_477' title='bbox 1159 3226 1298 3296; x_wconf 79' lang='lat' dir='ltr'><strong>quod</strong></span> <span class='ocrx_word' id='word_1_478' title='bbox 1317 3224 1575 3281; x_wconf 78' lang='lat' dir='ltr'><strong>Dominus</strong></span> <span class='ocrx_word' id='word_1_479' title='bbox 1589 3234 1757 3281; x_wconf 80' lang='lat' dir='ltr'><strong>osteu-</strong></span> <span class='ocrx_word' id='word_1_480' title='bbox 1785 3201 1830 3262; x_wconf 75' lang='lat' dir='ltr'><strong>C</strong></span> <span class='ocrx_word' id='word_1_481' title='bbox 1864 3226 2136 3296; x_wconf 70' lang='lat' dir='ltr'><strong>siquidem</strong></span> <span class='ocrx_word' id='word_1_482' title='bbox 2166 3227 2237 3282; x_wconf 88' lang='lat' dir='ltr'><strong>de</strong></span> <span class='ocrx_word' id='word_1_483' title='bbox 2265 3243 2331 3281; x_wconf 88' lang='lat' dir='ltr'><strong>eo</strong></span> <span class='ocrx_word' id='word_1_484' title='bbox 2358 3227 2559 3296; x_wconf 86' lang='lat' dir='ltr'><strong>scripta</strong></span> <span class='ocrx_word' id='word_1_485' title='bbox 2596 3201 2763 3284; x_wconf 66' lang='lat' dir='ltr'><strong>sunt:</strong></span> <span class='ocrx_word' id='word_1_486' title='bbox 2791 3226 2925 3283; x_wconf 80' lang='lat' dir='ltr'><strong>Ecce</strong></span> <span class='ocrx_word' id='word_1_487' title='bbox 2952 3229 3039 3283; x_wconf 80' lang='lat' dir='ltr'><strong>hic</strong></span> <span class='ocrx_word' id='word_1_488' title='bbox 3072 3230 3275 3301; x_wconf 84' lang='lat' dir='ltr'><strong>positus</strong></span> <span class='ocrx_word' id='word_1_489' title='bbox 3294 3238 3370 3284; x_wconf 78' lang='lat' dir='ltr'><strong>est</strong></span> <span class='ocrx_word' id='word_1_490' title='bbox 3400 3229 3456 3283; x_wconf 83' lang='lat' dir='ltr'><strong>its</strong></span> 
     </span>
    </p>
   </div>
   <div class='ocr_carea' id='block_1_56' title="bbox 165 3316 1761 3387">
    <p class='ocr_par' dir='ltr' id='par_1_56' title="bbox 165 3316 1761 3387">
     <span class='ocr_line' id='line_1_56' title="bbox 165 3316 1761 3387; baseline 0.001 -16"><span class='ocrx_word' id='word_1_491' title='bbox 165 3318 243 3372; x_wconf 84' lang='lat' dir='ltr'><strong>dit</strong></span> <span class='ocrx_word' id='word_1_492' title='bbox 268 3318 435 3372; x_wconf 84' lang='lat' dir='ltr'><strong>nobis.</strong></span> <span class='ocrx_word' id='word_1_493' title='bbox 479 3316 764 3375; x_wconf 78' lang='lat' dir='ltr'><strong>Venerunt</strong></span> <span class='ocrx_word' id='word_1_494' title='bbox 807 3327 863 3372; x_wconf 91' lang='lat' dir='ltr'><strong>et</strong></span> <span class='ocrx_word' id='word_1_495' title='bbox 914 3318 1237 3372; x_wconf 84' lang='lat' dir='ltr'><strong>invenerunt</strong></span> <span class='ocrx_word' id='word_1_496' title='bbox 1278 3316 1582 3387; x_wconf 66' lang='lat' dir='ltr'><strong>parvulum.</strong></span> <span class='ocrx_word' id='word_1_497' title='bbox 1625 3317 1761 3372; x_wconf 76' lang='lat' dir='ltr'><strong>Tum</strong></span> 
     </span>
    </p>
   </div>
   <div class='ocr_carea' id='block_1_57' title="bbox 164 3411 1762 3483">
    <p class='ocr_par' dir='ltr' id='par_1_57' title="bbox 164 3411 1762 3483">
     <span class='ocr_line' id='line_1_57' title="bbox 164 3411 1762 3483; baseline 0 -17"><span class='ocrx_word' id='word_1_498' title='bbox 164 3413 244 3467; x_wconf 91' lang='lat' dir='ltr'><strong>illi</strong></span> <span class='ocrx_word' id='word_1_499' title='bbox 271 3428 436 3483; x_wconf 89' lang='lat' dir='ltr'><strong>quam</strong></span> <span class='ocrx_word' id='word_1_500' title='bbox 467 3421 745 3483; x_wconf 81' lang='lat' dir='ltr'><strong>parentes,</strong></span> <span class='ocrx_word' id='word_1_501' title='bbox 781 3412 1029 3468; x_wconf 73' lang='lat' dir='ltr'><strong>videntes</strong></span> <span class='ocrx_word' id='word_1_502' title='bbox 1061 3428 1186 3482; x_wconf 68' lang='lat' dir='ltr'><strong>qua:</strong></span> <span class='ocrx_word' id='word_1_503' title='bbox 1216 3412 1357 3467; x_wconf 83' lang='lat' dir='ltr'><strong>facta</strong></span> <span class='ocrx_word' id='word_1_504' title='bbox 1391 3411 1629 3477; x_wconf 82' lang='lat' dir='ltr'><strong>fuerant,</strong></span> <span class='ocrx_word' id='word_1_505' title='bbox 1665 3411 1762 3466; x_wconf 84' lang='lat' dir='ltr'><strong>ad-</strong></span> 
     </span>
    </p>
   </div>
   <div class='ocr_carea' id='block_1_58' title="bbox 164 3501 1761 3576">
    <p class='ocr_par' dir='ltr' id='par_1_58' title="bbox 164 3501 1761 3576">
     <span class='ocr_line' id='line_1_58' title="bbox 164 3501 1761 3576; baseline -0.001 -15"><span class='ocrx_word' id='word_1_506' title='bbox 164 3504 502 3563; x_wconf 61' lang='lat' dir='ltr'><strong>mirabantur</strong></span> <span class='ocrx_word' id='word_1_507' title='bbox 515 3519 680 3576; x_wconf 88' lang='lat' dir='ltr'><strong>super</strong></span> <span class='ocrx_word' id='word_1_508' title='bbox 701 3504 826 3561; x_wconf 76' lang='lat' dir='ltr'><strong>hoc.</strong></span> <span class='ocrx_word' id='word_1_509' title='bbox 854 3504 921 3559; x_wconf 82' lang='lat' dir='ltr'><strong>Et</strong></span> <span class='ocrx_word' id='word_1_510' title='bbox 951 3505 1016 3560; x_wconf 82' lang='lat' dir='ltr'><strong>de</strong></span> <span class='ocrx_word' id='word_1_511' title='bbox 1032 3503 1290 3560; x_wconf 88' lang='lat' dir='ltr'><strong>Simeone</strong></span> <span class='ocrx_word' id='word_1_512' title='bbox 1313 3504 1588 3570; x_wconf 86' lang='lat' dir='ltr'><strong>scribitur,</strong></span> <span class='ocrx_word' id='word_1_513' title='bbox 1614 3501 1761 3574; x_wconf 87' lang='lat' dir='ltr'><strong>quod</strong></span> 
     </span>
    </p>
   </div>
   <div class='ocr_carea' id='block_1_59' title="bbox 165 3596 1764 3667">
    <p class='ocr_par' dir='ltr' id='par_1_59' title="bbox 165 3596 1764 3667">
     <span class='ocr_line' id='line_1_59' title="bbox 165 3596 1764 3667; baseline -0.003 -14"><span class='ocrx_word' id='word_1_514' title='bbox 165 3612 443 3653; x_wconf 87' lang='lat' dir='ltr'><strong>tumorem</strong></span> <span class='ocrx_word' id='word_1_515' title='bbox 486 3596 699 3652; x_wconf 79' lang='lat' dir='ltr'><strong>auxerit</strong></span> <span class='ocrx_word' id='word_1_516' title='bbox 731 3596 1014 3664; x_wconf 88' lang='lat' dir='ltr'><strong>miraculi,</strong></span> <span class='ocrx_word' id='word_1_517' title='bbox 1068 3596 1156 3651; x_wconf 83' lang='lat' dir='ltr'><strong>vel</strong></span> <span class='ocrx_word' id='word_1_518' title='bbox 1201 3611 1392 3667; x_wconf 80' lang='lat' dir='ltr'><strong>magna</strong></span> <span class='ocrx_word' id='word_1_519' title='bbox 1423 3611 1549 3666; x_wconf 81' lang='lat' dir='ltr'><strong>pars</strong></span> <span class='ocrx_word' id='word_1_520' title='bbox 1577 3596 1764 3661; x_wconf 87' lang='lat' dir='ltr'><strong>fuerit,</strong></span> 
     </span>
    </p>
   </div>
   <div class='ocr_carea' id='block_1_60' title="bbox 168 3686 1767 3761">
    <p class='ocr_par' dir='ltr' id='par_1_60' title="bbox 168 3686 1767 3761">
     <span class='ocr_line' id='line_1_60' title="bbox 168 3686 1767 3761; baseline -0.003 -17"><span class='ocrx_word' id='word_1_521' title='bbox 168 3691 445 3761; x_wconf 82' lang='lat' dir='ltr'><strong>tenuitque</strong></span> <span class='ocrx_word' id='word_1_522' title='bbox 477 3705 705 3760; x_wconf 90' lang='lat' dir='ltr'><strong>puerum</strong></span> <span class='ocrx_word' id='word_1_523' title='bbox 733 3690 786 3743; x_wconf 89' lang='lat' dir='ltr'><strong>in</strong></span> <span class='ocrx_word' id='word_1_524' title='bbox 813 3689 1055 3746; x_wconf 81' lang='lat' dir='ltr'><strong>brachiis</strong></span> <span class='ocrx_word' id='word_1_525' title='bbox 1078 3690 1212 3755; x_wconf 81' lang='lat' dir='ltr'><strong>suis,</strong></span> <span class='ocrx_word' id='word_1_526' title='bbox 1248 3698 1303 3745; x_wconf 88' lang='lat' dir='ltr'><strong>et</strong></span> <span class='ocrx_word' id='word_1_527' title='bbox 1330 3690 1433 3743; x_wconf 83' lang='lat' dir='ltr'><strong>ait:</strong></span> <span class='ocrx_word' id='word_1_528' title='bbox 1496 3686 1656 3742; x_wconf 74' lang='lat' dir='ltr'><strong>Nunc</strong></span> <span class='ocrx_word' id='word_1_529' title='bbox 1681 3688 1767 3741; x_wconf 54' lang='lat' dir='ltr'><strong>di.</strong></span> 
     </span>
    </p>
   </div>
   <div class='ocr_carea' id='block_1_61' title="bbox 167 3780 1762 3852">
    <p class='ocr_par' dir='ltr' id='par_1_61' title="bbox 167 3780 1762 3852">
     <span class='ocr_line' id='line_1_61' title="bbox 167 3780 1762 3852; baseline 0.001 -19"><span class='ocrx_word' id='word_1_530' title='bbox 167 3782 345 3848; x_wconf 78' lang='lat' dir='ltr'><strong>mittis,</strong></span> <span class='ocrx_word' id='word_1_531' title='bbox 375 3780 594 3835; x_wconf 69' lang='lat' dir='ltr'><strong>Dandae</strong></span> <span class='ocrx_word' id='word_1_532' title='bbox 619 3821 634 3847; x_wconf 98' lang='lat'><strong>,</strong></span> <span class='ocrx_word' id='word_1_533' title='bbox 677 3796 880 3834; x_wconf 77' lang='lat' dir='ltr'><strong>servum</strong></span> <span class='ocrx_word' id='word_1_534' title='bbox 908 3789 1054 3834; x_wconf 75' lang='lat' dir='ltr'><strong>tuum</strong></span> <span class='ocrx_word' id='word_1_535' title='bbox 1085 3780 1140 3834; x_wconf 85' lang='lat' dir='ltr'><strong>in</strong></span> <span class='ocrx_word' id='word_1_536' title='bbox 1165 3796 1310 3852; x_wconf 80' lang='lat' dir='ltr'><strong>pace,</strong></span> <span class='ocrx_word' id='word_1_537' title='bbox 1337 3781 1622 3833; x_wconf 78' lang='lat' dir='ltr'><strong>secundum</strong></span> <span class='ocrx_word' id='word_1_538' title='bbox 1647 3796 1762 3834; x_wconf 75' lang='lat' dir='ltr'><strong>rer-</strong></span> 
     </span>
    </p>
   </div>
   <div class='ocr_carea' id='block_1_62' title="bbox 163 3872 1761 3945">
    <p class='ocr_par' dir='ltr' id='par_1_62' title="bbox 163 3872 1761 3945">
     <span class='ocr_line' id='line_1_62' title="bbox 163 3872 1761 3945; baseline 0.001 -18"><span class='ocrx_word' id='word_1_539' title='bbox 163 3873 282 3927; x_wconf 73' lang='lat' dir='ltr'><strong>bum</strong></span> <span class='ocrx_word' id='word_1_540' title='bbox 303 3884 471 3942; x_wconf 79' lang='lat' dir='ltr'><strong>tuum,</strong></span> <span class='ocrx_word' id='word_1_541' title='bbox 499 3874 630 3945; x_wconf 82' lang='lat' dir='ltr'><strong>quia</strong></span> <span class='ocrx_word' id='word_1_542' title='bbox 654 3872 895 3928; x_wconf 74' lang='lat' dir='ltr'><strong>viderunt</strong></span> <span class='ocrx_word' id='word_1_543' title='bbox 931 3872 1069 3927; x_wconf 74' lang='lat' dir='ltr'><strong>oculi</strong></span> <span class='ocrx_word' id='word_1_544' title='bbox 1089 3873 1189 3927; x_wconf 73' lang='lat' dir='ltr'><strong>etei</strong></span> <span class='ocrx_word' id='word_1_545' title='bbox 1207 3874 1441 3929; x_wconf 82' lang='lat' dir='ltr'><strong>salutare</strong></span> <span class='ocrx_word' id='word_1_546' title='bbox 1461 3882 1631 3928; x_wconf 86' lang='lat' dir='ltr'><strong>tuum.</strong></span> <span class='ocrx_word' id='word_1_547' title='bbox 1656 3872 1761 3931; x_wconf 84' lang='lat' dir='ltr'><strong>Fa-</strong></span> 
     </span>
    </p>
   </div>
   <div class='ocr_carea' id='block_1_63' title="bbox 164 3966 1762 4039">
    <p class='ocr_par' dir='ltr' id='par_1_63' title="bbox 164 3966 1762 4039">
     <span class='ocr_line' id='line_1_63' title="bbox 164 3966 1762 4039; baseline -0.001 -15"><span class='ocrx_word' id='word_1_548' title='bbox 164 3969 382 4039; x_wconf 87' lang='lat' dir='ltr'><strong>stiginm</strong></span> <span class='ocrx_word' id='word_1_549' title='bbox 423 3975 498 4032; x_wconf 91' lang='lat' dir='ltr'><strong>et,</strong></span> <span class='ocrx_word' id='word_1_550' title='bbox 530 3974 591 4021; x_wconf 88' lang='lat' dir='ltr'><strong>ut</strong></span> <span class='ocrx_word' id='word_1_551' title='bbox 615 3966 688 4021; x_wconf 86' lang='lat' dir='ltr'><strong>ita</strong></span> <span class='ocrx_word' id='word_1_552' title='bbox 712 3966 1144 4036; x_wconf 80' lang='lat' dir='ltr'><strong>dicam,eulmen</strong></span> <span class='ocrx_word' id='word_1_553' title='bbox 1165 3982 1329 4038; x_wconf 86' lang='lat' dir='ltr'><strong>super</strong></span> <span class='ocrx_word' id='word_1_554' title='bbox 1360 3966 1762 4039; x_wconf 76' lang='lat' dir='ltr'><strong>hisquzejacta~</strong></span> 
     </span>
    </p>
   </div>
   <div class='ocr_carea' id='block_1_64' title="bbox 163 4059 1756 4130">
    <p class='ocr_par' dir='ltr' id='par_1_64' title="bbox 163 4059 1756 4130">
     <span class='ocr_line' id='line_1_64' title="bbox 163 4059 1756 4130; baseline 0.001 -15"><span class='ocrx_word' id='word_1_555' title='bbox 163 4060 363 4116; x_wconf 74' lang='lat' dir='ltr'><strong>bantur</strong></span> <span class='ocrx_word' id='word_1_556' title='bbox 386 4060 456 4115; x_wconf 90' lang='lat' dir='ltr'><strong>de</strong></span> <span class='ocrx_word' id='word_1_557' title='bbox 479 4059 635 4126; x_wconf 81' lang='lat' dir='ltr'><strong>Jesu,</strong></span> <span class='ocrx_word' id='word_1_558' title='bbox 669 4070 724 4115; x_wconf 88' lang='lat' dir='ltr'><strong>et</strong></span> <span class='ocrx_word' id='word_1_559' title='bbox 754 4069 908 4130; x_wconf 84' lang='lat' dir='ltr'><strong>pater</strong></span> <span class='ocrx_word' id='word_1_560' title='bbox 937 4071 992 4116; x_wconf 88' lang='lat' dir='ltr'><strong>et</strong></span> <span class='ocrx_word' id='word_1_561' title='bbox 1024 4071 1197 4116; x_wconf 84' lang='lat' dir='ltr'><strong>mater</strong></span> <span class='ocrx_word' id='word_1_562' title='bbox 1226 4062 1372 4117; x_wconf 89' lang='lat' dir='ltr'><strong>illius</strong></span> <span class='ocrx_word' id='word_1_563' title='bbox 1400 4062 1756 4130; x_wconf 83' lang='lat' dir='ltr'><strong>mirabantur,</strong></span> 
     </span>
    </p>
   </div>
   <div class='ocr_carea' id='block_1_65' title="bbox 163 4152 1765 4212">
    <p class='ocr_par' dir='ltr' id='par_1_65' title="bbox 163 4152 1765 4212">
     <span class='ocr_line' id='line_1_65' title="bbox 163 4152 1765 4212; baseline 0.001 -3"><span class='ocrx_word' id='word_1_564' title='bbox 163 4168 350 4211; x_wconf 88' lang='lat' dir='ltr'><strong>sermo</strong></span> <span class='ocrx_word' id='word_1_565' title='bbox 377 4154 655 4210; x_wconf 85' lang='lat' dir='ltr'><strong>Simennis</strong></span> <span class='ocrx_word' id='word_1_566' title='bbox 702 4153 821 4209; x_wconf 88' lang='lat' dir='ltr'><strong>fuit.</strong></span> <span class='ocrx_word' id='word_1_567' title='bbox 882 4152 1001 4209; x_wconf 80' lang='lat' dir='ltr'><strong>Non</strong></span> <span class='ocrx_word' id='word_1_568' title='bbox 1040 4153 1186 4209; x_wconf 88' lang='lat' dir='ltr'><strong>enim</strong></span> <span class='ocrx_word' id='word_1_569' title='bbox 1239 4153 1436 4210; x_wconf 75' lang='lat' dir='ltr'><strong>sufficit</strong></span> <span class='ocrx_word' id='word_1_570' title='bbox 1476 4156 1524 4211; x_wconf 87' lang='lat' dir='ltr'><strong>ei</strong></span> <span class='ocrx_word' id='word_1_571' title='bbox 1572 4164 1765 4212; x_wconf 88' lang='lat' dir='ltr'><strong>tenere</strong></span> 
     </span>
    </p>
   </div>
   <div class='ocr_carea' id='block_1_66' title="bbox 164 4245 1762 4319">
    <p class='ocr_par' dir='ltr' id='par_1_66' title="bbox 164 4245 1762 4319">
     <span class='ocr_line' id='line_1_66' title="bbox 164 4245 1762 4319; baseline 0.003 -18"><span class='ocrx_word' id='word_1_572' title='bbox 164 4246 481 4318; x_wconf 82' lang='lat' dir='ltr'><strong>parvulum,</strong></span> <span class='ocrx_word' id='word_1_573' title='bbox 509 4256 564 4299; x_wconf 88' lang='lat' dir='ltr'><strong>et</strong></span> <span class='ocrx_word' id='word_1_574' title='bbox 583 4259 648 4299; x_wconf 88' lang='lat' dir='ltr'><strong>ea</strong></span> <span class='ocrx_word' id='word_1_575' title='bbox 667 4259 789 4314; x_wconf 73' lang='lat' dir='ltr'><strong>qua:</strong></span> <span class='ocrx_word' id='word_1_576' title='bbox 819 4245 888 4300; x_wconf 90' lang='lat' dir='ltr'><strong>de</strong></span> <span class='ocrx_word' id='word_1_577' title='bbox 912 4247 1207 4316; x_wconf 85' lang='lat' dir='ltr'><strong>semetipso</strong></span> <span class='ocrx_word' id='word_1_578' title='bbox 1244 4248 1443 4317; x_wconf 86' lang='lat' dir='ltr'><strong>scripta</strong></span> <span class='ocrx_word' id='word_1_579' title='bbox 1480 4261 1607 4303; x_wconf 89' lang='lat' dir='ltr'><strong>sunt</strong></span> <span class='ocrx_word' id='word_1_580' title='bbox 1636 4264 1762 4319; x_wconf 83' lang='lat' dir='ltr'><strong>pro-</strong></span> 
     </span>
    </p>
   </div>
   <div class='ocr_carea' id='block_1_67' title="bbox 162 4334 1765 4414">
    <p class='ocr_par' dir='ltr' id='par_1_67' title="bbox 162 4334 1765 4414">
     <span class='ocr_line' id='line_1_67' title="bbox 162 4334 1765 4414; baseline 0.002 -20"><span class='ocrx_word' id='word_1_581' title='bbox 162 4339 337 4410; x_wconf 89' lang='lat' dir='ltr'><strong>loqui,</strong></span> <span class='ocrx_word' id='word_1_582' title='bbox 369 4336 471 4390; x_wconf 86' lang='lat' dir='ltr'><strong>sed</strong></span> <span class='ocrx_word' id='word_1_583' title='bbox 497 4334 773 4389; x_wconf 78' lang='lat' dir='ltr'><strong>benedixit</strong></span> <span class='ocrx_word' id='word_1_584' title='bbox 802 4335 946 4405; x_wconf 81' lang='lat' dir='ltr'><strong>patri</strong></span> <span class='ocrx_word' id='word_1_585' title='bbox 974 4336 1119 4390; x_wconf 87' lang='lat' dir='ltr'><strong>illius</strong></span> <span class='ocrx_word' id='word_1_586' title='bbox 1146 4346 1201 4392; x_wconf 90' lang='lat' dir='ltr'><strong>et</strong></span> <span class='ocrx_word' id='word_1_587' title='bbox 1230 4341 1388 4394; x_wconf 73' lang='lat' dir='ltr'><strong>matri</strong></span> <span class='ocrx_word' id='word_1_588' title='bbox 1408 4357 1426 4394; x_wconf 92' lang='lat'><em>:</em></span> <span class='ocrx_word' id='word_1_589' title='bbox 1456 4351 1513 4397; x_wconf 88' lang='lat' dir='ltr'><strong>et</strong></span> <span class='ocrx_word' id='word_1_590' title='bbox 1541 4340 1610 4397; x_wconf 91' lang='lat' dir='ltr'><strong>de</strong></span> <span class='ocrx_word' id='word_1_591' title='bbox 1641 4342 1765 4414; x_wconf 90' lang='lat' dir='ltr'><strong>ipso</strong></span> 
     </span>
    </p>
   </div>
   <div class='ocr_carea' id='block_1_68' title="bbox 1865 3320 3456 3379">
    <p class='ocr_par' dir='ltr' id='par_1_68' title="bbox 1865 3320 3456 3379">
     <span class='ocr_line' id='line_1_68' title="bbox 1865 3320 3456 3379; baseline 0.002 -4"><span class='ocrx_word' id='word_1_592' title='bbox 1865 3322 2068 3376; x_wconf 75' lang='lat' dir='ltr'><strong>ruinam</strong></span> <span class='ocrx_word' id='word_1_593' title='bbox 2093 3329 2143 3375; x_wconf 85' lang='lat' dir='ltr'><strong>et</strong></span> <span class='ocrx_word' id='word_1_594' title='bbox 2171 3322 2599 3379; x_wconf 71' lang='lat' dir='ltr'><strong>resurrectionem</strong></span> <span class='ocrx_word' id='word_1_595' title='bbox 2634 3321 2916 3377; x_wconf 83' lang='lat' dir='ltr'><strong>multorum</strong></span> <span class='ocrx_word' id='word_1_596' title='bbox 2942 3321 2997 3375; x_wconf 83' lang='lat' dir='ltr'><strong>iu</strong></span> <span class='ocrx_word' id='word_1_597' title='bbox 3027 3320 3216 3377; x_wconf 82' lang='lat' dir='ltr'><strong>Israel.</strong></span> <span class='ocrx_word' id='word_1_598' title='bbox 3250 3321 3370 3377; x_wconf 84' lang='lat' dir='ltr'><strong>Non</strong></span> <span class='ocrx_word' id='word_1_599' title='bbox 3400 3324 3456 3379; x_wconf 91' lang='lat' dir='ltr'><strong>in</strong></span> 
     </span>
    </p>
   </div>
   <div class='ocr_carea' id='block_1_69' title="bbox 1866 3412 3453 3477">
    <p class='ocr_par' dir='ltr' id='par_1_69' title="bbox 1866 3412 3453 3477">
     <span class='ocr_line' id='line_1_69' title="bbox 1866 3412 3453 3477; baseline 0.001 -8"><span class='ocrx_word' id='word_1_600' title='bbox 1866 3415 2328 3469; x_wconf 78' lang='lat' dir='ltr'><strong>resurrectionem</strong></span> <span class='ocrx_word' id='word_1_601' title='bbox 2362 3422 2597 3477; x_wconf 88' lang='lat' dir='ltr'><strong>tantum,</strong></span> <span class='ocrx_word' id='word_1_602' title='bbox 2628 3412 2723 3468; x_wconf 91' lang='lat' dir='ltr'><strong>sed</strong></span> <span class='ocrx_word' id='word_1_603' title='bbox 2752 3423 2807 3468; x_wconf 91' lang='lat' dir='ltr'><strong>et</strong></span> <span class='ocrx_word' id='word_1_604' title='bbox 2840 3414 2893 3467; x_wconf 91' lang='lat' dir='ltr'><strong>in</strong></span> <span class='ocrx_word' id='word_1_605' title='bbox 2924 3413 3161 3468; x_wconf 88' lang='lat' dir='ltr'><strong>ruinam.</strong></span> <span class='ocrx_word' id='word_1_606' title='bbox 3217 3413 3275 3473; x_wconf 88' lang='lat' dir='ltr'><strong>Si</strong></span> <span class='ocrx_word' id='word_1_607' title='bbox 3333 3429 3453 3470; x_wconf 58' lang='lat' dir='ltr'><strong>man</strong></span> 
     </span>
    </p>
   </div>
   <div class='ocr_carea' id='block_1_70' title="bbox 1864 3504 3451 3569">
    <p class='ocr_par' dir='ltr' id='par_1_70' title="bbox 1864 3504 3451 3569">
     <span class='ocr_line' id='line_1_70' title="bbox 1864 3504 3451 3569; baseline 0.001 -8"><span class='ocrx_word' id='word_1_608' title='bbox 1864 3507 1974 3562; x_wconf 88' lang='lat' dir='ltr'><strong>lum</strong></span> <span class='ocrx_word' id='word_1_609' title='bbox 2007 3514 2090 3560; x_wconf 86' lang='lat' dir='ltr'><strong>est</strong></span> <span class='ocrx_word' id='word_1_610' title='bbox 2121 3504 2455 3569; x_wconf 81' lang='lat' dir='ltr'><strong>interﬁcere,</strong></span> <span class='ocrx_word' id='word_1_611' title='bbox 2487 3505 2690 3567; x_wconf 85' lang='lat' dir='ltr'><strong>malum</strong></span> <span class='ocrx_word' id='word_1_612' title='bbox 2722 3505 2794 3560; x_wconf 85' lang='lat' dir='ltr'><strong>sit</strong></span> <span class='ocrx_word' id='word_1_613' title='bbox 2827 3514 2883 3559; x_wconf 89' lang='lat' dir='ltr'><strong>ct</strong></span> <span class='ocrx_word' id='word_1_614' title='bbox 2908 3505 2962 3560; x_wconf 89' lang='lat' dir='ltr'><strong>in</strong></span> <span class='ocrx_word' id='word_1_615' title='bbox 2992 3504 3208 3560; x_wconf 89' lang='lat' dir='ltr'><strong>ruinam</strong></span> <span class='ocrx_word' id='word_1_616' title='bbox 3244 3506 3451 3563; x_wconf 90' lang='lat' dir='ltr'><strong>venire.</strong></span> 
     </span>
    </p>
   </div>
   <div class='ocr_carea' id='block_1_71' title="bbox 1864 3596 3456 3668">
    <p class='ocr_par' dir='ltr' id='par_1_71' title="bbox 1864 3596 3456 3668">
     <span class='ocr_line' id='line_1_71' title="bbox 1864 3596 3456 3668; baseline 0 -16"><span class='ocrx_word' id='word_1_617' title='bbox 1864 3597 2002 3666; x_wconf 82' lang='lat' dir='ltr'><strong>Quid</strong></span> <span class='ocrx_word' id='word_1_618' title='bbox 2032 3597 2484 3668; x_wconf 71' lang='lat' dir='ltr'><strong>respondebunt?</strong></span> <span class='ocrx_word' id='word_1_619' title='bbox 2508 3596 2776 3654; x_wconf 82' lang='lat' dir='ltr'><strong>Utrumne</strong></span> <span class='ocrx_word' id='word_1_620' title='bbox 2804 3596 3065 3655; x_wconf 84' lang='lat' dir='ltr'><strong>recedent</strong></span> <span class='ocrx_word' id='word_1_621' title='bbox 3093 3611 3125 3652; x_wconf 90' lang='lat' dir='ltr'><strong>a</strong></span> <span class='ocrx_word' id='word_1_622' title='bbox 3146 3596 3296 3652; x_wconf 87' lang='lat' dir='ltr'><strong>cultu</strong></span> <span class='ocrx_word' id='word_1_623' title='bbox 3317 3596 3456 3668; x_wconf 78' lang='lat' dir='ltr'><strong>ejus,</strong></span> 
     </span>
    </p>
   </div>
   <div class='ocr_carea' id='block_1_72' title="bbox 1859 3688 3460 3761">
    <p class='ocr_par' dir='ltr' id='par_1_72' title="bbox 1859 3688 3460 3761">
     <span class='ocr_line' id='line_1_72' title="bbox 1859 3688 3460 3761; baseline -0.001 -15"><span class='ocrx_word' id='word_1_624' title='bbox 1859 3707 1930 3746; x_wconf 88' lang='lat' dir='ltr'><strong>an</strong></span> <span class='ocrx_word' id='word_1_625' title='bbox 1956 3700 2203 3761; x_wconf 61' lang='lat' dir='ltr'><strong>quarent</strong></span> <span class='ocrx_word' id='word_1_626' title='bbox 2233 3690 2477 3759; x_wconf 75' lang='lat' dir='ltr'><strong>aliquam</strong></span> <span class='ocrx_word' id='word_1_627' title='bbox 2510 3689 3021 3760; x_wconf 82' lang='lat' dir='ltr'><strong>interpretationem</strong></span> <span class='ocrx_word' id='word_1_628' title='bbox 3046 3731 3061 3755; x_wconf 92' lang='lat'><strong>,</strong></span> <span class='ocrx_word' id='word_1_629' title='bbox 3092 3698 3146 3743; x_wconf 90' lang='lat' dir='ltr'><strong>et</strong></span> <span class='ocrx_word' id='word_1_630' title='bbox 3177 3688 3242 3743; x_wconf 88' lang='lat' dir='ltr'><strong>ad</strong></span> <span class='ocrx_word' id='word_1_631' title='bbox 3273 3695 3460 3759; x_wconf 82' lang='lat' dir='ltr'><strong>trepo-</strong></span> 
     </span>
    </p>
   </div>
   <div class='ocr_carea' id='block_1_73' title="bbox 1864 3780 3457 3855">
    <p class='ocr_par' dir='ltr' id='par_1_73' title="bbox 1864 3780 3457 3855">
     <span class='ocr_line' id='line_1_73' title="bbox 1864 3780 3457 3855; baseline -0.003 -15"><span class='ocrx_word' id='word_1_632' title='bbox 1864 3786 2035 3855; x_wconf 86' lang='lat' dir='ltr'><strong>logias</strong></span> <span class='ocrx_word' id='word_1_633' title='bbox 2061 3783 2400 3854; x_wconf 85' lang='lat' dir='ltr'><strong>confugient,</strong></span> <span class='ocrx_word' id='word_1_634' title='bbox 2425 3793 2484 3839; x_wconf 88' lang='lat' dir='ltr'><strong>ut</strong></span> <span class='ocrx_word' id='word_1_635' title='bbox 2504 3782 2651 3854; x_wconf 91' lang='lat' dir='ltr'><strong>quod</strong></span> <span class='ocrx_word' id='word_1_636' title='bbox 2675 3782 2729 3837; x_wconf 92' lang='lat' dir='ltr'><strong>in</strong></span> <span class='ocrx_word' id='word_1_637' title='bbox 2764 3782 2978 3838; x_wconf 87' lang='lat' dir='ltr'><strong>ruinam</strong></span> <span class='ocrx_word' id='word_1_638' title='bbox 3008 3780 3268 3848; x_wconf 87' lang='lat' dir='ltr'><strong>venerit,</strong></span> <span class='ocrx_word' id='word_1_639' title='bbox 3297 3780 3457 3837; x_wconf 84' lang='lat' dir='ltr'><strong>beni-</strong></span> 
     </span>
    </p>
   </div>
   <div class='ocr_carea' id='block_1_74' title="bbox 1861 3875 3458 3948">
    <p class='ocr_par' dir='ltr' id='par_1_74' title="bbox 1861 3875 3458 3948">
     <span class='ocr_line' id='line_1_74' title="bbox 1861 3875 3458 3948; baseline -0.002 -15"><span class='ocrx_word' id='word_1_640' title='bbox 1861 3876 2125 3948; x_wconf 79' lang='lat' dir='ltr'><strong>gnitatem</strong></span> <span class='ocrx_word' id='word_1_641' title='bbox 2154 3877 2326 3947; x_wconf 86' lang='lat' dir='ltr'><strong>magis</strong></span> <span class='ocrx_word' id='word_1_642' title='bbox 2364 3891 2525 3946; x_wconf 86' lang='lat' dir='ltr'><strong>quam</strong></span> <span class='ocrx_word' id='word_1_643' title='bbox 2557 3877 2931 3932; x_wconf 80' lang='lat' dir='ltr'><strong>austeritatem</strong></span> <span class='ocrx_word' id='word_1_644' title='bbox 2968 3876 3177 3930; x_wconf 80' lang='lat' dir='ltr'><strong>sonet?</strong></span> <span class='ocrx_word' id='word_1_645' title='bbox 3208 3875 3275 3930; x_wconf 84' lang='lat' dir='ltr'><strong>Et</strong></span> <span class='ocrx_word' id='word_1_646' title='bbox 3319 3889 3458 3945; x_wconf 67' lang='lat' dir='ltr'><strong>queo</strong></span> 
     </span>
    </p>
   </div>
   <div class='ocr_carea' id='block_1_75' title="bbox 1863 3966 3457 4041">
    <p class='ocr_par' dir='ltr' id='par_1_75' title="bbox 1863 3966 3457 4041">
     <span class='ocr_line' id='line_1_75' title="bbox 1863 3966 3457 4041; baseline -0.001 -15"><span class='ocrx_word' id='word_1_647' title='bbox 1863 3970 2028 4026; x_wconf 89' lang='lat' dir='ltr'><strong>modo</strong></span> <span class='ocrx_word' id='word_1_648' title='bbox 2071 3971 2277 4041; x_wconf 85' lang='lat' dir='ltr'><strong>justum</strong></span> <span class='ocrx_word' id='word_1_649' title='bbox 2323 3969 2424 4024; x_wconf 91' lang='lat' dir='ltr'><strong>erit</strong></span> <span class='ocrx_word' id='word_1_650' title='bbox 2457 3970 2675 4038; x_wconf 84' lang='lat' dir='ltr'><strong>quando</strong></span> <span class='ocrx_word' id='word_1_651' title='bbox 2704 3968 2830 4039; x_wconf 88' lang='lat' dir='ltr'><strong>quid</strong></span> <span class='ocrx_word' id='word_1_652' title='bbox 2882 3969 2936 4024; x_wconf 91' lang='lat' dir='ltr'><strong>in</strong></span> <span class='ocrx_word' id='word_1_653' title='bbox 2988 3966 3293 4039; x_wconf 79' lang='lat' dir='ltr'><strong>Evangelia</strong></span> <span class='ocrx_word' id='word_1_654' title='bbox 3349 3967 3457 4024; x_wconf 86' lang='lat' dir='ltr'><strong>tale</strong></span> 
     </span>
    </p>
   </div>
   <div class='ocr_carea' id='block_1_76' title="bbox 1862 4062 3458 4135">
    <p class='ocr_par' dir='ltr' id='par_1_76' title="bbox 1862 4062 3458 4135">
     <span class='ocr_line' id='line_1_76' title="bbox 1862 4062 3458 4135; baseline -0.001 -16"><span class='ocrx_word' id='word_1_655' title='bbox 1862 4064 2164 4135; x_wconf 86' lang='lat' dir='ltr'><strong>reperitur,</strong></span> <span class='ocrx_word' id='word_1_656' title='bbox 2194 4065 2262 4117; x_wconf 88' lang='lat' dir='ltr'><strong>sd</strong></span> <span class='ocrx_word' id='word_1_657' title='bbox 2283 4062 2580 4132; x_wconf 80' lang='lat' dir='ltr'><strong>allegorias</strong></span> <span class='ocrx_word' id='word_1_658' title='bbox 2605 4073 2663 4117; x_wconf 80' lang='lat' dir='ltr'><strong>et</strong></span> <span class='ocrx_word' id='word_1_659' title='bbox 2692 4078 2864 4118; x_wconf 86' lang='lat' dir='ltr'><strong>novas</strong></span> <span class='ocrx_word' id='word_1_660' title='bbox 2893 4062 3286 4133; x_wconf 79' lang='lat' dir='ltr'><strong>intelligentiae</strong></span> <span class='ocrx_word' id='word_1_661' title='bbox 3324 4075 3458 4118; x_wconf 85' lang='lat' dir='ltr'><strong>con-</strong></span> 
     </span>
    </p>
   </div>
   <div class='ocr_carea' id='block_1_77' title="bbox 1861 4152 3453 4229">
    <p class='ocr_par' dir='ltr' id='par_1_77' title="bbox 1861 4152 3453 4229">
     <span class='ocr_line' id='line_1_77' title="bbox 1861 4152 3453 4229; baseline -0.002 -16"><span class='ocrx_word' id='word_1_662' title='bbox 1861 4156 2055 4229; x_wconf 80' lang='lat' dir='ltr'><strong>fugere</strong></span> <span class='ocrx_word' id='word_1_663' title='bbox 2086 4173 2101 4212; x_wconf 85' lang='lat'><strong>:</strong></span> <span class='ocrx_word' id='word_1_664' title='bbox 2133 4155 2351 4227; x_wconf 82' lang='lat' dir='ltr'><strong>quando</strong></span> <span class='ocrx_word' id='word_1_665' title='bbox 2371 4171 2504 4211; x_wconf 75' lang='lat' dir='ltr'><strong>vero</strong></span> <span class='ocrx_word' id='word_1_666' title='bbox 2521 4156 2575 4211; x_wconf 88' lang='lat' dir='ltr'><strong>in</strong></span> <span class='ocrx_word' id='word_1_667' title='bbox 2601 4156 2772 4211; x_wconf 75' lang='lat' dir='ltr'><strong>veteri</strong></span> <span class='ocrx_word' id='word_1_668' title='bbox 2823 4156 3190 4211; x_wconf 78' lang='lat' dir='ltr'><strong>Instrumenta</strong></span> <span class='ocrx_word' id='word_1_669' title='bbox 3213 4193 3231 4221; x_wconf 91' lang='lat'><strong>,</strong></span> <span class='ocrx_word' id='word_1_670' title='bbox 3262 4152 3453 4210; x_wconf 88' lang='lat' dir='ltr'><strong>statim</strong></span> 
     </span>
    </p>
   </div>
   <div class='ocr_carea' id='block_1_78' title="bbox 1862 4249 3453 4322">
    <p class='ocr_par' dir='ltr' id='par_1_78' title="bbox 1862 4249 3453 4322">
     <span class='ocr_line' id='line_1_78' title="bbox 1862 4249 3453 4322; baseline -0.001 -15"><span class='ocrx_word' id='word_1_671' title='bbox 1862 4266 2143 4319; x_wconf 83' lang='lat' dir='ltr'><strong>accusare,</strong></span> <span class='ocrx_word' id='word_1_672' title='bbox 2166 4259 2223 4307; x_wconf 89' lang='lat' dir='ltr'><strong>et</strong></span> <span class='ocrx_word' id='word_1_673' title='bbox 2253 4251 2457 4311; x_wconf 81' lang='lat' dir='ltr'><strong>nullam</strong></span> <span class='ocrx_word' id='word_1_674' title='bbox 2485 4251 2956 4322; x_wconf 77' lang='lat' dir='ltr'><strong>explanationem,</strong></span> <span class='ocrx_word' id='word_1_675' title='bbox 2987 4249 3240 4321; x_wconf 83' lang='lat' dir='ltr'><strong>quamvis</strong></span> <span class='ocrx_word' id='word_1_676' title='bbox 3262 4249 3453 4319; x_wconf 78' lang='lat' dir='ltr'><strong>proba-</strong></span> 
     </span>
    </p>
   </div>
   <div class='ocr_carea' id='block_1_79' title="bbox 1864 4340 3449 4417">
    <p class='ocr_par' dir='ltr' id='par_1_79' title="bbox 1864 4340 3449 4417">
     <span class='ocr_line' id='line_1_79' title="bbox 1864 4340 3449 4417; baseline -0.004 -14"><span class='ocrx_word' id='word_1_677' title='bbox 1864 4347 1993 4403; x_wconf 88' lang='lat' dir='ltr'><strong>bilis</strong></span> <span class='ocrx_word' id='word_1_678' title='bbox 2020 4348 2119 4417; x_wconf 82' lang='lat' dir='ltr'><strong>sit,</strong></span> <span class='ocrx_word' id='word_1_679' title='bbox 2151 4346 2441 4417; x_wconf 76' lang='lat' dir='ltr'><strong>recipere?</strong></span> <span class='ocrx_word' id='word_1_680' title='bbox 2467 4345 2576 4401; x_wconf 87' lang='lat' dir='ltr'><strong>Sed</strong></span> <span class='ocrx_word' id='word_1_681' title='bbox 2608 4354 2663 4401; x_wconf 88' lang='lat' dir='ltr'><strong>et</strong></span> <span class='ocrx_word' id='word_1_682' title='bbox 2692 4344 2796 4400; x_wconf 84' lang='lat' dir='ltr'><strong>hoc</strong></span> <span class='ocrx_word' id='word_1_683' title='bbox 2844 4345 2989 4416; x_wconf 87' lang='lat' dir='ltr'><strong>quod</strong></span> <span class='ocrx_word' id='word_1_684' title='bbox 3036 4342 3283 4414; x_wconf 87' lang='lat' dir='ltr'><strong>sequitur</strong></span> <span class='ocrx_word' id='word_1_685' title='bbox 3314 4358 3329 4397; x_wconf 87' lang='lat'><strong>:</strong></span> <span class='ocrx_word' id='word_1_686' title='bbox 3380 4340 3449 4396; x_wconf 81' lang='lat' dir='ltr'><strong>lu</strong></span> 
     </span>
    </p>
   </div>
   <div class='ocr_carea' id='block_1_80' title="bbox 156 4422 3455 4511">
    <p class='ocr_par' dir='ltr' id='par_1_80' title="bbox 156 4422 3455 4511">
     <span class='ocr_line' id='line_1_80' title="bbox 156 4422 3455 4511; baseline 0.003 -32"><span class='ocrx_word' id='word_1_687' title='bbox 156 4440 387 4500; x_wconf 78' lang='lat' dir='ltr'><strong>quoque</strong></span> <span class='ocrx_word' id='word_1_688' title='bbox 410 4422 753 4494; x_wconf 79' lang='lat' dir='ltr'><strong>prophetavit</strong></span> <span class='ocrx_word' id='word_1_689' title='bbox 782 4422 1011 4492; x_wconf 77' lang='lat' dir='ltr'><strong>infante,</strong></span> <span class='ocrx_word' id='word_1_690' title='bbox 1042 4426 1260 4482; x_wconf 86' lang='lat' dir='ltr'><strong>dicens:</strong></span> <span class='ocrx_word' id='word_1_691' title='bbox 1293 4430 1427 4487; x_wconf 83' lang='lat' dir='ltr'><strong>Ecce</strong></span> <span class='ocrx_word' id='word_1_692' title='bbox 1449 4434 1531 4487; x_wconf 81' lang='lat' dir='ltr'><strong>hic</strong></span> <span class='ocrx_word' id='word_1_693' title='bbox 1558 4436 1762 4506; x_wconf 80' lang='lat' dir='ltr'><strong>positus</strong></span> <span class='ocrx_word' id='word_1_694' title='bbox 1854 4440 2118 4511; x_wconf 80' lang='lat' dir='ltr'><strong>judicium</strong></span> <span class='ocrx_word' id='word_1_695' title='bbox 2145 4454 2239 4511; x_wconf 79' lang='lat' dir='ltr'><strong>ego</strong></span> <span class='ocrx_word' id='word_1_696' title='bbox 2258 4437 2374 4492; x_wconf 71' lang='lat' dir='ltr'><strong>verti</strong></span> <span class='ocrx_word' id='word_1_697' title='bbox 2400 4438 2454 4492; x_wconf 79' lang='lat' dir='ltr'><strong>iu</strong></span> <span class='ocrx_word' id='word_1_698' title='bbox 2484 4436 2741 4497; x_wconf 74' lang='lat' dir='ltr'><strong>mundum</strong></span> <span class='ocrx_word' id='word_1_699' title='bbox 2767 4438 2924 4491; x_wconf 82' lang='lat' dir='ltr'><strong>istum</strong></span> <span class='ocrx_word' id='word_1_700' title='bbox 2944 4477 2960 4503; x_wconf 95' lang='lat'><strong>,</strong></span> <span class='ocrx_word' id='word_1_701' title='bbox 2995 4445 3051 4490; x_wconf 86' lang='lat' dir='ltr'><strong>ut</strong></span> <span class='ocrx_word' id='word_1_702' title='bbox 3089 4452 3192 4490; x_wconf 83' lang='lat' dir='ltr'><strong>non</strong></span> <span class='ocrx_word' id='word_1_703' title='bbox 3224 4434 3455 4490; x_wconf 80' lang='lat' dir='ltr'><strong>videntes</strong></span> 
     </span>
    </p>
   </div>
   <div class='ocr_carea' id='block_1_81' title="bbox 158 4517 1759 4595">
    <p class='ocr_par' dir='ltr' id='par_1_81' title="bbox 158 4517 1759 4595">
     <span class='ocr_line' id='line_1_81' title="bbox 158 4517 1759 4595; baseline 0.003 -19"><span class='ocrx_word' id='word_1_704' title='bbox 158 4520 313 4576; x_wconf 84' lang='lat' dir='ltr'><strong>estin</strong></span> <span class='ocrx_word' id='word_1_705' title='bbox 341 4517 549 4572; x_wconf 78' lang='lat' dir='ltr'><strong>ruinam</strong></span> <span class='ocrx_word' id='word_1_706' title='bbox 575 4524 626 4569; x_wconf 86' lang='lat' dir='ltr'><strong>et</strong></span> <span class='ocrx_word' id='word_1_707' title='bbox 650 4517 1076 4577; x_wconf 64' lang='lat' dir='ltr'><strong>resurrectionem</strong></span> <span class='ocrx_word' id='word_1_708' title='bbox 1101 4521 1381 4576; x_wconf 82' lang='lat' dir='ltr'><strong>multorum</strong></span> <span class='ocrx_word' id='word_1_709' title='bbox 1410 4526 1463 4578; x_wconf 79' lang='lat' dir='ltr'><strong>in</strong></span> <span class='ocrx_word' id='word_1_710' title='bbox 1489 4524 1679 4595; x_wconf 78' lang='lat' dir='ltr'><strong>israel,</strong></span> <span class='ocrx_word' id='word_1_711' title='bbox 1710 4539 1759 4583; x_wconf 85' lang='lat' dir='ltr'><strong>et</strong></span> 
     </span>
    </p>
   </div>
   <div class='ocr_carea' id='block_1_82' title="bbox 157 4609 1760 4688">
    <p class='ocr_par' dir='ltr' id='par_1_82' title="bbox 157 4609 1760 4688">
     <span class='ocr_line' id='line_1_82' title="bbox 157 4609 1760 4688; baseline 0.002 -21"><span class='ocrx_word' id='word_1_712' title='bbox 157 4615 215 4668; x_wconf 82' lang='lat' dir='ltr'><strong>in</strong></span> <span class='ocrx_word' id='word_1_713' title='bbox 240 4612 454 4683; x_wconf 71' lang='lat' dir='ltr'><strong>signum</strong></span> <span class='ocrx_word' id='word_1_714' title='bbox 472 4609 558 4663; x_wconf 86' lang='lat' dir='ltr'><strong>cui</strong></span> <span class='ocrx_word' id='word_1_715' title='bbox 585 4609 983 4670; x_wconf 76' lang='lat' dir='ltr'><strong>contradicetur.</strong></span> <span class='ocrx_word' id='word_1_716' title='bbox 1031 4609 1197 4666; x_wconf 82' lang='lat' dir='ltr'><strong>Tuam</strong></span> <span class='ocrx_word' id='word_1_717' title='bbox 1224 4629 1423 4686; x_wconf 81' lang='lat' dir='ltr'><strong>quoque</strong></span> <span class='ocrx_word' id='word_1_718' title='bbox 1448 4617 1610 4688; x_wconf 85' lang='lat' dir='ltr'><strong>ipsius</strong></span> <span class='ocrx_word' id='word_1_719' title='bbox 1646 4623 1760 4676; x_wconf 77' lang='lat' dir='ltr'><strong>ani.</strong></span> 
     </span>
    </p>
   </div>
   <div class='ocr_carea' id='block_1_83' title="bbox 164 4704 1761 4775">
    <p class='ocr_par' dir='ltr' id='par_1_83' title="bbox 164 4704 1761 4775">
     <span class='ocr_line' id='line_1_83' title="bbox 164 4704 1761 4775; baseline 0.004 -15"><span class='ocrx_word' id='word_1_720' title='bbox 164 4721 306 4760; x_wconf 79' lang='lat' dir='ltr'><strong>mam</strong></span> <span class='ocrx_word' id='word_1_721' title='bbox 334 4704 667 4775; x_wconf 81' lang='lat' dir='ltr'><strong>pertransibit</strong></span> <span class='ocrx_word' id='word_1_722' title='bbox 692 4704 922 4774; x_wconf 74' lang='lat' dir='ltr'><strong>gladius,</strong></span> <span class='ocrx_word' id='word_1_723' title='bbox 955 4712 1011 4759; x_wconf 85' lang='lat' dir='ltr'><strong>ut</strong></span> <span class='ocrx_word' id='word_1_724' title='bbox 1031 4706 1325 4761; x_wconf 72' lang='lat' dir='ltr'><strong>revetentar</strong></span> <span class='ocrx_word' id='word_1_725' title='bbox 1352 4709 1417 4762; x_wconf 77' lang='lat' dir='ltr'><strong>de</strong></span> <span class='ocrx_word' id='word_1_726' title='bbox 1444 4711 1620 4765; x_wconf 81' lang='lat' dir='ltr'><strong>multis</strong></span> <span class='ocrx_word' id='word_1_727' title='bbox 1645 4731 1761 4767; x_wconf 82' lang='lat' dir='ltr'><strong>cor-</strong></span> 
     </span>
    </p>
   </div>
   <div class='ocr_carea' id='block_1_84' title="bbox 165 4798 1758 4873">
    <p class='ocr_par' dir='ltr' id='par_1_84' title="bbox 165 4798 1758 4873">
     <span class='ocr_line' id='line_1_84' title="bbox 165 4798 1758 4873; baseline 0.009 -20"><span class='ocrx_word' id='word_1_728' title='bbox 165 4799 313 4853; x_wconf 78' lang='lat' dir='ltr'><strong>dibus</strong></span> <span class='ocrx_word' id='word_1_729' title='bbox 342 4799 698 4871; x_wconf 78' lang='lat' dir='ltr'><strong>cogitationes.</strong></span> <span class='ocrx_word' id='word_1_730' title='bbox 740 4798 880 4868; x_wconf 80' lang='lat' dir='ltr'><strong>Quid</strong></span> <span class='ocrx_word' id='word_1_731' title='bbox 910 4799 1017 4856; x_wconf 85' lang='lat' dir='ltr'><strong>sibi</strong></span> <span class='ocrx_word' id='word_1_732' title='bbox 1046 4801 1162 4856; x_wconf 87' lang='lat' dir='ltr'><strong>vult</strong></span> <span class='ocrx_word' id='word_1_733' title='bbox 1191 4803 1337 4873; x_wconf 86' lang='lat' dir='ltr'><strong>quod</strong></span> <span class='ocrx_word' id='word_1_734' title='bbox 1366 4806 1461 4873; x_wconf 89' lang='lat' dir='ltr'><strong>ait,</strong></span> <span class='ocrx_word' id='word_1_735' title='bbox 1506 4806 1639 4864; x_wconf 81' lang='lat' dir='ltr'><strong>Ecce</strong></span> <span class='ocrx_word' id='word_1_736' title='bbox 1674 4809 1758 4867; x_wconf 76' lang='lat' dir='ltr'><strong>llic</strong></span> 
     </span>
    </p>
   </div>
   <div class='ocr_carea' id='block_1_85' title="bbox 164 4890 1755 4962">
    <p class='ocr_par' dir='ltr' id='par_1_85' title="bbox 164 4890 1755 4962">
     <span class='ocr_line' id='line_1_85' title="bbox 164 4890 1755 4962; baseline 0.009 -17"><span class='ocrx_word' id='word_1_737' title='bbox 164 4893 359 4962; x_wconf 78' lang='lat' dir='ltr'><strong>positus</strong></span> <span class='ocrx_word' id='word_1_738' title='bbox 383 4899 456 4944; x_wconf 86' lang='lat' dir='ltr'><strong>est</strong></span> <span class='ocrx_word' id='word_1_739' title='bbox 482 4890 539 4944; x_wconf 78' lang='lat' dir='ltr'><strong>iu</strong></span> <span class='ocrx_word' id='word_1_740' title='bbox 590 4891 797 4946; x_wconf 82' lang='lat' dir='ltr'><strong>ruinam</strong></span> <span class='ocrx_word' id='word_1_741' title='bbox 834 4900 883 4946; x_wconf 91' lang='lat' dir='ltr'><strong>et</strong></span> <span class='ocrx_word' id='word_1_742' title='bbox 934 4896 1364 4952; x_wconf 80' lang='lat' dir='ltr'><strong>resurrectionem</strong></span> <span class='ocrx_word' id='word_1_743' title='bbox 1393 4899 1674 4957; x_wconf 80' lang='lat' dir='ltr'><strong>multorum</strong></span> <span class='ocrx_word' id='word_1_744' title='bbox 1702 4905 1755 4960; x_wconf 80' lang='lat' dir='ltr'><strong>in</strong></span> 
     </span>
    </p>
   </div>
   <div class='ocr_carea' id='block_1_86' title="bbox 166 4981 1753 5061">
    <p class='ocr_par' dir='ltr' id='par_1_86' title="bbox 166 4981 1753 5061">
     <span class='ocr_line' id='line_1_86' title="bbox 166 4981 1753 5061; baseline 0.011 -24"><span class='ocrx_word' id='word_1_745' title='bbox 166 4982 381 5039; x_wconf 76' lang='lat' dir='ltr'><strong>Israel?</strong></span> <span class='ocrx_word' id='word_1_746' title='bbox 434 4981 574 5038; x_wconf 78' lang='lat' dir='ltr'><strong>Huic</strong></span> <span class='ocrx_word' id='word_1_747' title='bbox 621 4982 751 5053; x_wconf 88' lang='lat' dir='ltr'><strong>quid</strong></span> <span class='ocrx_word' id='word_1_748' title='bbox 777 4983 961 5040; x_wconf 88' lang='lat' dir='ltr'><strong>simile</strong></span> <span class='ocrx_word' id='word_1_749' title='bbox 1015 4985 1069 5042; x_wconf 88' lang='lat' dir='ltr'><strong>in</strong></span> <span class='ocrx_word' id='word_1_750' title='bbox 1102 4987 1401 5061; x_wconf 85' lang='lat' dir='ltr'><strong>Evangelio</strong></span> <span class='ocrx_word' id='word_1_751' title='bbox 1451 4996 1753 5055; x_wconf 89' lang='lat' dir='ltr'><strong>secundum</strong></span> 
     </span>
    </p>
   </div>
   <div class='ocr_carea' id='block_1_87' title="bbox 237 5186 1753 5260">
    <p class='ocr_par' dir='ltr' id='par_1_87' title="bbox 237 5186 1753 5260">
     <span class='ocr_line' id='line_1_87' title="bbox 237 5186 1753 5260; baseline 0.009 -17"><span class='ocrx_word' id='word_1_752' title='bbox 237 5198 262 5227; x_wconf 74' lang='grc' dir='ltr'><strong>ει</strong></span> <span class='ocrx_word' id='word_1_753' title='bbox 303 5186 582 5260; x_wconf 82' lang='lat' dir='ltr'><strong>Colligere</strong></span> <span class='ocrx_word' id='word_1_754' title='bbox 615 5186 743 5245; x_wconf 82' lang='lat' dir='ltr'><strong>hinc</strong></span> <span class='ocrx_word' id='word_1_755' title='bbox 766 5188 913 5256; x_wconf 87' lang='lat' dir='ltr'><strong>licet,</strong></span> <span class='ocrx_word' id='word_1_756' title='bbox 949 5192 1409 5260; x_wconf 79' lang='lat' dir='ltr'><strong>quemadmodum</strong></span> <span class='ocrx_word' id='word_1_757' title='bbox 1443 5199 1753 5257; x_wconf 85' lang='lat' dir='ltr'><strong>etinterius</strong></span> 
     </span>
    </p>
   </div>
   <div class='ocr_carea' id='block_1_88' title="bbox 166 5259 1754 5337">
    <p class='ocr_par' dir='ltr' id='par_1_88' title="bbox 166 5259 1754 5337">
     <span class='ocr_line' id='line_1_88' title="bbox 166 5259 1754 5337; baseline 0.007 -19"><span class='ocrx_word' id='word_1_758' title='bbox 166 5279 229 5337; x_wconf 77' lang='lat' dir='ltr'><strong>ex</strong></span> <span class='ocrx_word' id='word_1_759' title='bbox 254 5259 705 5337; x_wconf 48' lang='lat' dir='ltr'><strong>bomiliarumjs</strong></span> <span class='ocrx_word' id='word_1_760' title='bbox 732 5260 886 5337; x_wconf 80' lang='lat' dir='ltr'><strong>e_t__‘56</strong></span> <span class='ocrx_word' id='word_1_761' title='bbox 906 5259 1209 5337; x_wconf 72' lang='lat' dir='ltr'><strong>clausulis,</strong></span> <span class='ocrx_word' id='word_1_762' title='bbox 1242 5267 1472 5337; x_wconf 79' lang='lat' dir='ltr'><strong>aliisque</strong></span> <span class='ocrx_word' id='word_1_763' title='bbox 1498 5270 1754 5337; x_wconf 87' lang='lat' dir='ltr'><strong>plurimis</strong></span> 
     </span>
    </p>
   </div>
   <div class='ocr_carea' id='block_1_89' title="bbox 168 5330 1758 5407">
    <p class='ocr_par' dir='ltr' id='par_1_89' title="bbox 168 5330 1758 5407">
     <span class='ocr_line' id='line_1_89' title="bbox 168 5330 1758 5407; baseline 0.008 -24"><span class='ocrx_word' id='word_1_764' title='bbox 168 5334 317 5407; x_wconf 73' lang='lat' dir='ltr'><strong>lucis,</strong></span> <span class='ocrx_word' id='word_1_765' title='bbox 348 5347 485 5407; x_wconf 81' lang='lat' dir='ltr'><strong>quos</strong></span> <span class='ocrx_word' id='word_1_766' title='bbox 516 5330 585 5386; x_wconf 86' lang='lat' dir='ltr'><strong>ad</strong></span> <span class='ocrx_word' id='word_1_767' title='bbox 613 5330 876 5407; x_wconf 75' lang='lat' dir='ltr'><strong>Homilies</strong></span> <span class='ocrx_word' id='word_1_768' title='bbox 906 5332 959 5407; x_wconf 71' lang='lat' dir='ltr'><strong>in</strong></span> <span class='ocrx_word' id='word_1_769' title='bbox 987 5330 1276 5407; x_wconf 64' lang='lat' dir='ltr'><strong>ieremiam</strong></span> <span class='ocrx_word' id='word_1_770' title='bbox 1306 5330 1471 5407; x_wconf 77' lang='lat' dir='ltr'><strong>atque</strong></span> <span class='ocrx_word' id='word_1_771' title='bbox 1498 5330 1758 5405; x_wconf 68' lang='lat' dir='ltr'><strong>Ezechie-</strong></span> 
     </span>
    </p>
   </div>
   <div class='ocr_carea' id='block_1_90' title="bbox 165 5400 1754 5480">
    <p class='ocr_par' dir='ltr' id='par_1_90' title="bbox 165 5400 1754 5480">
     <span class='ocr_line' id='line_1_90' title="bbox 165 5400 1754 5480; baseline 0.006 -19"><span class='ocrx_word' id='word_1_772' title='bbox 165 5405 265 5461; x_wconf 87' lang='lat' dir='ltr'><strong>lem</strong></span> <span class='ocrx_word' id='word_1_773' title='bbox 296 5400 634 5480; x_wconf 68' lang='lat' dir='ltr'><strong>notavimus,</strong></span> <span class='ocrx_word' id='word_1_774' title='bbox 665 5400 905 5480; x_wconf 79' lang='lat' dir='ltr'><strong>sensisse</strong></span> <span class='ocrx_word' id='word_1_775' title='bbox 923 5400 1754 5480; x_wconf 59' lang='lat' dir='ltr'><strong>qrigetiem,oran&#39;dumquidem</strong></span> 
     </span>
    </p>
   </div>
   <div class='ocr_carea' id='block_1_91' title="bbox 167 5472 1753 5552">
    <p class='ocr_par' dir='ltr' id='par_1_91' title="bbox 167 5472 1753 5552">
     <span class='ocr_line' id='line_1_91' title="bbox 167 5472 1753 5552; baseline 0.006 -20"><span class='ocrx_word' id='word_1_776' title='bbox 167 5492 279 5533; x_wconf 85' lang='lat' dir='ltr'><strong>cum</strong></span> <span class='ocrx_word' id='word_1_777' title='bbox 304 5477 472 5552; x_wconf 50' lang='lat' dir='ltr'><strong>[atro</strong></span> <span class='ocrx_word' id='word_1_778' title='bbox 514 5472 897 5552; x_wconf 76' lang='lat' dir='ltr'><strong>_Filium,_sed</strong></span> <span class='ocrx_word' id='word_1_779' title='bbox 940 5473 1159 5552; x_wconf 73' lang='lat' dir='ltr'><strong>diverso</strong></span> <span class='ocrx_word' id='word_1_780' title='bbox 1208 5477 1475 5534; x_wconf 84' lang='lat' dir='ltr'><strong>orationis</strong></span> <span class='ocrx_word' id='word_1_781' title='bbox 1516 5472 1753 5552; x_wconf 66' lang='lat' dir='ltr'><strong>generet</strong></span> 
     </span>
    </p>
   </div>
   <div class='ocr_carea' id='block_1_92' title="bbox 167 5544 1755 5622">
    <p class='ocr_par' dir='ltr' id='par_1_92' title="bbox 167 5544 1755 5622">
     <span class='ocr_line' id='line_1_92' title="bbox 167 5544 1755 5622; baseline -0.001 -18"><span class='ocrx_word' id='word_1_782' title='bbox 167 5564 281 5617; x_wconf 60' lang='lat' dir='ltr'><strong>quae</strong></span> <span class='ocrx_word' id='word_1_783' title='bbox 301 5548 377 5604; x_wconf 88' lang='lat' dir='ltr'><strong>illi</strong></span> <span class='ocrx_word' id='word_1_784' title='bbox 414 5545 651 5622; x_wconf 71' lang='lat' dir='ltr'><strong>multam</strong></span> <span class='ocrx_word' id='word_1_785' title='bbox 676 5544 935 5622; x_wconf 61' lang='lat' dir='ltr'><strong>invidiam</strong></span> <span class='ocrx_word' id='word_1_786' title='bbox 966 5544 1211 5622; x_wconf 83' lang='lat' dir='ltr'><strong>doctrina</strong></span> <span class='ocrx_word' id='word_1_787' title='bbox 1240 5551 1455 5622; x_wconf 61' lang='lat' dir='ltr'><strong>peperit</strong></span> <span class='ocrx_word' id='word_1_788' title='bbox 1478 5593 1492 5617; x_wconf 93' lang='lat'><strong>,</strong></span> <span class='ocrx_word' id='word_1_789' title='bbox 1518 5544 1755 5622; x_wconf 66' lang='lat' dir='ltr'><strong>perinde</strong></span> 
     </span>
    </p>
   </div>
   <div class='ocr_carea' id='block_1_93' title="bbox 165 5614 1759 5696">
    <p class='ocr_par' dir='ltr' id='par_1_93' title="bbox 165 5614 1759 5696">
     <span class='ocr_line' id='line_1_93' title="bbox 165 5614 1759 5696; baseline 0.004 -22"><span class='ocrx_word' id='word_1_790' title='bbox 165 5614 657 5696; x_wconf 78' lang='lat' dir='ltr'><strong>atque_se_ns_isset:</strong></span> <span class='ocrx_word' id='word_1_791' title='bbox 712 5614 835 5696; x_wconf 77' lang='lat' dir='ltr'><strong>1_V_on</strong></span> <span class='ocrx_word' id='word_1_792' title='bbox 866 5614 1542 5696; x_wconf 73' lang='lat' dir='ltr'><strong>esse_orandu_nt_Filiutn_</strong></span> <span class='ocrx_word' id='word_1_793' title='bbox 1596 5641 1759 5696; x_wconf 82' lang='lat' dir='ltr'><strong>neque</strong></span> 
     </span>
    </p>
   </div>
   <div class='ocr_carea' id='block_1_94' title="bbox 165 5686 1760 5765">
    <p class='ocr_par' dir='ltr' id='par_1_94' title="bbox 165 5686 1760 5765">
     <span class='ocr_line' id='line_1_94' title="bbox 165 5686 1760 5765; baseline -0.004 -19"><span class='ocrx_word' id='word_1_794' title='bbox 165 5686 265 5765; x_wconf 65' lang='lat' dir='ltr'><strong>cum</strong></span> <span class='ocrx_word' id='word_1_795' title='bbox 293 5690 442 5747; x_wconf 77' lang='lat' dir='ltr'><strong>Filio</strong></span> <span class='ocrx_word' id='word_1_796' title='bbox 458 5688 693 5765; x_wconf 71' lang='lat' dir='ltr'><strong>Patrem.</strong></span> <span class='ocrx_word' id='word_1_797' title='bbox 729 5686 845 5765; x_wconf 76' lang='lat' dir='ltr'><strong>Hoc</strong></span> <span class='ocrx_word' id='word_1_798' title='bbox 866 5686 1121 5765; x_wconf 76' lang='lat' dir='ltr'><strong>nimirum</strong></span> <span class='ocrx_word' id='word_1_799' title='bbox 1149 5686 1760 5765; x_wconf 70' lang='lat' dir='ltr'><strong>criminzitur&#39;l&#39;lienp&#39;hi-</strong></span> 
     </span>
    </p>
   </div>
   <div class='ocr_carea' id='block_1_95' title="bbox 164 5757 1759 5835">
    <p class='ocr_par' dir='ltr' id='par_1_95' title="bbox 164 5757 1759 5835">
     <span class='ocr_line' id='line_1_95' title="bbox 164 5757 1759 5835; baseline -0.001 -18"><span class='ocrx_word' id='word_1_800' title='bbox 164 5763 238 5818; x_wconf 87' lang='lat' dir='ltr'><strong>lus</strong></span> <span class='ocrx_word' id='word_1_801' title='bbox 265 5765 318 5819; x_wconf 89' lang='lat' dir='ltr'><strong>in</strong></span> <span class='ocrx_word' id='word_1_802' title='bbox 346 5760 616 5835; x_wconf 76' lang='lat' dir='ltr'><strong>synodica</strong></span> <span class='ocrx_word' id='word_1_803' title='bbox 651 5757 867 5835; x_wconf 51' lang='lat' dir='ltr'><strong>{nobis</strong></span> <span class='ocrx_word' id='word_1_804' title='bbox 897 5757 1129 5835; x_wconf 63' lang='lat' dir='ltr'><strong>primum</strong></span> <span class='ocrx_word' id='word_1_805' title='bbox 1162 5761 1377 5835; x_wconf 64' lang='lat' dir='ltr'><strong>vulgata</strong></span> <span class='ocrx_word' id='word_1_806' title='bbox 1399 5763 1542 5820; x_wconf 87' lang='lat' dir='ltr'><strong>inter</strong></span> <span class='ocrx_word' id='word_1_807' title='bbox 1570 5757 1759 5823; x_wconf 78' lang='lat' dir='ltr'><strong>Hiero.</strong></span> 
     </span>
    </p>
   </div>
   <div class='ocr_carea' id='block_1_96' title="bbox 165 5827 1760 5908">
    <p class='ocr_par' dir='ltr' id='par_1_96' title="bbox 165 5827 1760 5908">
     <span class='ocr_line' id='line_1_96' title="bbox 165 5827 1760 5908; baseline 0.003 -15"><span class='ocrx_word' id='word_1_808' title='bbox 165 5827 442 5907; x_wconf 73' lang='lat' dir='ltr'><strong>nymianas</strong></span> <span class='ocrx_word' id='word_1_809' title='bbox 466 5831 636 5905; x_wconf 87' lang='lat' dir='ltr'><strong>epist.</strong></span> <span class='ocrx_word' id='word_1_810' title='bbox 662 5827 733 5883; x_wconf 74' lang='lat'><strong>92</strong></span> <span class='ocrx_word' id='word_1_811' title='bbox 754 5869 771 5896; x_wconf 89' lang='lat'><strong>,</strong></span> <span class='ocrx_word' id='word_1_812' title='bbox 810 5844 884 5904; x_wconf 11' lang='lat' dir='ltr'><strong>gn.</strong></span> <span class='ocrx_word' id='word_1_813' title='bbox 914 5828 972 5896; x_wconf 74' lang='lat'><strong>2,</strong></span> <span class='ocrx_word' id='word_1_814' title='bbox 1028 5830 1134 5888; x_wconf 85' lang='lat' dir='ltr'><strong>col.</strong></span> <span class='ocrx_word' id='word_1_815' title='bbox 1159 5827 1301 5904; x_wconf 71' lang='lat' dir='ltr'><strong>54f,</strong></span> <span class='ocrx_word' id='word_1_816' title='bbox 1335 5849 1495 5906; x_wconf 90' lang='lat' dir='ltr'><strong>quam</strong></span> <span class='ocrx_word' id='word_1_817' title='bbox 1539 5836 1760 5908; x_wconf 81' lang='lat' dir='ltr'><strong>juvabit</strong></span> 
     </span>
    </p>
   </div>
   <div class='ocr_carea' id='block_1_97' title="bbox 1862 4531 3460 4604">
    <p class='ocr_par' dir='ltr' id='par_1_97' title="bbox 1862 4531 3460 4604">
     <span class='ocr_line' id='line_1_97' title="bbox 1862 4531 3460 4604; baseline -0.004 -13"><span class='ocrx_word' id='word_1_818' title='bbox 1862 4536 2089 4603; x_wconf 83' lang='lat' dir='ltr'><strong>videant,</strong></span> <span class='ocrx_word' id='word_1_819' title='bbox 2119 4544 2165 4589; x_wconf 83' lang='lat' dir='ltr'><strong>et</strong></span> <span class='ocrx_word' id='word_1_820' title='bbox 2182 4535 2273 4604; x_wconf 67' lang='lat' dir='ltr'><strong>qui</strong></span> <span class='ocrx_word' id='word_1_821' title='bbox 2296 4534 2471 4588; x_wconf 72' lang='lat' dir='ltr'><strong>rident</strong></span> <span class='ocrx_word' id='word_1_822' title='bbox 2493 4533 2615 4587; x_wconf 66' lang='lat' dir='ltr'><strong>cruci</strong></span> <span class='ocrx_word' id='word_1_823' title='bbox 2646 4532 2798 4602; x_wconf 73' lang='lat' dir='ltr'><strong>ﬁant,</strong></span> <span class='ocrx_word' id='word_1_824' title='bbox 2828 4531 3077 4602; x_wconf 89' lang='lat' dir='ltr'><strong>quamvis</strong></span> <span class='ocrx_word' id='word_1_825' title='bbox 3110 4538 3359 4601; x_wconf 67' lang='lat' dir='ltr'><strong>qum-rant</strong></span> <span class='ocrx_word' id='word_1_826' title='bbox 3399 4536 3460 4584; x_wconf 89' lang='lat' dir='ltr'><strong>ut</strong></span> 
     </span>
    </p>
   </div>
   <div class='ocr_carea' id='block_1_98' title="bbox 1862 4622 3454 4698">
    <p class='ocr_par' dir='ltr' id='par_1_98' title="bbox 1862 4622 3454 4698">
     <span class='ocr_line' id='line_1_98' title="bbox 1862 4622 3454 4698; baseline -0.004 -12"><span class='ocrx_word' id='word_1_827' title='bbox 1862 4630 2207 4696; x_wconf 85' lang='lat' dir='ltr'><strong>edisseram,</strong></span> <span class='ocrx_word' id='word_1_828' title='bbox 2268 4627 2497 4698; x_wconf 81' lang='lat' dir='ltr'><strong>implere</strong></span> <span class='ocrx_word' id='word_1_829' title='bbox 2523 4640 2635 4681; x_wconf 89' lang='lat' dir='ltr'><strong>non</strong></span> <span class='ocrx_word' id='word_1_830' title='bbox 2665 4634 2944 4697; x_wconf 87' lang='lat' dir='ltr'><strong>poterunt.</strong></span> <span class='ocrx_word' id='word_1_831' title='bbox 2997 4625 3114 4696; x_wconf 82' lang='lat' dir='ltr'><strong>Ego</strong></span> <span class='ocrx_word' id='word_1_832' title='bbox 3160 4639 3292 4679; x_wconf 69' lang='lat' dir='ltr'><strong>vero</strong></span> <span class='ocrx_word' id='word_1_833' title='bbox 3326 4622 3454 4693; x_wconf 87' lang='lat' dir='ltr'><strong>quia</strong></span> 
     </span>
    </p>
   </div>
   <div class='ocr_carea' id='block_1_99' title="bbox 1862 4713 3455 4793">
    <p class='ocr_par' dir='ltr' id='par_1_99' title="bbox 1862 4713 3455 4793">
     <span class='ocr_line' id='line_1_99' title="bbox 1862 4713 3455 4793; baseline -0.004 -15"><span class='ocrx_word' id='word_1_834' title='bbox 1862 4730 1996 4793; x_wconf 89' lang='lat' dir='ltr'><strong>opto</strong></span> <span class='ocrx_word' id='word_1_835' title='bbox 2041 4735 2166 4776; x_wconf 86' lang='lat' dir='ltr'><strong>esse</strong></span> <span class='ocrx_word' id='word_1_836' title='bbox 2191 4717 2221 4759; x_wconf 68' lang='grc' dir='ltr'>δ</span> <span class='ocrx_word' id='word_1_837' title='bbox 2244 4718 2663 4775; x_wconf 86' lang='lat' dir='ltr'><strong>Eeclesiasticus</strong></span> <span class='ocrx_word' id='word_1_838' title='bbox 2686 4758 2703 4785; x_wconf 91' lang='lat'><strong>,</strong></span> <span class='ocrx_word' id='word_1_839' title='bbox 2735 4730 2789 4773; x_wconf 88' lang='lat' dir='ltr'><strong>et</strong></span> <span class='ocrx_word' id='word_1_840' title='bbox 2835 4733 2944 4773; x_wconf 90' lang='lat' dir='ltr'><strong>non</strong></span> <span class='ocrx_word' id='word_1_841' title='bbox 2976 4716 3044 4772; x_wconf 91' lang='lat' dir='ltr'><strong>sb</strong></span> <span class='ocrx_word' id='word_1_842' title='bbox 3090 4713 3455 4772; x_wconf 79' lang='lat' dir='ltr'><strong>bmresiarcha</strong></span> 
     </span>
    </p>
   </div>
   <div class='ocr_carea' id='block_1_100' title="bbox 1861 4809 3456 4888">
    <p class='ocr_par' dir='ltr' id='par_1_100' title="bbox 1861 4809 3456 4888">
     <span class='ocr_line' id='line_1_100' title="bbox 1861 4809 3456 4888; baseline -0.005 -16"><span class='ocrx_word' id='word_1_843' title='bbox 1861 4816 2067 4888; x_wconf 88' lang='lat' dir='ltr'><strong>aliquo,</strong></span> <span class='ocrx_word' id='word_1_844' title='bbox 2091 4814 2190 4871; x_wconf 87' lang='lat' dir='ltr'><strong>sed</strong></span> <span class='ocrx_word' id='word_1_845' title='bbox 2220 4830 2247 4867; x_wconf 86' lang='lat' dir='ltr'><strong>a</strong></span> <span class='ocrx_word' id='word_1_846' title='bbox 2276 4811 2488 4869; x_wconf 84' lang='lat' dir='ltr'><strong>Christi</strong></span> <span class='ocrx_word' id='word_1_847' title='bbox 2512 4812 2781 4867; x_wconf 77' lang='lat' dir='ltr'><strong>vocabulo</strong></span> <span class='ocrx_word' id='word_1_848' title='bbox 2812 4812 3138 4881; x_wconf 83' lang='lat' dir='ltr'><strong>nuncupari,</strong></span> <span class='ocrx_word' id='word_1_849' title='bbox 3167 4818 3223 4865; x_wconf 85' lang='lat' dir='ltr'><strong>et</strong></span> <span class='ocrx_word' id='word_1_850' title='bbox 3248 4809 3456 4867; x_wconf 84' lang='lat' dir='ltr'><strong>habere</strong></span> 
     </span>
    </p>
   </div>
   <div class='ocr_carea' id='block_1_101' title="bbox 1861 4900 3453 4979">
    <p class='ocr_par' dir='ltr' id='par_1_101' title="bbox 1861 4900 3453 4979">
     <span class='ocr_line' id='line_1_101' title="bbox 1861 4900 3453 4979; baseline -0.006 -15"><span class='ocrx_word' id='word_1_851' title='bbox 1861 4924 2059 4965; x_wconf 88' lang='lat' dir='ltr'><strong>nomen</strong></span> <span class='ocrx_word' id='word_1_852' title='bbox 2090 4906 2235 4979; x_wconf 89' lang='lat' dir='ltr'><strong>quod</strong></span> <span class='ocrx_word' id='word_1_853' title='bbox 2259 4904 2603 4962; x_wconf 86' lang='lat' dir='ltr'><strong>benedicitur</strong></span> <span class='ocrx_word' id='word_1_854' title='bbox 2627 4917 2794 4974; x_wconf 86' lang='lat' dir='ltr'><strong>super</strong></span> <span class='ocrx_word' id='word_1_855' title='bbox 2818 4912 3043 4967; x_wconf 81' lang='lat' dir='ltr'><strong>terram,</strong></span> <span class='ocrx_word' id='word_1_856' title='bbox 3072 4911 3127 4957; x_wconf 91' lang='lat' dir='ltr'><strong>et</strong></span> <span class='ocrx_word' id='word_1_857' title='bbox 3157 4900 3320 4971; x_wconf 90' lang='lat' dir='ltr'><strong>cupio</strong></span> <span class='ocrx_word' id='word_1_858' title='bbox 3343 4911 3453 4955; x_wconf 89' lang='lat' dir='ltr'><strong>tam</strong></span> 
     </span>
    </p>
   </div>
   <div class='ocr_carea' id='block_1_102' title="bbox 1861 4995 3454 5072">
    <p class='ocr_par' dir='ltr' id='par_1_102' title="bbox 1861 4995 3454 5072">
     <span class='ocr_line' id='line_1_102' title="bbox 1861 4995 3454 5072; baseline -0.004 -15"><span class='ocrx_word' id='word_1_859' title='bbox 1861 5017 2031 5072; x_wconf 90' lang='lat' dir='ltr'><strong>opere</strong></span> <span class='ocrx_word' id='word_1_860' title='bbox 2056 5015 2218 5072; x_wconf 90' lang='lat' dir='ltr'><strong>quam</strong></span> <span class='ocrx_word' id='word_1_861' title='bbox 2246 5015 2410 5057; x_wconf 88' lang='lat' dir='ltr'><strong>sensu</strong></span> <span class='ocrx_word' id='word_1_862' title='bbox 2439 5008 2496 5055; x_wconf 92' lang='lat' dir='ltr'><strong>et</strong></span> <span class='ocrx_word' id='word_1_863' title='bbox 2516 5011 2637 5054; x_wconf 89' lang='lat' dir='ltr'><strong>esse</strong></span> <span class='ocrx_word' id='word_1_864' title='bbox 2658 5006 2715 5053; x_wconf 91' lang='lat' dir='ltr'><strong>et</strong></span> <span class='ocrx_word' id='word_1_865' title='bbox 2739 4996 2851 5053; x_wconf 89' lang='lat' dir='ltr'><strong>dici</strong></span> <span class='ocrx_word' id='word_1_866' title='bbox 2873 4995 3240 5062; x_wconf 83' lang='lat' dir='ltr'><strong>Christianus,</strong></span> <span class='ocrx_word' id='word_1_867' title='bbox 3271 5008 3454 5064; x_wconf 65' lang='lat' dir='ltr'><strong>requa-</strong></span> 
     </span>
    </p>
   </div>
   <div class='ocr_carea' id='block_1_103' title="bbox 1857 5204 2174 5260">
    <p class='ocr_par' dir='ltr' id='par_1_103' title="bbox 1857 5204 2174 5260">
     <span class='ocr_line' id='line_1_103' title="bbox 1857 5204 2174 5260; baseline -0.009 -1"><span class='ocrx_word' id='word_1_868' title='bbox 1857 5204 2174 5260; x_wconf 88' lang='lat' dir='ltr'><strong>recoluisse.</strong></span> 
     </span>
    </p>
   </div>
   <div class='ocr_carea' id='block_1_104' title="bbox 1932 5268 3455 5343">
    <p class='ocr_par' dir='ltr' id='par_1_104' title="bbox 1932 5268 3455 5343">
     <span class='ocr_line' id='line_1_104' title="bbox 1932 5268 3455 5343; baseline -0.001 -16"><span class='ocrx_word' id='word_1_869' title='bbox 1932 5275 1960 5313; x_wconf 70' lang='lat' dir='ltr'><strong>lt</strong></span> <span class='ocrx_word' id='word_1_870' title='bbox 1993 5274 2195 5328; x_wconf 79' lang='lat' dir='ltr'><strong>Damus</strong></span> <span class='ocrx_word' id='word_1_871' title='bbox 2243 5272 2385 5329; x_wconf 84' lang='lat' dir='ltr'><strong>hanc</strong></span> <span class='ocrx_word' id='word_1_872' title='bbox 2412 5273 2636 5343; x_wconf 85' lang='lat' dir='ltr'><strong>Origeni</strong></span> <span class='ocrx_word' id='word_1_873' title='bbox 2670 5271 2888 5328; x_wconf 88' lang='lat' dir='ltr'><strong>laudem</strong></span> <span class='ocrx_word' id='word_1_874' title='bbox 2916 5314 2931 5337; x_wconf 95' lang='lat'><strong>,</strong></span> <span class='ocrx_word' id='word_1_875' title='bbox 2980 5268 3122 5340; x_wconf 84' lang='lat' dir='ltr'><strong>quod</strong></span> <span class='ocrx_word' id='word_1_876' title='bbox 3158 5269 3455 5343; x_wconf 83' lang='lat' dir='ltr'><strong>interneci-</strong></span> 
     </span>
    </p>
   </div>
   <div class='ocr_carea' id='block_1_105' title="bbox 1861 5341 3450 5416">
    <p class='ocr_par' dir='ltr' id='par_1_105' title="bbox 1861 5341 3450 5416">
     <span class='ocr_line' id='line_1_105' title="bbox 1861 5341 3450 5416; baseline -0.004 -16"><span class='ocrx_word' id='word_1_877' title='bbox 1861 5359 2143 5416; x_wconf 7' lang='lat' dir='ltr'><strong>numgcnm</strong></span> <span class='ocrx_word' id='word_1_878' title='bbox 2178 5346 2450 5416; x_wconf 69' lang='lat' dir='ltr'><strong>haereticis</strong></span> <span class='ocrx_word' id='word_1_879' title='bbox 2479 5341 2683 5399; x_wconf 78' lang='lat' dir='ltr'><strong>bellum</strong></span> <span class='ocrx_word' id='word_1_880' title='bbox 2707 5351 2972 5416; x_wconf 76' lang='lat' dir='ltr'><strong>perpetuo</strong></span> <span class='ocrx_word' id='word_1_881' title='bbox 2997 5341 3247 5416; x_wconf 79' lang='lat' dir='ltr'><strong>gesserit,</strong></span> <span class='ocrx_word' id='word_1_882' title='bbox 3278 5355 3450 5416; x_wconf 78' lang='lat' dir='ltr'><strong>eaque</strong></span> 
     </span>
    </p>
   </div>
   <div class='ocr_carea' id='block_1_106' title="bbox 1863 5411 3448 5492">
    <p class='ocr_par' dir='ltr' id='par_1_106' title="bbox 1863 5411 3448 5492">
     <span class='ocr_line' id='line_1_106' title="bbox 1863 5411 3448 5492; baseline -0.003 -21"><span class='ocrx_word' id='word_1_883' title='bbox 1863 5414 2123 5492; x_wconf 60' lang='lat' dir='ltr'><strong>continuo</strong></span> <span class='ocrx_word' id='word_1_884' title='bbox 2153 5415 2331 5470; x_wconf 87' lang='lat' dir='ltr'><strong>teneri</strong></span> <span class='ocrx_word' id='word_1_885' title='bbox 2360 5413 2590 5469; x_wconf 86' lang='lat' dir='ltr'><strong>firmiter</strong></span> <span class='ocrx_word' id='word_1_886' title='bbox 2610 5459 2624 5484; x_wconf 89' lang='lat'><strong>,</strong></span> <span class='ocrx_word' id='word_1_887' title='bbox 2653 5411 2725 5492; x_wconf 66' lang='lat' dir='ltr'><strong>ac</strong></span> <span class='ocrx_word' id='word_1_888' title='bbox 2746 5411 3185 5492; x_wconf 70' lang='lat' dir='ltr'><strong>credijusserit,</strong></span> <span class='ocrx_word' id='word_1_889' title='bbox 3235 5427 3358 5492; x_wconf 72' lang='lat' dir='ltr'><strong>quae</strong></span> <span class='ocrx_word' id='word_1_890' title='bbox 3380 5411 3448 5467; x_wconf 87' lang='lat' dir='ltr'><strong>ab</strong></span> 
     </span>
    </p>
   </div>
   <div class='ocr_carea' id='block_1_107' title="bbox 1862 5482 3444 5559">
    <p class='ocr_par' dir='ltr' id='par_1_107' title="bbox 1862 5482 3444 5559">
     <span class='ocr_line' id='line_1_107' title="bbox 1862 5482 3444 5559; baseline -0.003 -17"><span class='ocrx_word' id='word_1_891' title='bbox 1862 5487 2112 5559; x_wconf 83' lang='lat' dir='ltr'><strong>Ecclesia</strong></span> <span class='ocrx_word' id='word_1_892' title='bbox 2159 5482 2619 5559; x_wconf 76' lang='lat' dir='ltr'><strong>proponerentur.</strong></span> <span class='ocrx_word' id='word_1_893' title='bbox 2664 5482 2977 5559; x_wconf 68' lang='lat' dir='ltr'><strong>Pamphilus</strong></span> <span class='ocrx_word' id='word_1_894' title='bbox 3021 5485 3073 5541; x_wconf 86' lang='lat' dir='ltr'><strong>in</strong></span> <span class='ocrx_word' id='word_1_895' title='bbox 3122 5482 3396 5559; x_wconf 68' lang='lat' dir='ltr'><strong>_Apol03ia_</strong></span> <span class='ocrx_word' id='word_1_896' title='bbox 3428 5498 3444 5537; x_wconf 91' lang='lat'><strong>:</strong></span> 
     </span>
    </p>
   </div>
   <div class='ocr_carea' id='block_1_108' title="bbox 1866 5553 3453 5626">
    <p class='ocr_par' dir='ltr' id='par_1_108' title="bbox 1866 5553 3453 5626">
     <span class='ocr_line' id='line_1_108' title="bbox 1866 5553 3453 5626; baseline -0.003 -14"><span class='ocrx_word' id='word_1_897' title='bbox 1866 5553 2174 5624; x_wconf 60' lang='lat' dir='ltr'><strong>Quomodo,</strong></span> <span class='ocrx_word' id='word_1_898' title='bbox 2198 5557 2396 5624; x_wconf 89' lang='lat' dir='ltr'><strong>inquit,</strong></span> <span class='ocrx_word' id='word_1_899' title='bbox 2432 5557 2673 5615; x_wconf 74' lang='lat' dir='ltr'><strong>universa</strong></span> <span class='ocrx_word' id='word_1_900' title='bbox 2700 5556 3081 5626; x_wconf 71' lang='lat' dir='ltr'><strong>luereticorutn</strong></span> <span class='ocrx_word' id='word_1_901' title='bbox 3096 5553 3340 5626; x_wconf 82' lang='lat' dir='ltr'><strong>dogmata</strong></span> <span class='ocrx_word' id='word_1_902' title='bbox 3361 5553 3453 5626; x_wconf 64' lang='lat' dir='ltr'><strong>dc-</strong></span> 
     </span>
    </p>
   </div>
   <div class='ocr_carea' id='block_1_109' title="bbox 1861 5623 3454 5700">
    <p class='ocr_par' dir='ltr' id='par_1_109' title="bbox 1861 5623 3454 5700">
     <span class='ocr_line' id='line_1_109' title="bbox 1861 5623 3454 5700; baseline -0.004 -16"><span class='ocrx_word' id='word_1_903' title='bbox 1861 5638 2087 5694; x_wconf 82' lang='lat' dir='ltr'><strong>struens,</strong></span> <span class='ocrx_word' id='word_1_904' title='bbox 2111 5632 2217 5700; x_wconf 86' lang='lat' dir='ltr'><strong>ipse</strong></span> <span class='ocrx_word' id='word_1_905' title='bbox 2255 5623 2568 5700; x_wconf 81' lang='lat' dir='ltr'><strong>(Origenes)</strong></span> <span class='ocrx_word' id='word_1_906' title='bbox 2608 5643 2809 5696; x_wconf 83' lang='lat' dir='ltr'><strong>semper</strong></span> <span class='ocrx_word' id='word_1_907' title='bbox 2864 5623 3223 5700; x_wconf 71' lang='lat' dir='ltr'><strong>Apostoiiram</strong></span> <span class='ocrx_word' id='word_1_908' title='bbox 3259 5623 3454 5695; x_wconf 80' lang='lat' dir='ltr'><strong>confir-</strong></span> 
     </span>
    </p>
   </div>
   <div class='ocr_carea' id='block_1_110' title="bbox 1862 5694 3459 5762">
    <p class='ocr_par' dir='ltr' id='par_1_110' title="bbox 1862 5694 3459 5762">
     <span class='ocr_line' id='line_1_110' title="bbox 1862 5694 3459 5762; baseline -0.004 -8"><span class='ocrx_word' id='word_1_909' title='bbox 1862 5701 2075 5754; x_wconf 77' lang='lat' dir='ltr'><strong>maverit</strong></span> <span class='ocrx_word' id='word_1_910' title='bbox 2101 5694 2280 5762; x_wconf 70' lang='lat' dir='ltr'><strong>ﬁdem,</strong></span> <span class='ocrx_word' id='word_1_911' title='bbox 2305 5700 2348 5751; x_wconf 88' lang='lat' dir='ltr'><strong>si</strong></span> <span class='ocrx_word' id='word_1_912' title='bbox 2382 5694 2599 5755; x_wconf 66' lang='lat' dir='ltr'><strong>relimas</strong></span> <span class='ocrx_word' id='word_1_913' title='bbox 2649 5694 2826 5761; x_wconf 77' lang='lat' dir='ltr'><strong>omnes</strong></span> <span class='ocrx_word' id='word_1_914' title='bbox 2865 5696 3147 5759; x_wconf 77' lang='lat' dir='ltr'><strong>sententias</strong></span> <span class='ocrx_word' id='word_1_915' title='bbox 3177 5694 3288 5760; x_wconf 74' lang='lat' dir='ltr'><strong>eius</strong></span> <span class='ocrx_word' id='word_1_916' title='bbox 3333 5710 3459 5749; x_wconf 77' lang='lat' dir='ltr'><strong>con-</strong></span> 
     </span>
    </p>
   </div>
   <div class='ocr_carea' id='block_1_111' title="bbox 1864 5764 3469 5845">
    <p class='ocr_par' dir='ltr' id='par_1_111' title="bbox 1864 5764 3469 5845">
     <span class='ocr_line' id='line_1_111' title="bbox 1864 5764 3469 5845; baseline -0.002 -21"><span class='ocrx_word' id='word_1_917' title='bbox 1864 5764 2111 5845; x_wconf 60' lang='lat' dir='ltr'><strong>gregarii;</strong></span> <span class='ocrx_word' id='word_1_918' title='bbox 2139 5783 2188 5826; x_wconf 90' lang='lat' dir='ltr'><strong>et</strong></span> <span class='ocrx_word' id='word_1_919' title='bbox 2221 5773 2432 5845; x_wconf 81' lang='lat' dir='ltr'><strong>longum</strong></span> <span class='ocrx_word' id='word_1_920' title='bbox 2462 5769 2593 5825; x_wconf 85' lang='lat' dir='ltr'><strong>satis</strong></span> <span class='ocrx_word' id='word_1_921' title='bbox 2621 5780 2695 5827; x_wconf 83' lang='lat' dir='ltr'><strong>est</strong></span> <span class='ocrx_word' id='word_1_922' title='bbox 2723 5808 2738 5845; x_wconf 55' lang='grc' dir='ltr'>ε</span> <span class='ocrx_word' id='word_1_923' title='bbox 2787 5778 2831 5821; x_wconf 82' lang='lat' dir='ltr'><strong>et</strong></span> <span class='ocrx_word' id='word_1_924' title='bbox 2860 5768 2959 5845; x_wconf 75' lang='lat' dir='ltr'><strong>erit</strong></span> <span class='ocrx_word' id='word_1_925' title='bbox 2988 5776 3091 5821; x_wconf 81' lang='lat' dir='ltr'><strong>tatu</strong></span> <span class='ocrx_word' id='word_1_926' title='bbox 3120 5766 3290 5845; x_wconf 51' lang='lat' dir='ltr'><strong>multis</strong></span> <span class='ocrx_word' id='word_1_927' title='bbox 3316 5806 3330 5830; x_wconf 93' lang='lat'><strong>,</strong></span> <span class='ocrx_word' id='word_1_928' title='bbox 3379 5764 3469 5838; x_wconf 79' lang='lat' dir='ltr'><strong>qui</strong></span> 
     </span>
    </p>
   </div>
   <div class='ocr_carea' id='block_1_112' title="bbox 1865 5836 3321 5913">
    <p class='ocr_par' dir='ltr' id='par_1_112' title="bbox 1865 5836 3321 5913">
     <span class='ocr_line' id='line_1_112' title="bbox 1865 5836 3321 5913; baseline -0.004 -16"><span class='ocrx_word' id='word_1_929' title='bbox 1865 5836 2174 5912; x_wconf 64' lang='lat' dir='ltr'><strong>inibimus,</strong></span> <span class='ocrx_word' id='word_1_930' title='bbox 2206 5836 2480 5901; x_wconf 63' lang='lat' dir='ltr'><strong>cariosum</strong></span> <span class='ocrx_word' id='word_1_931' title='bbox 2501 5886 2516 5913; x_wconf 91' lang='lat'><strong>,</strong></span> <span class='ocrx_word' id='word_1_932' title='bbox 2543 5856 2695 5913; x_wconf 79' lang='lat' dir='ltr'><strong>quam</strong></span> <span class='ocrx_word' id='word_1_933' title='bbox 2719 5839 3004 5913; x_wconf 76' lang='lat' dir='ltr'><strong>tegentibus</strong></span> <span class='ocrx_word' id='word_1_934' title='bbox 3030 5836 3321 5897; x_wconf 65' lang='lat' dir='ltr'><strong>mdiorum.</strong></span> 
     </span>
    </p>
   </div>
  </div>
