4044 6328
481 326 593 385 255

1730 327 1790 383 S.
1832 326 2102 384 EUSEBII
2148 326 2526 384 HIERONYMI

3674 328 3787 385 256

486 444 599 500 lum
633 456 689 501 et
719 446 772 501 in
806 447 975 502 veteri
1007 456 1062 501 et
1101 446 1152 500 in
1184 458 1320 499 nova
1370 443 1515 513 Lege
1545 457 1735 514 quaero
1784 444 2079 498 rationem.
2109 442 2163 503 Α
2186 450 2400 497 struere
2431 441 2574 511 quod
2601 442 2652 497 in
2686 458 2772 499 me
2794 444 2998 500 malum
3031 444 3129 500 fuit
3157 485 3172 510 ,
3232 452 3321 510 ut,
3356 442 3451 498 illo
3497 443 3783 499 destructo

488 539 759 609 Loquitur
787 540 928 594 Deus
957 556 973 596 :
1011 538 1125 609 Ego
1161 537 1472 607 interﬁciant
1503 553 1521 589 :
1553 536 1789 591 libenter
1821 536 1997 590 habeo
2025 545 2084 590 ut

488 634 784 689 interﬁciat
811 649 894 688 me
916 632 1079 687 Deus.
1099 630 1330 700 Quando
1351 630 1498 686 enim
1521 639 1679 685 vetus
1723 628 1777 683 in
1806 644 1892 683 me
1921 630 2083 683 homo

488 739 595 793 εει,
626 738 680 782 et
708 728 834 781 vivo
865 725 1046 781 adhuc
1066 726 1220 796 quasi
1253 726 1450 790 homo,
1479 726 1645 794 cupio
1684 734 1742 777 ut
1787 722 2000 777 occidat
2027 721 2082 776 in

486 835 575 875 me
606 821 748 875 Deus
777 828 1022 875 veterem
1055 820 1357 885 hominem,
1381 829 1437 874 et
1460 819 1703 873 vivilicet
1725 833 1810 871 me
1838 831 1908 872 ex
1941 830 2086 870 mor-

486 915 615 968 tuis.
644 911 855 967 Primus
878 913 1038 975 enim,
1058 915 1157 975 ait,
1178 913 1331 966 homo
1359 911 1424 965 de
1449 920 1589 965 terra
1621 920 1881 975 terrenus,
1908 924 2085 962 secun-

419 998 423 1005 ’
485 1005 586 1059 dus
610 1005 762 1058 homo
796 1005 861 1059 de
890 1005 1019 1059 calo
1060 1005 1296 1059 calcatis.
1330 1002 1482 1059 Sicut
1525 1003 1846 1071 portavimus
1896 1000 2086 1072 imagi-

486 1114 601 1153 nem
622 1099 834 1166 terreni,
862 1107 1122 1166 portemus
1140 1107 1187 1152 et
1213 1097 1495 1169 imaginem
1517 1096 1734 1150 crelestis
1757 1094 1796 1164 (l
1820 1091 1939 1146 Cor.
1962 1091 2082 1162 xv).

489 1187 804 1245 Secundum
835 1189 983 1245 hunc
1013 1203 1231 1243 sensum
1264 1186 1594 1257 intelligitur
1618 1194 1674 1239 et
1699 1185 1831 1239 illttd
1863 1202 1875 1237 :
1912 1182 2084 1256 Inju-

487 1281 683 1335 diciunt
712 1298 807 1353 ego
844 1284 961 1337 veni
983 1283 1035 1336 in
1065 1282 1316 1335 mundum
1354 1282 1546 1346 istum,
1571 1290 1625 1332 ut
1651 1280 1741 1351 qui
1763 1295 1865 1333 non
1888 1279 2079 1344 vident,

482 1374 696 1427 videant
724 1391 743 1429 :
771 1382 818 1428 et
843 1376 935 1438 qui
965 1374 1165 1439 vident,
1195 1374 1319 1427 caeci
1348 1373 1498 1443 ﬂant.
1532 1372 1808 1426 Habemus
1840 1373 1892 1425 in
1924 1370 2083 1425 nobis

486 1479 678 1520 omnes
707 1464 959 1520 homines
986 1508 1000 1532 ,
1055 1473 1111 1520 et
1140 1474 1421 1534 aspectum
1455 1476 1505 1519 et
1538 1465 1865 1519 czecitatem.
1910 1463 2081 1518 Adam

488 1566 545 1612 et
573 1558 809 1617 videbat.
842 1570 898 1614 et
927 1574 1035 1614 non
1063 1558 1309 1614 videbat.
1341 1559 1452 1612 Eva
1484 1573 1733 1628 quoque,
1787 1567 2080 1626 antequam

486 1651 838 1719 aperirentur
865 1652 1008 1707 oculi
1039 1652 1201 1721 ejus,
1253 1650 1453 1705 vidisse
1501 1649 1857 1705 describitur.
1914 1648 2080 1715 Vidit,

489 1747 687 1818 inquit,
714 1748 901 1802 mulier
934 1748 1159 1819 lignum,
1188 1748 1313 1819 quia
1344 1746 1535 1799 bonum
1565 1747 1634 1799 ad
1664 1743 2079 1808 comedendum,

2185 544 2241 591 et
2271 535 2632 599 niortilicato,
2685 548 2981 607 consurgat
3031 538 3084 593 itt
3139 553 3226 593 me
3284 546 3339 592 et
3374 537 3682 592 vivilicetur
3723 537 3778 592 id

2185 629 2331 699 quod
2363 629 2565 685 bonum
2598 641 2704 695 est,
2737 642 2794 685 ut
2821 647 3225 701 consequamur
3255 646 3478 701 regnum
3510 630 3779 686 eteIOttxtn

2184 737 2283 792 per
2306 722 2591 778 Dominum
2624 735 2869 779 nostrum
2896 725 3078 779 Jesum
3103 725 3407 791 Christum,
3441 725 3527 779 cui
3555 733 3642 780 est
3661 724 3782 796 glo-

2185 814 2267 869 ria
2298 826 2353 869 et
2380 814 2671 884 imperium
2700 815 2751 870 in
2783 817 2983 871 saecula
3014 816 3365 871 sa'culorum.
3402 817 3600 872 Amen.

2735 928 3022 983 HOMILIA
3066 928 3227 985 XVII.

2188 1039 2264 1095 De
2282 1056 2346 1094 eo
2359 1041 2502 1110 quod
2518 1044 2776 1117 scriptum
2790 1055 2867 1097 est
2888 1064 2900 1099 :
2919 1044 3085 1099 Erant
3096 1056 3240 1117 pater
3249 1047 3362 1117 ejus
3376 1056 3421 1101 ct
3438 1057 3599 1102 mater
3610 1049 3785 1103 admi—

2257 1124 2430 1166 rantes
2454 1130 2607 1185 super
2628 1114 2709 1169 Itis
2738 1132 2853 1184 qtae
2890 1114 3190 1171 dicebautur
3217 1114 3283 1171 de
3307 1135 3369 1172 eo
3394 1160 3405 1174 .
3456 1130 3511 1173 et
3558 1135 3781 1174 rtnsutn

2259 1198 2429 1253 usque
2452 1191 2516 1236 ad
2540 1203 2663 1240 eum
2690 1187 2865 1241 locum
2897 1188 2985 1241 ubi
3000 1189 3068 1242 tle
3091 1190 3243 1243 Anna
3274 1190 3546 1244 scribitur.
3565 1189 3695 1259 Cap.
3716 1191 3781 1246 ll.

2256 1278 2431 1332 Lucas
2480 1280 2569 1346 qui
2626 1282 2846 1347 scripsit
2872 1298 2885 1336 :
2921 1280 3154 1350 Spiritus
3181 1292 3396 1337 sanctus
3422 1285 3585 1339 veniet
3616 1302 3783 1354 super

2185 1381 2252 1440 te,
2285 1382 2331 1426 et
2354 1374 2514 1427 virtus
2543 1373 2799 1428 Altissimi
2826 1375 3149 1430 obumbrabit
3182 1378 3273 1431 tibi
3297 1420 3311 1442 ,
3363 1392 3576 1451 propter
3604 1379 3701 1436 hoc
3731 1390 3782 1437 et

2183 1466 2325 1537 quod
2375 1476 2552 1520 natum
2593 1467 2751 1537 fuerit
2777 1478 3054 1536 sanctum,
3106 1471 3373 1525 vocabitur
3426 1469 3602 1527 Filius
3632 1473 3729 1530 Dei
3762 1492 3779 1527 :

2184 1566 2240 1612 et
2272 1559 2363 1626 qui
2399 1558 2688 1614 manifeste
2723 1560 2880 1613 nobis
2910 1560 3131 1615 tradidit
3161 1606 3174 1629 ,
3231 1563 3487 1632 quoniam
3546 1564 3783 1634 Virginis

2186 1648 2329 1704 ﬁlius
2372 1651 2533 1706 Jesus
2574 1659 2684 1718 est,
2716 1667 2816 1707 nec
2847 1653 2915 1707 de
2941 1652 3180 1709 humano
3207 1668 3501 1725 conceptus
3555 1667 3637 1712 est
3687 1673 3782 1713 se-

2188 1743 2337 1796 mine
2372 1761 2385 1796 :
2420 1744 2522 1797 iste
2547 1751 2761 1813 patrem
2793 1745 2912 1813 ejus
2934 1744 3139 1814 Joseph
3166 1754 3396 1802 testatus
3423 1757 3529 1815 est,
3555 1748 3777 1804 dicens:

488 1851 537 1896 et
569 1842 819 1914 optimum
842 1841 1009 1895 oculis
1036 1840 1105 1894 ad
1140 1838 1445 1901 ridendum,
1471 1848 1519 1892 et
1547 1838 1735 1891 tollens
1789 1836 1853 1890 de
1906 1840 2082 1905 fructu
2115 1827 2163 1886 B
2190 1833 2357 1888 Erant
2382 1845 2531 1904 pater
2560 1836 2706 1890 illius
2737 1844 2786 1889 et
2817 1848 2984 1891 mater
3012 1838 3333 1893 admirantes
3371 1856 3528 1911 super
3563 1840 3642 1894 Itis
3665 1858 3784 1912 quae

489 1932 643 2003 ligni,
671 1932 915 1997 comedit,
939 1940 987 1985 et
1019 1932 1163 1985 dedit
1190 1933 1301 1983 viro
1329 1946 1453 1995 suo,
1487 1940 1535 1981 et
1560 1928 1889 1982 comederunt
1921 1924 2079 1995 (Gen.

406 2024 417 2035 ‘
487 2020 591 2091 ιιι).
627 2023 798 2093 lgitttr
830 2038 937 2077 non
970 2032 1127 2078 erant
1157 2023 1308 2087 czeci,
1342 2021 1438 2077 sed
1462 2021 1739 2075 videbant.
1768 2018 1970 2074 Deinde
2002 2033 2082 2072 se-

483 2116 705 2186 quitur;
738 2115 807 2170 Et
835 2118 1001 2188 aperti
1030 2127 1147 2171 sunt
1184 2117 1324 2171 oculi
1359 2132 1556 2171 eorum.
1593 2116 1733 2181 Ergo
1778 2116 1911 2169 caici
1960 2113 2081 2168 fue-

480 2216 644 2273 rant,
710 2224 809 2265 nec
865 2209 1165 2274 videbant,
1221 2222 1455 2279 quorum
1514 2208 1654 2263 oculi
1716 2218 1909 2277 postea
1958 2215 2084 2260 sunt

486 2302 686 2367 aperti.
711 2300 819 2357 Sed
853 2302 945 2372 qui
989 2302 1127 2357 bene
1177 2313 1305 2356 ante
1331 2302 1613 2364 viderant,
1640 2311 1925 2371 poslquam
1981 2301 2086 2354 Do-

486 2391 622 2445 mini
658 2390 970 2446 mandatum
996 2393 1370 2464 prietergressi
1401 2402 1551 2457 sunt,
1576 2402 1865 2461 coeperunt
1893 2392 2085 2447 videre

489 2486 633 2539 male
681 2494 738 2540 et
786 2494 1066 2555 aspectum
1113 2488 1441 2542 ohedientia:
1473 2487 1813 2557 subripiente
1843 2487 2041 2543 delicm
2067 2529 2081 2553 ,

490 2586 682 2647 postea
717 2578 1097 2645 perdiderunt.
1127 2578 1242 2649 Ego
1260 2580 1342 2634 sic
1374 2578 1620 2650 intelligo
1649 2589 1707 2634 et
1757 2578 1896 2633 illud
1938 2578 2083 2647 quod

492 2666 625 2724 dicit
650 2668 796 2723 Deus
829 2686 844 2724 :
879 2669 1009 2736 Quis
1038 2670 1160 2740 fecit
1187 2681 1383 2724 mutum
1404 2681 1452 2724 et
1474 2672 1722 2737 surdum,
1754 2669 2085 2724 ridentem‘et

490 2776 684 2816 cursum
708 2762 734 2815 Ρ
758 2759 949 2816 Nonne
1006 2778 1099 2833 ego
1132 2761 1385 2816 Dominus
1431 2763 1566 2817 Deus
1597 2762 1792 2834 (Exod.
1827 2762 1953 2833 tv)‘t
1991 2762 2085 2815 Est

491 2853 685 2907 oculus
710 2853 982 2921 corporis,
1015 2870 1122 2925 quo
1153 2867 1366 2910 terrena
1396 2855 1494 2909 ista
1532 2857 1926 2924 conspicimus,
1956 2870 2079 2909 ocu-

494 2945 582 3001 lus
609 2947 910 3000 secundum
935 2963 1158 3003 sensum
1187 2948 1394 3014 carnis,
1425 2949 1494 3003 de
1523 2966 1629 3017 quo
1668 2949 1954 3017 Scriptura
1994 2948 2082 3002 di-

494 3040 572 3095 cit
603 3058 613 3093 :
648 3039 874 3093 Frustra
897 3042 1090 3096 incedis
1120 3042 1335 3111 inﬂatus
1361 3058 1516 3095 sensu
1541 3043 1713 3095 carnis
1767 3038 1963 3110 (Colos.
1994 3038 2081 3105 ιι).

492 3130 591 3187 Cui
621 3131 883 3187 habemus
912 3134 1078 3187 alium
1107 3134 1444 3189 contrarium
1477 3134 1788 3201 meliorem,
1815 3141 1871 3189 et
1898 3132 2082 3187 divina

493 3228 798 3295 sapientem
836 3242 852 3281 :
883 3227 973 3297 qui
1005 3227 1130 3297 quia
1159 3242 1339 3282 cinctis
1373 3228 1423 3282 in
1462 3227 1616 3282 nobis
1646 3237 1787 3289 erat.
1819 3226 1973 3281 venit
1997 3224 2087 3279 Je-

490 3334 584 3373 sus
606 3331 661 3373 ut
695 3320 893 3375 laceret
929 3336 1054 3374 eum
1089 3320 1298 3389 videre,
1334 3321 1502 3391 utqui
1532 3336 1638 3373 nou
1689 3318 1969 3383 videbant,
2006 3320 2088 3370 vi-

490 3408 708 3477 derent,
768 3413 858 3482 qui
909 3425 1093 3467 autem
1120 3413 1377 3468 videbant
1408 3453 1423 3477 ,
1472 3413 1601 3467 (εεινεί
1656 3413 1870 3467 lierenl.
1924 3410 2089 3465 Juxta

492 3503 636 3558 hunc
665 3518 796 3573 ergo
826 3520 1051 3559 sensum
1074 3546 1090 3569 ,
1134 3515 1190 3559 et
1226 3504 1328 3559 hoc
1351 3504 1495 3574 quod
1526 3519 1671 3558 nunc
1716 3503 1985 3558 habemus
2035 3503 2087 3557 in

489 3596 744 3650 manibus
773 3607 858 3650 est
890 3595 1303 3666 intelligendum
1333 3615 1345 3649 :
1385 3594 1523 3649 Ecce
1558 3596 1654 3649 iste
1683 3596 1882 3667 positus
1909 3605 1986 3648 est
2036 3596 2089 3648 in

494 3685 723 3750 ruinam,
747 3692 793 3737 et
817 3685 871 3738 iu
900 3687 1324 3740 resurrectionem
1364 3687 1645 3739 multorum
1663 3686 1719 3739 in
1747 3684 1940 3739 Israel.
1983 3685 2090 3739 lla-

494 3774 596 3830 beo
618 3776 820 3845 aliquid
846 3776 900 3830 in
934 3793 1022 3831 me
1051 3778 1198 3847 quod
1235 3778 1374 3831 male
1413 3787 1541 3842 stat,
1573 3788 1628 3832 et
1660 3779 1867 3847 peccati
1899 3792 2091 3848 super-

489 3865 572 3921 bia
602 3882 664 3922 se
690 3869 852 3936 erigit
883 3888 896 3922 :
924 3868 1027 3922 hoc
1079 3868 1275 3936 cadit,
1313 3869 1415 3924 hoc
1478 3870 1798 3923 subruatur.
1832 3870 1988 3936 Quod
2042 3872 2086 3925 si

494 3959 778 4025 ceciderit,
809 3962 951 4029 quod
979 3972 1105 4017 ante
1141 3972 1345 4027 ruerat,
1379 3978 1609 4034 surgens
1640 3962 1823 4017 stabit.
1859 3963 2089 4019 Interior

493 4050 657 4106 homo
679 4066 833 4107 meus
854 4054 1131 4124 quondam
1158 4054 1378 4122 jacebat
1407 4054 1599 4119 elisus,
1631 4064 1686 4109 et
1713 4057 1952 4109 exterior
1981 4068 2090 4109 sta-

491 4144 585 4201 bat
614 4159 853 4202 erectus.
888 4152 1194 4217 Antequam
1223 4149 1509 4204 crederem
1535 4149 1586 4203 in
1617 4148 1806 4204 Jesutn
1834 4193 1849 4214 ,
1883 4149 2085 4204 bonum

494 4238 548 4293 in
573 4255 661 4296 me
687 4240 929 4309 iacebat,
963 4243 1164 4296 malum
1195 4243 1391 4298 stabat.
1421 4244 1712 4313 Postquam
1775 4244 1866 4298 ille
1915 4246 2085 4311 venit,

497 4343 623 4386 tunc
667 4333 812 4402 quod
851 4333 903 4387 itt
937 4350 1025 4389 me
1075 4335 1275 4390 malum
1309 4336 1430 4403 luit,
1465 4336 1696 4404 corruit,
1728 4345 1783 4390 et
1808 4336 2085 4407 expletum

493 4433 578 4477 est
631 4423 807 4479 illud:
848 4424 1067 4499 Semper
1092 4427 1545 4498 mortificationem
1595 4425 1720 4482 Jesu
1765 4429 1820 4481 in
1874 4443 2089 4498 corpore

491 4516 932 4586 circumferentes.
972 4523 1040 4572 |-.t
1071 4519 1202 4573 illud
1236 4538 1250 4573 :
1294 4518 1606 4588 Mortiﬁcate
1642 4519 1873 4573 membra
1918 4533 2086 4575 vestra

489 4624 649 4677 super
676 4618 893 4676 terrain,
923 4612 1340 4682 fornicationem,
1361 4612 1765 4676 immunditiam,
1790 4614 2078 4681 luxuriam,

486 4700 866 4770 idololatrium,
890 4704 1136 4773 veneﬁcia
1163 4702 1392 4777 (Cotoss.
1422 4705 1526 4775 ιιι),
1549 4715 1605 4761 et
1627 4718 1843 4760 caetera.
1878 4706 2080 4761 llorutu

489 4796 732 4850 omnium
767 4798 915 4852 utilis
942 4799 1095 4853 ruina
1120 4798 1259 4854 facta
1289 4811 1392 4855 est.
1427 4800 1491 4855 Et
1513 4799 1581 4855 de
1610 4800 1710 4855 hac
1759 4800 1913 4854 ruina
1945 4801 2083 4855 dici-

486 4897 619 4943 tur:
667 4887 989 4963 Ubicumque
1037 4894 1133 4946 erit
1182 4894 1421 4957 cadaver,
1475 4891 1586 4947 illic
1624 4894 2085 4965 congregabantur

480 4983 672 5054 aquila:
697 4982 878 5053 (Matt.
915 4987 1050 5055 ιιν).
1101 4982 1351 5041 Cadaver
1373 4995 1398 5022 ⁸
1420 4987 1621 5057 quippe
1647 5002 1676 5039 a
1703 5004 1831 5040 casu
1882 5002 2080 5041 nomen

481 5076 711 5143 accepit.
777 5075 888 5130 Una
938 5087 1022 5132 est
1084 5078 1197 5132 haec
1255 5079 1405 5132 ruina
1440 5119 1456 5142 ,
1516 5080 1580 5131 ad
1626 5094 1788 5147 quam
1844 5080 2077 5148 primum

488 5165 849 5238 397-298
877 5168 1027 5223 venit
1054 5167 1216 5223 Jesus
1247 5185 1261 5225 :
1298 5184 1396 5222 nec
1430 5178 1609 5237 potest
1661 5171 1840 5225 facere
1890 5187 2078 5225 resur-

486 5262 812 5324 rectionem,
848 5261 949 5315 nisi
996 5264 1152 5315 ruina
1187 5262 1554 5330 princesserit.
1604 5261 1763 5316 Venit
1813 5275 1938 5318 ante
1988 5265 2084 5319 de-

552 5403 578 5431 ι
610 5394 737 5447 llaec
787 5395 1009 5448 minime
1060 5409 1291 5449 necesse
1342 5406 1425 5448 est
1478 5411 1507 5446 a
1537 5394 1735 5449 Latino
1781 5396 2085 5462 Interprete

478 5468 642 5519 verba
678 5464 1211 5537 suppletaarbitrari
1239 5481 1258 5519 :
1285 5462 1517 5537 Cadaver
1559 5467 1747 5537 quippe
1771 5484 1802 5518 a
1830 5483 1890 5537 ca
1925 5482 1955 5516 u
1986 5481 2078 5516 no.

488 5550 605 5607 men
635 5535 854 5607 accepit,
903 5534 1021 5589 Non
1068 5536 1210 5589 enim
1263 5537 1432 5590 semel
1464 5534 1725 5607 Origenes
1760 5537 1811 5589 in
1871 5536 2086 5607 hacin-

487 5604 565 5676 dit
602 5603 965 5676 etymologia
990 5646 1006 5668 ,
1040 5618 1098 5659 ιιι
1127 5608 1185 5660 S.
1218 5603 1584 5676 Epiphanius
1619 5618 1849 5659 testatur
1908 5605 2083 5667 Epist.

490 5674 558 5749 ad
590 5675 860 5749 Joannem
890 5674 1406 5749 ierosolymitannm
1454 5680 1598 5749 inter
1627 5676 2087 5749 llietonymianas

489 5743 643 5831 libri.
716 5759 760 5831 ὲ
771 5741 972 5827 Corpus
994 5741 1183 5831 ltocfob
1202 5748 1432 5831 idjuxta
1455 5746 1667 5831 ercas
1697 5741 1875 5831 ᾂέμαξ,
1907 5746 1962 5831 id
1982 5757 2081 5814 est,

491 5812 765 5867 vinculum
794 5856 807 5877 ,
861 5812 964 5869 sive
997 5818 1155 5884 juxta
1215 5812 1375 5871 aliam
1427 5812 1796 5888 proprietatem
1848 5812 2080 5885 «talpa,

2186 1926 2489 1981 dicebantur
2509 1928 2575 1982 de
2599 1944 2680 1983 eo.
2705 1931 2836 1995 Quae
2866 1929 3033 1999 igitur
3060 1944 3223 1984 causa
3249 1931 3503 1997 exstitit,
3559 1941 3616 1985 ιιι
3653 1948 3779 1987 eum

2185 2024 2275 2092 qui
2336 2033 2489 2091 pater
2544 2039 2651 2075 non
2701 2022 2836 2089 l'uit,
2886 2034 3093 2092 patrem
3125 2037 3244 2078 esse
3272 2025 3645 2079 memoraret?
3675 2025 3778 2094 Qui

2186 2113 2418 2182 simplici
2453 2115 2792 2185 expositione
2838 2124 3129 2170 cuntentus
3156 2126 3277 2183 est,
3326 2114 3457 2171 dicit
3492 2135 3506 2171 :
3535 2119 3781 2171 Honora-

2184 2206 2264 2259 vit
2287 2222 2411 2260 eum
2443 2207 2682 2277 Spiritus
2710 2218 2933 2263 sanctus
2978 2208 3156 2263 Patris
3182 2210 3488 2276 vocabulo,
3521 2210 3645 2279 quia
3679 2228 3781 2265 nu-

2188 2298 2384 2351 trierat
2414 2298 2776 2353 Salvatorem.
2804 2299 2908 2368 Qui
2936 2311 3118 2356 autem
3148 2303 3313 2356 altius
3358 2303 3565 2373 aliquid
3596 2303 3783 2372 inqui-

2186 2388 2276 2453 rit,
2309 2398 2493 2458 potest
2540 2390 2729 2446 dicere
2760 2409 2772 2445 :
2803 2395 2931 2461 quia
2959 2394 3336 2464 generationis
3381 2396 3518 2449 ordo
3546 2411 3574 2449 a
3610 2395 3779 2451 David

2185 2498 2361 2553 usque
2388 2484 2455 2537 ad
2485 2483 2688 2554 Joseph
2722 2486 3017 2541 deducitur
3048 2486 3237 2560 (Matt.
3268 2488 3331 2561 t),
3387 2498 3533 2545 etne
3561 2489 3784 2545 videre-

2188 2585 2278 2631 tur
2306 2577 2505 2631 lrustra
2536 2578 2739 2648 Joseph
2784 2581 3073 2649 nominari,
3129 2582 3222 2651 qui
3254 2592 3407 2652 pater
3455 2599 3562 2638 non
3595 2583 3781 2639 fuerat

2186 2669 2515 2735 Salvatoris,
2578 2683 2633 2725 ut
2670 2673 3040 2743 generationis
3090 2674 3228 2728 ordo
3280 2674 3506 2731 haberet
3557 2676 3780 2731 locum:

2189 2775 2340 2834 pater
2362 2764 2669 2834 appellatus
2698 2777 2785 2821 est
2827 2766 3042 2820 Domini
3085 2766 3238 2835 (Luc.
3272 2768 3374 2838 ιιι).
3412 2769 3783 2824 Atlmiraban-

2190 2865 2276 2911 tur
2321 2856 2484 2927 igitur
2515 2867 2668 2924 pater
2698 2856 2844 2912 illius
2876 2868 2929 2912 et
2952 2871 3128 2913 mater
3155 2873 3322 2928 super
3347 2859 3432 2914 his
3462 2875 3582 2927 qua
3630 2860 3783 2915 dice-

2190 2950 2388 3004 bantur
2409 2951 2478 3004 de
2503 2966 2589 3016 eo,
2649 2962 2755 3005 tam
2788 2952 2856 3005 ab
2886 2951 3081 3019 angelo
3111 2992 3126 3016 ,
3177 2966 3337 3021 quam
3369 2968 3398 3005 a
3427 2952 3773 3005 multitudine

2188 3041 2430 3096 caelestis
2480 3042 2764 3096 exercitus
2794 3083 2807 3104 ,
2857 3056 2957 3097 nec
3004 3048 3110 3095 non
3142 3057 3171 3096 a
3205 3042 3539 3111 pastoribus.
3588 3041 3783 3098 Omnia

2192 3132 2398 3205 quippe
2426 3132 2542 3189 haec
2575 3133 2887 3196 audientes,
2920 3133 3397 3187 vehementissime
3428 3133 3782 3188 mirabantur.

2199 3222 2414 3278 Dehinc
2443 3222 2721 3292 Scriptura
2756 3225 2828 3278 ait
2865 3243 2879 3279 :
2908 3222 3183 3279 Benedixit
3210 3224 3257 3277 ei
3280 3223 3491 3280 Sinteon
3515 3268 3529 3292 ,
3574 3234 3622 3278 et
3653 3225 3789 3278 dixit

2196 3315 2268 3368 ad
2311 3314 2539 3369 Mariam
2587 3325 2805 3370 matrem
2844 3318 2960 3386 ejus
2986 3331 3006 3369 :
3047 3314 3182 3369 Ecce
3231 3316 3328 3370 iste
3376 3317 3578 3388 positus
3631 3318 3787 3371 estin

2190 3410 2399 3460 ruinam
2427 3415 2474 3460 et
2504 3408 2557 3460 in
2578 3408 3007 3461 resurrectionem
3042 3406 3321 3463 multorum
3344 3411 3395 3462 in
3426 3407 3619 3476 Israel,
3652 3420 3701 3463 et
3731 3411 3783 3464 in

2190 3498 2396 3568 signum
2420 3501 2502 3551 cui
2534 3499 2928 3554 contradicitur.
2962 3499 3032 3555 Et
3063 3509 3204 3556 tuam
3232 3504 3395 3574 ipsius
3418 3505 3646 3557 animam
3667 3521 3788 3576 per-

2192 3590 2431 3643 transibit
2459 3591 2689 3663 gladius,
2727 3604 2780 3645 ut
2813 3591 3106 3647 revelentur
3136 3609 3202 3648 ea:
3231 3596 3409 3649 ntultis
3435 3597 3675 3650 cordibus
3700 3613 3789 3651 co-

2190 3680 2487 3751 gitationes.
2524 3683 2809 3747 Quomodo
2840 3685 3091 3740 Salvator
3121 3685 3174 3738 in
3198 3688 3411 3741 ruinam
3443 3687 3571 3742 etin
3604 3703 3786 3743 resur-

2193 3777 2500 3829 rectionem
2537 3776 2833 3831 multorum
2867 3779 3105 3840 venerit.
3160 3792 3244 3833 est
3272 3782 3789 3852 contemplandum.

2266 3867 2369 3935 Qui
2404 3866 2513 3940 [ΑΙ.
2550 3868 2717 3941 Quid]
2750 3871 3344 3942 sitnplicitrresponit,
3380 3885 3555 3943 potest
3580 3875 3787 3943 dicere,

2190 3961 2243 4017 in
2278 3963 2486 4016 ruinam
2511 3979 2633 4017 eum
2661 3967 2877 4020 venisse
2906 3964 3232 4031 iulideliuut,
3266 3978 3320 4022 et
3347 3967 3402 4021 iu
3432 3970 3787 4023 resurrectio-

2192 4069 2314 4109 nem
2340 4056 2701 4110 credentium.
2735 4055 2840 4122 Qui
2897 4072 3032 4113 vero
3062 4058 3322 4113 curiosus
3353 4062 3625 4129 interpres
3673 4073 3781 4129 est,

2190 4148 2347 4216 dicit,
2381 4165 2722 4219 nequaquam
2752 4166 2877 4206 cum
2907 4152 3109 4207 cadere
3136 4152 3228 4223 qui
3259 4164 3387 4208 ante
3416 4170 3523 4209 non
3550 4156 3789 4209 steterit.

2191 4244 2266 4300 Da
2299 4247 2433 4300 ntihi
2467 4247 2647 4315 igitur,
2679 4248 2771 4316 qui
2803 4245 2969 4301 fuerit
3017 4246 3107 4301 ille
3136 4247 3227 4316 qui
3257 4249 3493 4315 steterit,
3527 4259 3583 4304 et
3607 4250 3659 4302 in
3692 4265 3792 4303 cn-

2185 4337 2275 4407 jus
2308 4341 2521 4392 ruinam
2574 4338 2829 4395 Salvator
2853 4338 3177 4404 advenerit,
3211 4356 3423 4395 net—non
3455 4351 3512 4396 et
3540 4357 3661 4395 eum
3696 4343 3787 4411 qui

2190 4440 2502 4500 consurgat.
2532 4429 2668 4485 Nam
2696 4433 2881 4500 utique
2909 4429 3001 4484 ille
3025 4416 3438 4502 consurgit,qui
3470 4443 3628 4488 antea
3659 4449 3787 4487 cor-

2193 4533 2397 4577 ruerat.
2428 4521 2733 4577 Videndum
2766 4533 2853 4579 est
2884 4524 3094 4592 utique,
3127 4539 3196 4577 ne
3220 4522 3361 4578 forte
3391 4525 3643 4580 Salvator
3672 4541 3782 4581 non

2192 4615 2316 4671 aliis
2348 4628 2514 4686 atque
2535 4616 2658 4669 aliis
2687 4617 2738 4669 in
2764 4617 2980 4669 ruinam
3009 4616 3285 4668 veneritet
3320 4618 3787 4673 resurrectionem

2192 4706 2623 4774 multorum,sed
2643 4707 2835 4762 iisdem
2851 4716 2908 4761 et
2940 4706 2991 4759 in
3009 4705 3227 4760 ruinam
3256 4715 3310 4759 et
3340 4707 3390 4759 in
3417 4709 3792 4763 testtrreCIio-

2191 4816 2313 4854 nem
2346 4798 2567 4855 venerit.
2593 4797 2660 4853 In
2673 4798 3318 4869 judicium,ait,egoveni,
3342 4799 3503 4869 utqui
3524 4815 3624 4852 non
3648 4799 3792 4853 vidc-

2190 4892 2312 4946 bant
2336 4893 2563 4956 videant,
2587 4901 2631 4944 et
2653 4908 2740 4959 qut
2771 4890 3013 4945 videbant
3036 4891 3158 4942 arci
3183 4890 3312 4959 ﬁant
3342 4889 3522 4959 (Joau.
3555 4892 3656 4961 Ix).
3692 4891 3791 4949 Est

2187 4984 2331 5040 enim
2361 4988 2412 5037 in
2443 4984 2600 5037 nobis
2626 4982 2767 5051 quod
2792 4982 3009 5038 videbat
3026 4982 3192 5051 prius,
3211 4994 3264 5037 et
3286 4991 3473 5052 postea
3490 4983 3676 5039 videre
3696 4985 3788 5041 de-

2186 5080 2341 5136 sivit:
2361 5077 2567 5133 rtaliud
2592 5076 2736 5145 quod
2753 5093 2857 5129 non
2878 5077 3173 5143 videbat,et
3194 5086 3377 5140 postea
3392 5080 3558 5143 ctepit
3575 5077 3783 5130 videre.

2189 5171 2349 5227 Vetbi
2365 5169 2533 5240 gratia
2555 5187 2566 5223 :
2590 5167 2724 5221 Volo
2745 5169 2929 5223 videre
2946 5170 3051 5223 illis
3064 5168 3262 5233 oculis,
3282 5167 3476 5237 quibus
3492 5179 3651 5222 antea
3677 5183 3786 5221 nou

2188 5264 2463 5328 videbam,
2490 5272 2544 5314 et
2573 5259 2666 5330 qui
2698 5259 2827 5314 milti
2859 5271 3044 5329 postea
3070 5260 3302 5313 reserati
3331 5271 3481 5324 sunt,
3513 5260 3776 5329 quoniam

2194 5396 2249 5447 id
2277 5403 2347 5447 est
2367 5434 2383 5457 ,
2435 5393 2668 5447 cadaver
2694 5432 2708 5455 ,
2744 5391 2847 5444 dici
2875 5432 2888 5451 .
2946 5393 3067 5454 quia
3094 5393 3283 5445 animw
3312 5394 3376 5448 de
3406 5397 3532 5448 creta
3558 5396 3784 5452 ruerint.

2198 5465 2495 5537 Enimvero
2525 5463 2603 5517 sic
2635 5476 2829 5514 vocant
2857 5460 3036 5537 Gra'ci
3059 5477 3263 5530 corpus
3295 5464 3544 5518 exanime
3569 5475 3785 5537 πτῶμα.

2195 5535 2552 5590 Adamantius
2575 5544 2628 5586 et
2670 5529 3009 5585 commodam
3064 5548 3258 5584 nactus
3295 5548 3409 5587 sua:
3452 5529 3784 5600 espOstttoni

2193 5604 2606 5676 etymologiam,
2647 5616 2806 5676 quam
2832 5601 3453 5676 aliqsztdopinationem
3513 5620 3664 5659 suam
3703 5625 3759 5660 as

2192 5669 2484 5733 Μινωίδεῇ
2538 5672 2863 5750 utrquehat.
2922 5669 3172 5750 lticnipse
3211 5676 3538 5750 scripserit,
3594 5686 3789 5750 πτῶμα

2189 5754 2312 5821 γοῦν
2339 5747 2444 5800 ἀπὸ
2472 5736 2718 5821 meum;
2744 5740 2942 5811 λέγεται
2971 5755 2983 5791 :
3018 5736 3254 5794 Cadaver
3269 5736 3461 5812 quippe
3488 5736 3665 5799 a'casu
3693 5736 3789 5801 rio-

2189 5815 2306 5871 inen
2332 5815 2549 5883 accepit.
