4044 6312
239 235 355 292 ΞὸἹ

870 234 1312 294 TRANSLATIO
1353 236 1793 294 llORIlLlARUM
1834 231 2160 290 ORIGENIS
2200 232 2266 290 ΙΝ
2306 232 2559 290 LUCAM.’
2606 232 2769 291 “OM.
2808 233 2973 294 XVII.

3439 237 3545 297 258

245 358 375 419 post
431 350 861 407 inobcdientiam
918 362 972 407 et
1009 354 1202 409 .Adam
1257 361 1312 407 et
1362 352 1491 408 Este
1529 353 1672 408 oculi
1717 360 1843 405 sunt
1868 355 1917 414 Α
1947 350 2184 404 ostendit
2228 351 2279 405 in
2313 351 2565 405 manibus
2589 352 2705 406 suis
2732 350 2914 417 (Joau.
2944 348 3077 423 xx):
3120 349 3240 406 aliis
3267 366 3298 406 e
3329 353 3548 421 regione

245 444 447 508 aperti,
484 442 553 497 de
592 444 788 513 quibus
830 445 1103 509 superiori
1156 459 1408 500 sermone
1463 444 1838 499 tractavimus.

242 534 399 590 Nunc
441 545 628 590 autem
677 537 1151 607 interpretandum
1185 582 1200 605 ,
1250 537 1382 607 quid
1435 537 1543 593 sibi
1573 538 1710 593 velit
1741 539 1845 593 hoc

242 629 391 700 quod
420 631 495 684 ait
524 647 538 686 :
568 630 705 685 Ecce
728 631 815 684 hic
839 633 1038 703 positus
1058 640 1131 685 est
1160 633 1211 685 in
1234 632 1474 694 ruinam,
1508 640 1557 685 et
1583 632 1638 685 in
1660 647 1839 685 resur-

242 725 520 778 rectionem
550 722 833 778 multorum
890 725 946 778 in
988 722 1183 779 Israel.
1228 722 1313 779 Me
1340 730 1558 792 oportet
1605 722 1838 790 primum

243 816 465 881 cadere,
497 826 554 872 et
584 831 707 870 cum
732 817 1005 883 cecidero,
1041 828 1235 886 postea
1267 816 1406 871 bene
1434 830 1743 886 resurgere,
1775 829 1843 869 ne

244 908 501 965 Salvntor
530 923 695 963 causa
740 909 910 964 fuerit
941 909 1102 964 mala:
1150 910 1357 974 rninm;
1408 907 1505 963 sed
1552 916 1839 977 propterea

244 1002 443 1057 cadere
470 1016 556 1056 me
577 1000 724 1066 fecit,
760 1010 818 1055 ut
840 1017 1191 1073 consurgam,
1227 1012 1284 1057 et
1314 1002 1490 1056 mttlto
1519 1001 1651 1056 mihi
1684 1000 1839 1055 ruina

246 1094 439 1148 utilior
470 1093 655 1163 fuerit,
679 1111 840 1165 quam
868 1094 998 1150 illud
1025 1105 1244 1164 tempus
1275 1111 1382 1163 quo
1410 1095 1638 1150 videbar
1666 1104 1837 1149 stare.

247 1187 469 1243 Stabam
493 1188 639 1242 enim
672 1189 723 1241 in
756 1194 984 1258 peccato
1021 1201 1090 1242 eo
1125 1196 1371 1256 tempore
1393 1230 1408 1253 ,
1457 1202 1566 1257 quo
1616 1194 1841 1255 peccato

250 1278 498 1332 vivebam
531 1286 626 1333 :et
650 1279 774 1350 quia
814 1284 1041 1347 peccato
1069 1276 1285 1332 stabam
1314 1321 1330 1341 ,
1363 1275 1544 1345 prima
1570 1276 1703 1330 mihi
1731 1275 1840 1331 uti-

249 1367 377 1423 litas
404 1367 511 1423 fuit
540 1378 597 1422 ut
626 1369 907 1433 caderem,
940 1376 997 1423 et
1028 1374 1252 1438 peccato
1297 1381 1565 1422 morerer.
1592 1366 1840 1435 Denique

254 1469 311 1516 et
337 1463 510 1515 sancti
551 1461 832 1530 propheta:
851 1502 867 1525 ,
893 1461 1109 1531 quando
1138 1460 1423 1530 augustius
1472 1458 1677 1527 aliquid
1709 1473 1842 1512 con-

250 1555 684 1623 templabantur,
711 1555 983 1609 cadebant
1006 1555 1060 1607 in
1092 1552 1285 1608 faciem
1330 1567 1507 1606 suam.
1541 1551 1839 1620 Propterea

248 1657 434 1701 autem
478 1647 789 1711 cadebant,
844 1657 901 1703 ut
945 1658 1168 1716 peccata
1225 1662 1322 1715 per
1353 1646 1565 1700 ruinam
1626 1647 1841 1714 plenius

1947 442 2327 508 tractantibus,
2362 442 2405 495 si
2440 441 2583 496 idem
2609 456 2812 512 corpus
2843 443 3053 500 habuit.
3091 442 3365 512 quomodo
3394 444 3544 497 clan-

1943 532 2019 586 sis
2052 532 2333 602 iugressns
2361 543 2445 589 est
2482 537 2663 600 ostiis,
2705 543 2760 588 et
2786 534 2973 589 stetit?
3014 534 3174 590 Vides
3220 534 3383 603 igitur
3410 550 3547 606 que-

1942 627 2290 682 madmodum
2339 630 2678 699 argumentis
2727 630 2900 684 variis
2945 630 3111 685 etiam
3161 630 3547 686 resurrectioni

1941 718 2061 787 ejus
2096 721 2327 789 quaestio
2356 720 2688 784 concitetur,
2720 730 2775 775 et
2803 721 2863 774 lit
2903 722 3115 791 signum
3147 721 3232 775 cui
3265 721 3546 775 contradi-

1941 813 2101 867 citur.
2130 815 2242 881 Ego
2272 821 2329 868 et
2357 812 2460 870 hoc
2491 812 2639 884 quod
2670 812 3062 883 prophetarum
3092 829 3191 868 ore
3221 814 3542 883 praedii-tum

1941 914 2049 967 est,
2081 911 2211 972 puto
2241 905 2458 972 signum
2488 918 2611 959 esse
2641 903 2729 958 cui
2760 905 3181 959 contradicitur.
3230 905 3365 962 Sunt
3398 904 3544 961 enim

1942 995 2123 1063 plures
2147 994 2179 1048 h
2200 995 2414 1061 cretici,
2447 995 2537 1064 qui
2568 1005 2817 1049 asserunt
2861 1011 2984 1050 eum
3017 1011 3048 1050 a
3082 997 3363 1066 praphetis
3396 997 3546 1067 peni-

1942 1097 2028 1143 tus
2059 1104 2166 1143 non
2199 1089 2366 1144 fuisse
2396 1088 2780 1158 praedicatum.
2812 1088 2879 1142 Et
2907 1088 3036 1160 quid
3083 1105 3170 1144 me
3212 1106 3435 1146 necesse
3463 1099 3547 1147 est

1942 1186 2106 1235 multa
2141 1182 2435 1252 prosequi?
2466 1181 2655 1235 Omnia
2696 1196 2818 1250 qua:
2845 1179 2914 1236 de
2952 1196 3020 1235 eo
3069 1192 3256 1237 narrat
3287 1182 3541 1251 historia,

1943 1272 2154 1343 signum
2202 1284 2288 1329 est
2330 1273 2415 1328 cui
2448 1271 2866 1328 contradicitur.
2911 1270 3027 1327 Non
3074 1273 3221 1342 quod
3268 1274 3543 1331 contradi-

1941 1374 2069 1419 caut
2097 1366 2150 1419 bi
2182 1366 2275 1436 qui
2318 1366 2556 1420 credunt
2584 1366 2637 1420 in
2670 1381 2797 1421 eum
2828 1382 2840 1418 :
2877 1381 2977 1420 nos
3007 1365 3211 1436 quippe
3253 1383 3414 1423 omna
3441 1369 3547 1424 sci-

1944 1472 2065 1511 mus
2110 1472 2239 1511 vera
2264 1472 2391 1513 esse
2418 1474 2540 1528 qua:
2570 1457 2771 1524 scripta
2804 1469 2963 1521 sunt;
2996 1457 3092 1512 sed
3133 1459 3258 1527 quia
3294 1461 3435 1529 apud
3465 1461 3548 1515 in-

1942 1551 2200 1607 credulos
2232 1555 2510 1617 universa,
2547 1568 2668 1622 quae
2698 1553 2766 1608 de
2795 1569 2862 1608 eo
2904 1553 3105 1624 scripta
3136 1563 3283 1620 sunt,
3332 1556 3543 1626 signum

1945 1643 2016 1697 sit
2042 1643 2129 1699 cui
2149 1643 2562 1698 coptradicitttr.
2593 1643 2802 1698 Deinde
2828 1644 3049 1700 Simeon
3079 1645 3154 1700 ait
3186 1644 3288 1699 :Et
3306 1658 3447 1700 tuam
3469 1647 3551 1717 ip-

249 1752 641 1812 purgarentur.
697 1740 813 1796 Hoc
864 1742 1044 1810 ipsum
1076 1748 1129 1794 et
1154 1739 1412 1796 Salvator
1467 1739 1566 1792 tibi
1608 1740 1840 1805 primum
1872 1734 1921 1796 Β
1946 1735 2055 1788 sius
2072 1736 2304 1788 animam
2330 1735 2661 1806 pertransibit
2687 1735 2914 1807 gladius.
2946 1736 3075 1804 Quis
3097 1749 3179 1791 est
3201 1736 3545 1806 istegladius,

250 1835 541 1899 concedit,
593 1845 650 1888 ιιι
703 1847 949 1888 corruas.
987 1831 1252 1888 Ethnicus
1295 1848 1420 1887 eras
1448 1875 1464 1898 ,
1515 1832 1674 1886 cadat
1705 1833 1756 1885 in
1792 1843 1844 1887 te

250 1927 506 1982 ethnicus
530 1944 544 1980 :
573 1925 845 1996 diligebas
868 1932 1108 1979 scortum
1133 1964 1147 1987 ,
1180 1924 1411 1993 primum
1440 1923 1493 1977 in
1525 1934 1578 1977 te
1598 1934 1844 1977 scortum

253 2021 538 2076 intereat:
585 2031 841 2088 peccator
891 2032 1014 2073 eras
1044 2058 1058 2083 ,
1116 2017 1275 2072 cadat
1330 2016 1384 2070 in
1435 2026 1486 2071 Ie
1539 2023 1793 2085 peccator
1826 2057 1842 2081 ,

252 2120 310 2168 ut
371 2111 557 2181 possis
620 2109 821 2164 dehinc
873 2124 1162 2179 resurgere
1228 2117 1285 2163 et
1346 2107 1844 2165 dicere:Sicom-

152 2227 165 2235 ~
256 2203 445 2256 mortui
507 2218 717 2267 sumus,
779 2210 828 2255 et
869 2205 1192 2254 convivemus
1222 2214 1241 2251 :
1282 2208 1331 2252 et
1380 2199 1426 2251 si
1474 2198 1652 2251 mortis
1714 2215 1842 2251 cou-

253 2296 481 2365 formes,
536 2294 692 2347 simul
741 2305 789 2349 et
835 2292 1235 2348 resurrectionis
1285 2292 1475 2345 erimus
1516 2289 1702 2362 (Rom.
1735 2292 1841 2363 vt).

251 2386 409 2459 297
426 2416 452 2426 -
472 2386 638 2458 298
671 2385 776 2440 [Ste
799 2384 961 2455 igitur
989 2384 1042 2437 in
1073 2385 1283 2439 ruinam
1311 2390 1368 2438 et
1398 2385 1451 2437 in
1483 2383 1841 2438 resurrectio-

252 2494 370 2535 nem
401 2479 690 2533 multorum
734 2477 944 2548 positus
972 2478 1135 2532 estin
1174 2476 1362 2543 Israel,
1414 2476 1516 2531 hoc
1544 2485 1648 2542 est,
1683 2479 1733 2529 in
1762 2476 1843 2532 his

249 2571 337 2644 qui
366 2572 524 2639 plena
550 2582 778 2642 possunt
817 2572 956 2637 acie,
985 2580 1040 2625 et
1071 2570 1281 2625 ratione
1311 2570 1646 2639 conspicere.
1679 2567 1748 2622 Et
1788 2569 1841 2622 in

249 2666 449 2736 signum
476 2667 560 2718 cui
588 2665 984 2719 contradicetur.
1022 2662 1287 2718 Omnibus
1318 2679 1438 2734 qua:
1465 2672 1647 2717 narrat
1675 2662 1844 2717 histo-

249 2757 323 2814 ria
353 2759 418 2812 de
445 2758 747 2826 Salvatore,
777 2757 1189 2814 centradicitnr.
1221 2756 1388 2828 Virgo
1421 2767 1595 2811 mater
1625 2766 1728 2819 est,
1758 2756 1844 2811 cui

247 2848 655 2905 Contradicitur.
687 2849 1015 2905 Marcionita:
1046 2848 1439 2904 contradicunt
1487 2848 1613 2903 huic
1665 2848 1841 2917 signo,

246 2951 303 2997 et
330 2942 503 3009 aiunt,
553 2941 761 3010 penitus
791 2957 912 2996 eum
956 2942 1025 2997 de
1074 2942 1298 2997 muliere
1328 2958 1435 2995 non
1468 2957 1589 2996 esse
1616 2956 1846 3011 genera-

248 3044 383 3091 tum.
420 3035 685 3089 Ebionitze
714 3034 1091 3090 contradicunt
1135 3036 1312 3106 signo,
1358 3036 1601 3090 dicentes
1631 3050 1697 3089 ex
1724 3035 1843 3088 viro

1945 1827 2037 1897 qui
2070 1842 2177 1880 non
2209 1829 2439 1880 altorum
2471 1838 2703 1895 tantum,
2748 1826 2844 1882 sed
2873 1828 3039 1882 etiam
3085 1827 3270 1882 Mariae
3299 1843 3395 1883 cor
3424 1844 3548 1898 per-

1948 1919 2183 1972 transit?
2215 1923 2418 1987 Aperte
2446 1920 2728 1984 scribitur,
2764 1919 2910 1987 quod
2952 1920 3007 1974 in
3051 1927 3299 1989 tempore
3336 1922 3548 1991 passio-

1948 2010 2031 2062 nis
2061 2024 2252 2063 omnes
2292 2010 2401 2063 sint
2452 2011 2685 2081 apostoli
2731 2010 3108 2077 scandalizati,
3166 2012 3285 2079 ipSo
3331 2026 3547 2080 quoque

1946 2098 2181 2154 Domino
2207 2100 2429 2156 dicente
2462 2119 2473 2153 :
2512 2101 2704 2155 (James
2731 2119 2819 2157 vos
2860 2102 3345 2157 scandalizabimini
3374 2105 3427 2157 in
3456 2120 3550 2158 no—

1945 2202 2022 2245 cte
2053 2193 2147 2246 Itac
2173 2191 2397 2263 (Matth.
2444 2192 2616 2264 xxvr).
2668 2194 2813 2266 Ergo
2857 2195 3215 2251 scandalizati
3261 2207 3387 2252 sunt
3430 2198 3550 2253 uni-

1944 2286 2109 2351 versi,
2143 2285 2195 2338 in
2219 2297 2422 2340 tauttnn
2455 2295 2513 2340 ut
2540 2287 2733 2342 Petrus
2754 2305 2971 2360 quoque
2991 2294 3367 2360 apostolorum
3395 2294 3551 2363 prin-

1944 2391 2074 2446 ceps
2109 2378 2269 2433 tertio
2295 2378 2598 2449 denegarit.
2626 2380 2813 2448 Quid?
2837 2395 3090 2451 putamus
3121 2388 3290 2454 quod,
3319 2390 3552 2443 scanda-

1945 2467 2124 2524 lizatis
2149 2469 2440 2536 apostolis,
2484 2468 2511 2507 ι’
2553 2470 2726 2527 Mater
2756 2472 2970 2529 Domini
3000 2490 3031 2530 a
3081 2478 3339 2532 seandalo
3389 2481 3552 2537 fuerit

1946 2562 2242 2618 immunis?
2290 2564 2348 2618 Si
2397 2564 2722 2620 scandalum
2778 2567 2832 2621 in
2868 2567 3082 2623 Domini
3129 2572 3385 2641 passione
3440 2590 3551 2630 non

1946 2672 2101 2726 passa
2133 2670 2239 2727 est,
2273 2676 2380 2714 non
2410 2668 2497 2716 est
2526 2673 2773 2717 mortuus
2811 2662 2971 2720 Jesus
3003 2682 3100 2736 pro
3133 2670 3371 2737 peccatis
3396 2670 3544 2740 ejus.

1944 2749 1999 2806 Si
2030 2761 2211 2805 autem
2258 2768 2454 2807 omnes
2487 2766 2874 2824 peccaverunt,
2909 2766 2968 2813 et
2997 2769 3162 2830 egent
3186 2762 3361 2831 gloria
3409 2763 3543 2833 Dei,

1939 2843 2221 2913 jnstilicati
2264 2846 2434 2915 gratia
2480 2849 2600 2915 ejus
2646 2856 2703 2903 et
2749 2850 3042 2918 redempti,
3072 2854 3259 2923 utique
3291 2867 3344 2910 et
3375 2855 3544 2913 Maria

1945 2939 2038 2994 illo
2063 2949 2309 3010 tempore
2338 2940 2699 2996 scandalizata
2731 2952 2835 2999 est.
2873 2945 2941 3000 Et
2968 2947 3072 3002 hoc
3112 2960 3196 3003 est
3225 2951 3369 3020 quod
3402 2967 3547 3009 nunc

1947 3034 2167 3090 Situeou
2197 3032 2508 3103 prOphetat,
2532 3035 2726 3091 dicens
2761 3054 2771 3089 :
2816 3036 2887 3090 Et
2927 3048 3070 3093 tuam
3097 3040 3266 3108 ipsius
3291 3044 3542 3113 animum,

246 3135 306 3182 et
335 3126 564 3179 muliere
594 3126 663 3180 ita
698 3137 880 3182 natum
908 3141 1053 3195 esse,
1090 3136 1146 3181 ut
1172 3142 1269 3181 nos
1295 3142 1512 3197 quoque
1543 3129 1834 3181 nascimur.
1866 3125 1913 3188 C
1943 3140 2066 3195 quae
2111 3124 2221 3179 scis
2260 3125 2468 3194 absque
2498 3126 2616 3180 viro
2661 3126 2943 3194 peperisse
2993 3139 3045 3184 te
3077 3130 3379 3202 Virginem,
3419 3152 3545 3206 qua

248 3217 446 3273 Habuit
484 3233 681 3289 corpus
721 3218 1037 3284 bttmannm,
1090 3228 1146 3274 et
1204 3219 1306 3274 hoc
1356 3220 1570 3290 signum
1620 3227 1705 3274 est
1755 3221 1841 3273 cui

248 3310 660 3366 contradicitur.
691 3310 793 3365 Alii
822 3311 967 3366 enim
999 3310 1209 3377 dicunt,
1236 3327 1359 3366 enm
1390 3311 1610 3365 venisse
1639 3310 1707 3364 de
1730 3325 1842 3366 caa-

248 3401 317 3458 lis
348 3420 362 3456 :
399 3404 514 3467 alii,
545 3405 651 3459 tale
682 3413 709 3442 ι
742 3406 902 3472 quale
946 3420 1046 3459 nos
1076 3420 1274 3476 corpus
1314 3404 1589 3471 habuisse,
1642 3412 1699 3458 ut
1749 3421 1842 3474 per

248 3495 661 3552 similitudinem
704 3497 955 3565 corporis
997 3497 1158 3552 etiam
1209 3506 1393 3550 nostra
1426 3511 1655 3565 corpora
1701 3496 1844 3550 redi-

248 3601 417 3643 meret
449 3605 478 3643 a
511 3590 767 3657 peccatis,
820 3601 873 3644 et
903 3589 1061 3644 daret
1092 3588 1252 3643 nobis
1280 3604 1433 3657 spent
1485 3590 1846 3644 resurrectio-

249 3678 352 3734 nis.
383 3679 700 3735 Rvsurrexit
742 3695 771 3733 a
821 3680 1091 3734 mortuis:
1142 3688 1199 3733 et
1251 3679 1354 3733 hoc
1402 3679 1616 3750 signum
1647 3691 1729 3736 est
1758 3696 1844 3751 cui

248 3771 663 3836 contradicitur,
694 3770 969 3839 quomodo
999 3770 1322 3833 resurrexit,
1373 3780 1428 3824 et
1472 3782 1651 3825 utrum
1703 3773 1843 3841 ipse,

248 3872 302 3917 et
328 3863 446 3916 talis
474 3862 648 3931 qualis
672 3872 920 3917 mortuus
948 3870 1054 3937 est,
1090 3877 1159 3916 an
1187 3870 1338 3917 certe
1363 3860 1416 3915 in
1449 3862 1689 3918 melioris
1718 3865 1847 3919 sub-

249 3953 460 4008 Slattlitc
496 3968 697 4024 corpus
739 3953 1127 4009 resurrexerit.
1162 3954 1226 4008 Et
1252 3960 1337 4009 est
1378 3953 1585 4009 inlinita
1610 3964 1844 4010 conten-

252 4046 326 4109 tio
370 4064 383 4100 :
436 4047 557 4101 aliis
609 4047 955 4115 dicentibus,
1005 4046 1234 4102 ﬁxuram
1284 4047 1555 4101 clavorum
1620 4047 1844 4103 Thomas

322 4169 349 4196 ⁸
388 4162 749 4217 Observatum
778 4173 863 4218 est
891 4176 1055 4229 snpra
1091 4160 1158 4216 ad
1205 4159 1487 4214 homiliam
1532 4156 1600 4210 M
1630 4160 1846 4213 verissi-

249 4244 341 4286 me
361 4233 627 4286 creditum
658 4235 1047 4301 probatumque
1092 4232 1335 4303 Origeni.
1369 4246 1501 4285 vere
1547 4229 1844 4303 humanum

252 4315 474 4372 corpus,
505 4316 557 4355 et
602 4319 707 4357 non
739 4308 1056 4359 ementitum
1086 4301 1371 4359 Christum
1402 4310 1667 4372 gestasse.
1694 4301 1848 4356 Nunc

252 4386 385 4438 ergo
431 4374 648 4436 quando
675 4375 961 4430 htereticos
993 4378 1329 4442 pronuntiat,
1362 4372 1454 4441 qui
1484 4388 1607 4427 eum
1633 4383 1843 4441 putant,

253 4443 359 4496 tale
384 4442 537 4516 quale
584 4461 677 4497 nos
704 4460 893 4516 corpus
925 4446 1185 4510 habuisse,
1238 4456 1294 4501 et
1321 4460 1351 4499 a
1392 4446 1689 4512 semetipso
1738 4444 1848 4516 dis-

252 4513 483 4588 sentire,
515 4525 679 4588 atque
728 4533 756 4569 a
799 4513 1040 4572 'veritate
1094 4520 1311 4588 l0ugius
1362 4518 1624 4588 aberrare
1672 4515 1842 4583 prima

252 4584 431 4639 fronte
481 4584 752 4640 videatur.
817 4587 1011 4641 Verum
1069 4604 1159 4643 res
1193 4584 1373 4642 'aliter
1426 4585 1661 4652 putanda
1726 4596 1842 4649 cst,

253 4656 533 4711 Ehionitas
574 4657 839 4728 siquidem
893 4661 1226 4730 perstringit,
1271 4660 1363 4729 qui
1402 4656 1677 4709 communi
1728 4655 1849 4724 lege

253 4739 461 4780 naturae
483 4744 550 4798 es
578 4736 694 4798 viro
715 4740 771 4783 et
800 4730 1027 4785 muliere
1040 4741 1357 4798 generatum
1384 4742 1582 4795 corpus
1599 4741 1849 4798 aSsump-

253 4798 393 4870 sisse
457 4797 560 4852 sibi
617 4797 895 4855 Christum
958 4797 1122 4870 impie
1184 4800 1557 4870 deﬁniebant.
1606 4797 1847 4867 liincque

254 4868 392 4942 adeo
419 4870 487 4923 de
512 4870 599 4924 illa
622 4872 891 4939 putandus
918 4883 1000 4926 est
1025 4868 1169 4942 loqui
1197 4868 1657 4942 dissimilitudine,
1685 4884 1846 4942 quam

255 4938 486 5011 ipsemet
515 4944 567 4995 in
600 4938 863 5011 prooemio
895 4938 1158 4997 librorum
1198 4942 1266 4997 de
1298 4939 1601 5011 iPrincipiis
1655 4939 1850 5011 astruit

256 5008 396 5064 inter
428 5008 671 5066 nostrum
703 5022 759 5068 et
784 5012 985 5068 Clll‘iali
1014 5030 1214 5081 Corpus
1250 5010 1619 5075 :Incarnatus,
1651 5010 1846 5081 inquit,

255 5092 329 5151 e_st
359 5083 655 5151 (Christus)
680 5101 800 5139 eum
831 5084 972 5139 Dens
1002 5094 1132 5139 esset
1162 5125 1177 5149 ,
1213 5093 1258 5135 et
1290 5084 1442 5136 homo
1472 5084 1676 5149 mansit,
1709 5080 1849 5149 quod

255 5148 398 5206 Deus
420 5165 550 5220 erat,
597 5148 788 5222 corpus
841 5157 1121 5223 assumpsit
1165 5148 1342 5209 nostro
1398 5153 1602 5219 corpori
1648 5148 1846 5223 simile,

256 5239 315 5277 co
344 5223 455 5277 solo
485 5225 748 5295 differens,
783 5228 922 5295 quod
949 5222 1130 5279 natum
1178 5242 1243 5280 ea:
1283 5224 1489 5295 Virgine
1530 5224 1594 5276 de
1645 5222 1847 5294 Spiritu

256 5307 435 5349 sancto
476 5306 570 5351 est.
609 5294 679 5349 Et
726 5294 970 5363 quoniam
1003 5296 1088 5351 hic
1130 5296 1285 5351 Jesus
1327 5294 1563 5348 Christus
1602 5304 1756 5347 natus
1802 5303 1849 5347 et

258 5381 438 5439 passus
469 5376 542 5421 est
572 5369 623 5420 in
653 5370 884 5433 veritate,
911 5377 957 5422 el
986 5385 1085 5421 non
1126 5384 1216 5439 per
1251 5367 1559 5439 imaginem,
1592 5365 1847 5439 communi

255 5432 536 5518 haemorle
552 5454 664 5493 vere
683 5451 919 5493 mortuus
944 5447 1044 5504 est,
1074 5432 1188 5492 vere
1211 5438 1345 5493 enim
1360 5432 1402 5491 ἀ
1433 5438 1646 5489 mortuis
1675 5451 1849 5489 resur-

255 5519 409 5560 rexit.

328 5577 355 5615 ¹³
400 5579 508 5635 lloc
534 5596 749 5651 quoque
790 5596 953 5652 supra
980 5587 1351 5652 notatumrest,
1374 5578 1534 5652 nobis
1560 5576 1627 5652 ad
1668 5574 1848 5652 homi-

255 5646 383 5700 liam
422 5654 481 5703 Μ
511 5646 700 5705 contra
743 5646 1056 5721 Origenetn,
1108 5652 1198 5707 ubi
1228 5650 1446 5706 Mariam
1476 5648 1678 5721 Christi
1734 5660 1845 5699 ma-

256 5724 416 5784 trem,
468 5731 656 5791 utpote
728 5719 1040 5789 hominem,
1096 5724 1415 5793 purgatione
1466 5719 1767 5789 indiguisse
1819 5732 1847 5770 a

1878 4486 1928 4545 D

1947 3216 2144 3271 audisti
2176 3232 2207 3270 a
2235 3216 2492 3271 Gabriele
2524 3234 2536 3270 :
2573 3217 2806 3285 Spiritus
2833 3231 3041 3276 sanctus
3078 3224 3243 3278 veniet
3271 3243 3427 3297 super
3470 3237 3539 3297 te,

1947 3319 1995 3361 et
2024 3309 2184 3363 t'irtus
2224 3310 2479 3362 Altissimi
2508 3310 2830 3364 obumbrabil
2866 3312 2960 3366 tibi
2980 3353 2995 3379 ,
3044 3318 3374 3383 pertransibit
3424 3320 3544 3374 inll-

1948 3399 2191 3455 delitatis
2220 3398 2453 3472 gladius,
2485 3413 2539 3456 et
2589 3402 2962 3471 ambiguitatis
3006 3418 3268 3464 mucronle
3311 3408 3543 3481 ferieris,

1948 3502 2004 3549 et
2029 3496 2392 3564 cogitationes
2441 3507 2547 3549 tua:
2602 3496 2738 3550 tein
2776 3484 2991 3553 diversa
3039 3500 3386 3569 lacerabunt,
3419 3518 3543 3562 cum

1949 3584 2148 3639 videris
2178 3584 2353 3650 illum,
2382 3601 2545 3656 quem
2577 3585 2770 3641 Filium
2812 3588 2905 3643 Dei
2945 3589 3213 3652 audieras.
3241 3604 3299 3648 et
3334 3593 3546 3652 sciebas

1946 3676 2153 3746 absque
2182 3677 2392 3732 semine
2413 3677 2515 3731 viri
2540 3693 2663 3733 esse
2693 3690 3034 3747 generatum,
3061 3683 3305 3756 cruciﬁgi
3349 3695 3406 3742 et
3430 3702 3547 3741 mo-

1949 3771 2025 3834 ri,
2060 3780 2114 3825 et
2144 3770 2433 3841 suppliciis
2466 3772 2719 3827 humanis
2749 3788 2873 3829 esse
2896 3774 3228 3846 subjectum,
3276 3787 3332 3834 et
3356 3779 3421 3835 ad
3452 3796 3548 3851 po-

1946 3872 2211 3918 stremum
2245 3865 2682 3935 lacrymabiliter
2708 3879 3135 3938 conquerentem
3166 3881 3331 3941 atque
3359 3872 3551 3929 dicen-

1946 3967 2055 4012 tem
2086 3975 2099 4008 :
2150 3955 2328 4021 Pater,
2358 3958 2405 4010 si
2451 3959 2694 4027 possibile
2733 3969 2827 4023 est,
2859 3972 3180 4030 pertranseat
3210 3966 3349 4020 calix
3396 3968 3490 4022 iste
3514 3986 3549 4024 a

1947 4065 2028 4103 me
2058 4047 2276 4121 (Matth.
2311 4048 2488 4120 χιιι).
2525 4049 2591 4104 Et
2621 4059 2764 4106 luant
2793 4069 2913 4123 ergo
2948 4057 3175 4110 animam
3215 4061 3548 4128 pertransibit

1956 4166 2184 4232 peccato,
2208 4159 2412 4232 sensit,
2444 4161 2703 4232 refragari
2738 4162 2878 4219 hanc
2919 4172 3246 4222 sententiam
3289 4173 3551 4230 orthodo-

1952 4245 2035 4284 ne
2064 4229 2319 4284 Ecclesia:
2349 4229 2665 4305 consensui,
2723 4233 3138 4305 Tridentinique
3189 4243 3403 4298 concilii
3431 4229 3548 4302 Vde-

1955 4310 2305 4380 creto,‘sect.
2342 4304 2397 4365 6,
2426 4317 2550 4358 can.
2582 4305 2682 4380 23,
2725 4321 2831 4380 quo
2876 4307 2937 4361 Β.
2982 4310 3143 4380 Virgo
3187 4314 3393 4368 nullum
3427 4332 3542 4372 utn-

1955 4373 2280 4461 quanri-nse
2305 4387 2586 4461 peceatum
2605 4375 2907 4461 admisisse.
2923 4373 3253 4461 ενμοίιξιίρει
3277 4387 3546 4461 privilegio

1956 4445 2290 4531 declaratur:
2330 4443 2567 4531 [ilipsnnt
2604 4447 2691 4501 llic
2721 4443 3034 4531 reponimus
3072 4443 3427 4524 Adatnantio,
3455 4443 3547 4531 (ξιιίί

1952 4512 2214 4599 scrindali,
2261 4514 2630 4599 inﬁdelilutis,
2680 4512 3132 4599 anibiguilatisque
3184 4542 3304 4599 reas
3348 4512 3547 4599 tionis:

1954 4587 2281 4659 culpantque
2332 4587 2691 4642 sanctissima:
2746 4587 2835 4645 Ι)θῖ
2884 4587 3055 4647 Μειῑτῖ
3092 4598 3255 4651 audet
3309 4587 3543 4659 inurere:

1954 4653 2318 4733 Quamquam,
2346 4665 2404 4707 ut
2434 4671 2503 4733 ne
2531 4662 2660 4726 quid
2680 4661 3043 4733 dissimulem,
3068 4672 3200 4733 scio,
3227 4677 3283 4723 et
3306 4653 3551 4730 cthiiiéL

1955 4734 2063 4778 tnts
2090 4734 2262 4803 notat_,
2294 4725 2431 4779 hanc
2463 4725 2633 4803 ipsam
2670 4729 2923 4799 Origenis
2967 4725 3291 4793 sententiam
3322 4725 3545 4803 totidem

1953 4795 2559 4873 p_ropctttod_tnn__verhis
2585 4802 2635 4873 in
2663 4795 2945 4873 epistolam
2977 4820 3133 4859 suam
3164 4810 3269 4863 517
3293 4795 3549 4873 retulisse

1957 4867 2201 4943 Magnum
2231 4865 2515 4943 Basilinm,
2543 4870 2647 4943 qui
2683 4865 2849 4940 gladii
2894 4878 3110 4930 nomine
3140 4865 3548 4943 ﬂuctuationem

1954 4940 2246 5012 quanidam
2281 4938 2507 5012 indicari
2550 4956 2579 4993 a
2618 4938 2877 5012 Sil—Il‘eltlle
2906 4948 3117 5012 scribit,
3163 4951 3460 5008 divisnratn
3490 4938 3547 5012 iii

1955 5019 2136 5093 partes
2166 5006 2350 5062 Maria:
2379 5009 2637 5093 animata.
2668 5008 2895 5067 mortem
2929 5006 3168 5093 patierin;
3194 5019 3350 5093 Fam,

1952 5080 2194 5147 ejnsiletn
2221 5080 2497 5153 oraculum
2531 5099 2543 5133 :
2576 5080 2770 5153 Omnes
2819 5080 3301 5145 scattdalizubimini
3336 5080 3411 5148 ’ἱᾶ
3442 5080 3541 5153 me:

1954 5153 2208 5217 Alioquin
2241 5150 2307 5225 ad
2328 5164 2598 5225 sanetam
2629 5152 2904 5225 Virginem
2937 5172 3128 5213 mortis
3180 5161 3382 5217 Lhristi
3431 5150 3547 5221 frti;

1953 5230 2099 5299 ctum
2128 5220 2435 5299 nonfuisse
2468 5220 2873 5299 jLerventurntn.
2902 5226 3065 5284 Addit
3100 5231 3349 5289 latnlattts
3386 5220 3549 5295 Abri-

1954 5294 2450 5378 c‘ensisnepisc‘opus
2480 5294 2659 5378 Titum
2692 5296 3037 5378 lloSIreuum,
3079 5294 3542 5378 Amphilochium,

1952 5361 2099 5419 om”
2131 5362 2171 5444 ζ’.
2194 5361 2523 5444 “9.90mi?”
2554 5367 2788 5444 υ.⁰¹¹³ί⁸¹ίν
2832 5361 3278 5444 (λυτῖεὸειοιιιῖιιιι
3313 5378 3365 5430 in
3408 5361 3544 5444 lissi:

1954 5431 2397 5516 xntLCyt‘ill’um
2456 5437 2518 5516 in_
2578 5439 2878 5516 .I_oannem_,
2925 5431 3172 5512 aliosque
3225 5431 3542 5516 nonnullos;

1949 5510 2040 5574 qni
2069 5505 2342 5558 Sitneonis
2369 5508 2707 5581 prophetiam
2759 5511 2951 5566 eodem
3002 5505 3275 5577 exilicant
3323 5505 3543 5581 sensu;

1950 5583 2342 5647 t.imetsi_p0st
2387 5576 2782 5635 dubitationem
2848 5585 3034 5639 statim
3080 5576 3279 5642 (animo
3345 5576 3547 5647 conlir;

1947 5658 2149 5771 piattm
2179 5645 2402 5702 Mariam
2431 5648 2630 5715 fuisse,
2666 5651 2908 5722 plerique
2934 5671 3124 5712 omnes
3145 5659 3369 5715 minime
3396 5645 3545 5718 diffi—

1969 5731 2067 5771 ean
2099 5732 2179 5771 ur.

1969 5731 2179 5773 cantur.
