4044 6318
519 244 630 308 259

1768 241 1827 302 S.
1870 237 2142 301 EUSEBII
2179 236 2564 299 HIERONYMI

3731 239 3846 300 260

521 364 756 438 gladius,
790 370 845 419 ut
866 364 1154 420 revelantur
1174 375 1237 416 ex
1258 360 1537 416 multorum
1569 359 1812 415 cordibus
1841 359 2121 432 cagitatia-
2150 364 2198 425 Α
2226 374 2332 430 que
2358 360 2502 415 enim
2544 358 2861 430 episcopus,
2894 370 2997 413 nec
3036 356 3347 431 presbyter,
3392 370 3496 415 nec
3544 356 3837 424 diaconus,

520 472 632 512 nes.
665 455 1032 528 Cogitationes
1054 460 1212 509 erant
1237 453 1392 508 malae
1415 451 1467 507 in
1484 451 1825 519 hominibus,
1858 467 1979 524 quae
1996 467 2121 524 pro-

524 557 710 619 pterea
742 548 997 604 revelatus
1022 552 1169 616 sunt,
1218 555 1276 601 ut
1314 544 1542 615 prolatas
1567 544 1619 601 in
1653 543 1887 601 medium
1929 545 2122 616 perde-

519 646 732 705 rentur,
765 648 819 695 et
867 636 1172 694 interfectae
1203 646 1367 708 atque
1417 642 1681 692 emortuae
1733 649 1861 693 esse
1905 634 2119 692 desine-

521 739 667 799 rent,
698 740 752 786 et
771 729 1052 786 occideret
1094 727 1254 802 301
1276 726 1484 802 -302
1531 742 1623 786 eas
1654 727 1744 785 ille
1774 727 1867 802 qui
1897 744 1995 801 pro
2028 743 2124 784 no-

517 818 601 879 bis
635 831 878 879 mortuus
908 832 1036 879 est:
1087 818 1343 895 quamdiu
1389 823 1540 878 enim
1591 820 1928 881 abscondita:
1968 829 2124 879 erant

516 914 897 985 cogitationes,
950 929 1051 971 nec
1097 915 1321 985 prolatae
1371 915 1425 971 in
1476 914 1735 984 medium,
1785 912 2124 987 impossibile

517 1016 635 1066 erat
663 1023 757 1064 eas
791 1005 1004 1079 penitus
1036 1009 1292 1065 interﬁci.
1320 1004 1477 1066 Unde
1503 1018 1558 1065 et
1581 1023 1703 1077 nos,
1734 1007 1778 1063 si
1807 1008 2125 1078 peccaveri-

517 1115 661 1168 mus,
696 1099 957 1160 debemus
1003 1100 1190 1159 dicere
1221 1119 1235 1158 :
1290 1101 1569 1159 Peccatum
1606 1120 1777 1159 meum
1806 1110 1986 1159 notum
2025 1104 2124 1175 feci

515 1190 631 1263 tibi,
667 1205 712 1250 et
734 1194 1065 1267 iniquitatem
1093 1208 1264 1251 meam
1288 1212 1393 1251 non
1425 1195 1695 1251 abscondi.
1718 1194 1869 1267 Dixi,
1904 1197 2122 1251 Annuit-

514 1284 658 1342 tiabo
705 1287 1025 1362 injustitiam
1080 1304 1246 1343 meum
1303 1296 1488 1343 contra
1538 1303 1617 1343 me
1668 1282 1892 1341 Domino
1940 1284 2119 1360 (Psal.

513 1377 708 1450 xxxii).
757 1376 817 1437 Si
872 1379 1018 1436 enim
1067 1380 1174 1436 hoc
1227 1380 1542 1447 fecerimus,
1599 1390 1655 1437 et
1693 1378 2121 1435 revelaverimus

518 1479 741 1546 peccata
775 1484 964 1529 nostra
1008 1488 1115 1530 non
1146 1473 1322 1531 solum
1366 1473 1501 1542 Deo,
1533 1472 1627 1531 sed
1657 1484 1710 1531 et
1742 1472 1828 1528 his
1869 1473 1961 1545 qui
1993 1486 2121 1545 pos-

514 1574 647 1625 sant
676 1567 883 1624 mederi
915 1566 1233 1624 vulneribus
1279 1566 1482 1624 nostris
1513 1576 1677 1637 atque
1706 1568 1969 1639 peccatis,
2018 1566 2119 1623 de-

511 1656 779 1717 labuntur
807 1668 1025 1731 peccata
1056 1669 1240 1715 nostra
1272 1659 1340 1714 ab
1367 1675 1456 1728 eo,
1500 1659 1591 1729 qui
1618 1658 1697 1715 ait
1726 1673 1739 1712 :
1769 1656 1906 1715 Ecce
1938 1654 2119 1713 delebo

2226 465 2329 507 nec
2356 450 2513 506 vidua
2557 459 2783 521 possunt
2815 463 2937 505 esse
2982 448 3183 521 digami
3220 466 3233 503 :
3278 449 3360 505 sic
3396 449 3629 505 forsitan
3670 458 3725 507 et
3771 451 3842 506 de
3922 444 3931 450 ’

2224 552 2370 599 ctetu
2421 542 2842 613 primitivorum,
2897 542 3488 614 immaculatorumque
3546 543 3837 611 Ecclesiae,

2225 649 2347 706 qute
2378 650 2485 692 non
2527 636 2692 693 habet
2733 636 3026 700 maculam.
3088 646 3266 708 neque
3317 650 3533 708 rugam,
3584 637 3843 708 ejicietur

2224 727 2479 800 digamns
2507 745 2521 783 :
2551 744 2660 785 non
2692 743 2800 799 quo
2826 729 2879 784 in
2908 736 3170 785 aeternum
3210 729 3458 784 mittatur
3493 729 3837 795 incendium.

2226 821 2322 877 sed
2353 835 2461 892 quo
2493 830 2701 894 partem
2724 832 2829 877 non
2872 820 3155 877 habeatin
3198 834 3372 891 regno
3420 818 3538 878 Dei.
3589 821 3839 889 Memini,

2224 926 2346 970 cum
2378 913 2777 986 interpretarer
2809 914 2968 979 illud,
3002 915 3145 986 quod
3179 914 3246 970 ad
3292 910 3610 972 Corinthios
3637 916 3838 971 scribi-

2226 1014 2360 1062 tur:
2400 1006 2646 1062 Ecclesia:
2681 1006 2802 1073 Dei,
2852 1021 2971 1080 qua:
3000 1016 3075 1063 est
3125 1007 3383 1075 Corinthi,
3429 1020 3545 1064 cum
3597 1010 3839 1065 omnibus

2224 1100 2316 1171 qui
2345 1098 2588 1154 invocant
2609 1112 2749 1168 eum,
2777 1100 2985 1155 dixisse
3014 1113 3103 1155 me
3130 1098 3511 1157 diversitatem
3541 1098 3833 1170 Ecclesiae,

2225 1200 2500 1247 eteorum
2553 1193 2641 1263 qui
2698 1193 2960 1247 invocant
2989 1206 3190 1249 nomen
3222 1192 3460 1249 Domini.
3517 1195 3656 1251 Puto
3690 1196 3836 1252 enim

2225 1296 2634 1356 monogamum,
2661 1295 2716 1341 et
2745 1284 3041 1355 virginem,
3069 1294 3124 1342 et
3150 1297 3273 1342 eum
3296 1285 3391 1359 qui
3422 1287 3479 1343 in
3509 1288 3836 1344 castimonia

2222 1386 2556 1445 perseverat,
2589 1388 2711 1432 esse
2753 1378 2820 1432 de
2852 1374 3097 1433 Ecclesia
3126 1378 3220 1434 Dei
3256 1396 3269 1433 :
3304 1392 3426 1435 eum
3461 1392 3593 1436 vero
3630 1381 3723 1452 qui
3762 1375 3840 1437 sit

2222 1466 2496 1541 digamus,
2517 1471 2643 1527 licet
2667 1470 2865 1527 bonam
2892 1470 3090 1528 habeat
3116 1472 3619 1541 conversationem,
3651 1483 3707 1530 et
3730 1486 3837 1532 cm-

2226 1563 2363 1618 teris
2392 1562 2693 1618 virtutibus
2719 1562 2941 1633 polleat,
2975 1573 3155 1619 tamen
3180 1578 3288 1619 non
3322 1574 3446 1622 esse
3482 1564 3549 1622 de
3592 1564 3835 1625 Ecclesia

2222 1664 2276 1713 et
2298 1656 2367 1712 de
2396 1672 2463 1713 eo
2491 1670 2743 1725 numero,
2776 1657 2869 1728 qui
2913 1671 3019 1711 non
3053 1656 3253 1714 habent
3299 1672 3488 1730 rugam
3527 1668 3621 1715 aut
3649 1670 3836 1716 macu-

526 1759 585 1805 ut
616 1752 804 1807 nubem
840 1750 1136 1824 iniquitates
1168 1761 1304 1819 tuas,
1350 1762 1395 1807 et
1424 1753 1562 1807 sicut
1605 1750 1880 1825 caliginem
1909 1759 2123 1824 peccata
2154 1746 2200 1808 Β
2230 1750 2362 1817 lam,
2391 1760 2485 1806 aut
2522 1750 2725 1822 aliquid
2768 1750 3117 1819 istiusmodi;
3168 1751 3264 1809 sed
3314 1765 3437 1811 esse
3466 1754 3536 1811 de
3588 1753 3836 1812 secundo

515 1849 607 1898 tua
648 1840 805 1914 (lsai.
856 1843 1024 1912 κων).
1076 1840 1210 1897 Post
1252 1842 1529 1900 Simconis
1572 1840 1943 1914 prephetiam,
1987 1844 2111 1914 quia

515 1946 743 1990 necesse
772 1941 891 1988 erat
920 1941 979 1988 ut
1027 1933 1285 1989 mulieres
1332 1935 1499 1989 etiam
1548 1935 1918 2001 salvarentur,
1969 1935 2119 1990 venit

509 2022 811 2096 prophetes
841 2024 1059 2087 mulier,
1103 2023 1173 2080 de
1207 2040 1311 2094 qua
1342 2025 1645 2082 scribitur:
1698 2022 1768 2080 Et
1812 2027 1925 2081 erat
1967 2028 2119 2080 Anna

508 2117 861 2190 prophetissa,
896 2117 1010 2189 ﬁlia
1032 2116 1301 2195 Phanuel
1330 2118 1393 2174 de
1423 2119 1563 2175 tribu
1595 2120 1740 2175 Aser.
1788 2119 1961 2187 Quam
1999 2119 2119 2189 pul-

507 2209 639 2267 cher
674 2210 850 2266 ordo!
896 2207 1014 2265 Non
1050 2211 1198 2265 venit
1235 2220 1363 2266 ante
1396 2210 1572 2266 virum
1622 2210 1843 2278 mulier,
1878 2211 1970 2268 sed
2010 2212 2090 2282 pri

506 2311 655 2358 mum
682 2300 832 2357 venit
852 2300 1097 2366 Simeon,
1123 2303 1213 2373 qui
1247 2301 1614 2373 apprehendit
1644 2303 1929 2372 infantem,
1954 2314 2007 2359 et
2038 2313 2120 2360 te-

510 2394 634 2448 nuit
655 2391 709 2447 in
734 2392 979 2450 brachiis
999 2392 1112 2449 suis
1144 2410 1157 2447 :
1196 2393 1397 2451 deinde
1426 2395 1641 2462 mulier,
1672 2393 1826 2467 cujus
1857 2412 1963 2453 non
1993 2404 2120 2453 sunt

514 2482 737 2557 quidem
788 2486 953 2543 verba
999 2486 1239 2557 digesta;
1288 2486 1384 2544 sed
1415 2485 1621 2545 dictum
1671 2501 1754 2546 est
1792 2492 2119 2564 generaliter

513 2578 659 2650 quod
687 2578 936 2635 confessa
970 2579 1042 2635 sit
1073 2578 1326 2646 Domino,
1351 2589 1407 2637 et
1438 2582 1623 2638 locuta
1668 2583 1739 2640 de
1766 2599 1833 2641 eo
1864 2584 2118 2640 omnibus

513 2671 607 2743 qui
655 2672 1053 2741 exspectabant
1098 2670 1536 2744 redemptionem
1606 2671 1792 2732 israel.
1846 2676 1913 2732 Et
1972 2677 2119 2747 juste

513 2772 703 2820 sancta
727 2764 921 2820 mulier
943 2764 1195 2835 spiritum
1227 2766 1587 2838 prophetandi
1614 2770 1812 2826 meruit
1841 2769 2113 2842 accipere,

514 2856 642 2929 quia
671 2857 832 2929 longa
865 2860 1141 2927 castitate,
1178 2859 1468 2933 longisque
1504 2861 1727 2933 jejuniis
1770 2864 1837 2919 ad
1870 2863 1975 2921 hoc
2002 2865 2120 2921 cul-

516 2964 645 3008 men
675 2951 1019 3009 ascenderat.
1051 2953 1264 3021 Videte,
1292 2955 1568 3027 mulieres,
1604 2959 1980 3014 testimonium
2011 2962 2117 3016 An-

513 3059 618 3113 nae,
651 3055 705 3102 et
732 3045 1024 3104 imitamini
1067 3048 1224 3116 illud,
1268 3051 1311 3105 si
1346 3052 1563 3122 quando
1594 3051 1750 3108 vobis
1781 3052 2033 3109 evenerit
2060 3065 2118 3110 ut

2222 1840 2413 1913 gradu,
2448 1850 2502 1898 et
2528 1843 2597 1897 de
2626 1842 2711 1897 Itis
2742 1841 2833 1914 qui
2863 1844 3119 1898 invocant
3147 1856 3351 1899 nomen
3392 1846 3630 1913 Demini,
3658 1858 3710 1902 et
3738 1847 3827 1918 qui

2190 1933 2503 1989 salvantur
2533 1934 2752 2005 quidem
2798 1934 2851 1989 lu
2894 1936 3115 1991 nomine
3164 1934 3293 1993 Jesu
3341 1936 3567 2005 Christi,
3617 1954 3827 2011 nequa-

2219 2038 2381 2096 quam
2414 2035 2593 2083 tamen
2618 2035 2960 2083 coronantur
2985 2028 3165 2084 abeo.
3191 2029 3292 2084 Cui
3315 2038 3401 2087 est
3427 2030 3601 2102 gloria
3630 2041 3683 2088 et
3723 2033 3829 2089 im-

2239 2118 2450 2190 perium
2483 2119 2539 2175 in
2566 2120 2760 2175 saecula
2795 2121 3143 2176 szcculorum.
3203 2122 3398 2178 Amen.

2584 2251 2948 2327 303-3“
2973 2253 3254 2313 HOMlLlA
3282 2250 3471 2313 XVIII.

2224 2363 2300 2419 De
2341 2378 2411 2419 eo
2454 2363 2598 2432 quod
2643 2364 2906 2436 scriptum
2950 2377 3036 2422 est
3068 2386 3080 2423 :
3112 2368 3254 2424 Puer
3295 2380 3469 2426 autem
3500 2374 3757 2430 crescebat
3781 2386 3833 2431 et

2300 2436 2695 2509 conflictabatur
2718 2477 2733 2501 ,
2769 2440 3031 2509 usquead
3062 2456 3193 2509 eum
3229 2440 3433 2509 locum,
3468 2439 3559 2499 ubi
3594 2447 3669 2501 ait
3702 2464 3716 2503 :
3748 2438 3829 2502 An

2294 2507 2600 2590 nesciebatis
2632 2511 2754 2590 quia
2800 2508 2979 2590 in__ltis
3015 2527 3130 2578 qua:
3161 2508 3339 2568 Patris
3381 2507 3481 2569 mei
3519 2528 3640 2573 sunt
3678 2536 3833 2590 opor-

2295 2584 2366 2631 tet
2403 2593 2484 2631 nte
2512 2580 2661 2636 esse?
2684 2580 2817 2649 Cap.
2849 2579 2914 2635 ll.

2293 2686 2461 2747 Natus
2501 2700 2588 2748 est
2632 2690 2901 2750 Dominus
2941 2711 3094 2752 meus
3134 2696 3324 2767 Jesus,
3370 2704 3426 2756 et
3461 2701 3829 2760 ascenderunt

2221 2793 2477 2855 parentes
2527 2786 2645 2858 ejus
2689 2786 2741 2841 in
2784 2786 3219 2863 Jerosolymam,
3274 2803 3334 2849 ut
3376 2796 3715 2867 complerent
3763 2814 3829 2855 ea

2221 2892 2341 2948 qua:
2398 2877 2615 2935 fuerant
2660 2878 2713 2936 in
2756 2876 2898 2953 Lege
2928 2894 3195 2954 praecepta
3236 2925 3252 2954 ,
3311 2896 3369 2942 et
3416 2886 3671 2944 olTerrent
3728 2906 3826 2961 pro

2219 2984 2285 3025 eo
2318 2984 2415 3040 par
2466 2979 2753 3041 turturum,
2801 2984 2856 3029 et
2896 2974 3037 3031 duos
3078 2976 3255 3048 pullos
3294 2976 3688 3037 columbarum.
3720 2978 3827 3040 Te-

2227 3058 2346 3117 nuit
2405 3080 2526 3119 eum
2587 3064 2823 3120 brachiis
2874 3070 2988 3123 suis
3027 3066 3274 3138 Simeon,
3307 3084 3362 3128 ut
3390 3071 3590 3129 dudum
3620 3075 3822 3132 lectum

510 3137 758 3236 perdatis
783 3138 953 3195 viros.
984 3138 1346 3197 Considerate
1371 3141 1502 3214 quid
1531 3143 1599 3200 de
1622 3158 1682 3200 ea
1708 3147 1973 3217 scriptum
2007 3144 2112 3202 sit:
2145 3132 2192 3201 C
2225 3164 2329 3221 est,
2377 3165 2430 3211 et
2471 3156 2815 3230 prophetarit
2863 3161 2931 3217 de
2969 3178 3036 3218 eo
3080 3180 3201 3236 quae
3244 3132 3428 3222 narrat
3468 3166 3692 3224 hiswria
3727 3187 3739 3223 :
3770 3180 3825 3228 et

511 3225 725 3302 Septem
762 3232 915 3286 annis
943 3233 1072 3287 vixit
1099 3249 1130 3286 a
1159 3233 1457 3308 virginitate
1487 3252 1583 3291 sua
1630 3252 1748 3292 cum
1776 3239 1889 3294 viro
1912 3256 2027 3305 suo,
2062 3251 2117 3297 et
2219 3260 2504 3321 postquam
2537 3250 2718 3307 omnia
2750 3253 2804 3308 in
2834 3270 2987 3311 more
3008 3259 3274 3328 completa
3299 3267 3444 3327 sunt,
3471 3270 3823 3319 revertuntur

510 3324 746 3422 reliqua,
778 3336 1055 3422 propterea
1072 3328 1353 3422 praphetes
1394 3329 1514 3403 fuit.
1549 3330 1737 3403 Neque
1768 3334 1913 3390 enim
1954 3344 2014 3391 ut
2045 3336 2111 3390 li-
2217 3350 2471 3412 parentes
2511 3361 2617 3415 quo
2660 3346 2822 3403 Jesus
2852 3346 2878 3387 ι)
2914 3360 3039 3407 tunc
3065 3324 3257 3422 agebat
3287 3370 3300 3406 :
3329 3364 3383 3407 et
3414 3324 3589 3410 tamen
3617 3371 3820 3411 cresce»

506 3414 600 3473 bet
625 3422 683 3473 et
709 3412 934 3473 fortuito
959 3416 1197 3489 Spiritus
1236 3431 1461 3479 sanctus
1490 3423 1761 3480 habitavit
1797 3425 1850 3481 in
1885 3443 1972 3483 ea.
2013 3427 2113 3484 Bo-
2216 3432 2300 3490 bat
2334 3447 2380 3491 et
2409 3412 2807 3508 confortabatur
2832 3412 3168 3514 sapt'enlt'a'et
3197 3445 3392 3516 gratia.
3428 3438 3667 3501 Necdum
3696 3462 3822 3518 qna-

507 3522 639 3566 num
684 3518 769 3567 est
810 3523 864 3568 et
896 3510 1158 3583 primum,
1189 3515 1234 3570 si
1276 3530 1381 3588 qua
1427 3526 1608 3588 potest
1634 3519 1953 3592 virginitatis
1997 3538 2113 3594 gra-

508 3602 642 3660 tiam
667 3603 970 3675 possidere.
1000 3603 1056 3662 Si
1087 3615 1270 3662 autem
1304 3608 1409 3663 hoc
1436 3624 1544 3666 non
1576 3610 1836 3681 patuerit,
1862 3613 1957 3669 sed
1984 3629 2112 3670 eve-

508 3698 657 3754 nerit
685 3698 733 3753 ei
763 3705 824 3752 ut
880 3698 1070 3767 perdat
1112 3700 1313 3768 virum,
1369 3701 1529 3758 vidua
1566 3718 1901 3775 perseveret.
1953 3708 2106 3778 Quod

505 3788 723 3860 quidem
748 3804 860 3846 non
890 3790 1070 3847 solum
1099 3804 1219 3863 post
1243 3803 1473 3852 mortem
1502 3798 1629 3867 viri,
1658 3799 1751 3855 sed
1780 3801 1945 3858 etiam
1983 3820 2105 3861 cum

501 3881 596 3938 ille
620 3881 750 3938 vivit
780 3882 942 3940 debet
970 3881 1171 3944 habere
1199 3886 1252 3943 in
1282 3890 1489 3958 animo,
1536 3902 1593 3948 ut
1622 3895 1834 3952 etiamsi
1871 3913 1975 3953 non
2011 3916 2106 3957 ve-

501 3973 648 4032 nerit
676 3976 931 4034 voluntas
955 3977 1128 4050 ipsius
1154 3992 1208 4036 et
1233 3980 1602 4052 propositum,
1632 4003 1660 4040 a
1685 3987 1916 4046 Domino
1943 4006 2105 4049 coro-

501 4075 683 4137 netur,
715 4077 769 4125 et
799 4069 943 4126 dicat
969 4088 982 4126 :
1014 4070 1129 4128 Hoc
1158 4089 1330 4131 voveo
1358 4086 1522 4149 atque
1555 4080 1837 4151 promitto,
1879 4085 1922 4139 si
1968 4083 2103 4142 mihi

496 4161 797 4219 humanum
828 4165 1033 4236 aliquid
1062 4167 1211 4238 quod
1264 4184 1371 4224 non
1423 4182 1551 4238 opto
1598 4176 1911 4246 contigerit,
1966 4180 2101 4237 nihil

500 4252 648 4310 aliud
695 4254 890 4311 faciam
940 4272 1103 4328 quam
1151 4259 1581 4319 incontaminata
1614 4263 1883 4337 viduaque
1916 4286 2100 4339 perse-

497 4360 713 4402 verem.
742 4345 898 4404 Nunc
923 4365 1057 4403 vero
1077 4360 1149 4425 ,ει
1187 4353 1443 4407 secundae
1476 4364 1532 4409 et
1578 4358 1755 4412 tertia:
1800 4369 1857 4414 et
1892 4373 2098 4432 quartae

498 4439 725 4509 nuptis,
756 4451 815 4494 ut
852 4440 922 4496 de
959 4441 1205 4512 pluribus
1234 4452 1462 4515 taceam,
1492 4449 1862 4523 reperiuntur,
1912 4466 2094 4515 etnon

495 4531 814 4606 ignoramus
839 4534 979 4604 quod
1026 4534 1133 4593 tale
1160 4538 1474 4611 coniugium
1512 4551 1538 4580 ⁸
1576 4543 1761 4613 ejiciet
1790 4563 1890 4604 nos
1914 4548 1981 4605 de
2013 4568 2095 4607 re-

493 4640 605 4698 gno
633 4623 756 4682 Dei.
802 4624 955 4684 Sicut
1001 4630 1148 4687 enim
1187 4632 1261 4688 ab
1302 4634 1695 4694 ecclesiasticis
1739 4639 2092 4713 dignitatibus

493 4732 615 4778 non
635 4718 817 4776 solum
841 4719 1159 4794 fornicatio,
1196 4724 1295 4782 sed
1321 4734 1378 4783 et
1404 4731 1606 4800 nuptiae
1648 4730 1946 4804 repellunt,
1988 4751 2086 4794 ne.

560 4957 589 4988 ι
627 4949 758 5024 ηερ
784 4961 1002 5024 quoque
1028 4948 1236 5024 absona
1268 4950 1527 5008 Ecclesiae
1556 4952 1831 5024 dogmatis
1859 4965 2088 5014 sentcn-

490 5020 690 5100 t_la_e§_t
724 5020 1030 5100 de'iteratis
1072 5022 1293 5093 nuptiis,
1340 5024 1484 5095 quod
1533 5020 1752 5095 ejiciant
1802 5028 1869 5083 de
1918 5044 2088 5100 regno

489 5092 608 5178 Dei.
637 5091 855 5178 bitrliee‘t
880 5091 1217 5178 _paulo_post
1256 5091 1522 5178 summam
1563 5091 1919 5178 severitatem
1967 5091 2085 5171 ipse

490 5170 762 5241 temperet
812 5164 1193 5241 Adamantius,
1248 5173 1305 5241 et
1351 5169 1640 5222 metuentis
1696 5169 1872 5240 potius
1915 5164 2080 5241 quam

491 5236 993 5314 θεοθτειῃῐεηοάυ
1018 5236 1375 5314 pronuntiet;
1410 5250 1535 5293 cum
1577 5236 1757 5314 tamen
1789 5254 1881 5298 eas
1924 5236 2081 5314 quasi

603 5315 658 5362 et
684 5307 996 5386 Christiano
1018 5306 1237 5386 Ιξρπιῑῐιςξ
1268 5308 1516 5386 indignas
1539 5310 1807 5376 traducat,
1836 5305 2081 5386 nolitque

487 5375 762 5455 digamum
789 5394 898 5433 esse
921 5381 985 5432 (ἐ
1022 5375 1279 5455 Ecclesia,
1308 5390 1356 5433 et
1383 5375 1461 5434 'de
1499 5395 1572 5455 eo_
1598 5375 1831 5449 numero,
1863 5387 1951 5455 qui
1975 5375 2077 5441 non

488 5446 642 5526 habet
670 5462 857 5526 rugam
896 5460 987 5526 aut
1012 5451 1291 5526 maculam,
1336 5458 1393 5506 et
1440 5451 1635 5526 merito
1658 5446 1974 5526 vapulat'ab
1995 5471 2086 5514 ec-

490 5519 815 5599 clesiasticis
866 5520 1259 5599 scgiptoribus,
1312 5524 1691 5599 praecipueque
1734 5519 2082 5599 "l‘heophilo,

487 5600 546 5666 et
592 5591 869 5666 notionem
922 5588 1184 5666 Ecclesia:
1230 5588 1731 5666 pesshne‘vid'etur
1782 5588 2079 5666 accepisse.

485 5658 685 5738 Notum
718 5732 731 5738 _
765 5658 1253 5738 llontanistarum'
1278 5671 1334 5720 et
1401 5664 1829 5738 Novatianorum
1902 5658 2084 5738 hujus-

476 5731 628 5795 tnodi
682 5732 877 5802 placita
920 5729 1355 5791 orthodoxorum
1408 5737 1769 5792 anathematis
1816 5729 2075 5804 confiia;

2213 3529 2456 3602 draginta
2485 3530 2607 3587 dies
2638 3536 2975 3606 purgationis
3007 3536 3350 3610 impleverat,
3382 3537 3613 3596 necdum
3646 3536 3820 3597 Naza-

2210 3620 2331 3677 reth
2375 3634 2622 3691 venerat,
2669 3633 2727 3681 et
2759 3625 2871 3698 jam
2918 3637 3082 3684 totam
3116 3629 3437 3702 sapientiam
3469 3633 3813 3706 respiciebat.

2208 3710 2394 3771 Potuit
2433 3714 2713 3789 Scriptura
2747 3714 2949 3785 dicere.
2987 3722 3271 3779 crescebat
3296 3734 3352 3780 et
3376 3726 3809 3796 confortabatur,

2210 3818 2266 3865 et
2305 3811 2605 3882 accipiebat
2648 3813 2934 3883 Spiritum;
2966 3816 3060 3872 sed
3105 3819 3196 3884 qui
3225 3830 3585 3876 evacuaverat
3613 3837 3672 3877 se
3704 3822 3812 3876 fcr-

2208 3916 2349 3956 mam
2379 3905 2521 3960 servi
2553 3903 2827 3978 accipiens
2857 3905 3087 3979 (Philip.
3118 3908 3200 3983 It),
3233 3913 3415 3968 statim
3445 3921 3501 3968 ut
3529 3928 3627 3984 pro
3654 3930 3812 3969 mun-

2206 3994 2426 4054 datione
2468 4010 2489 4037 ο
2536 3997 2654 4071 ejus
2694 4000 3023 4058 sacrificium
3050 4004 3290 4060 oblatum
3321 4015 3424 4073 est,
3455 4005 3506 4061 id
3539 4007 3683 4077 quod
3713 4023 3808 4062 va-

2205 4090 2545 4160 cuefecerat,
2576 4094 2894 4165 adimplevit
2929 4114 2941 4151 :
2974 4112 3079 4155 non
3107 4098 3251 4171 quod
3279 4116 3475 4170 corpus
3508 4102 3626 4171 ejus
3658 4101 3803 4157 illico

2204 4184 2380 4255 majus
2408 4185 2571 4243 fuerit
2608 4186 2896 4256 effectum;
2927 4190 3023 4247 sed
3054 4192 3195 4262 quod
3225 4193 3491 4248 sacratius
3521 4193 3800 4263 quippiam

2202 4275 2697 4345 demonstraretur,
2740 4278 3017 4350 Scriptura
3060 4282 3336 4340 referente
3385 4301 3399 4337 :
3447 4283 3590 4338 Puer
3626 4294 3800 4341 autem

2200 4372 2459 4425 crescebat
2528 4383 2573 4426 et
2623 4373 3042 4444 confortabatur,
3090 4386 3143 4431 et
3180 4376 3476 4448 repleantur
3521 4378 3797 4449 sapientia.

2200 4460 2521 4531 Quaeramus
2566 4462 2738 4521 sicubi
2769 4466 2896 4523 alibi
2926 4466 2994 4525 de
3025 4463 3251 4540 parvulo
3275 4471 3541 4542 scriptum
3571 4469 3663 4541 sit,
3690 4486 3799 4526 cre-

2198 4561 2366 4613 scebat
2407 4570 2454 4614 et
2496 4558 2913 4632 confortabatur,
2954 4571 3013 4618 ut
3055 4579 3123 4619 ex
3161 4564 3461 4620 collatione
3501 4564 3796 4622 multorum

2199 4649 2328 4723 quid
2374 4659 2494 4722 plus
2534 4654 2587 4707 in
2616 4653 2855 4712 Domino
2882 4667 3069 4712 nostro
3098 4656 3312 4712 dicatur
3333 4699 3348 4725 ,
3384 4659 3687 4729 intelligere
3713 4674 3796 4714 va.

2197 4742 2424 4800 ieamus.
2457 4742 2534 4802 De
2560 4740 2771 4804 Joanne
2801 4764 2815 4801 :
2849 4746 2992 4804 Puer
3019 4757 3192 4804 autem
3221 4748 3475 4804 crescebat
3502 4752 3555 4805 et
3579 4750 3792 4821 confar-

2196 4974 2296 5041 nec
2322 4971 2518 5041 tamen
2548 4958 2888 5041 diffitendum
2919 4962 3168 5041 Origenis
3211 4978 3327 5023 aevo
3358 4968 3623 5025 secundas
3652 4982 3789 5041 nup-

2195 5030 2298 5109 tias
2322 5034 2541 5109 licuisse
2571 5037 2810 5104 quidem,
2844 5037 2940 5093 sed
2966 5030 3200 5109 aliquam
3236 5047 3415 5095 tamen
3444 5030 3787 5097 incontinen-

2192 5104 2281 5185 tiae
2324 5107 2560 5185 speciem
2592 5119 2703 5177 prze
2732 5116 2791 5163 8e
2829 5104 3134 5181 tulissefet
3179 5113 3511 5181 ptenitentize
3562 5113 3787 5185 imposi-

2191 5176 2337 5232 tione
2367 5184 2599 5233 notatas.

2261 5245 2289 5288 δ
2320 5248 2719 5324 liescripsimus
2745 5257 2868 5324 tunc
2911 5292 2926 5315 ,
2955 5262 3051 5321 pro
3077 5264 3184 5324 quo
3215 5262 3354 5308 nunc
3382 5248 3661 5324 legebatur
3687 5270 3782 5312 an-

2186 5326 2305 5395 tea,
2352 5318 2527 5389 idque
2554 5332 2728 5395 genus
2773 5319 2895 5395 alia
2920 5318 3205 5395 interdum,
3236 5325 3386 5395 taciti
3426 5318 3774 5395 castigamus.

2184 5388 2283 5446 llic
2307 5388 2437 5466 vero
2464 5388 2747 5466 con‘textus
2774 5393 2936 5466 paulo
2962 5393 3135 5466 adhuc
3158 5388 3703 5466 videtur‘imped'itus.

2260 5469 2289 5540 ἦ
2326 5460 2526 5516 Recole
2560 5472 2687 5540 qua:
2728 5460 2973 5540 superius
3000 5463 3291 5540 ad__llt_)tttil.
3328 5461 3395 5521 Μ
3418 5460 3526 5540 hac
3551 5469 3620 5523 de
3653 5485 3778 5540 pur-

2219 5533 2401 5604 atipne
2445 5548 2511 5604 ex
2555 5530 2809 5604 origanis'
2843 5550 3004 5604 sensu
3032 5533 3310 5604 diximus,
3342 5538 3538 5604 quibus
3568 5540 3637 5595 ad
3653 5530 3773 5595 ἰοΙσ

2204 5554 2401 5600 ςδιιυιιε
2445 5554 2511 5587 cx
2555 5554 2801 5604 urtgents
2843 5554 3004 5589 sensu
3044 5554 3310 5603 uulmus,
3381 5554 3538 5594 uiuus
3568 5554 3637 5595 aa
3666 5554 3773 5595 ιοισ

2204 5600 2397 5678 endam
2444 5600 2809 5678 blasphemiae
2841 5602 3239 5678 suspicionem,
3272 5554 3413 5663 edge
3452 5611 3773 5678 pra-claram

2180 5686 2250 5741 ex
2275 5670 2626 5741 subsequenti
2654 5672 2896 5741 ejusdem
2929 5670 3159 5727 Humilia
3187 5670 3515 5734 sententiam
3542 5697 3555 5734 :
3584 5680 3771 5737 Animo

2179 5739 2307 5799 Iesu
2337 5739 2617 5812 numquam
2644 5739 2840 5811 peccati
2865 5743 3015 5798 sorde
3041 5745 3301 5800 maculata
3329 5758 3422 5802 est.
