4044 6328
164 265 283 323 2m
813 250 1253 322 TRANSLATIO
1294 251 1730 325 llOMILIARUM
1766 258 2093 328 umectus
2130 258 2199 330 lN
2239 270 2494 339 LUCAM.
2538 275 2702 334 non.
2747 274 2892 334 XIX.
3397 277 3504 342 262

173 384 346 435 batur
380 396 398 436 :
428 388 488 438 et
522 390 703 437 tamen
737 393 842 435 non
873 379 1111 447 additur,
1141 388 1191 434 et
1214 381 1509 453 replebatur
1528 383 1802 456 sapientia,
1838 385 1884 448 Α
1911 384 2279 455 respondebit,
2312 396 2368 445 et
2408 386 2555 445 dicet
2590 407 2603 444 :
2642 389 2868 446 Nescitis
2901 394 3025 462 quia
3053 396 3106 449 in
3135 396 3214 452 his
3240 414 3356 470 qum
3386 410 3503 455 sunt

179 472 319 537 sed,
355 472 757 543 confortabatur
785 471 996 541 spiritu.
1024 470 1124 525 llic
1148 484 1282 527 vero
1300 470 1368 525 de
1390 470 1617 526 Demino
1649 486 1663 526 :
1690 470 1812 527 Cre-
1913 472 2092 531 Patris
2129 478 2231 531 mei
2270 484 2355 533 me
2375 489 2578 551 oportet
2610 482 2753 536 esse?
2780 481 2886 539 ΙΙΙιί
2923 496 3052 539 sunt
3084 485 3320 544 haeretici
3355 492 3505 561 impii

175 568 390 635 scebat,
411 568 614 639 inquit,
641 576 688 621 et
709 565 1118 639 confortabatur,
1144 575 1193 619 et
1216 565 1509 631 rapiebatur
1527 566 1804 639 sapientia,
1910 576 2071 639 atque
2098 571 2307 641 vesani,
2332 572 2422 643 qui
2443 582 2695 630 asserunt
2716 590 2822 630 non
2846 590 2969 633 esse
2992 575 3170 635 Patris
3194 581 3323 636 J83!)
3344 582 3504 639 Chri-

178 674 231 715 rt
262 663 440 737 gratia
469 660 571 716 Dei
600 671 712 715 erat
742 677 899 732 super
927 677 1041 715 eum
1074 656 1230 732 (Luc.
1261 659 1343 734 ιι).
1376 662 1502 716 limc
1530 662 1712 716 omnia
1740 661 1807 718 de
1907 660 1978 715 sti
2010 660 2185 733 legem
2212 672 2267 719 et
2296 664 2627 735 prophetas?
2652 665 2814 723 Certe
2841 669 3000 724 Jesus
3029 669 3082 726 in
3125 674 3328 744 templo
3358 684 3495 743 erat,

177 771 387 828 puero,
413 752 507 827 qui
531 752 765 810 necdum
790 751 1078 811 duodecim
1106 750 1803 824 annosimpleverat,dicta
1906 755 2051 827 quod
2095 771 2123 810 a
2167 757 2460 815 Salomone
2501 769 2876 817 constructum
2919 770 3078 832 erat,
3121 778 3177 820 et
3212 764 3504 825 conﬁtetur

179 859 344 906 sunt.
376 849 516 905 Cum
544 858 725 906 autem
756 848 1046 905 duodecim
1075 859 1223 904 esset
1247 864 1537 912 annorum,
1562 860 1805 906 remanet
1907 848 2166 919 templum
2194 848 2325 906 illud
2353 852 2525 923 patris
2554 854 2638 909 sui
2670 869 2814 923 esse,
2840 871 2999 928 quem
3032 859 3189 915 nobis
3218 862 3500 929 revelavit,

182 946 244 1001 in
267 943 603 1002 Jerusalem.
629 944 890 1000 Parentes
910 943 1030 1014 ejus
1052 943 1386 1013 ignorantes,
1411 953 1657 1014 quarunt
1679 958 1801 999 eum
1902 940 2058 1011 cujus
2085 940 2283 997 Filium
2306 956 2432 1001 esse
2457 960 2516 1001 se
2542 945 2697 1001 dixit.
2726 946 3112 1018 Respondeant
3129 954 3402 1024 quomodo
3421 956 3501 1012 al-

182 1041 461 1106 sollicite,
505 1049 560 1095 et
601 1055 711 1094 non
751 1038 1056 1094 inveniunt.
1099 1039 1365 1105 Quaerunt
1406 1037 1547 1093 inter
1585 1036 1798 1105 attines,
1908 1042 1991 1089 ter
2018 1032 2218 1104 bonus,
2249 1045 2304 1091 et
2335 1034 2475 1093 alter
2506 1037 2577 1093 sit
2610 1037 2789 1110 justus
2825 1041 2986 1099 Deus.
3021 1045 3154 1112 Quia
3190 1046 3352 1119 igitur
3380 1050 3499 1106 Sal-

184 1143 453 1207 quaerunt
486 1133 542 1188 in
571 1132 856 1200 comitatu,
888 1140 1141 1204 quaerunt
1170 1132 1313 1188 inter
1340 1141 1522 1195 natos,
1550 1140 1607 1186 et
1630 1132 1683 1186 in
1714 1129 1800 1187 bis
1902 1134 2063 1181 valor
2086 1124 2366 1185 Creatoris
2392 1135 2475 1184 est
2507 1128 2697 1199 Filius,
2734 1132 2788 1188 in
2816 1147 3109 1194 commune
3138 1136 3373 1209 Patrem,
3408 1140 3498 1199 Fi-

187 1226 453 1282 omnibus
479 1239 584 1280 non
618 1224 922 1295 reperiunt.
959 1224 1242 1292 Quaeritur
1282 1238 1414 1294 ergo
1451 1224 1612 1279 .lesus
1640 1239 1669 1278 a
1700 1237 1796 1292 pa.

193 1319 452 1375 rentibus
479 1319 596 1374 suis
625 1332 749 1375 cum
780 1329 956 1389 patre,
988 1318 1078 1388 qui
1105 1317 1365 1372 nutritius
1392 1326 1451 1373 et
1472 1330 1659 1373 eomes
1687 1319 1787 1374 fue-

186 1424 276 1469 rat
315 1412 613 1485 Egyptum
654 1412 1040 1469 descendentis
1081 1427 1097 1465 :
1140 1419 1198 1468 et
1234 1421 1416 1467 tamen
1460 1425 1568 1466 non
1614 1412 1795 1466 statim

188 1512 251 1561 ut
288 1505 581 1575 quaeritur,
623 1504 926 1561 invenitur.
966 1502 1085 1559 Non
1109 1503 1254 1559 enim
1282 1503 1427 1559 inter
1451 1510 1716 1575 cognatos
1743 1512 1797 1558 et

184 1598 381 1654 carnis
425 1598 764 1668 propinquos
806 1597 1083 1652 invenitur
1123 1596 1304 1661 Jesus,
1346 1610 1457 1653 non
1499 1597 1550 1651 in
1589 1596 1676 1651 bis
1703 1597 1793 1667 qui

185 1692 548 1762 corporaliter
589 1692 641 1746 ei
677 1690 859 1762 juncti
896 1702 1044 1748 sunt.
1090 1690 1146 1746 in
1192 1690 1484 1746 multorum
1528 1689 1790 1746 comitatu

1898 1219 2141 1293 iiumque
2171 1220 2473 1293 laudemus,
2507 1223 2661 1295 cujus
2691 1224 2801 1293 lex,
2829 1226 2984 1299 cujus
3014 1241 3067 1285 et
3098 1233 3355 1304 templum
3387 1243 3490 1293 est.

1897 1312 1998 1368 Cui
2042 1324 2128 1369 est
2166 1315 2336 1387 gloria
2385 1324 2439 1373 et
2478 1314 2762 1389 imperium
2808 1319 2862 1375 in
2902 1322 3099 1378 szccula
3144 1327 3490 1399 smculorum,

1896 1408 2092 1468 Amen.

2456 1503 2737 1561 llOlilLlA
2781 1505 2923 1564 XIX.

1895 1613 1973 1669 De
2012 1629 2091 1689 eo
2119 1615 2261 1687 (ιιιωά
2308 1618 2568 1689 scriptum
2610 1629 2696 1676 est
2730 1640 2741 1675 :
2775 1620 2918 1677 Puer
2952 1634 3123 1680 autem
3152 1630 3405 1687 crescebat
3442 1644 3489 1689 et

1966 1685 2374 1756 confortabatur,
2410 1685 2579 1759 usque
2604 1691 2669 1745 ad
2699 1704 2823 1747 eum
2856 1698 3030 1751 locum
3062 1697 3151 1753 ubi
3177 1701 3287 1756 ait:
3314 1685 3492 1759 senio-

181 1760 352 1841 Jesus
370 1798 524 1840 meus
549 1797 659 1839 non
681 1760 868 1854 potest
898 1783 1153 1838 inveniri.
1186 1783 1344 1838 Disce
1371 1782 1466 1838 ubi
1492 1795 1617 1838 eum
1643 1796 1791 1852 quin.

1965 1772 2046 1813 res
2071 1760 2128 1813 its
2159 1761 2348 1829 templo
2377 1762 2679 1833 interrogat.
2711 1764 2842 1835 Cap.
2876 1766 2940 1820 ll.

184 1887 382 1934 rentes
424 1878 726 1948 reperiant,
761 1887 822 1932 ut
847 1884 904 1930 et
933 1885 987 1931 tu
1018 1890 1267 1946 quaerens
1294 1890 1416 1932 eum
1448 1875 1648 1945 Josepli
1676 1874 1790 1930 Ma-

183 1970 384 2041 riaque
426 1969 690 2039 reperias.
734 1967 802 2023 Et
827 1977 1134 2039 quaerentes,
1164 1969 1361 2039 inquit,
1392 1969 1693 2023 invenerunt
1723 1968 1787 2021 it-

184 2062 301 2115 lsmt
346 2061 401 2115 in
443 2060 657 2131 (carpta.
699 2060 820 2116 Non
864 2059 1193 2131 ubicumque
1219 2059 1273 2115 in
1301 2059 1413 2115 alio
1440 2061 1578 2126 loco,
1611 2059 1708 2117 sed
1737 2061 1789 2116 iu

186 2155 411 2225 templo.
457 2153 644 2226 Neque
691 2154 745 2209 in
796 2155 1000 2225 templo
1020 2153 1367 2222 simpliciter,
1401 2153 1495 2209 sed
1526 2154 1579 2209 in
1611 2152 1791 2210 medio

186 2246 493 2315 doctorum,
541 2246 855 2302 audientem
900 2253 957 2301 et
1000 2247 1424 2316 interrogantem
1469 2260 1588 2302 eos.
1632 2245 1697 2302 Et
1731 2255 1789 2300 tu

186 2353 319 2409 ergo
354 2353 537 2409 quaere
577 2336 763 2394 Jesum
809 2339 863 2392 in
915 2338 1119 2408 templo
1151 2336 1268 2403 Dei,
1297 2354 1483 2410 qurere
1517 2339 1571 2394 in
1602 2338 1791 2394 Eccle-

191 2432 272 2487 sia
320 2448 335 2485 :
382 2446 568 2502 qurere
613 2446 735 2486 eum
786 2429 925 2500 apud
972 2431 1298 2500 magistros,
1345 2432 1438 2502 qui
1486 2431 1540 2486 in
1587 2432 1790 2501 templo

189 2532 343 2591 sunt,
370 2531 426 2579 et
456 2538 563 2579 non
591 2522 943 2594 egrediuntur
969 2539 1036 2578 ex
1065 2538 1151 2578 eo.
1185 2524 1241 2580 Si
1270 2524 1417 2579 enim
1450 2525 1522 2580 ita
1551 2524 1789 2595 quaesie-

190 2616 290 2685 ris,
328 2616 576 2673 invenies
613 2634 757 2673 cum.
790 2618 962 2673 Porro
996 2618 1042 2674 si
1073 2616 1346 2690 quispiam
1374 2618 1507 2673 dicit
1534 2632 1595 2674 se
1621 2619 1790 2690 magi-

189 2715 363 2764 strum
392 2725 539 2776 esse,
561 2705 618 2765 et
642 2709 829 2766 ἔθευιιι
859 2726 967 2765 ιιοιι
1000 2710 1188 2775 habet,
1214 2710 1317 2767 iste
1340 2713 1560 2768 nomine
1580 2720 1788 2767 tantum

189 2802 456 2871 magister
489 2811 596 2865 est,
634 2813 684 2856 et
718 2802 844 2858 ideo
877 2802 1019 2873 apud
1054 2818 1178 2858 eum
1208 2818 1313 2857 non
1346 2811 1524 2874 potest
1560 2805 1790 2860 inveniri

188 2892 356 2947 Jcsus
388 2890 625 2946 Verbum
657 2894 749 2949 Dei
788 2903 841 2950 et
875 2894 1162 2965 sapientia.
1195 2892 1444 2952 Inventus
1469 2906 1566 2962 est,
1594 2897 1786 2967 inquit,

186 2982 245 3036 in
268 2982 444 3037 medio
469 2984 764 3038 doctorum.
789 2984 1071 3053 Quomodo
1096 2986 1151 3042 in
1179 2988 1289 3042 alio
1313 2988 1438 3043 loco
1461 2989 1533 3045 de
1560 2988 1793 3059 protilte-

191 3075 265 3131 tis
303 3076 572 3146 scriptum
607 3087 723 3145 est,
761 3078 841 3133 sic
879 3088 935 3134 et
963 3095 1103 3135 nunc
1126 3081 1367 3152 intelligo
1396 3080 1452 3138 in
1481 3080 1665 3139 medio
1694 3083 1793 3139 do-

1965 1867 2099 1935 Quia
2132 1870 2378 1926 nonnulli
2411 1873 2502 1943 qui
2532 1886 2738 1930 sanetae
2763 1873 3062 1947 Scriptura;
3095 1882 3345 1942 videntur
3370 1904 3488 1945 cre-

1892 1960 2045 2029 dere,
2077 1962 2233 2035 quasi
2266 1964 2316 2019 in
2348 1964 2576 2037 gloriam
2606 1969 2996 2041 omnipotentis
3023 1972 3121 2030 Dei
3150 1976 3486 2037 divinitatem

1891 2047 2191 2109 Salvatoris
2220 2066 2441 2127 negant,
2480 2058 2685 2127 justum
2731 2059 2861 2115 milii
2892 2062 3124 2133 videtur,
3164 2077 3222 2123 ut
3248 2070 3485 2140 ipsarum

1890 2142 2293 2216 Scripturarum
2346 2151 2671 2208 auctoritate
2728 2151 3035 2212 doceantur
3086 2157 3139 2215 in
3188 2161 3486 2221 humanum

1891 2246 2090 2307 corpus
2129 2236 2381 2308 quiddam
2423 2242 2639 2299 venisse
2669 2242 2910 2301 divinum
2946 2264 2959 2302 :
2993 2260 3048 2305 et
3080 2266 3186 2307 non
3228 2254 3401 2311 solum
3434 2258 3488 2313 in

1892 2325 2185 2384 humanum
2217 2343 2441 2402 corpus,
2473 2334 2567 2388 sed
2597 2334 2649 2390 in
2680 2336 2968 2394 humanam
2994 2358 3208 2412 quoque
3229 2347 3486 2404 animum.

1891 2422 2228 2493 Quamquam
2253 2425 2297 2480 si
2320 2423 2616 2498 diligenter
2635 2444 2854 2486 sensum
2880 2433 3216 2495 intendimus
3240 2438 3488 2511 Scriptu-

1893 2529 2099 2582 rarum,
2132 2516 2255 2587 plus
2293 2517 2493 2590 aliquid
2524 2521 2698 2576 anima
2730 2522 2821 2578 illa
2852 2524 3059 2593 habuit,
3092 2544 3250 2600 quam
3278 2544 3489 2591 cmtcrtc

1893 2608 2174 2666 hominum
2209 2610 2427 2667 animte.
2460 2612 2651 2671 Omnis
2681 2617 3072 2689 quippeanima
3101 2620 3361 2696 hominis,
3394 2646 3490 2684 an-

1893 2709 2107 2774 tequatn
2154 2703 2221 2759 ad
2263 2705 2493 2762 virtutes
2539 2708 2743 2777 veniat,
2778 2710 2927 2767 vitiis
2955 2714 3289 2775 sordidatur.
3320 2720 3491 2778 Porro

1892 2791 2069 2849 anima
2096 2792 2224 2851 Jesu
2252 2812 2543 2868 numquam
2573 2805 2780 2872 peccati
2808 2807 2969 2863 sorde
2992 2811 3253 2867 maculata
3278 2825 3380 2871 est.
3405 2817 3493 2873 Si-

1894 2886 2112 2957 quidem
2145 2899 2435 2964 antequam
2466 2894 2533 2950 ad
2561 2895 2942 2956 duodecimum
2976 2907 3152 2962 relatis
3183 2915 3493 2981 pervenerit

1894 2994 2119 3049 annum,
2136 2980 2372 3054 Spiritus
2392 2997 2613 3042 sanctus
2627 2985 2694 3045 de
2708 3005 2774 3045 eo
2798 2992 2848 3047 in
2863 2992 3022 3051 Luca:
3044 2980 3235 3056 scribit
3248 3002 3493 3076 Evange-

1894 3072 1970 3130 iio
1990 3091 2004 3132 :
2022 3074 2163 3131 Puer
2177 3086 2348 3134 autem
2361 3082 2616 3137 crescebat
2631 3092 2676 3137 et
2689 3100 2782 3139 con
2789 3088 3102 3161 fortabatur,
3128 3104 3177 3149 et
3202 3072 3494 3169 repiebniut‘

190 3175 434 3225 ciorum.
480 3170 581 3239 Si,
625 3171 820 3241 inquit,
864 3173 1015 3228 alteri
1054 3174 1332 3231 revelatum
1370 3177 1527 3247 fuerit
1570 3176 1790 3246 sedenti,
1819 3160 1866 3226 (ἶ
1896 3169 2171 3241 δαρῖεηῖία-
2203 3170 2321 3229 Ποε
2352 3171 2632 3231 hominum
2665 3186 2855 3235 natura
2887 3198 2993 3238 non
3026 3188 3237 3258 recipit,
3258 3160 3333 3245 ἰιι
3363 3204 3493 3249 ante

190 3264 395 3335 primus
423 3274 557 3319 tacet
584 3264 631 3336 (Ι
662 3265 780 3321 Cor.
812 3268 947 3340 xw).
978 3267 1034 3322 In
1068 3268 1247 3325 medio
1272 3269 1559 3325 doctorum
1590 3270 1787 3325 seden-

195 3365 303 3411 tem
336 3357 621 3412 inveniunt
643 3374 766 3413 eum
798 3378 812 3413 :
840 3370 896 3414 et
936 3375 1042 3415 non
1068 3362 1245 3417 solum
1275 3362 1582 3429 sedentem,
1610 3363 1706 3417 sed
1736 3373 1791 3419 et

199 3448 568 3505 sciscitantem
600 3458 659 3506 et
681 3452 989 3507 audientem
1018 3468 1136 3508 eos.
1170 3452 1245 3509 Et
1269 3469 1412 3510 nunc
1443 3469 1683 3525 praesens
1709 3465 1792 3511 est

196 3538 372 3606 Jesus,
409 3541 705 3612 interrogat
735 3558 851 3611 nos,
875 3552 932 3599 et
948 3544 1100 3600 audit
1120 3544 1421 3617 loquentes.
1454 3546 1793 3603 Etmiraban-

200 3642 303 3700 ter,
320 3632 510 3704 inquit,
530 3649 727 3690 omnes.
750 3636 928 3707 Super
951 3653 1058 3708 quo
1088 3640 1450 3696 mirabantur?
1487 3641 1604 3698 Non
1628 3656 1792 3713 super

199 3725 715 3800 interrogationibus
740 3730 882 3802 ejus,
912 3732 1038 3788 licet
1063 3740 1117 3788 et
1149 3731 1282 3803 ipsa:
1307 3734 1586 3791 mirabiles
1610 3745 1789 3804 erant,

197 3820 291 3876 sed
320 3836 486 3892 super
517 3824 963 3894 responsionibus
987 3826 1127 3897 ejus.
1151 3826 1308 3883 Aliud
1338 3838 1421 3884 est
1454 3828 1596 3885 enim
1624 3829 1794 3887 inter-

200 3928 409 3984 rogare,
439 3916 585 3973 aliud
614 3918 967 3990 respondere.
990 3920 1372 3991 Interrogabat
1405 3924 1714 3996 magistros,
1738 3935 1795 3981 et

202 4006 325 4075 quia
363 4010 697 4079 respondere
736 4025 842 4067 non
882 4021 1156 4083 poterant,
1201 4014 1318 4084 ipse
1352 4019 1457 4085 his,
1495 4017 1565 4074 de
1596 4019 1794 4089 quibus

202 4097 648 4170 interrogaverat,
680 4102 1068 4174 respondebat.
1100 4104 1254 4174 Quod
1294 4117 1477 4163 autem
1507 4111 1795 4182 responsio

205 4209 311 4250 non
341 4195 774 4253 vicissitudinem
814 4200 1241 4267 sermocinandi,
1273 4202 1368 4259 sed
1406 4204 1707 4261 doctrinam
1741 4208 1792 4263 in

207 4288 502 4358 Scripturis
528 4291 731 4346 sanctis
759 4300 942 4359 sonet,
968 4291 1079 4349 Lex
1110 4293 1292 4350 divina
1324 4306 1377 4352 te
1405 4296 1615 4354 doceat.
1647 4300 1796 4372 Moy-

206 4394 295 4436 ses
335 4378 693 4449 loquebatur,
747 4382 889 4439 Deus
921 4395 1102 4440 autem
1143 4389 1509 4458 respondebat
1544 4391 1595 4446 ei
1636 4406 1792 4449 voce.

1893 3261 2179 3320 duodecim
2202 3278 2375 3322 annos
2397 3267 2660 3339 sapientia
2684 3274 3045 3344 compleatur.
3070 3279 3234 3337 Aliud
3257 3292 3337 3339 est
3359 3302 3488 3357 par-

1894 3365 2003 3412 tem
2041 3355 2243 3414 habere
2278 3361 2577 3432 sapientiai,
2619 3363 2768 3419 aliud
2806 3370 3071 3437 sapientia
3102 3386 3222 3428 esse
3252 3355 3494 3449 comple-

1895 3459 2027 3504 tum.
2060 3448 2177 3505 Non
2215 3453 2542 3523 ambigimus
2572 3471 2701 3527 ergo
2731 3456 2968 3516 divinum
3008 3462 3210 3535 aliquid
3242 3467 3294 3523 in
3327 3448 3492 3532 carne

1894 3545 2023 3601 Jesu
2051 3547 2371 3619 apparuisse
2406 3565 2419 3603 :
2451 3557 2507 3605 ct
2534 3566 2641 3606 non
2672 3551 2846 3609 solum
2875 3568 3039 3627 super
3062 3558 3360 3633 hominem,
3394 3566 3489 3624 sed

1895 3651 2061 3707 super
2091 3656 2309 3697 omnem
2339 3656 2554 3715 quoque
2584 3645 2901 3704 rationalem
2930 3662 3253 3710 creaturam.
3287 3658 3357 3713 Et
3384 3678 3493 3718 cre-

1893 3733 2079 3802 scebat,
2121 3733 2315 3808 inquit.
2358 3737 2747 3797 iiumiliaverat
2787 3744 2931 3801 enim
2958 3764 3046 3815 se,
3084 3749 3311 3808 formam
3344 3759 3490 3816 servi

1895 3827 2191 3899 accipiens,
2214 3839 2269 3886 et
2293 3830 2482 3888 eadem
2510 3833 2711 3891 virtute
2739 3852 2842 3908 qua
2869 3854 2927 3895 se
2951 3843 3348 3918 humiliaverat,
3373 3866 3490 3909 cre-

1896 3918 2016 3975 scit.
2050 3920 2393 3991 Apparuerat
2421 3921 2704 3981 inﬁrmus:
2729 3930 2853 4000 quia
2886 3930 3157 3991 inﬁrmum
3181 3954 3381 4013 corpus
3406 3960 3494 4001 as-

1895 4024 2233 4084 sumpserat,
2274 4024 2328 4072 et
2357 4016 2428 4073 ob
2473 4018 2524 4074 id
2555 4021 2752 4078 iterum
2784 4025 3147 4089 confortatur.
3183 4030 3492 4097 Evacuave-

1896 4111 1980 4160 rat
2020 4119 2083 4162 se
2121 4104 2297 4164 Filius
2336 4108 2434 4166 Dei
2474 4110 2647 4184 (Phil.
2693 4114 2752 4189 ιι)
2795 4134 2806 4171 :
2851 4125 2905 4175 et
2941 4132 3231 4194 propterea
3271 4146 3488 4189 rursum

1896 4196 2204 4268 completur
2232 4202 2499 4272 sapientia
2534 4222 2549 4259 :
2588 4214 2643 4262 et
2667 4209 2840 4280 gratia
2879 4211 2976 4269 Dei
3003 4225 3121 4272 erat
3151 4235 3313 4291 super
3340 4240 3487 4283 eum.

1896 4286 2012 4346 Non
2059 4292 2276 4363 quando
2322 4297 2473 4353 venit
2520 4297 2585 4354 ad
2635 4300 3079 4376 adolescentiam,
3123 4286 3234 4367 non
3270 4319 3491 4388 quando

1899 4383 2186 4443 manifeste
2230 4387 2493 4457 ducebat;
2535 4393 2631 4449 sed
2670 4408 2792 4452 cum
2832 4398 3007 4458 adhuc
3048 4415 3199 4462 esset
3239 4383 3493 4479 parvulus

204 4472 506 4545 Responsio
534 4475 631 4531 illa
656 4492 845 4534 eorum
872 4489 1010 4544 emt,
1036 4495 1204 4550 super
1223 4483 1420 4552 quibus
1445 4483 1798 4559 305-306
1822 4547 1873 4565 _
1901 4477 2129 4536 habebat
2157 4483 2383 4554 gratiam
2417 4485 2515 4542 Dei
2550 4503 2564 4542 :
2597 4495 2653 4544 el
2680 4494 2954 4561 quomodo
2983 4503 3161 4555 omnia
3190 4472 3251 4558 in.
3273 4500 3365 4561 illo
3386 4509 3491 4565 mi-

208 4564 540 4636 iguorantem
556 4568 776 4641 Moysen
793 4570 1053 4627 Dominus
1068 4547 1386 4629 instruebat.
1822 4547 1875 4610 Ῑ)
1903 4572 2092 4629 rabilia
2128 4575 2361 4643 fuerant,
2394 4579 2466 4634 ita
2497 4592 2553 4637 et
2594 4547 2825 4653 pueritia
2856 4591 3121 4649 mirabilis
3152 4593 3273 4667 iuit,
3306 4611 3362 4659 ut
3395 4547 3494 4662 Dei

208 4665 446 4729 terrogat
464 4660 646 4729 Jesus,
671 4664 942 4719 interdum
966 4666 1281 4736 respondet,
1306 4666 1446 4723 sicut
1466 4682 1627 4740 supra
1647 4669 1796 4725 dixi-

206 4764 350 4807 mus.
383 4752 723 4824 Quamquam
755 4756 1026 4814 mirabilis
1053 4758 1172 4828 ejus
1203 4759 1562 4832 interrogatio
1586 4760 1677 4830 sit,
1712 4771 1796 4819 ta-

209 4857 329 4897 men
360 4845 532 4900 multo
558 4846 862 4903 mirabilior
889 4860 973 4904 est
1000 4852 1306 4921 responsio.
1333 4851 1400 4908 Ut
1425 4852 1589 4925 igitur
1613 4862 1670 4912 et
1699 4867 1799 4911 nos

206 4933 489 4990 audiamus
527 4951 675 5011 eum,
709 4947 767 4995 et
795 4949 1063 5011 proponat
1100 4940 1256 4998 nobis
1278 4945 1634 5015 quan-tiones,
1664 4958 1801 5019 quas

207 5024 321 5096 ipse
356 5027 637 5097 dissolvat,
676 5031 1026 5089 obsecremus
1054 5034 1228 5104 illum,
1263 5046 1316 5092 et
1343 5050 1465 5093 eum
1499 5036 1685 5095 labore
1716 5036 1800 5095 ni-

206 5121 316 5177 mio
339 5132 397 5177 et
424 5122 613 5180 dolore
640 5140 973 5196 quatramus,
996 5136 1050 5183 et
1080 5139 1206 5185 tunc
1227 5129 1523 5201 poterimus
1550 5131 1799 5189 invenire

205 5228 360 5284 quem
382 5218 700 5287 qumrimus.
725 5218 842 5274 Non
864 5221 1008 5276 enim
1031 5222 1231 5280 frustra
1253 5226 1516 5297 scriptum
1541 5234 1624 5283 est
1646 5244 1660 5282 :
1688 5227 1800 5302 Ego

205 5313 254 5358 et
284 5316 425 5375 pater
464 5318 586 5364 tuus
625 5311 856 5366 dolentes
884 5314 1242 5384 querebantur;
1271 5326 1320 5372 te
1350 5333 1368 5372 :
1403 5328 1624 5392 oportet
1654 5322 1798 5377 enim

205 5399 293 5469 qui
331 5403 530 5471 quaerit
570 5401 783 5472 Jcsum,
828 5418 935 5461 non
967 5408 1341 5482 negligenter,
1374 5427 1478 5468 non
1510 5410 1799 5484 dissolute,

208 5505 308 5549 non
341 5494 659 5552 transitoric
699 5514 969 5568 qumrere,
1000 5505 1139 5558 sicut
1168 5515 1419 5574 quaerunt
1450 5509 1716 5571 nonnulli,
1748 5519 1805 5566 et

206 5585 323 5644 ideo
354 5590 604 5646 invenire
628 5605 737 5646 non
768 5602 1012 5660 possunt.
1040 5594 1151 5651 Nos
1180 5609 1360 5654 autem
1389 5598 1632 5655 dicamus
1657 5617 1671 5654 :
1702 5600 1807 5656 Do-

206 5682 358 5742 lentes
395 5686 681 5757 quwrimns
712 5693 779 5739 te.
816 5685 882 5740 Et
911 5701 1033 5744 cum
1065 5690 1168 5746 hoc
1192 5689 1527 5762 {dixerimus,
1557 5693 1626 5749 ad
1658 5693 1810 5750 labo-

203 5786 407 5836 rantem
438 5778 684 5836 animam
716 5786 958 5833 nostram
983 5790 1035 5838 et
1068 5796 1189 5841 cum
1233 5780 1424 5842 dolore
1449 5795 1806 5857 quaerentem,

1901 4665 2181 4767 sapientia
2209 4672 2595 4742 compleretur.
2624 4676 2778 4734 Ibant
2829 4681 3011 4754 itaque
3057 4665 3309 4757 parentes
3352 4698 3495 4767 ejus,

1895 4756 2048 4829 juxta
2102 4764 2573 4837 consuetudinem,
2631 4767 2681 4823 in
2734 4769 3033 4831 Jerusalem
3058 4756 3148 4835 iad
3193 4756 3492 4847 solemnem

1900 4849 2043 4907 diem
2065 4850 2304 4910 Pascltm.
2320 4852 2517 4910 Etcum
2531 4857 2701 4929 factus
2721 4862 2899 4933 {uisset
2924 4884 3177 4926 annorum
3200 4871 3496 4938 duodecim.

1902 4941 2207 5015 Diligenter
2240 4943 2500 5015 observa,
2539 4948 2663 5021 quia
2690 4955 3003 5026 priusquam
3035 4960 3324 5022 duodecim
3353 4983 3501 5030 esset

1905 5053 2193 5107 annorum,
2234 5042 2501 5113 sapientia
2533 5044 2628 5102 Dei
2661 5054 2716 5104 et
2753 5050 2992 5122 caeteris,
3024 5072 3144 5127 qua:
3171 5058 3239 5116 de
3268 5077 3333 5118 eo
3358 5069 3496 5123 scri-

1906 5139 1994 5203 pta
2024 5142 2171 5204 sunt,
2201 5136 2600 5209 complebatur.
2630 5138 2765 5196 Cum
2800 5158 2954 5215 ergo,
2990 5157 3048 5202 ut
3079 5148 3333 5222 diximus,
3366 5161 3500 5215 duo-

1907 5227 2081 5285 decim
2111 5242 2261 5287 esset
2289 5248 2576 5303 annorum,
2601 5246 2656 5293 et
2679 5238 2832 5308 juxta
2862 5257 3066 5301 morem
3098 5247 3217 5306 dies
3243 5252 3503 5312 solemni-

1908 5322 2034 5378 tatis
2077 5322 2275 5394 expleti
2315 5338 2524 5397 essent,
2568 5342 2622 5386 et
2651 5343 3062 5395 reverterentur
3093 5354 3345 5410 parentes
3373 5365 3501 5408 cum

1906 5411 2174 5473 infantulo
2214 5418 2367 5487 Jesu,
2408 5425 2671 5481 remansit
2707 5442 2841 5493 puer
2872 5429 2924 5484 in
2964 5430 3289 5505 Jerusalem,
3323 5448 3377 5495 et
3409 5455 3504 5498 tie-

1908 5509 2154 5564 sciebant
2197 5519 2452 5581 parentes
2492 5514 2628 5584 ejus.
2674 5514 2742 5573 Et
2788 5520 2876 5575 hic
2917 5523 3206 5584 sublimius
3245 5531 3500 5602 quiddam

1909 5616 2069 5675 quam
2113 5604 2350 5662 humana
2386 5617 2575 5666 natura
2620 5610 2847 5683 patitur,
2894 5618 3155 5692 intellige.
3190 5623 3308 5681 Non
3353 5632 3501 5689 enim

1910 5695 2232 5796 simpliciter
2255 5702 2539 5772 remansit,
2563 5713 2619 5762 et
2643 5719 2904 5777 parentes
2929 5712 3049 5780 ejus
3072 5716 3160 5772 ubi
3183 5733 3330 5777 esset
3352 5723 3508 5796 igno-

1913 5787 2139 5858 rabant;
2170 5791 2268 5849 sed
2292 5794 2568 5865 quomodo
2596 5798 2650 5855 in
2678 5798 2901 5859 Joannis
2926 5804 3216 5881 Evangelio
3241 5787 3506 5887 scriptum
