4028 6326
566 229 676 287 265

1820 229 1879 284 S.
1925 228 2199 286 EUSEBII
2236 229 2489 287 HIERON
2498 232 2613 288 YMI

3757 232 3867 290 264

566 353 671 409 est,
718 344 974 414 quoniam
1008 341 1402 397 insidiabantur
1431 342 1482 397 ei
1507 340 1680 397 Judaei
1702 386 1716 409 ,
1751 349 1808 396 et
1836 342 2052 412 elapsus
2079 350 2165 397 est
2193 347 2243 405 A
2273 345 2634 411 restiouderet
2667 345 2824 415 juxta
2871 349 3139 405 rationem
3184 350 3300 419 Dei,
3340 358 3501 421 atque
3528 364 3860 407 sermonem.

567 436 639 492 de
669 438 850 493 medio
871 452 1081 501 eorum,
1110 444 1166 491 et
1191 452 1295 491 tton
1319 435 1569 504 apparuit
1592 452 1605 488 :
1632 434 1712 489 sic
1736 441 1792 487 et
1814 450 1956 489 nunc
1978 435 2167 505 307-

573 529 738 602 308
770 540 896 599 puto
925 527 1251 584 remansisse
1291 542 1515 595 puerum
1550 526 1603 580 itt
1634 524 1953 590 Jerusalem,
1991 539 2039 579 et
2074 542 2169 594 pa-

572 634 755 678 rentes
801 622 918 691 ejus
963 622 1051 676 tibi
1081 620 1408 676 remanserit
1438 621 1740 690 ignorasse.
1772 619 1879 674 Nec
1904 619 2166 674 miremur

570 722 825 784 parentes
865 720 1105 779 vocatos,
1136 728 1364 782 quorum
1393 712 1529 767 alter
1561 713 1631 767 ob
1664 722 1897 781 partum,
1931 712 2069 767 alter
2096 712 2167 768 ob

504 792 507 799 ’
569 803 929 874 obsequium.
977 804 1148 873 patris
1186 814 1243 858 et
1279 806 1468 859 matris
1515 813 1835 860 meruerunt
1877 804 2162 859 vocabula.

568 895 825 966 Sequitur
853 913 867 951 :
898 894 1164 964 Dolentes,
1191 897 1390 967 inquit,
1421 898 1774 966 quaerebamus
1799 907 1867 953 te.
1892 897 2008 953 Non
2037 909 2167 968 puto

569 1003 664 1045 eos
690 988 892 1043 idcirco
923 989 1188 1057 doluisse,
1222 990 1346 1060 quia
1382 998 1637 1059 putarent
1665 1004 1882 1044 errasse
1911 1004 2159 1060 puerum,

569 1081 655 1136 vel
698 1082 931 1151 periisse
972 1098 986 1135 :
1026 1096 1130 1136 nec
1167 1090 1385 1151 poterat
1418 1080 1694 1148 accidere,
1723 1092 1784 1135 ut
1827 1082 2013 1146 Maria,
2044 1096 2163 1149 qua:

570 1173 777 1229 sciebat
805 1189 864 1230 se
893 1174 961 1229 de.
992 1173 1197 1243 Spiritu
1227 1182 1423 1229 sancto
1450 1176 1797 1244 concepisse,
1829 1189 1948 1244 quae
1979 1183 2034 1229 et
2062 1189 2164 1227 au-

568 1268 750 1337 gelum
792 1266 1130 1338 loquentem,
1165 1276 1220 1323 et
1255 1276 1537 1323 currentes
1571 1279 1838 1337 pastores,
1872 1276 1927 1322 et
1953 1268 2165 1323 Simeo-

572 1375 694 1416 nem
713 1361 957 1415 audierat
976 1361 1414 1431 pr0pltetantem,
1438 1361 1675 1427 timeret,
1701 1376 1769 1416 ne
1792 1376 2017 1430 puerum
2044 1376 2164 1430 per-

570 1452 725 1508 deret
757 1453 1124 1508 oberrantcm.
1169 1452 1376 1508 Amove
1406 1452 1546 1507 banc
1582 1451 1894 1522 opinionem
1926 1453 2162 1507 maxime

569 1546 637 1601 de
670 1545 896 1616 Joseplt,
937 1546 1023 1602 cui
1065 1546 1135 1601 ab
1161 1545 1355 1617 angelo
1384 1554 1713 1615 prteceptum
1745 1544 1941 1611 fuerat,
1974 1551 2032 1599 ttt
2062 1545 2162 1599 tol-

567 1639 704 1697 leret
744 1655 993 1708 puerum,
1037 1648 1091 1694 et
1135 1640 1186 1692 in
1217 1636 1514 1709 Egyptum
1549 1645 1818 1708 pergeret,
1850 1637 1942 1707 qui
1974 1636 2161 1691 audie-

568 1738 658 1785 rat
686 1748 699 1782 :
732 1729 816 1784 Ne
842 1731 1023 1784 timeas
1052 1728 1233 1784 tollere
1272 1728 1496 1783 Mariam
1530 1731 1805 1801 ronjugem
1833 1738 1997 1796 tuam,
2027 1730 2163 1799 quod
2193 1726 2243 1788 B

569 1826 705 1879 enim
740 1827 793 1879 in
833 1842 893 1879 ea
924 1833 1104 1878 natum
1134 1834 1229 1891 est,
1260 1824 1322 1877 de
1354 1824 1557 1889 Spiritu
1586 1832 1765 1876 sancto
1792 1832 1864 1876 est
1900 1820 2118 1893 (Matth.
2147 1837 2165 1875 ι

568 1928 614 1975 et
641 1922 722 1990 ιι).
752 1919 1056 1989 Numquam
1091 1918 1209 1973 fieri
1238 1924 1476 1986 poterat,
1510 1925 1570 1970 ut
1605 1916 1874 1986 perditum
1905 1914 2166 1971 formida-

569 2023 650 2067 ret
680 2011 937 2067 infantem
960 2052 976 2076 ,
1012 2025 1171 2081 quem
1202 2008 1446 2064 divinum
1474 2022 1596 2062 esse
1621 2016 1970 2078 cognoverat.
2003 2006 2163 2062 Aliud

566 2106 859 2177 quidquam
887 2105 1044 2160 dolor
1066 2113 1120 2159 et
1148 2105 1379 2174 quaestio
1411 2112 1719 2172 parentum,
1744 2118 1905 2171 quam
1931 2100 2164 2170 simplex

565 2197 739 2252 lector
766 2195 1040 2267 intelligit,
1074 2205 1252 2251 sonat.
1282 2193 1565 2261 Quomodo
1588 2192 1733 2248 enim
1765 2202 1841 2261 tu,
1868 2193 1914 2247 si
1946 2191 2163 2261 quando

566 2289 873 2359 Scripturas
913 2288 1081 2359 legis,
1127 2288 1324 2357 quaeris
1367 2287 1420 2340 in
1457 2288 1538 2340 eis
1569 2299 1789 2340 sensum
1823 2299 1943 2339 cum
1973 2283 2164 2339 dolore

566 2384 798 2452 quodam
837 2398 902 2438 ac
942 2392 1234 2450 tormento,
1282 2397 1391 2437 non
1435 2395 1544 2451 quo
1584 2380 1896 2451 Scripturas
1926 2393 2160 2442 errasse,

567 2488 659 2531 aut
690 2491 975 2548 perperam
1005 2474 1133 2545 quid
1161 2474 1366 2530 habere
1403 2473 1717 2538 arbitreris;
1749 2472 1844 2527 sed
1876 2471 2021 2541 quod
2054 2470 2162 2525 illa:

565 2569 893 2623 intrinsecus
923 2566 1158 2623 habeant
1183 2564 1434 2621 veritatis
1464 2579 1773 2620 sermonem
1802 2574 1964 2633 atque
1993 2562 2163 2618 ratio-

566 2676 716 2728 nem,
739 2671 793 2716 et
825 2670 879 2714 tu
910 2674 1148 2731 nequeas
1178 2660 1423 2713 invenire
1448 2657 1592 2728 quod
1623 2652 1813 2711 verum
1840 2665 1926 2711 est
1960 2673 1973 2709 :
2009 2657 2085 2708 ita
2105 2663 2162 2708 et

561 2753 641 2809 illi
674 2754 991 2825 quaerebant
1032 2769 1101 2808 ne
1146 2752 1286 2807 forte
1313 2752 1635 2808 recessisset
1661 2750 1730 2804 ab
1758 2749 1860 2819 eis,
1894 2762 1962 2802 ne
1993 2746 2158 2803 relin-

564 2863 737 2919 quens
777 2863 904 2915 eos,
944 2848 1010 2902 ad
1054 2847 1158 2902 alia
1207 2846 1671 2917 trausmigrasset,
1708 2856 1761 2900 et
1804 2844 1948 2915 quod
1990 2842 2160 2912 magis

565 2954 716 3016 puto,
761 2951 786 2978 ³
813 2957 880 2997 ne
909 2940 1324 3011 revertissetnad
1355 2941 1544 3007 caelos,
1577 2954 1699 2993 cum
1730 2938 1812 2992 illi
1842 2936 2154 3007 placuisset,

563 3033 759 3089 iterant
801 3033 1185 3088 descensurus.
1234 3032 1488 3088 Dolentes
1536 3047 1666 3103 ergo
1712 3031 2026 3102 quaerebant
2071 3027 2161 3083 Fi-

567 3125 699 3182 lium
732 3127 849 3182 Dei.
892 3127 961 3182 Et
997 3141 1119 3183 cum
1164 3136 1491 3196 quaererent,
1525 3142 1630 3180 non
1663 3127 1988 3180 invenerunt
2017 3124 2161 3178 inter

565 3228 848 3291 cognatos.
878 3218 1067 3289 Neque
1093 3218 1237 3275 enim
1269 3229 1484 3292 poterat
1517 3219 1750 3275 humana
1779 3218 2031 3288 cognatio
2065 3216 2157 3271 Dei

564 3310 762 3367 Filium
807 3313 1107 3368 continere.
1152 3312 1267 3368 Non
1312 3312 1641 3367 invenerunt
1687 3314 1833 3367 inter
1873 3319 2155 3381 cognatos,

562 3407 687 3477 quia
720 3406 898 3461 divina
931 3406 1135 3476 majora
1158 3415 1314 3461 erant
1336 3406 1525 3461 notitia
1551 3407 1891 3475 scientiaque
1917 3403 2154 3458 mortali.

562 3497 666 3554 Ubi
699 3499 861 3570 igitur
893 3498 1182 3553 inveniunt
1212 3498 1376 3551 eum?
1401 3499 1455 3550 ln
1489 3496 1709 3566 templo.
1740 3496 1814 3550 lbi
1830 3498 1975 3550 enim
2008 3496 2157 3549 inve-

562 3589 710 3645 nitur
754 3590 923 3644 lt'ilius
967 3589 1081 3642 Dei.
1122 3588 1178 3643 Si
1211 3586 1430 3657 quando
1465 3597 1517 3643 et
1556 3596 1612 3641 tu
1646 3588 1929 3656 quaesieris
1957 3585 2156 3640 Filium

562 3680 694 3748 Dei,
739 3695 922 3752 quaere
961 3680 1194 3750 primum
1238 3678 1292 3733 in
1333 3680 1564 3749 templo,
1609 3679 1742 3733 illuc
1778 3694 2042 3748 propera,
2085 3677 2157 3734 ibi

567 3772 862 3839 Christum,
898 3788 1206 3828 sermonem
1249 3782 1413 3840 atque
1454 3773 1802 3840 sapientiam,
1845 3772 1897 3825 id
1926 3782 2032 3840 est,
2069 3771 2157 3825 Fi-

562 3863 696 3921 lium
727 3865 844 3935 Dei,
877 3866 1136 3935 reperies.
1165 3866 1430 3932 Quoniam
1461 3880 1592 3920 vero
1617 3867 1872 3934 parvulus
1900 3874 2040 3930 erat,
2068 3865 2155 3919 in-

561 3958 783 4014 venitur
812 3959 864 4014 itt
897 3958 1075 4014 medio
1115 3968 1538 4029 prwceptorum,
1574 3956 1924 4013 sanetilicans
1950 3966 2005 4012 et
2033 3973 2157 4012 eru-

563 4051 719 4107 diens
762 4067 879 4106 eos.
922 4049 1057 4118 Quia
1087 4051 1347 4121 parvulus
1377 4060 1514 4116 erat,
1564 4048 1833 4104 invenitur
1865 4051 1917 4103 in
1950 4050 2153 4118 modio,

568 4160 675 4199 non
719 4159 815 4200 eos
853 4144 1080 4211 docens,
1112 4142 1210 4198 sed
1255 4145 1613 4212 interrogans,
1643 4154 1697 4198 et
1724 4144 1827 4198 hoc
1857 4158 1954 4214 pro
1983 4143 2157 4199 aetatis

568 4233 778 4303 officio,
810 4245 867 4290 ut
897 4250 995 4291 nos
1023 4234 1243 4291 doceret
1272 4235 1398 4305 quid
1432 4236 1632 4305 pueris,
1667 4238 1910 4307 quamvis
1941 4236 2157 4307 sapien-

561 4332 643 4383 tes
676 4340 727 4383 et
758 4328 955 4383 eruditi
980 4329 1110 4395 sint,
1143 4329 1483 4391 c0uveniret,
1512 4340 1566 4383 ut
1588 4329 1812 4384 audiant
1837 4329 2014 4399 potius
2042 4345 2158 4385 ma-

562 4421 783 4491 gistros,
827 4437 989 4491 quam
1027 4422 1225 4477 docere
1262 4422 1595 4487 desiderent,
1636 4434 1694 4479 et
1720 4440 1781 4481 se
1811 4440 1942 4480 vana
1973 4433 2155 4482 esten.

564 4514 769 4569 latione
812 4529 917 4569 non
956 4513 1182 4583 jactent.
1230 4513 1638 4586 lnterrogabat,
1681 4517 1935 4588 inquam,
1986 4518 2154 4589 magi-

561 4615 733 4674 stros,
772 4624 877 4662 non
922 4619 979 4662 ut
1023 4605 1222 4677 aliquid
1272 4608 1532 4674 disceret,
1569 4610 1663 4665 sed
1710 4623 1765 4663 Ill
1812 4611 2153 4685 interrogans

563 4701 825 4756 erudiret.
875 4702 950 4756 Ex
994 4717 1107 4757 uno
1145 4703 1350 4773 quippe
1389 4702 1647 4760 doctrinae
1688 4704 1835 4762 fonte
1876 4719 2058 4764 manat
2098 4719 2154 4765 et

561 4791 900 4865 interrogare
941 4804 998 4851 et
1040 4797 1373 4863 reSpondere
1420 4801 1697 4868 sapienter
1742 4818 1756 4855 :
1807 4811 1862 4856 et
1908 4802 2149 4872 ejusdem

560 4886 800 4943 scientia:
841 4897 944 4952 est,
991 4889 1132 4944 scire
1174 4891 1300 4961 quid
1346 4892 1669 4965 interroges,
1701 4895 1898 4965 quidve
1927 4911 2152 4967 respon-

559 4983 715 5038 deas.
752 4983 1002 5053 Oportuit
1030 4985 1263 5055 primum
1300 4986 1634 5043 Salvatorem
1667 4990 1893 5046 erudita:
1921 4993 2153 5049 interro-

558 5076 791 5148 gationis
822 5076 1135 5148 magistrum
1169 5077 1309 5143 fieri,
1332 5088 1391 5142 ut
1421 5089 1607 5150 postea
1638 5082 2151 5155 interrogationibus

633 5205 658 5268 ξι
702 5196 813 5268 [loc
836 5209 966 5250 vero
991 5204 1081 5268 est
1101 5211 1211 5265 prtn
1239 5196 1458 5268 reliquis
1482 5199 1744 5255 absonum
1775 5203 2048 5260 omnibus.

630 5264 660 5342 Ρ
702 5265 898 5342 Verum
919 5264 1181 5333 estadeo,
1210 5270 1263 5342 in
1287 5264 1646 5339 SfVirginem
1673 5275 1985 5342 injuriosum
2015 5293 2137 5336 esse

559 5338 964 5417 Adamantium.
988 5344 1160 5417 Quam
1191 5340 1405 5393 dixerat
1435 5338 1835 5417 suprahztiuil.
1872 5345 1938 5399 t4
1963 5388 1977 5412 ,
2010 5365 2135 5417 pur.

557 5412 776 5478 gatione
805 5409 1122 5485 indiguisse,
1153 5420 1209 5466 et
1250 5409 1667 5485 po~teaAliotniL
1701 5416 1788 5485 i7,
1823 5409 2134 5476 scandalum

561 5496 779 5551 passam
800 5480 1301 5551 dubitationemque
1343 5483 1412 5537 de
1440 5483 1576 5538 Filio
1605 5493 1621 5538 :
1654 5480 1796 5540 nunc
1827 5490 1996 5542 multo
2035 5507 2135 5546 au-

558 5549 746 5628 dacius
768 5549 1165 5628 incredulitatis
1188 5549 1407 5628 accusat
1424 5566 1519 5628 aut
1539 5557 1754 5628 exigua:
1774 5557 1916 5612 fidei.
1936 5562 2134 5618 Hecole

560 5635 683 5684 (pun
713 5621 943 5674 laudatis
972 5622 1105 5677 locis
1125 5668 1137 5683 ,
1167 5624 1232 5677 ad
1275 5621 1661 5682 retundendam
1713 5631 2036 5686 calumniam
2069 5649 2131 5689 ac

559 5691 1023 5747 Vindicandum-ab
1043 5698 1190 5749 omni
1208 5696 1415 5765 peccati
1445 5700 1565 5755 labe
1590 5700 1969 5771 Deijmatrem,
1996 5702 2141 5760 dixi-

2270 436 2364 491 Cui
2406 447 2492 492 est
2529 437 2699 507 gloria
2741 448 2796 494 et
2837 440 3123 509 imperium
3166 442 3218 497 in
3266 442 3467 498 saecula
3511 444 3861 499 saeculorum.

2269 526 2463 584 Amen.

2861 603 3145 660 HOMILIA
3182 604 3304 661 XX.

2272 679 2348 735 De
2376 696 2443 736 eo
2471 685 2614 753 quod
2658 685 2918 755 scriptum
2952 694 3037 740 est
3065 704 3078 739 :
3112 684 3253 751 Quid
3285 696 3358 740 est
3382 686 3521 756 quod
3558 686 3865 753 quwrebatis

2341 756 2649 825 nte?ttsqtte
2685 758 2750 810 ad
2808 771 2930 810 eum
2986 758 3158 810 locum
3206 758 3297 810 tibi
3343 759 3461 811 ait:
3518 756 3865 812 Conservabat

2344 824 2517 879 Maria
2545 824 2719 881 omnia
2748 827 2895 880 verba
2927 828 3033 881 haec
3059 829 3111 881 in
3135 828 3290 882 corde
3317 843 3435 882 suo.
3466 826 3601 899 Cap.
3639 829 3703 884 ll.

2340 918 2667 985 Quaerebam
2685 920 2852 975 Maria
2876 931 2926 975 et
2949 921 3150 990 Joseplt
3181 919 3325 975 inter
3344 920 3538 975 affines
3564 920 3773 987 Jesum,
3807 930 3866 976 et

2270 1028 2375 1068 non
2409 1014 2760 1071 inveniebant
2795 1033 2809 1070 :
2843 1016 2895 1069 itt
2927 1016 3213 1080 comitatu,
3247 1023 3304 1070 et
3344 1016 3592 1070 invenire
3617 1031 3725 1069 non
3761 1031 3861 1084 po-

2270 1115 2468 1162 terant.
2501 1107 2849 1174 Qumsierunt
2879 1108 2932 1162 iu
2986 1107 3221 1178 templo;
3252 1107 3346 1162 sed
3374 1109 3516 1177 apud
3548 1110 3857 1179 magistros,

2269 1210 2325 1254 et
2354 1200 2407 1254 in
2457 1200 2638 1255 medio
2672 1209 3065 1271 prteceptorunt
3106 1200 3381 1256 inveniunt
3414 1216 3560 1255 eum.
3591 1199 3859 1256 Ubicum-

2267 1307 2373 1362 que
2403 1291 2649 1363 magiSIri
2694 1293 2916 1358 fuerint,
2947 1294 3001 1348 in
3027 1293 3208 1349 medio
3234 1295 3619 1363 magistrorum
3653 1295 3863 1351 inveni-

2269 1394 2355 1439 tur
2391 1386 2552 1442 Jesus
2584 1404 2599 1438 :
2628 1387 2672 1441 si
2704 1395 2888 1442 tamen
2920 1387 3178 1458 magister
3221 1388 3412 1444 sedeat
3441 1389 3495 1443 in
3528 1391 3760 1457 templo,
3802 1399 3863 1446 et

2267 1494 2560 1549 numquam
2602 1479 2912 1549 egrediatur
2942 1496 3008 1535 ex
3029 1495 3113 1536 eo.
3165 1478 3377 1535 Profuit
3398 1482 3555 1536 Jesus
3587 1482 3862 1553 magistris

2268 1571 2404 1633 suis,
2432 1581 2488 1626 et
2519 1587 2616 1626 eos
2642 1588 2779 1643 quos
2833 1572 3174 1645 interrogare
3216 1572 3526 1642 videbatur,
3573 1574 3756 1631 docuit
3806 1577 3861 1632 in

2274 1662 2453 1718 medio
2479 1679 2668 1718 eorum
2720 1662 2970 1735 loquens,
3021 1674 3076 1721 et
3123 1665 3523 1736 quodammodo
3548 1667 3864 1724 concitabat

2270 1769 2365 1811 eos
2390 1755 2456 1810 ad
2489 1757 2805 1826 qttatrenda,
2839 1773 2961 1827 qua:
2989 1773 3158 1829 usque
3183 1763 3250 1813 ad
3282 1758 3334 1814 id
3381 1760 3645 1823 locorum,
3675 1772 3860 1817 utrum

2267 1849 2505 1914 scirent,
2534 1863 2601 1902 an
2634 1850 2978 1919 ignorarent,
3010 1866 3173 1907 nosse
3204 1868 3309 1905 non
3338 1860 3614 1923 poterant.
3647 1855 3863 1910 Inveni-

2269 1947 2358 1993 tur
2393 1938 2555 1994 .lesus
2587 1940 2638 1993 in
2669 1940 2850 1996 medio
2888 1945 3298 2012 magistrorum,
3331 1952 3388 1999 et
3439 1945 3694 2001 inventus
3730 1947 3864 2003 dicit

2267 2033 2651 2102 quzesitoribus
2682 2034 2797 2089 suis
2829 2052 2842 2088 :
2869 2035 3011 2100 Quid
3039 2045 3112 2090 est
3141 2039 3260 2107 quia
3280 2039 3585 2110 quterebatis
3607 2044 3728 2097 me?
3754 2042 3861 2097 Ne-

2264 2128 2503 2182 sciebatis
2525 2129 2647 2198 quia
2692 2130 2748 2183 in
2775 2128 2856 2184 his
2885 2146 2999 2201 qua:
3035 2142 3156 2186 sunt
3205 2130 3386 2188 Patris
3417 2136 3514 2188 mei
3545 2146 3741 2206 oportet
3772 2155 3856 2192 me

2265 2222 2410 2275 esse?
2437 2220 2677 2276 Primum
2725 2221 3046 2292 simpliciter
3091 2226 3397 2282 sentientes
3444 2243 3721 2284 armemur
3760 2230 3857 2285 ad—

2266 2328 2455 2367 versus
2481 2314 2678 2384 impios
2709 2316 3021 2383 haereticos,
3049 2318 3139 2389 qui
3162 2317 3348 2374 dicunt
3378 2335 3488 2376 non
3515 2336 3636 2375 esse
3665 2321 3858 2394 309-

2262 2403 2429 2477 310
2456 2407 2795 2463 conditorem
2828 2420 3037 2477 patrem
3063 2408 3263 2465 Christi
3287 2412 3443 2478 Jesu,
3478 2427 3653 2483 neque
3682 2416 3854 2470 Deum

2265 2495 2420 2565 legis,
2449 2497 2546 2553 sed
2574 2514 2675 2554 nec
2703 2504 3107 2570 prophetarum.
3146 2502 3286 2559 Ecce
3317 2515 3491 2574 pater,
3527 2505 3678 2561 Deus
3709 2514 3852 2562 tem-

2265 2589 2338 2660 pli
2369 2591 2650 2647 asseritur.
2688 2592 3029 2649 Erubescant
3052 2594 3419 2652 Valentiniani
3452 2598 3739 2655 audientes
3760 2600 3856 2656 Je-

2264 2698 2381 2739 sum
2416 2684 2753 2755 inquieutem
2786 2703 2801 2740 :
2834 2684 2902 2740 In
2931 2686 3012 2742 his
3029 2704 3147 2759 qua:
3175 2698 3298 2743 sunt
3331 2688 3507 2745 Patris
3537 2692 3637 2745 mei
3655 2702 3856 2763 oportet

2264 2793 2344 2831 me
2375 2795 2502 2832 esse.
2538 2779 2874 2835 Erubescant
2914 2796 3106 2837 omnes
3156 2781 3438 2849 haeretici,
3487 2783 3579 2854 qui
3614 2785 3858 2857 Evange-

2266 2872 2395 2925 lium
2437 2871 2706 2942 recipiunt
2734 2873 3036 2927 secundum
3066 2872 3292 2938 Lucam,
3324 2885 3374 2931 et
3405 2892 3527 2947 qua:
3555 2877 3607 2931 in
3630 2893 3697 2932 eo
3728 2887 3857 2933 sunt

2265 2965 2466 3034 scripta
2502 2973 2882 3021 contemnunt.
2923 2967 3069 3032 llzec,
3127 2977 3187 3022 ut
3235 2968 3380 3032 dixi,
3422 2971 3535 3025 sint
3585 2971 3854 3028 intellecta

2267 3056 2592 3126 simplicius.
2625 3056 2891 3125 Quoniam
2923 3073 3056 3114 vero
3087 3058 3354 3115 infertur:
3381 3043 3497 3132 Ipsi
3544 3072 3719 3117 autem
3749 3079 3853 3117 non

2263 3151 2627 3205 intellexerunt
2676 3169 2996 3220 sermonem,
3033 3167 3252 3208 sensum
3294 3152 3591 3224 Scriptura:
3629 3155 3858 3226 diligen-

2265 3246 2370 3301 tius
2404 3246 2755 3311 ventilentus,
2781 3247 2825 3301 si
2857 3257 3014 3302 erant
3041 3248 3191 3302 stulti
3216 3257 3269 3303 et
3294 3247 3725 3318 insipientesaut
3756 3265 3857 3307 ne-

2263 3340 2465 3393 scirent
2494 3338 2623 3408 quid
2646 3338 2856 3394 diceret
2875 3382 2889 3403 ,
2921 3338 3048 3410 quia
3083 3339 3191 3394 hoc
3215 3340 3358 3411 quod
3389 3344 3464 3395 ait
3496 3360 3510 3394 :
3542 3339 3607 3394 In
3632 3340 3714 3395 his
3738 3358 3856 3413 qua:

2262 3437 2379 3483 sunt
2411 3427 2592 3482 Patris
2624 3429 2743 3494 mei,
2768 3446 2848 3484 me
2877 3445 2985 3483 esse
3008 3440 3241 3497 oportet,
3265 3432 3603 3501 significaret
3632 3432 3685 3486 in
3718 3444 3855 3489 tent-

2263 3521 2372 3589 plo,
2407 3534 2473 3574 an
2501 3519 2648 3574 aliud
2676 3520 2932 3591 quiddam
2959 3523 3124 3578 altius
3162 3524 3454 3595 signiticet,
3487 3526 3710 3596 etquod
3742 3542 3858 3581 ma-

2259 3611 2342 3680 gis
2380 3611 2613 3667 aedificet
2641 3611 2948 3667 audientes.
2984 3613 3372 3687 Unusquisque
3397 3627 3644 3672 nostrum
3678 3617 3723 3672 si
3758 3618 3855 3675 b0-

2261 3720 2364 3760 nus
2396 3705 2563 3760 fuerit
2593 3715 2755 3776 atque
2788 3706 3084 3778 perfectus,
3123 3712 3400 3780 possessio
3425 3711 3520 3767 Dei
3547 3712 3724 3767 Patris
3745 3722 3849 3780 est,

2260 3810 2313 3855 et
2341 3800 2506 3857 habet
2537 3802 2591 3855 itt
2624 3802 2803 3856 medio
2831 3804 2916 3857 sui
2962 3803 3171 3859 Jesum.
3203 3806 3504 3862 Credamus
3543 3808 3743 3877 quippe
3771 3808 3855 3862 di-

2260 3896 2423 3958 centi,
2457 3893 2713 3960 Quoniam
2743 3896 2796 3949 in
2822 3894 2903 3949 Itis
2931 3912 3046 3965 quae
3067 3906 3190 3951 sunt
3220 3897 3400 3952 Patris
3439 3903 3559 3964 mei,
3589 3917 3668 3954 me
3691 3917 3853 3970 opor-

2260 3994 2327 4040 tet
2357 4000 2488 4040 esse.
2534 3985 2704 4057 Magis
2752 3986 3073 4041 rationabile
3104 3996 3267 4058 atque
3314 3988 3521 4052 vivens,
3575 3999 3632 4046 et
3662 4006 3849 4046 verum

2262 4078 2519 4147 templum
2556 4077 2652 4134 Dei
2678 4079 2779 4133 hoc
2806 4093 2930 4133 esse
2955 4079 3224 4149 suspicor,
3251 4095 3412 4150 quam
3440 4080 3570 4135 illud
3600 4082 3745 4152 quod
3770 4092 3855 4154 ty-

2261 4171 2378 4240 pice
2412 4182 2629 4226 terreno
2666 4186 2835 4241 opere
2873 4179 3250 4226 constructum
3298 4180 3405 4228 est.
3454 4172 3614 4230 Unde
3660 4176 3753 4230 illo
3792 4178 3850 4231 in

2261 4264 2480 4334 templo,
2516 4272 2574 4317 ut
2602 4264 2780 4335 typice
2811 4263 2911 4317 fuit
2931 4303 2946 4327 ,
2972 4263 3043 4318 ita
3074 4267 3304 4320 recessit
3332 4275 3387 4321 et
3424 4268 3622 4339 typice.
3654 4267 3851 4339 Egres-

2259 4372 2353 4413 sus
2378 4365 2464 4412 cst
2491 4358 2634 4412 enim
2662 4356 2731 4411 de
2760 4356 2965 4427 templo
2997 4366 3221 4412 terreno
3259 4358 3491 4414 d'cens:
3524 4358 3660 4415 Ecce
3686 4363 3849 4416 relin-

2260 4461 2444 4521 quetur
2489 4450 2628 4505 vobis
2670 4451 2853 4505 domus
2902 4463 3067 4506 vestra
3107 4454 3312 4506 deserta
3364 4452 3545 4526 (Matt.
3587 4452 3763 4525 xxnt),
3794 4463 3851 4511 et

2263 4543 2580 4613 relinquens
2605 4542 2828 4597 domum
2858 4544 3004 4598 illam
3041 4543 3190 4600 venit
3217 4544 3284 4599 ad
3319 4546 3721 4613 possessionem
3754 4547 3846 4603 Dei

2261 4633 2455 4700 Patris,
2490 4633 2556 4688 ad
2590 4632 2864 4688 Ecclesias
2896 4634 2947 4687 in
2980 4643 3092 4689 toto
3122 4635 3255 4689 orbe
3282 4634 3580 4705 dispersas,
3608 4647 3663 4691 et
3684 4638 3848 4693 dicit:

2257 4725 2325 4780 In
2348 4725 2432 4780 his
2455 4726 2543 4795 qui
2572 4735 2690 4779 sunt
2722 4724 2903 4779 Patris
2925 4726 3047 4791 mei,
3071 4742 3149 4780 me
3172 4734 3371 4796 Oportet
3396 4743 3523 4782 esse.
3549 4726 3701 4785 Tunc
3720 4745 3852 4802 ergo

2260 4832 2367 4871 non
2397 4817 2782 4871 intellexerunt
2812 4816 3067 4882 verbum,
3091 4816 3234 4887 quod
3262 4817 3474 4874 locutus
3512 4830 3597 4877 est
3622 4822 3729 4876 eis.
3760 4823 3848 4879 Si-

2259 4908 2369 4962 ntul
2389 4918 2444 4961 et
2471 4908 2599 4961 illttd
2630 4907 2922 4977 attendite,
2951 4909 3097 4979 quod
3125 4912 3385 4980 quamdiu
3419 4914 3469 4968 in
3501 4916 3850 4985 possessione

2265 5001 2439 5057 Patris
2463 5001 2547 5054 sui
2578 5000 2678 5055 fuit
2698 5016 2913 5056 sursum
2941 5010 3083 5071 erat,
3115 5005 3241 5075 quia
3273 5007 3506 5064 necdum
3539 5011 3750 5080 plenam
3784 5011 3848 5065 fl-

2264 5093 2384 5149 detn
2413 5092 2613 5163 Josepb
2638 5102 2693 5147 et
2714 5091 2739 5130 ιι
2768 5092 2931 5148 Maria
2977 5097 3266 5161 habebant,
3312 5111 3598 5172 propterea
3627 5117 3845 5159 sursum

2256 5225 2398 5289 ntus.
2424 5206 2628 5289 Nuncsi
2650 5209 2970 5289 tantiestad
2992 5215 3359 5270 excusandum
3381 5217 3842 5289 Origcnem,Sixti

2254 5281 2514 5337 Senensis
2548 5280 2640 5342 lib,
2664 5294 2719 5333 v.
2751 5280 3105 5340 Bibliotheca)
3134 5280 3542 5343 annotatione'm
3576 5280 3685 5345 HO
3715 5294 3840 5344 sub-

2255 5365 2405 5428 necta
2417 5350 2896 5428 tnus.Ptt_to,inquit
2910 5355 3215 5428 ,Origettem
3229 5360 3492 5416 vocabulo
3508 5363 3678 5427 plena-
3693 5359 3835 5425 fidei,

2250 5421 2587 5500 intellexisse
2602 5421 2816 5500 plenam
2830 5421 3192 5500 cognitionum
3208 5432 3447 5485 omnium
3463 5421 3844 5500 mysteriorum

2250 5493 2548 5576 divinitatis
2589 5493 3222 5576 ethuntauitatisChristi
3251 5543 3264 5566 ,
3288 5517 3448 5576 quam
3472 5493 3635 5557 Maria
3681 5503 3845 5576 Virgo

2252 5564 2582 5642 nondutn_eo
2604 5575 2850 5642 tempore
2874 5569 3102 5624 habebat
3125 5612 3141 5635 ,
3166 5564 3417 5642 quamvis
3439 5587 3501 5627 ea
3523 5575 3700 5627 omnia
3725 5564 3842 5638 ιιιῖιε

2256 5645 2375 5692 tum
2400 5637 2471 5762 dq
2486 5637 2702 5692 Christo
2727 5637 2975 5705 noverat,
3009 5637 3306 5698 certissima
3332 5643 3718 5700 etiucoucussa
3743 5637 3847 5702 lidc

2260 5718 2447 5762 tenere
2481 5750 2491 5762 .

2260 5718 2471 5765 teneret
2481 5750 2491 5763 .
