4044 6336
213 242 331 301 268

837 240 1282 299 τῐιΑΝειΑτιο
1319 241 1761 302 ηοωιιιιιωί
1800 242 1834 302 ﬂ

1943 242 2121 303 iENlS
2160 243 2229 302 IN
2267 245 2529 304 LUCAM.
2574 247 2736 305 IIOM.
2768 249 2917 307 XXI.

3424 252 3532 320 266

218 376 353 418 cum
391 375 464 418 eo
494 374 721 417 manere
749 373 859 416 non
886 368 1139 436 poterant
1170 378 1186 416 :
1216 360 1314 416 sed
1354 360 1557 418 dicitur
1602 362 1831 419 descen-
1856 361 1913 423 Δ
1936 370 1992 418 et
2016 362 2061 417 si
2096 362 2151 418 in
2198 363 2356 419 nobis
2402 373 2485 420 est
2509 410 2523 433 ,
2562 364 2710 421 omni
2742 365 2930 421 labore
2974 366 3214 425 nitamur
3253 369 3532 443 deponere

226 452 380 509 disse
402 468 529 509 cum
557 453 657 509 eis.
690 452 897 510 Crebro
923 453 1087 509 Jesus
1114 451 1399 509 descendit
1439 469 1562 509 cum
1594 454 1830 523 discipu-

225 548 301 606 lis
324 549 467 612 suis,
499 563 604 604 nec
629 563 849 619 semper
875 554 1127 603 versatur
1152 547 1211 602 in
1240 556 1450 614 monte,
1482 564 1583 603 nec
1624 549 1830 618 absque

225 640 339 699 line
366 640 630 697 sublimia
657 648 828 697 tenet.
860 638 921 696 ln
950 649 1136 695 monte
1155 654 1283 695 cum
1310 640 1471 695 Petro
1486 641 1830 709 est,cumJa-

224 730 390 797 cobo,
417 746 543 785 cum
571 729 811 797 Joanne,
841 740 898 785 et
929 743 1145 785 rursum
1179 730 1235 786 in
1263 731 1372 786 alio
1400 730 1523 787 loco
1549 748 1672 787 cum
1718 749 1828 788 ca:-

226 826 365 883 teris
406 824 691 895 discipulis
722 822 955 897 (Matth.
983 823 1145 897 xvu).
1188 824 1361 879 Porro
1389 824 1516 894 quia
1548 840 1667 880 non-
1688 826 1833 883 vale-

225 916 365 974 bant
384 916 439 971 bi
462 916 556 988 qui
576 916 746 971 variis
772 915 1226 986 aegrotationibus
1248 915 1593 983 laborabant,
1609 919 1662 973 in
1685 932 1830 973 mon-

228 1017 343 1066 tem
370 1007 771 1073 conscendere,
800 1007 1010 1064 idcirco
1034 1006 1344 1077 descendit,
1375 1018 1430 1063 et
1456 1010 1608 1064 venit
1635 1009 1703 1065 ad
1732 1025 1829 1067 eos

229 1104 325 1175 qui
350 1103 610 1158 deorsum
641 1112 821 1158 erant.
844 1100 1000 1157 Nunc
1039 1116 1261 1173 quoque
1290 1101 1573 1169 scribitur,
1602 1102 1832 1158 Descen-

234 1194 311 1249 dit
340 1210 456 1249 cum
477 1195 574 1260 eis,
602 1196 810 1250 etvenit
838 1192 1130 1259 Nazareth,
1151 1205 1200 1248 et
1218 1194 1589 1265 subjiciebatur
1617 1197 1709 1251 eis.
1742 1197 1830 1251 Di-

235 1305 472 1357 scamus,
506 1292 626 1359 lilii,
655 1291 889 1363 subjecti
914 1307 1041 1348 esse
1063 1294 1381 1361 parentibus
1408 1292 1615 1347 nostris
1648 1309 1660 1344 :
1717 1306 1831 1346 ma-

229 1382 319 1453 jor
347 1384 547 1437 minori
574 1383 879 1450 subjicitur.
906 1383 1039 1439 Nam
1069 1386 1197 1454 quia
1223 1385 1490 1455 majorem
1515 1382 1718 1453 Joseph
1749 1384 1830 1439 vi-

235 1473 398 1530 debat
426 1482 619 1543 a'tate,
655 1485 942 1546 propterea
974 1491 1098 1533 eum
1129 1478 1373 1548 parentis
1402 1476 1610 1532 honore
1636 1476 1829 1545 coluit,

233 1565 488 1623 omnibus
536 1565 664 1622 ﬁliis
711 1567 1021 1638 exemplum
1073 1567 1348 1634 tribuens,
1378 1577 1438 1622 ut
1472 1566 1830 1638 subjiciuntur

234 1665 573 1738 parentibus.
618 1664 778 1735 Quod
822 1665 868 1720 si
926 1674 1112 1736 patres
1158 1664 1227 1720 iis
1257 1680 1364 1720 non
1404 1664 1632 1729 fuerint,
1663 1662 1827 1733 subji-

1932 455 2239 525 parvulum,
2286 468 2342 514 et
2366 457 2655 515 destruere
2682 459 2856 526 illum,
2887 468 2943 515 et
2968 461 3035 516 ad
3069 471 3274 521 aetates.
3289 466 3530 538 reliquas

1931 548 2248 615 pervenire,
2294 558 2356 604 ut
2379 565 2481 606 nos
2507 566 2727 620 quoque
2753 550 2946 608 audire
2974 555 3250 623 possimus
3284 574 3298 611 :
3327 556 3410 611 Tu
3433 575 3530 612 au-

1930 646 2032 692 tem
2059 638 2160 695 ibis
2179 640 2249 693 ad
2270 652 2446 713 patres
2469 652 2587 697 tuos
2621 659 2738 697 cum
2768 660 2923 712 pace,
2966 647 3193 701 nutritus
3219 645 3328 719 [AL
3359 650 3527 705 nutri-

1931 726 2034 799 tas]
2065 728 2117 783 in
2143 741 2349 785 senecta
2384 731 2542 799 bona,
2570 733 2760 802 utique
2807 734 3076 803 Spiritali,
3126 754 3246 808 quae
3272 748 3358 794 est
3398 756 3528 797 vere

1929 830 2187 876 senectus
2211 821 2376 891 bona,
2407 838 2713 881 canescens
2748 835 2804 882 et
2830 826 2884 881 in
2912 828 3075 883 ﬁnem
3119 844 3293 897 usque
3333 846 3524 901 perve-

1930 911 2091 967 niens
2122 914 2174 967 in
2207 913 2429 971 Christo
2447 916 2600 972 Jesu.
2628 916 2730 973 Cui
2750 928 2837 974 est
2860 920 3032 989 gloria
3054 929 3110 976 et
3139 920 3320 980 honor
3350 933 3404 980 et
3429 925 3529 981 im-

1931 1002 2145 1071 perium
2168 1002 2223 1058 itt
2255 1007 2455 1061 sarcula
2489 1007 2840 1064 saeculorum.
2871 1014 3067 1066 Amen.

2492 1158 2773 1218 HOMlLlA
2818 1162 2962 1219 XXI.

1931 1317 2009 1371 De
2040 1318 2276 1400 coqttod
2308 1320 2572 1391 scriptum
2608 1331 2693 1376 est
2726 1339 2737 1375 ε
2770 1322 3168 1390 Quintodecimo
3207 1344 3347 1383 anno
3378 1332 3532 1400 impe-

2004 1401 2070 1454 rii
2095 1399 2293 1456 Tiberii
2324 1403 2567 1468 Ctesaris,
2602 1419 2773 1476 usque
2794 1407 2859 1459 ad
2884 1406 3058 1463 locum
3078 1409 3165 1463 ubi
3193 1411 3270 1467 ait
3298 1429 3311 1465 :
3346 1399 3530 1468 lter-tas

2005 1481 2162 1549 facite
2182 1482 2394 1537 semitas
2424 1484 2558 1553 ejus.
2589 1482 2727 1554 Cap.
2760 1483 2852 1540 lll.

2004 1639 2233 1708 Quando
2281 1642 2348 1697 ad
2396 1643 2617 1701 Judteos
2664 1654 2872 1703 tantum
2936 1664 3120 1705 sermo
3175 1651 3530 1722 propheticus

234 1756 449 1813 ciantur
480 1756 565 1813 bis
593 1757 684 1829 qui
716 1767 933 1828 patrum
960 1766 1176 1813 aetatem
1208 1757 1429 1814 habent.
1472 1756 1615 1824 Quid
1640 1757 1833 1827 loquor

1943 1744 2274 1812 mittebatur,
2323 1747 2538 1804 Judaici
2589 1764 2748 1821 reges
2796 1752 3142 1820 ponebantur
3194 1753 3248 1809 in
3308 1756 3470 1811 titulo
3515 1774 3530 1811 :

234 1848 305 1905 de
334 1847 654 1919 parentibus
673 1859 729 1903 et
758 1849 921 1904 ﬁliis?
951 1850 1007 1905 Si
1050 1848 1215 1905 Jesus
1244 1848 1391 1904 ﬁlius
1419 1850 1517 1905 Dei
1541 1848 1830 1919 subjicitur

236 1943 440 2015 Joseph
468 1953 525 2000 et
567 1942 776 2009 Mariae,
807 1958 910 2015 ego
952 1958 1061 1998 non
1107 1941 1372 2013 subjiciar
1416 1943 1691 2012 episcopo,
1734 1942 1827 2012 qui

236 2035 371 2092 mihi
397 2051 428 2089 a
469 2035 582 2091 Deo
605 2035 891 2091 ordinatus
911 2044 996 2091 est
1023 2035 1212 2104 pater?
1241 2033 1358 2089 Non
1391 2034 1651 2103 subjiciar
1682 2049 1829 2104 pres-

236 2126 455 2200 bytero,
477 2126 574 2197 qui
603 2125 739 2182 mihi
771 2126 984 2182 Domini
1010 2125 1327 2197 dignatione
1358 2125 1681 2196 praepositus
1708 2125 1831 2183 est?

240 2219 381 2279 Puto
406 2220 551 2293 quod
581 2220 922 2292 intelligebat
952 2219 1189 2289 Joseph,
1220 2219 1347 2290 quia
1387 2219 1562 2289 major
1606 2235 1669 2275 se
1713 2231 1833 2275 erat

234 2312 417 2378 Jesus,
445 2312 590 2384 quod
634 2312 1033 2383 subjiciebatur
1067 2312 1213 2378 sibi,
1241 2322 1299 2368 et
1343 2312 1523 2368 sciens
1568 2311 1829 2382 majorem

236 2420 361 2463 esse
402 2405 745 2476 subjectum,
795 2405 1041 2476 trepidus
1091 2404 1481 2460 moderabatur
1522 2405 1829 2474 imperium.

236 2496 432 2554 Videat
473 2513 604 2569 ergo
652 2496 1056 2568 unusquisque,
1108 2495 1254 2565 quod
1316 2510 1463 2566 saepe
1512 2496 1834 2553 melioribus

236 2589 567 2663 prtepositus
594 2583 669 2644 si't
697 2589 951 2656 interior,
979 2598 1035 2645 et
1062 2602 1469 2660 nonnumquam
1499 2588 1741 2655 accidat,
1776 2600 1835 2645 ut

238 2681 334 2739 ille
357 2682 448 2752 qui
480 2680 758 2754 subjectus
782 2690 891 2748 est,
926 2679 1120 2737 melior
1165 2681 1240 2737 sit
1273 2696 1343 2737 eo
1368 2681 1463 2751 qui
1492 2680 1596 2737 sibi
1622 2681 1835 2739 videtur

238 2790 364 2834 esse
414 2774 760 2845 praepositus.
816 2772 972 2843 Quod
1009 2787 1135 2829 cum
1187 2773 1522 2829 intellexerit
1572 2775 1835 2847 dignitate

238 2866 551 2933 sublimior,
582 2882 692 2921 non
718 2867 1029 2923 elevnbitur
1072 2866 1328 2937 superbia
1350 2883 1417 2923 ex
1446 2883 1514 2923 eo
1544 2867 1689 2937 quod
1721 2885 1836 2923 ma-

231 2958 329 3032 jor
354 2967 441 3015 est
466 3003 479 3027 ,
512 2957 610 3013 sed
641 2959 778 3014 sciet
802 2957 877 3013 ita
901 2959 1006 3014 sibi
1030 2959 1321 3017 meliorem
1355 2975 1480 3017 esse
1505 2961 1831 3032 subjectum,

238 3050 525 3124 quomodo
547 3060 601 3105 et
631 3050 793 3105 Jesus
818 3050 1096 3119 subjectus
1121 3050 1224 3107 fuit
1248 3051 1476 3120 Josepb.
1510 3053 1720 3110 Deinde
1746 3067 1837 3109 se-

1939 1846 2103 1902 Verbi
2138 1849 2311 1919 gratia
2341 1866 2356 1906 :
2406 1849 2550 1905 l’isia
2583 1866 2743 1921 quam
2768 1854 2907 1907 cidit
2955 1853 3129 1909 Isaias
3155 1856 3299 1925 filius
3339 1856 3495 1913 Amos
3518 1899 3533 1923 ,

1932 1949 2177 2004 adversus
2192 1949 2441 2005 Juda'am
2460 1962 2509 2006 et
2533 1952 2777 2008 adversus
2800 1954 3094 2011 Jerusalem
3124 1957 3178 2010 in
3216 1975 3374 2029 regno
3398 1959 3537 2016 Osia:

1932 2058 1979 2104 et
2002 2048 2296 2118 Jonathan,
2318 2062 2368 2106 et
2395 2053 2591 2118 Actias,
2638 2065 2686 2110 et
2709 2054 2949 2113 Ezechias
2972 2058 3108 2131 (Isa.
3135 2060 3176 2132 t)
3203 2079 3215 2115 :
3243 2078 3343 2118 nec
3366 2064 3532 2119 alium

1933 2163 2279 2220 quemquam,
2298 2155 2540 2222 exceptis
2560 2154 2763 2210 Judteaa
2781 2157 3026 2227 regibus,
3044 2158 3199 2215 Isaia).
3219 2162 3379 2218 video
3401 2173 3538 2219 tem-

1934 2266 2067 2321 pore
2112 2251 2476 2321 designatum.
2517 2254 2577 2313 ιη
2608 2256 2939 2325 quibusdam
2967 2260 3251 2329 prophetis
3291 2272 3345 2316 et
3371 2263 3536 2319 Israel

1935 2368 2093 2423 reges
2119 2353 2368 2425 legimus,
2398 2354 2540 2409 sicut
2567 2354 2642 2412 ibi
2679 2374 2693 2409 :
2728 2356 2796 2411 Et
2826 2358 2879 2411 in
2908 2357 3119 2424 diebus,
3159 2361 3356 2432 inquit,
3385 2362 3539 2418 λεγο-

1934 2454 2084 2509 boant
2123 2456 2223 2525 ﬁlii
2258 2455 2389 2512 Joas
2420 2461 2555 2530 regis
2590 2456 2760 2513 Israel
2784 2460 2988 2530 (Amos.
3032 2454 3107 2532 t).~
3134 2463 3361 2532 Quando
3406 2482 3539 2523 vero

1935 2570 2335 2615 sacramentum
2362 2560 2641 2632 Evangelii
2668 2563 3075 2634 praedicandum
3100 2576 3238 2635 erat,
3267 2579 3319 2623 et
3346 2568 3400 2624 in
3425 2579 3541 2626 toto

1935 2660 2071 2716 orbe
2121 2662 2474 2734 Evangell'um
2518 2664 3023 2733 disseminandum,
3077 2669 3236 2739 cujus
3285 2672 3539 2743 princeps

1936 2761 2182 2820 Joannes
2208 2764 2261 2819 itt
2288 2779 2476 2820 eremo
2508 2765 2641 2832 fuit,
2673 2774 2730 2821 et
2759 2766 2949 2822 orbem
2984 2768 3288 2825 Romanum
3332 2772 3539 2830 Tiberii

1938 2864 2159 2936 regebat
2210 2864 2524 2931 imperium,
2571 2874 2634 2922 et
2680 2876 2809 2923 tunc
2845 2867 2897 2923 in
2947 2868 3353 2939 qnintodecimo
3394 2888 3540 2930 anno

1937 2956 2166 3012 verbum
2197 2957 2409 3012 Domini
2431 2958 2497 3013 ad
2519 2957 2785 3014 Joannem
2811 2959 3009 3015 factum
3036 2976 3158 3016 esse
3182 2963 3536 3023 describitur.

1939 3047 2010 3103 Et
2044 3049 2090 3103 si
2139 3059 2349 3103 tantum
2383 3050 2466 3103 his
2497 3051 2591 3118 qui
2622 3050 2692 3107 de
2724 3052 3039 3107 nationibus
3079 3055 3338 3111 credituri
3385 3068 3542 3113 erant

238 3145 432 3216 quitur
462 3159 476 3196 ε
504 3139 680 3195 Maria
706 3151 878 3197 autem
898 3141 1224 3197 conservabat
1272 3145 1449 3197 omnia
1470 3144 1619 3198 verba
1641 3143 1751 3200 lucc
1781 3145 1832 3197 in
1861 3126 1908 3189 C
1940 3140 2315 3195 annuntianda
2358 3140 2506 3195 salus
2536 3139 2733 3197 luisset
2758 3183 2771 3204 ,
2817 3153 2870 3197 et
2906 3144 3122 3212 penitus
3163 3146 3539 3204 excludendus

234 3236 399 3292 corde
425 3251 539 3290 suo.
575 3234 702 3290 Plus
728 3234 930 3302 aliquid
957 3251 1119 3306 quam
1148 3236 1218 3293 de
1250 3237 1470 3293 homine
1498 3238 1831 3306 suspicatur,

238 3326 385 3385 unde
411 3337 467 3382 et
492 3324 839 3382 custodiebat
865 3327 1047 3382 omnia
1077 3328 1244 3384 verba
1271 3332 1392 3397 ejus
1425 3328 1479 3382 in
1516 3328 1685 3385 corde
1710 3344 1831 3399 suo,

236 3434 351 3477 non
378 3418 533 3490 quasi
568 3418 719 3488 pueri
749 3420 841 3490 qui
869 3418 1157 3475 duodecim
1209 3430 1359 3477 esset
1404 3437 1670 3477 annorum
1690 3464 1705 3489 ,
1737 3423 1832 3480 sed

243 3511 361 3582 ejus
400 3511 495 3582 qui
524 3512 593 3567 de
620 3510 833 3582 Spiritu
861 3522 1057 3568 sancto
1084 3523 1387 3584 conceptus
1428 3513 1629 3584 fuerat,
1669 3531 1832 3586 quem

238 3607 459 3664 videbat
495 3607 761 3677 proﬁcere
804 3609 1073 3679 sapientia
1117 3619 1174 3666 et
1215 3610 1388 3681 gratia
1412 3612 1554 3681 apud
1581 3612 1750 3668 Deum
1778 3621 1833 3669 et

239 3697 512 3755 homines.
535 3698 696 3755 Jesus
721 3699 1043 3770 proﬁciebat
1086 3700 1375 3772 sapientia,
1405 3704 1705 3774 sapientior
1738 3720 1834 3775 per

242 3792 486 3864 singulas
530 3791 817 3849 videbatur
868 3802 1077 3850 anates.
1136 3792 1410 3864 Numquid
1457 3796 1677 3867 sapiens
1723 3812 1830 3853 non

240 3897 383 3956 erat,
407 3897 468 3941 ut
500 3888 803 3958 sapientior
840 3885 1028 3942 ﬁeret?
1066 3887 1149 3944 An
1182 3887 1442 3958 quoniam
1474 3899 1831 3946 evacuaverat

239 3992 304 4035 se
330 3978 568 4033 formam
596 3977 741 4033 servi
781 3978 1089 4048 accipiens,
1123 3978 1177 4033 id
1220 3979 1367 4049 quod
1393 3981 1655 4036 amiserat
1688 3996 1837 4036 resu-

241 4069 450 4138 mebat,
473 4078 532 4125 et
550 4068 866 4141 replebatur
886 4069 1202 4137 virtutibus,
1228 4087 1385 4142 quas,
1417 4074 1580 4142 paulo
1601 4083 1727 4127 ante
1747 4089 1833 4129 as-

239 4168 460 4230 sumpto
482 4175 740 4229 corpore,
762 4162 913 4216 visus
932 4157 1107 4215 fuerat
1132 4161 1486 4232 relinquere?
1507 4162 1836 4218 Proﬁciebat

242 4263 373 4320 ergo
395 4266 502 4305 non
525 4249 704 4305 solum
724 4249 1013 4320 sapientia,
1046 4250 1145 4306 sed
1173 4259 1356 4308 aetate.
1382 4252 1481 4307 Est
1509 4253 1683 4308 aetatis
1708 4267 1836 4323 pro-

240 4339 437 4398 lectus.
486 4343 612 4397 Duae
658 4344 716 4398 in
762 4342 1064 4412 Scripturis
1103 4342 1358 4399 feruntur
1406 4354 1616 4413 aetates,
1664 4346 1836 4402 altera

243 4436 495 4505 corporis
514 4451 637 4506 quae
665 4451 775 4491 non
804 4443 891 4491 est
918 4436 970 4490 in
997 4445 1267 4506 potestate
1289 4448 1498 4507 nostra,
1526 4439 1621 4494 sed
1642 4440 1694 4494 in
1719 4440 1837 4510 lege

1938 3235 2128 3304 Israel,
2157 3234 2450 3291 suﬂ'ecerat
2479 3234 2664 3291 dicens
2685 3252 2700 3289 :
2721 3234 2786 3289 In
2807 3237 3192 3306 qnintodecimo
3217 3255 3356 3293 anno
3385 3238 3537 3295 Tibe-

1938 3327 2007 3382 rii
2030 3326 2268 3395 Casaris,
2303 3326 2522 3395 praeside
2549 3325 2753 3380 Iudaea:
2783 3327 2973 3381 Pontio
3001 3326 3197 3381 Pilato.
3230 3329 3366 3397 Quia
3407 3347 3540 3387 vero

1938 3429 1995 3475 et
2032 3418 2101 3473 de
2129 3417 2316 3474 Judaea
2341 3428 2396 3472 et
2425 3417 2495 3473 de
2516 3417 2741 3474 Galilaza
2772 3418 2923 3472 multi
2952 3418 3215 3474 credituri
3246 3430 3425 3487 erant,
3458 3423 3538 3477 id-

1937 3512 2083 3567 circo
2116 3520 2171 3565 et
2210 3509 2328 3565 hzoc
2356 3524 2521 3579 regna
2550 3518 2827 3578 ponuntur
2870 3508 2924 3564 in
2967 3509 3147 3577 titulo,
3178 3510 3490 3584 diciturque
3518 3530 3534 3569 :

1943 3604 2224 3659 Tetrarcha
2252 3602 2488 3658 Galilatw
2512 3601 2745 3668 Herode,
2767 3611 2814 3657 et
2846 3601 3098 3673 Philippo
3127 3607 3291 3674 fratre
3320 3610 3433 3680 ejus
3463 3618 3537 3662 te-

1938 3696 2146 3751 trarcha
2188 3693 2397 3750 hurane
2423 3704 2469 3749 et
2509 3692 2895 3749 Trachonitidis
2925 3694 3149 3765 regionis
3172 3735 3187 3759 ,
3216 3702 3265 3749 et
3310 3694 3535 3767 Lysam‘a

1937 3788 2199 3843 letrarcha
2220 3786 2475 3855 Abilena,
2505 3785 2601 3840 sub
2623 3786 2942 3858 principibus
2970 3786 3295 3841 sacerdotum
3316 3788 3468 3842 Anna
3488 3798 3535 3842 et

1939 3878 2138 3951 Caipha
2163 3883 2359 3951 factum
2389 3886 2464 3933 est
2490 3876 2698 3932 verbum
2733 3874 2948 3931 Domini
2974 3877 3044 3930 ad
3068 3877 3326 3933 Joannem
3365 3879 3532 3949 ﬁlium

1937 3970 2209 4028 Zachariw
2234 3971 2290 4026 in
2315 3971 2538 4026 deserto.

2009 4062 2150 4118 Olim
2173 4062 2397 4119 verbum
2423 4062 2521 4118 Dei
2541 4062 2706 4117 ticbat
2729 4061 2796 4118 ad
2816 4061 3108 4117 Jeremiam
3139 4062 3304 4118 ﬁlium
3334 4064 3533 4121 Elchiac

1940 4157 1993 4213 in
2024 4155 2299 4211 Anatltoth
2350 4156 2402 4208 in
2449 4153 2646 4209 diebus
2688 4153 2853 4210 Josite
2884 4153 3025 4225 regis
3061 4154 3215 4210 Judae
3260 4156 3397 4228 (Jer.
3442 4159 3483 4229 ι)
3517 4175 3533 4213 :

1940 4265 2084 4305 nunc
2112 4263 2295 4305 sermo
2320 4249 2412 4302 Dei
2438 4246 2500 4302 ﬁt
2523 4247 2588 4301 ad
2609 4245 2874 4302 Joannem
2904 4247 3072 4301 ﬁlium
3098 4246 3399 4316 Zachariae,
3438 4252 3533 4321 qui

1940 4356 2235 4412 numquam
2265 4338 2439 4394 lactus
2466 4349 2549 4394 est
2575 4338 2642 4393 ad
2685 4340 2982 4410 prophetas
3037 4339 3092 4395 in
3140 4342 3375 4398 deserto.
3423 4342 3531 4399 Sed

1940 4433 2066 4503 quia
2100 4432 2282 4501 plures
2329 4429 2425 4485 lilii
2452 4430 2710 4486 credituri
2737 4441 2894 4485 erant
2913 4431 3142 4487 deserta:
3172 4436 3341 4503 magis
3371 4452 3534 4506 quam

242 4536 459 4584 natura:
488 4544 503 4582 :
535 4528 709 4584 altera
758 4528 979 4594 animae,
1029 4545 1149 4599 qua:
1191 4531 1414 4602 proprie
1458 4532 1512 4586 in
1548 4532 1703 4588 nobis
1732 4532 1838 4588 sita
1862 4511 1918 4574 Ῑ)
1940 4525 2058 4596 eius
2095 4540 2215 4594 quae
2244 4524 2406 4579 liabet
2432 4524 2607 4579 Virum
2640 4522 2841 4587 (θαιαιο
2872 4538 2966 4591 IV;
2997 4523 3107 4579 Ιδαὶ
3135 4527 3250 4599 uv)
3282 4546 3295 4583 :
3331 4530 3537 4587 idcirco

242 4624 352 4683 est,
380 4617 541 4687 juxta
565 4633 746 4687 quam,
779 4619 824 4671 si
867 4618 1139 4688 volumus,
1169 4620 1415 4691 quotidie
1436 4623 1754 4690 crescimus,
1784 4632 1841 4679 et

242 4707 315 4764 ad
344 4709 715 4764 summitatem
746 4710 1013 4778 venimus,
1048 4719 1107 4765 ut
1127 4727 1234 4767 non
1267 4713 1438 4768 simus
1460 4713 1599 4767 ultra
1628 4714 1840 4783 parvuli

244 4797 601 4863 ﬂuctuantes,
644 4807 702 4856 et
746 4800 838 4870 qui
868 4801 1321 4858 circumferamur
1346 4804 1495 4859 omni
1524 4812 1693 4859 vento
1718 4803 1874 4860 doc»

245 4893 429 4957 trina,
461 4891 558 4948 sed
586 4907 709 4949 esse
739 4894 948 4963 parvuli
994 4894 1333 4963 desinentes,
1379 4896 1733 4972 311-312
1762 4898 1843 4953 in-

245 4986 517 5056 cipiamus
542 5000 664 5040 esse
690 4986 825 5052 viri,
876 4996 1044 5056 atque
1086 4986 1337 5043 dicamus
1365 5007 1377 5042 :
1409 4988 1636 5056 Quando
1666 4988 1840 5045 factus

246 5089 369 5132 sum
396 5079 503 5143 vir,
533 5074 785 5133 destruxi
816 5093 879 5133 ea
909 5094 1031 5148 quae
1058 5089 1217 5135 erant
1246 5080 1458 5150 parvuli
1487 5079 1542 5145 (l
1572 5078 1694 5136 Cor.
1724 5080 1841 5152 xv).

247 5166 443 5238 Hujus,
490 5177 552 5224 ut
594 5168 732 5235 dixi,
781 5169 960 5225 aetatis
992 5169 1291 5240 profectus,
1324 5172 1415 5242 qui
1446 5173 1844 5229 incrementum

247 5258 413 5319 liabet
466 5263 696 5330 animze,
736 5262 791 5318 in
822 5272 1017 5320 nostra
1063 5272 1149 5320 est
1194 5274 1485 5335 potestate.
1554 5266 1614 5323 Si
1663 5276 1842 5323 autem

252 5372 363 5414 non
405 5356 608 5413 sul‘licit
656 5358 1058 5428 testimonium,
1089 5360 1256 5414 etiam
1295 5358 1430 5414 illud
1466 5360 1534 5417 de
1563 5361 1732 5417 Paulo
1754 5375 1847 5416 su-

246 5465 461 5508 mamus
491 5451 804 5519 exemplum
836 5468 850 5504 :
879 5450 1058 5506 Donec
1084 5450 1479 5522 perveniamus,
1505 5451 1701 5521 inquit,
1737 5468 1840 5507 omo

247 5557 338 5619 nes
360 5543 416 5596 in
450 5543 620 5596 virum
654 5542 962 5613 perfectura,
994 5544 1048 5596 in
1079 5556 1375 5595 mensuram
1403 5543 1571 5596 aetatis
1616 5544 1841 5614 plenitu-

249 5634 387 5692 dinis
418 5636 655 5707 corporis
680 5633 873 5690 Christi
914 5635 1140 5709 (Ephes.
1168 5630 1273 5704 tv).
1307 5633 1362 5687 In
1391 5633 1550 5689 nobis
1575 5649 1711 5706 ergo
1738 5643 1845 5703 est,

249 5734 313 5785 ut
331 5726 399 5784 ad
429 5740 747 5784 mensuram
770 5729 1152 5797 perveniamus
1167 5722 1844 5795 :elatiscorporisChristi,

543 5820 818 5882 ΡΑτιιοι..
864 5820 1103 5882 XXV].

1944 4616 2143 4672 factum
2170 4626 2256 4671 est
2287 4615 2515 4669 verbum
2548 4616 2643 4671 Dei
2671 4616 2737 4672 ad
2765 4617 3032 4673 Joannem
3062 4618 3230 4674 ﬁlium
3259 4621 3536 4681 Zacltarite

1943 4710 1997 4766 in
2020 4711 2259 4767 deserto.
2290 4707 2568 4778 Simulque
2593 4710 2880 4765 considera
2904 4712 3045 4781 quod
3074 4714 3243 4780 magis
3270 4717 3535 4774 rationem

1944 4800 2111 4857 habet
2141 4800 2189 4855 si
2223 4798 2449 4870 mystice
2488 4799 2819 4869 intelligatur
2850 4800 3154 4866 desertum,
3197 4814 3252 4859 et
3289 4822 3396 4861 non
3446 4824 3534 4865 se-

1944 4891 2181 4948 cundum
2230 4888 2531 4959 simplicem
2572 4888 2838 4944 litteram.
2870 4889 2977 4957 Qui
3025 4892 3169 4947 enim
3218 4894 3271 4948 in
3320 4896 3538 4953 deserto

1949 4980 2226 5055 praedicat,
2250 4980 2528 5052 superﬂue
2554 4982 2681 5036 facit
2701 4981 2774 5035 ibi
2793 4980 3103 5050 vociferari,
3133 4985 3219 5039 ubi
3243 5001 3302 5042 se
3320 4988 3539 5060 loquen-

1944 5084 2053 5132 tem
2086 5074 2267 5130 nullus
2290 5073 2568 5130 exaudiat.
2600 5072 2919 5129 Praecursor
2946 5088 3076 5144 ergo
3097 5077 3327 5147 Christi,
3355 5092 3409 5137 et
3433 5098 3538 5138 vox

1945 5167 2232 5224 clamantis
2284 5167 2340 5221 in
2379 5165 2619 5230 deserto,
2654 5164 2914 5234 praedicat
2946 5166 2998 5220 in
3047 5166 3270 5224 deserto
3320 5174 3537 5239 animae,

1947 5274 2069 5330 quae
2098 5273 2207 5312 non
2237 5256 2473 5312 habebat
2500 5270 2687 5326 pacem
2717 5254 2896 5329 (Joan.
2922 5254 2986 5326 ι).
3018 5257 3134 5312 Non
3156 5261 3332 5314 solum
3361 5274 3541 5319 autem

1952 5358 2100 5413 tunc,
2139 5346 2235 5402 sed
2262 5357 2316 5402 et
2347 5347 2400 5401 in
2432 5348 2689 5417 praisenti
2719 5349 2954 5417 primum
2990 5349 3213 5404 lucerna
3246 5350 3448 5407 ardens
3488 5364 3543 5408 et

1954 5443 2145 5498 lucens
2172 5440 2344 5505 venit,
2374 5448 2430 5495 et
2455 5440 2789 5511 praedicabat
2816 5441 3091 5510 baptisma
3108 5444 3464 5513 penitentite,
3488 5445 3545 5501 in

1956 5532 2332 5590 remissionem
2365 5541 2704 5601 peccatorum
2732 5529 2929 5604 (Marc.
2959 5531 2999 5603 t)
3028 5550 3042 5587 :
3074 5534 3271 5590 deinde
3298 5535 3387 5588 lux
3417 5551 3543 5591 vera

1954 5627 2320 5698 subsequitur,
2365 5624 2582 5696 quando
2628 5626 2849 5683 lucerna
2900 5627 3013 5696 ipsa
3058 5628 3342 5698 loquitur:
3376 5626 3540 5683 Illum

1955 5727 2154 5793 oportet
2181 5733 2431 5787 crescere,
2459 5733 2537 5773 me
2556 5727 2729 5774 autem
2753 5719 2918 5773 minui
2939 5716 3125 5788 (Joan.
3152 5718 3235 5789 ut)
3269 5738 3282 5773 :
3308 5720 3394 5775 Fit
3417 5736 3545 5778 ver-

3101 5814 3139 5873 9
