4044 6326
485 238 594 300 267

1751 229 1810 285 S.
1850 216 2124 283 EUSEBH
2160 215 2538 280 HIERONYIII

3700 217 3808 280 268

487 357 617 412 bum
647 352 705 412 in
733 351 978 417 deserto,
1008 347 1242 406 etvenit
1267 346 1336 404 ad
1365 357 1584 402 omnem
1621 342 1769 398 circa
1811 341 2094 412 regionem
2123 333 2180 402 Α
2205 359 2424 414 "dignis
2477 357 2739 430 exemp“,
2795 357 2862 414 ad
2917 357 3251 416 credendum
3301 357 3598 425 adducam,
3658 360 3808 430 quod

491 449 768 509 Jordauis.
799 448 932 516 Quae
959 447 1103 504 enim
1151 444 1256 499 alia
1295 442 1415 499 loca
1459 438 1651 497 debuit
1677 437 1914 494 circuire
1953 435 2097 506 Bap-

497 555 625 610 tista
653 595 668 619 ,
700 551 805 607 nisi
836 550 1011 604 vicina
1038 545 1322 612 Jordanis,
1351 553 1414 601 ut
1440 545 1772 616 quicumque
1801 541 2104 598 voluissent

496 670 660 727 agere
713 651 1085 725 paenitentiam
1113 688 1128 714 ,
1178 654 1381 718 praesto
1443 654 1627 702 essent
1684 645 1754 701 ad
1821 645 2100 700 lavacrum

496 763 688 834 aquas?
734 761 905 818 Porro
951 757 1211 817 Iordanis
1257 767 1283 797 α
1327 755 1641 813 descendens
1684 755 2102 824 interpretatur.

498 863 850 922 Descendens
885 870 1071 919 autem
1103 868 1156 917 et
1205 861 1358 933 largo
1389 859 1596 932 impetu
1637 871 1864 914 currens
1909 855 2108 910 ﬂuvius

508 969 603 1025 Dei
649 967 904 1024 Salvator
935 975 1124 1021 noster
1162 956 1444 1023 Dominus
1477 971 1582 1027 est,
1631 963 1685 1018 in
1718 975 1827 1036 quo
1861 960 2108 1032 baptiza-

504 1091 649 1131 mur.
705 1073 877 1142 Quam
940 1086 1127 1128 veram
1181 1085 1374 1141 aquam
1449 1069 1776 1137 salutarem,
1817 1070 1870 1124 in
1921 1067 2114 1122 remis-

505 1177 714 1232 sionem
757 1189 972 1248 quoque
1026 1182 1371 1244 peccatorum
1403 1173 1456 1228 in
1505 1173 1775 1241 baptismo
1817 1173 2110 1243 praedicat:

501 1271 684 1326 venite
715 1311 732 1334 ,
783 1267 1163 1326 catechumeni
1194 1308 1208 1330 ,
1259 1269 1404 1338 agite
1454 1265 1828 1338 pmnitentiam
1865 1307 1879 1328 ,
1935 1275 1994 1319 ut
2057 1265 2113 1322 in

499 1363 879 1420 remissionem
939 1371 1286 1436 peccatorum
1361 1361 1627 1431 baptisma
1685 1357 2113 1428 consequemini.

507 1453 566 1510 in
614 1455 992 1512 remissionem
1043 1453 1397 1528 313-314
1444 1464 1792 1526 peccatorum
1835 1456 1927 1512 ille
1975 1457 2119 1512 acci-

502 1551 583 1620 pit
619 1550 926 1620 Baptisma,
985 1547 1076 1619 qui
1132 1563 1362 1615 peccare
1408 1548 1641 1604 desistit.
1690 1547 1745 1604 Si
1799 1549 1921 1619 quis
1973 1547 2117 1603 enim

509 1657 746 1713 peccans
804 1641 873 1698 ad
947 1641 1222 1696 lavacrum
1298 1641 1490 1708 venit,
1546 1651 1604 1697 et
1661 1641 1782 1712 [AL
1846 1640 1934 1711 ei]
2012 1654 2117 1696 non

511 1735 570 1790 lit
607 1735 861 1797 remissio
887 1742 1262 1805 peccatorum.
1290 1733 1592 1804 Propterea
1622 1734 1860 1790 obsecro
1888 1748 2007 1798 vos,
2045 1747 2114 1790 ne

510 1831 716 1899 absque
745 1827 960 1885 cautela
987 1835 1043 1882 et
1069 1827 1318 1897 diligenti
1349 1827 1848 1898 circumspectione
1884 1828 1950 1883 ad
1982 1829 2116 1898 hap-

510 1923 728 1980 tismum
745 1919 1000 1983 veniatis.
1017 1920 1110 1977 sed
1126 1920 1428 1978 ostendatis
1443 1922 1676 1992 primum
1694 1921 1902 1981 {ructus
1923 1923 2116 1992 dignos

510 2013 868 2084 pmnitentim.
891 2011 1082 2070 Facite
1098 2013 1302 2083 aliquid
1326 2014 1589 2085 temporis
1611 2015 1664 2072 in
1691 2018 2115 2076 conversatione

507 2107 672 2171 bona,
704 2105 938 2162 mundos
965 2120 1070 2162 vos
1113 2121 1142 2160 a
1173 2105 1388 2162 cunctis
1419 2107 1679 2166 sordibus
1705 2108 1964 2182 vitiisque
1999 2125 2116 2168 ser-

509 2210 636 2256 vate
682 2219 695 2255 :
748 2209 803 2256 et
857 2209 986 2258 tunc
1039 2200 1196 2255 vobis
1256 2202 1514 2256 remissio
1568 2211 1919 2272 peccatorum
1983 2205 2114 2272 ﬁet,

511 2296 734 2364 quando
778 2295 1060 2367 cmperitis
1103 2305 1158 2352 et
1195 2296 1298 2364 ipsi
1347 2297 1565 2368 propria
1606 2308 1828 2367 peccata
1867 2309 2119 2355 contem-

512 2405 668 2444 nere.
704 2389 974 2443 Dimittite
1004 2388 1202 2443 delicta
1233 2398 1438 2460 vestra,
1483 2399 1538 2444 et
1567 2391 1910 2449 dimittentur
1939 2393 2118 2447 vobis.

518 2481 631 2535 lloe
657 2490 839 2537 autem
871 2480 1050 2550 ipsum
1099 2481 1242 2550 quod
1278 2497 1422 2537 nunc
1453 2482 1521 2537 de
1549 2484 1722 2540 veteri
1754 2484 2120 2541 instrumento

521 2571 762 2642 ponitur,
815 2572 868 2626 in
918 2571 1056 2627 Isaia
1102 2571 1369 2641 propheta
1421 2573 1684 2644 scriptum
1737 2576 1993 2646 legimus,
2046 2577 2120 2633 ibi

516 2663 665 2719 enim
693 2663 894 2719 dicitur
923 2682 936 2718 :
965 2663 1083 2719 Vox
1111 2663 1392 2720 clamantis
1414 2667 1467 2721 in
1487 2659 1698 2723 deserto
1726 2686 1745 2723 :
1772 2668 1967 2724 Parata
1986 2669 2121 2724 viam

521 2754 751 2816 Domini,
784 2763 950 2810 rectas
973 2754 1125 2824 facite
1151 2755 1361 2810 semitas
1381 2758 1498 2828 ejus
1522 2754 1678 2828 (Isni.
1706 2759 1823 2827 se).
1853 2759 1982 2813 Vult
2012 2760 2119 2813 Do-

518 2847 698 2901 minus
727 2847 779 2900 in
806 2846 965 2901 vobis
1010 2847 1253 2916 reperire
1280 2848 1421 2904 viam
1447 2888 1462 2914 ,
1509 2859 1569 2906 ut
1603 2853 1780 2921 possit
1811 2852 1866 2907 in
1911 2862 2123 2910 vestras

519 2940 734 2994 animas
761 2939 1012 3009 ingredi,
1059 2950 1114 2996 et
1153 2941 1258 2997 iter
1285 2957 1443 2998 suum
1489 2943 1689 3000 facere.
1722 2945 2033 3016 Praeparato
2072 2948 2122 3004 ei

521 3033 802 3095 semitam,
831 3031 899 3086 de
929 3047 1034 3101 qua
1065 3032 1306 3089 dicitur:
1341 3035 1529 3091 Rectus
1555 3037 1712 3106 facile
1735 3039 1942 3093 semitas
1963 3043 2081 3111 ejus
2103 3055 2123 3095 :

530 3124 644 3179 l-‘ox
692 3124 972 3182 clamantis
1013 3127 1069 3179 in
1110 3124 1338 3182 deserto.
1391 3127 1507 3182 Vox
1553 3131 1774 3194 clamat,
1822 3142 2122 3202 prteparate

521 3219 688 3274 viam.
740 3218 926 3276 Primo
966 3217 1114 3276 enim
1145 3234 1249 3276 vos
1287 3221 1354 3276 ad
1388 3237 1552 3278 aures
1593 3224 1886 3292 pervenit:
1924 3226 2124 3282 deinde

520 3324 640 3380 post
669 3326 878 3374 vocem,
911 3312 1082 3369 immo
1109 3327 1232 3368 cum
1262 3328 1423 3380 voce,
1456 3317 1704 3372 auditum
1738 3333 1925 3374 sermo
1951 3334 2120 3389 pene-

516 3414 645 3460 trat.
693 3405 850 3461 Juxta
884 3404 1029 3462 hunc
1061 3420 1283 3462 sensum
1316 3424 1347 3461 a
1377 3406 1591 3462 Joanne
1637 3409 1994 3468 annuntiatus
2039 3421 2125 3468 est

518 3498 792 3556 Christus.
824 3498 1124 3558 Videamus
1155 3513 1288 3568 ergo
1317 3500 1444 3569 quid
1476 3515 1580 3555 vox
1611 3502 1680 3558 de
1713 3504 1882 3559 verbo
1909 3519 2124 3561 annun-

519 3592 638 3647 tiet.
675 3590 999 3660 Praeparate,
1032 3592 1249 3660 inquit,
1291 3593 1424 3645 viam
1467 3591 1715 3648 Domino.
1755 3594 1927 3663 Quam
1975 3600 2121 3655 viam

521 3684 753 3742 Domino
779 3683 1193 3751 praeparemus?
1220 3682 1495 3752 Numquid
1519 3690 1875 3754 corpoream?
1899 3691 2004 3744 Aut
2029 3707 2124 3759 po-

523 3786 631 3831 test
659 3790 845 3833 sermo
883 3775 974 3830 Dei
1006 3775 1098 3829 tali
1146 3775 1339 3831 itinere
1368 3780 1634 3847 pergere?
1674 3781 1756 3835 An
1783 3782 2120 3840 intrinsecus

525 3866 884 3936 praeparanda
930 3874 1016 3920 est
1045 3866 1299 3931 Domino,
1349 3868 1401 3922 in
1442 3870 1608 3924 corde
1651 3881 1846 3927 nostro
1891 3885 2036 3932 recta
2068 3885 2126 3931 et

521 3959 750 4030 aequalis
790 3957 980 4014 semita
1013 3959 1428 4028 componenda?
1451 3962 1576 4018 llatc
1603 3973 1684 4020 est
1716 3965 1800 4020 via
1834 3981 1931 4034 per
1955 3982 2118 4036 quam

523 4053 805 4122 ingressus
830 4061 916 4108 est
942 4067 1125 4108 sermo
1155 4054 1275 4118 Dei,
1301 4055 1393 4123 qui
1425 4057 1476 4109 in
1508 4057 1732 4114 humani
1765 4064 2012 4132 corporis
2033 4078 2122 4119 ca-

523 4147 758 4215 paeitate
784 4147 1056 4202 consistit.
1089 4147 1340 4216 Magnum
1373 4159 1454 4204 est
1487 4165 1584 4206 eor
1624 4154 1880 4220 hominis,
1911 4166 1965 4211 et
1990 4172 2121 4226 spa-

525 4242 749 4302 tiosum,
772 4249 829 4295 et
857 4239 1121 4307 eapax,'si
1149 4248 1328 4296 tamen
1361 4244 1620 4300 mundum
1645 4245 1810 4302 fuerit
1836 4265 1848 4298 τ
1878 4248 1972 4302 Vis
2002 4249 2120 4318 ejus

525 4332 952 4399 magnitudinem
1025 4331 1481 4406 latitudinemqne
1537 4342 1914 4405 cognoscere?
1985 4343 2119 4399 Vide

523 4432 785 4492 quantam
813 4422 1122 4478 divinorum
1162 4438 1419 4480 sensuum
1451 4429 1876 4499 magnitudinem
1914 4434 2114 4503 capiat.

2202 453 2406 524 grande
2435 455 2506 510 sit
2535 469 2630 508 eor
2657 453 2917 521 hominis,
2952 453 3256 510 videamus.
3286 453 3670 526 Quascumque
3712 469 3810 509 ur-

2205 546 2302 601 bes
2327 549 2709 614 transivimus,
2737 547 3001 604 habemus
3033 548 3151 603 illas
3177 549 3228 604 in
3259 546 3462 615 animo,
3497 557 3551 603 et
3575 548 3810 619 qualita-

2203 647 2310 708 tes,
2332 647 2385 695 et
2414 640 2554 696 situs
2577 639 2904 711 platearum,
2931 655 3346 712 murorumque,
3371 650 3429 698 et
3449 641 3807 697 :ediiiciorum

2206 729 2259 785 in
2290 731 2458 787 corde
2489 740 2676 788 nostro
2705 741 3016 789 versantur.
3060 731 3215 787 Viam
3247 748 3409 803 quam
3451 733 3685 804 ingressi
3717 749 3811 788 su-

2211 839 2352 894 mus,
2381 826 2432 881 in
2453 827 2734 882 memoriae
2757 827 2964 897 pictura
2990 841 3053 882 ac
3075 825 3446 898 descriptione
3467 828 3769 884 retinemus
3795 844 3811 883 :

2211 933 2363 974 mare
2390 919 2533 990 quod
2563 919 2939 990 navigavimus
2971 918 3131 976 tacita
3163 918 3500 991 cogitatione
3531 920 3816 990 amplecti-

2211 1026 2354 1068 mur.
2394 1011 2510 1067 Non
2542 1021 2626 1068 est
2655 1027 2903 1083 parvum,
2949 1021 3008 1067 ut
3037 1012 3170 1078 dixi,
3215 1027 3311 1068 cor
3346 1011 3623 1077 hominis,
3668 1013 3815 1084 quod

2214 1111 2398 1174 potest
2429 1113 2572 1160 tanta
2603 1119 2822 1176 capere.
2860 1105 2915 1162 Si
2942 1115 3122 1161 autem
3153 1121 3261 1160 non
3297 1113 3378 1160 est
3410 1120 3634 1175 parvum
3668 1112 3817 1160 tanta

2215 1199 2462 1268 capiens,
2503 1208 2910 1268 consequenter
2935 1199 2989 1253 in
3027 1197 3122 1253 illo
3155 1199 3240 1253 via
3276 1196 3494 1253 Domini
3541 1212 3818 1268 prmpara-

2219 1300 2326 1358 tur,
2363 1301 2416 1346 et
2441 1302 2591 1347 recta
2620 1291 2674 1346 lit
2701 1291 2921 1357 semita,
2949 1300 3002 1346 ut
3027 1290 3274 1346 ambulet
3300 1288 3356 1344 in
3383 1289 3469 1344 illa
3490 1303 3672 1345 sermo
3697 1288 3814 1354 Dei,

2217 1391 2381 1454 atque
2411 1383 2700 1454 sapientia.
2737 1383 2991 1452 Prmpara
3022 1384 3164 1439 viam
3197 1383 3424 1438 Domino
3467 1397 3563 1453 per
3591 1397 3819 1436 convcr-

2218 1476 2486 1532 sationem
2511 1478 2734 1545 bonatu,
2766 1485 2822 1531 et
2841 1477 3074 1548 egregiis
3097 1477 3354 1548 operibus
3377 1486 3502 1532 tene
3525 1477 3773 1532 semitam
3802 1493 3816 1530 :

2219 1569 2428 1639 absque
2454 1568 2662 1626 oﬂensa
2693 1569 2799 1623 ulla
2829 1567 3140 1625 deambulet
3175 1569 3228 1624 in
3265 1577 3316 1624 te
3345 1567 3580 1624 Verbum
3614 1567 3733 1636 Dei,
3765 1573 3822 1623 et

2224 1662 2390 1718 donet
2424 1663 2518 1719 tibi
2564 1662 2949 1735 mysteriorum
2992 1677 3213 1719 suorum
3258 1661 3632 1734 adventusque
3680 1660 3823 1717 noti-

2220 1756 2370 1810 tiam.
2401 1755 2499 1810 Ctti
2529 1765 2613 1811 est
2640 1755 2817 1826 gloria
2847 1765 2900 1810 et
2934 1755 3219 1826 imperium
3248 1756 3302 1810 in
3351 1755 3548 1811 srecula
3588 1753 3824 1811 saeculo-

2215 1863 2358 1904 rum.
2396 1849 2585 1903 Amen.

2778 1962 3059 2021 HOMlLlA
3105 1963 3272 2021 XXII.

2221 2099 2297 2154 De
2326 2114 2394 2154 eo
2435 2097 2581 2169 quod
2624 2099 2884 2168 scriptum
2915 2108 3002 2154 est
3037 2117 3048 2153 :
3095 2100 3276 2155 Omnis
3307 2100 3457 2155 vallis
3500 2100 3823 2168 implebitvr,

2294 2187 2464 2240 usque
2501 2169 2569 2225 ad
2598 2185 2720 2225 eum
2754 2172 2932 2226 locum
2964 2171 3051 2226 ubi
3089 2171 3164 2226 ait
3192 2189 3205 2224 :
3241 2170 3436 2225 Potens
3470 2182 3543 2228 est
3580 2172 3720 2227 Deus
3759 2173 3826 2228 de

2294 2241 2557 2312 lapidibus
2585 2242 2696 2295 istis
2726 2248 2980 2296 suscitare
2996 2241 3138 2312 ﬁlios
3165 2242 3407 2297 Abrahw.
3432 2241 3563 2314 Cap.
3589 2242 3677 2298 Ill.

2297 2383 2594 2439 Videamus
2633 2399 2755 2453 qua:
2809 2384 2861 2437 in
2904 2383 3105 2439 Christi
3149 2384 3521 2454 praedicentur
3564 2385 3824 2457 adventu,

2223 2477 2367 2533 inter
2405 2491 2528 2543 quae
2573 2477 2810 2545 primum
2851 2475 2923 2530 de
2965 2477 3176 2532 Joanne
3206 2475 3512 2534 scribitur:
3566 2477 3682 2531 Vox
3719 2476 3832 2530 cla-

2223 2569 2416 2622 mantis
2446 2569 2501 2623 iu
2531 2568 2772 2624 deserto:
2809 2567 3001 2623 Parata
3031 2572 3166 2625 viam
3198 2569 3428 2637 Domini,
3476 2579 3641 2624 rectas
3672 2571 3830 2641 facite

2223 2661 2429 2718 Iemitas
2471 2661 2603 2729 ejus.
2655 2661 2718 2714 Et
2745 2661 2892 2730 quod
2940 2663 3192 2731 sequitur
3231 2663 3448 2732 proprie
3485 2662 3556 2718 de
3599 2662 3830 2718 Domino

2224 2751 2507 2809 Salvatore
2555 2762 2662 2808 est.
2701 2752 2894 2824 Neque
2934 2755 3080 2809 enim
3116 2770 3146 2809 a
3183 2754 3395 2812 Joanne
3441 2757 3624 2810 omnis
3672 2757 3829 2814 vallis

2225 2842 2445 2912 impleta
2471 2855 2577 2908 est,
2607 2845 2702 2900 sed
2729 2861 2759 2900 a
2792 2845 3020 2900 Domino
3042 2846 3348 2902 Salvatore.
3377 2845 3633 2917 Seipsum
3657 2865 3829 2905 unus-

2226 2938 2456 3006 quisque
2497 2937 2834 3004 consideret,
2873 2938 2998 3006 quis
3037 2947 3155 2993 erat
3197 2948 3492 3008 antequam
3529 2939 3826 2998 crederet:

2228 3040 2357 3090 tunc
2412 3030 2855 3095 animadvertet,
2900 3031 3104 3086 vallem
3154 3031 3457 3097 humilem,
3523 3033 3718 3088 vallem
3768 3048 3830 3089 se

2149 3102 2197 3168 ο
2227 3121 2393 3178 fuisse
2429 3123 2761 3192 praecipitem
2807 3123 2860 3176 in
2901 3123 3007 3177 ima
3039 3123 3368 3179 demersam.
3399 3125 3632 3190 Quando
3679 3125 3828 3182 venit

2226 3217 2489 3272 Dominus
2536 3217 2719 3281 Jesus,
2772 3225 2826 3272 et
2877 3215 3024 3270 misit
3067 3215 3330 3286 Spiritum
3381 3226 3629 3273 sanctum
3682 3220 3830 3272 vica-

2225 3310 2363 3364 rium
2404 3324 2559 3363 suum
2589 3351 2604 3376 ,
2657 3308 2815 3363 vallis
2859 3309 3041 3362 omnis
3081 3309 3304 3378 espleta
3340 3318 3442 3364 est.
3486 3308 3713 3378 Expleta
3742 3318 3829 3365 est

2223 3409 2403 3457 autem
2448 3400 2707 3466 operibus
2747 3400 2908 3456 bonis
2939 3409 2995 3455 et.
3033 3400 3300 3456 fructibus
3335 3401 3574 3470 Spiritus
3617 3402 3825 3457 Sancti.

2222 3493 2580 3568 315-316
2599 3493 2851 3552 Charitas
2879 3509 2986 3549 non
3010 3495 3140 3550 sinit
3166 3510 3493 3563 permanere
3523 3505 3578 3550 te
3601 3496 3822 3552 vallem.

2225 3587 2379 3655 Quod
2411 3588 2456 3643 si
2483 3603 2667 3657 pacem
2694 3589 2950 3643 habueris
2979 3601 3032 3644 et
3059 3590 3385 3658 sapientiam
3414 3598 3470 3645 et
3499 3589 3822 3658 bonitatem,

2227 3694 2332 3736 non
2357 3681 2533 3735 solum
2565 3680 2728 3736 vallis
2751 3695 2872 3735 esse
2902 3681 3157 3748 desistes,
3186 3681 3288 3737 sed
3318 3681 3482 3736 etiam
3516 3696 3678 3736 mons
3703 3697 3826 3737 esse

2227 3773 2451 3842 incipies
2475 3774 2595 3829 Dei.
2621 3774 2774 3842 Quod
2802 3784 2984 3829 tamen
3010 3775 3080 3829 de
3101 3775 3358 3845 gentibus
3381 3774 3623 3845 quotidie
3652 3776 3825 3845 magis

2229 3864 2348 3922 ﬁeri
2384 3866 2652 3930 videmus,
2688 3877 2850 3936 atque
2880 3867 3164 3936 compleri,
3228 3866 3409 3922 (inuris
3446 3867 3600 3924 callis
3639 3868 3826 3939 imple-

2227 3959 2397 4023 bitur;
2414 3973 2574 4028 quam
2602 3959 2674 4013 de
2700 3960 2901 4028 populo
2924 3960 3115 4026 lsracl,
3141 3961 3236 4030 qui
3255 3960 3325 4016 de
3350 3961 3572 4016 excelso
3598 3961 3822 4030 deposi-

2227 4058 2312 4105 tus
2358 4059 2445 4106 est
2475 4065 2490 4104 :
2523 4049 2730 4118 Omnis,
2772 4051 2953 4118 inquit
2993 4067 3138 4104 mons
3169 4062 3214 4104 et
3251 4049 3400 4105 collis
3433 4051 3819 4107 humiliobimr.

2225 4143 2380 4198 Mons
2407 4151 2532 4197 erat
2559 4144 2832 4212 quondam
2864 4143 2956 4198 ille
2979 4143 3207 4212 p0pulus
3238 4153 3295 4198 et
3322 4143 3502 4213 collis,
3528 4145 3619 4212 qui
3646 4145 3822 4213 depo-

2222 4239 2362 4292 situs
2386 4247 2471 4292 est
2496 4246 2659 4308 atque
2680 4237 3015 4295 destructus.
3042 4237 3262 4293 Illorum
3288 4236 3494 4292 delicto
3515 4239 3663 4296 salus
3687 4256 3822 4311 gen-

2226 4333 2369 4388 tibus
2395 4333 2519 4387 data
2553 4342 2636 4388 est
2664 4332 2733 4387 ad
2779 4334 3148 4389 aemulandum
3179 4347 3278 4387 eos
3311 4332 3490 4404 (Rom.
3523 4334 3623 4389 xtl.
3665 4337 3822 4402 Quod

2222 4434 2278 4481 et
2305 4428 2349 4481 si
2377 4425 2680 4482 contrarias
2720 4427 3084 4494 fortitudines,
3123 4443 3247 4498 qua;
3274 4429 3535 4485 adversus
3564 4433 3821 4487 mortales

521 4516 662 4584 Ipse,
694 4515 790 4578 ait,
821 4514 970 4570 dedit
990 4511 1125 4570 mihi
1155 4530 1366 4582 eorum,
1397 4534 1519 4590 quae
1547 4530 1695 4587 sunt,
1726 4525 1998 4589 notitiam,
2030 4543 2116 4583 ra-
2137 4486 2196 4556 υ
2221 4521 2588 4592 erigebantur,
2616 4522 2820 4577 dixeris
2845 4532 3057 4578 montes
3087 4532 3140 4577 et
3168 4523 3337 4579 colles
3365 4539 3486 4581 esse
3514 4525 3816 4596 depositas,

520 4608 723 4663 tionem
754 4607 937 4664 mundi
968 4608 1134 4674 scire,
1163 4617 1219 4662 et
1250 4624 1416 4678 opera
1447 4611 1860 4680 elementorum,
1909 4619 2114 4686 princi-

519 4701 667 4770 pium
696 4709 753 4755 et
779 4700 940 4754 linem
963 4709 1018 4754 et
1045 4701 1392 4758 medietatem
1424 4708 1774 4775 saeculorum,
1809 4719 2112 4780 temporum

522 4792 837 4855 varietates,
867 4801 920 4847 et
952 4793 1369 4850 translationem
1391 4800 1682 4862 mensium,
1714 4817 1980 4859 annorum
2009 4807 2117 4860 cir-

517 4889 692 4952 culos,
723 4899 780 4943 et
815 4888 1053 4944 siderum
1094 4889 1274 4956 sedes,
1313 4900 1536 4949 naturas
1562 4896 1900 4966 animalium,
1939 4908 1994 4954 et
2033 4901 2115 4954 l'u-

513 4995 667 5038 rores
691 4980 1008 5042 bestiarum,
1032 4982 1322 5052 spirituum
1345 4985 1654 5054 violentias,
1680 4997 1740 5044 et
1759 4991 2110 5058 cogitationes

510 5075 815 5139 hominum,
874 5076 1224 5131 diversitates
1279 5079 1558 5143 arborum,
1613 5089 1668 5136 et
1715 5084 1828 5137 vim
1871 5086 2112 5143 radicum

513 5169 666 5240 (Sap.
697 5184 793 5235 vn,
828 5169 939 5239 l7).
974 5170 1142 5225 Vides
1169 5187 1276 5226 non
1303 5187 1529 5241 parvum
1558 5189 1680 5230 esse
1711 5192 1806 5232 cor
1835 5178 2073 5234 hominis
2102 5225 2117 5250 ,

506 5261 650 5329 quod
674 5269 822 5314 tanta
852 5262 1048 5330 capiat.
1078 5261 1265 5330 Neque
1295 5262 1351 5318 iu
1384 5267 1630 5334 corporis
1661 5269 1980 5338 quantitate,
2011 5274 2110 5330 sed

503 5352 561 5406 in
597 5353 917 5409 fortitudine
946 5353 1064 5420 ejus
1097 5355 1341 5424 intelligo
1370 5403 1382 5424 ,
1417 5373 1538 5426 quae
1572 5369 1774 5415 tantam
1819 5364 2106 5422 scientiam

495 5445 686 5514 capiat
714 5445 989 5501 veritatis.
1025 5445 1094 5503 Ut
1119 5456 1299 5501 autem
1325 5458 1377 5503 et
1408 5449 1686 5520 simplices
1702 5467 1946 5523 quosque
1973 5469 2108 5524 quo-

570 5643 596 5674 ι
641 5633 710 5690 Et
753 5650 883 5692 vero
934 5638 986 5691 in

498 5701 720 5770 placuit.

2219 4631 2326 4672 non
2360 4618 2634 4687 peccabis.
2666 4618 2738 4672 Ut
2767 4617 2910 4672 enim
2943 4617 3270 4686 impleantur
3304 4619 3675 4688 hujuscemodi
3707 4621 3824 4674 val-

2219 4713 2323 4776 les,
2363 4711 2715 4768 bumiliandte
2760 4721 2906 4766 sunt.
2939 4711 3048 4766 Sed
3090 4720 3143 4765 et
3186 4713 3289 4765 hoc
3320 4713 3462 4782 quod
3502 4715 3555 4768 in
3583 4713 3820 4770 adventu

2187 4807 2416 4861 'Cbristi
2451 4807 2832 4877 pr0pbctatum
2872 4814 2978 4868 est,
3010 4813 3189 4859 utrum
3235 4807 3511 4878 expletum
3557 4807 3647 4871 sit,
3679 4822 3818 4863 eon-

2217 4898 2564 4966 templemur.
2593 4897 2850 4967 Sequitur
2881 4898 3025 4953 enim
3055 4915 3068 4950 :
3099 4896 3159 4950 Et
3189 4898 3553 4970 onmiatprava
3585 4909 3736 4953 ενι-ωτι
3764 4900 3819 4953 in

2221 4991 2433 5044 directa.
2467 4989 2851 5058 Unusquisque
2883 4999 3128 5044 nostrum
3162 5007 3360 5060 pravus
3393 5001 3531 5055 erat,
3563 4993 3604 5045 si
3637 5001 3818 5048 tamen

2219 5101 2327 5139 non
2376 5091 2429 5137 et
2479 5098 2646 5152 usque
2695 5082 2855 5137 hodie
2892 5095 3215 5153 perseverat
3248 5105 3260 5140 :
3296 5096 3349 5141 et
3391 5102 3489 5156 per
3519 5087 3815 5143 adventum

2215 5177 2418 5232 Christi
2435 5177 2521 5246 qui
2548 5173 2721 5228 factus
2739 5181 2821 5226 est
2844 5175 2910 5228 ad
2934 5176 3172 5232 animam
3199 5186 3460 5243 nostram,
3480 5193 3642 5247 prava
3668 5195 3818 5242 qua}-

2214 5285 2318 5340 que
2347 5270 2553 5323 directa
2597 5276 2742 5322 sunt.
2777 5266 2920 5334 Quid
2957 5269 3098 5322 enim
3139 5269 3235 5324 tibi
3285 5269 3528 5341 prodest,
3564 5269 3609 5322 si
3655 5268 3820 5324 Chri-

2212 5369 2328 5416 stus
2361 5358 2633 5428 quondam
2661 5359 2812 5412 venit
2843 5359 2895 5411 in
2922 5373 3167 5428 carnem,
3203 5361 3303 5415 nisi
3330 5376 3545 5432 quoque
3572 5361 3636 5414 ad
3667 5370 3813 5416 tuam

2212 5453 2446 5507 animam
2481 5449 2734 5505 venerit?
2754 5449 2990 5506 Oremus
3009 5461 3065 5507 ut
3086 5453 3231 5508 illius
3255 5452 3498 5524 quotidie
3527 5453 3684 5508 nobis
3716 5453 3814 5509 ad-

1045 5636 1368 5708 Origenian.
1418 5638 1618 5696 Lexico
1670 5643 1976 5704 κατάϐασις.
2012 5644 2062 5699 id
2093 5657 2198 5716 est,
2235 5647 2518 5709 descensio,
2566 5646 2969 5716 interpretatur,
3004 5664 3126 5718 quae
3158 5661 3211 5706 et
3243 5652 3453 5710 Philoni
3479 5655 3814 5729 etymologia
