4044 6332
443 265 542 322 271

979 372 1266 430 HOMILIA
1307 369 1498 426 XXIII.

443 495 522 550 De
563 509 632 548 eo
666 491 806 561 quod
840 489 1103 557 scriptum
1145 497 1272 542 est:
1316 484 1447 561 Ecce
1474 482 1673 561 securis
1723 480 1793 534 ad
1836 480 2045 561 radices

521 551 767 618 arborum
795 551 966 632 positd
989 567 1086 623 est,
1119 571 1300 632 usque
1329 556 1396 632 ad
1429 554 1764 632 cumiocum
1796 551 1890 632 ubi
1919 551 1994 602 ait
2025 567 2045 632 ,ε

521 620 988 688 νειιενιιηιάιιιεηι
1024 620 1081 682 δι’
1116 620 1415 690 Ριιῦιὶοαηὶ,
1456 636 1510 680 ut
1562 625 1956 693 baptizarentur
1986 620 2048 672 ab

519 722 599 759 eo.
634 704 765 772 Cap.
799 701 885 756 ιιι.

524 841 763 892 Joannes
793 836 884 890 illo
911 834 1025 904 jam
1061 843 1308 904 tempore
1335 830 1665 902 loquebatur
1698 847 1712 884 :
1745 827 1878 882 Ecce
1907 844 2053 882 secu-

457 951 528 988 ris
558 931 626 986 ad
656 930 858 984 radices
889 929 1138 982 arborum
1170 927 1340 998 posita
1387 935 1481 978 est.
1516 925 1583 978 Et
1631 924 1901 993 siquidem
1939 921 2052 990 jam

454 1028 736 1096 ingrueret
759 1021 1193 1084 consummatio,
1227 1030 1283 1074 et
1315 1030 1619 1088 temporum
1652 1015 1776 1071 linis
1798 1015 2052 1076 instaret,

448 1117 598 1172 nulla
644 1115 774 1170 mihi
823 1112 1055 1185 quaestio
1096 1123 1436 1166 nasceretur.
1473 1109 1724 1164 Dicerem
1758 1107 1904 1162 enim
1951 1104 2056 1158 hoc

450 1209 594 1280 quod
618 1207 694 1261 ait
722 1224 736 1259 :
771 1205 903 1260 Ecce
925 1206 1123 1260 securis
1151 1205 1219 1257 ad
1245 1203 1445 1256 radices
1466 1201 1665 1255 arboris
1689 1201 1859 1271 posita
1879 1207 1974 1261 est,
2001 1207 2058 1254 et

449 1300 582 1356 illttd
609 1318 623 1353 :
653 1299 834 1352 Omnis
854 1299 995 1353 enim
1017 1298 1173 1351 arbor
1193 1312 1308 1364 quae
1330 1311 1431 1348 non
1453 1294 1578 1364 facit
1595 1294 1824 1362 fructum
1847 1292 2054 1356 bonum,

457 1392 790 1466 prtecidetur,
833 1400 881 1444 et
929 1391 987 1443 in
1019 1391 1188 1462 ignem
1221 1388 1474 1449 mittetur,
1507 1395 1794 1455 propterea
1823 1381 2061 1452 prOphe-

458 1493 660 1548 tatum,
691 1484 818 1554 quia
865 1483 917 1536 in
953 1481 1050 1535 illo
1097 1491 1341 1550 tempore
1371 1477 1766 1548 complebatur.
1801 1473 1938 1556 C‘um
1965 1488 2062 1527 au-

459 1586 568 1634 tent
611 1584 758 1630 tanta
784 1583 908 1645 post
935 1574 1135 1628 smcula
1160 1572 1436 1638 ﬂuxerint,
1467 1580 1520 1626 et
1548 1577 1657 1624 tam
1691 1567 2060 1623 innumerabi-

454 1669 538 1726 les
568 1670 698 1725 anni
729 1668 917 1723 abillo
950 1677 1194 1737 tempore
1234 1680 1404 1733 usque
1447 1665 1515 1718 ad
1551 1671 1879 1734 pragsentem
1912 1661 2059 1716 diem

1679 251 1740 308 S.
1783 246 2054 307 EUSEBII
2096 245 2476 304 IIIERONYRII

2069 364 2119 427 Α
2150 364 2393 419 tribuere
2423 363 2831 420 vestimentum.
2854 364 3114 432 Quisnam
3141 370 3224 420 est
3253 363 3346 420 ille
3373 365 3463 435 qui
3488 379 3557 420 ne
3579 380 3745 422 unum

3638 243 3750 304 279

2152 457 2368 526 quidem
2399 456 2774 512 indumentum
2797 471 2960 526 super
2986 473 3207 514 carnem
3239 472 3392 513 suam
3425 457 3590 513 habet
3612 500 3626 521 ,
3654 459 3746 525 qui

2154 548 2328 603 nudus
2354 557 2458 615 est,
2489 549 2579 620 qui
2601 549 2827 604 omnino
2857 549 3004 606 nulla
3032 560 3182 606 veste
3208 550 3540 618 coopertus?
3565 549 3751 621 Neque

2152 659 2283 698 vero
2315 643 2418 699 hoc
2445 643 2588 706 dico,
2623 660 2732 714 quo
2761 660 2867 699 non
2893 643 3240 714 praecipiatur
3263 643 3592 709 liberalitas,
3615 654 3672 700 et
3693 645 3750 700 in

2154 749 2420 805 pauperes
2463 735 2859 791 misericordia.
2897 735 3253 807 Hyperbolica
3301 735 3588 792 clementia
3626 753 3642 791 :
3690 745 3749 792 ut

2153 827 2319 883 etiam
2384 827 2560 882 nudos
2611 827 2784 882 altera
2826 828 3001 883 tunica
3062 838 3431 899 pr0tegamus.
3493 827 3601 885 Sed
3649 830 3752 884 hoc

2156 919 2268 986 aio,
2297 918 2444 990 quod
2468 929 2519 973 et
2551 917 2959 988 profundiorem
2992 919 3143 974 locus
3173 919 3280 974 iste
3311 918 3563 988 respiciat
3594 919 3755 975 intel-

2156 1010 2384 1074 lectum,
2415 1019 2471 1065 et
2494 1018 2746 1079 Oporteat
2774 1011 2822 1066 ei
2855 1009 2988 1066 dare
3014 1011 3252 1066 tunicam
3279 1011 3370 1082 qui
3393 1011 3618 1065 omnino
3645 1027 3752 1068 non

2158 1102 2410 1157 habebat.
2441 1101 2576 1169 Quis
2605 1112 2688 1156 est
2713 1116 2844 1170 ergo
2867 1102 2990 1169 iste,
3019 1101 3109 1173 qui
3141 1102 3378 1158 tunicam
3410 1117 3517 1158 non
3546 1101 3756 1158 habet?

2155 1193 2360 1263 Nempe
2405 1193 2494 1249 ille
2539 1193 2632 1264 qui
2664 1195 2879 1263 penitus
2911 1193 3078 1249 Deum
3110 1209 3218 1248 non
3253 1193 3436 1248 habet.
3483 1193 3755 1250 Debemus

2161 1287 2324 1357 igitur
2366 1302 2570 1344 exuere
2603 1302 2723 1357 nos,
2771 1297 2826 1342 et
2875 1287 2924 1342 ei
2968 1287 3100 1343 dare
3125 1287 3216 1358 qui
3250 1286 3430 1342 nudus
3452 1295 3555 1342 est.
3603 1286 3756 1342 Alius

2158 1378 2321 1434 habet
2352 1379 2516 1434 Deum
2542 1421 2557 1444 ,
2587 1379 2727 1434 alius
2756 1380 2979 1436 omnino
3017 1394 3125 1434 non
3158 1379 3342 1446 habet,
3371 1381 3644 1435 contraria
3669 1381 3754 1436 vi-

2160 1470 2355 1526 delicet
2405 1470 2682 1525 fortitudo.
2727 1471 2796 1526 Et
2837 1471 3111 1541 quomodo
3157 1471 3421 1542 scriptum
3457 1480 3560 1538 est,
3591 1481 3648 1526 ut
3697 1471 3753 1527 in

2163 1561 2432 1632 profundo
2460 1562 2627 1617 maris
2658 1563 3059 1633 prazcipitentus
3091 1562 3288 1618 delicta
3333 1573 3514 1619 nostra
3559 1561 3750 1634 (Mich.

2162 1653 2257 1724 vn)
2279 1653 2385 1708 :sic
2407 1653 2598 1722 projici
2623 1669 2650 1707 a
2677 1655 2833 1710 nobis
2854 1664 3073 1726 oportet
3099 1655 3227 1709 vitia
3253 1665 3416 1726 atque
3443 1666 3684 1726 peccata,
3701 1665 3757 1713 et

451 1765 794 1827 transierint,
843 1761 1122 1832 quomodo
1163 1761 1399 1830 Spiritus
1428 1767 1653 1813 sanctus
1698 1758 1750 1810 in
1794 1755 2061 1825 propheta
2092 1742 2346 1817 Biacere
2394 1762 2559 1817 super
2589 1763 2712 1804 eum
2743 1750 2832 1817 qni
2886 1764 3078 1806 eorum
3112 1751 3269 1806 nobis
3315 1765 3478 1807 causa
3527 1753 3754 1808 exstitit.

448 1857 597 1912 dicat
626 1875 638 1910 ε
666 1853 799 1908 Ecce
827 1853 1026 1908 securis
1060 1852 1129 1904 ad
1152 1852 1354 1906 radices
1376 1849 1624 1903 arborum
1645 1848 1818 1918 posita
1846 1856 1944 1911 est,
1969 1845 2057 1900 de-

453 1951 646 2006 bemus
667 1948 962 2018 inquirere.
989 1945 1105 2014 Ego
1130 1953 1259 2012 puto
1283 1942 1585 1997 Israelitico
1609 1940 1810 2010 p0pnlo
1824 1937 2061 2008 prophe-

453 2042 583 2105 tari,
625 2039 768 2111 quod
817 2037 1070 2108 praecisio
1115 2037 1235 2105 ejus
1278 2034 1457 2090 vicina
1509 2035 1598 2088 sit.
1649 2033 1744 2087 llis
1785 2033 1931 2087 enim
1969 2033 2060 2101 qui

449 2131 876 2205 egrediebantur
902 2129 970 2185 ad
1009 2145 1159 2194 eum,
1205 2139 1264 2182 ut
1305 2125 1735 2196 baptizarentnr,
1779 2124 1921 2178 inter
1950 2139 2060 2178 caa-

451 2236 570 2282 tera
599 2225 930 2294 loquebatur
959 2220 1177 2276 :Facite
1197 2221 1400 2291 fructus
1423 2219 1607 2289 dignos
1639 2219 1987 2288 paenitentiae;
2008 2225 2065 2272 et

451 2320 608 2389 quasi
631 2317 836 2373 Judzeis
857 2315 1076 2370 dicebat
1098 2332 1110 2367 :
1134 2313 1215 2366 Ne
1236 2311 1501 2382 incipiatis
1524 2310 1695 2363 dicere
1720 2311 1772 2362 in
1794 2309 2062 2362 vobismet-

455 2413 608 2483 ipsis,
631 2420 829 2481 patrem
856 2409 1103 2463 habemus
1129 2406 1410 2459 Abraham.
1436 2405 1563 2458 Dico
1590 2405 1728 2458 enim
1750 2403 1913 2465 vobis,
1943 2402 2067 2472 quia

454 2514 624 2578 potest
654 2503 791 2557 Deus
818 2519 882 2556 ea:
917 2499 1184 2569 lapidibus
1222 2499 1335 2553 istis
1374 2499 1626 2552 suscitare
1651 2498 1790 2566 ﬁlios
1818 2497 2060 2550 Abrahae.

454 2597 573 2654 Hoc
603 2610 734 2666 ergo
763 2592 908 2664 quod
945 2591 1022 2646 ait
1056 2608 1070 2646 :
1101 2589 1234 2645 Ecce
1253 2590 1447 2644 securis
1477 2589 1546 2642 ad
1588 2590 1791 2642 radices
1820 2587 2066 2648 arborum

456 2691 629 2764 posita
651 2697 748 2754 est,
776 2685 982 2743 Judaeis
1003 2685 1262 2754 loquitur.
1287 2682 1384 2738 Cui
1409 2681 1592 2737 sensui
1615 2690 1667 2734 et
1689 2679 2064 2750 Apostolicum

456 2782 594 2838 illud
622 2779 894 2850 congruit,
916 2778 1115 2831 fractos
1144 2790 1268 2832 esse
1299 2775 1368 2830 ab
1398 2774 1499 2828 hac
1520 2773 1701 2829 securi
1729 2771 2066 2826 infidelitatis

457 2871 834 2945 319-320
865 2883 1046 2922 ramos
1071 2877 1233 2936 atque
1264 2865 1533 2928 succisos,
1567 2874 1627 2920 ut
1658 2871 1971 2934 amputaret
1998 2877 2066 2917 ex

470 2964 669 3018 arbore
699 2976 805 3015 non
834 2959 1097 3026 radicem,
1128 2957 1222 3012 sed
1252 2972 1316 3012 ea
1342 2972 1462 3026 qua:
1493 2955 1563 3011 de
1608 2955 1793 3010 radice
1838 2953 2067 3024 pullula-

465 3065 619 3122 runt,
651 3061 712 3108 ut
752 3053 807 3107 in
855 3051 1042 3107 radice
1092 3049 1332 3119 pristina:
1380 3047 1626 3112 arboris,
1679 3047 1814 3101 rami
1856 3047 2069 3116 possint

2163 1836 2230 1890 Et
2252 1840 2340 1910 qui
2366 1838 2538 1906 habet,
2563 1840 2760 1909 inquit,
2780 1841 2970 1909 cibum,
2997 1842 3237 1897 similiter
3263 1845 3443 1914 faciat.
3471 1843 3576 1912 Qui
3599 1844 3760 1901 habet

2161 1931 2313 1986 cibos
2364 1933 2566 1988 tribuat
2613 1947 2720 1988 non
2765 1931 3006 2000 habenti,
3042 1944 3098 1988 nt
3143 1949 3250 1990 non
3282 1937 3460 1990 solum
3499 1936 3550 1992 ei
3582 1937 3754 1992 vesti-

2166 2031 2427 2090 mentum,
2462 2024 2557 2079 sed
2585 2026 2748 2080 etiam
2774 2023 2826 2080 id
2847 2025 2990 2094 quod
3018 2026 3191 2096 possit
3215 2027 3527 2097 comedere,
3557 2029 3759 2099 largia-

2166 2123 2274 2170 tur.
2312 2114 2570 2170 Venerunt
2597 2125 2767 2170 autem
2791 2126 2838 2170 et
2859 2117 3122 2189 publicani
3156 2117 3418 2188 baptizari
3445 2124 3509 2174 ab
3535 2136 3616 2174 eo.
3649 2121 3764 2177 lloc

2165 2215 2222 2260 et
2257 2205 2406 2276 juxta
2458 2207 2760 2277 simplicem
2795 2208 3211 2281 intelligentiam
3243 2211 3408 2267 docet
3440 2211 3759 2281 publicanos

2168 2297 2304 2354 nihil
2328 2301 2562 2370 amplius
2583 2317 2850 2372 qua-rere,
2867 2317 3030 2374 quam
3055 2305 3106 2358 in
3129 2303 3272 2374 Lege
3293 2313 3621 2376 praeceptum
3644 2315 3755 2371 est;

2167 2392 2258 2462 qui
2303 2392 2445 2448 enim
2497 2395 2614 2463 plus
2661 2396 2962 2466 exegerint,
3021 2411 3128 2451 non
3175 2395 3403 2454 Joannis
3447 2397 3761 2454 mandatum

2170 2485 2528 2554 praivaricant
2550 2528 2564 2553 ,
2599 2489 2696 2543 sed
2725 2489 2962 2559 Spiritus
3006 2491 3180 2546 sancti
3210 2492 3300 2560 qui
3347 2492 3562 2548 locutus
3592 2502 3678 2548 est
3705 2493 3760 2548 in

2168 2575 2398 2634 Joanne.
2424 2577 2618 2636 Nescio
2636 2588 2816 2636 autem
2846 2591 3048 2650 utrum,
3071 2591 3130 2638 ut
3150 2583 3446 2639 secundum
3472 2587 3758 2659 ἀναγωγὴν,

2169 2668 2315 2723 aliud
2355 2671 2610 2741 quiddam
2659 2674 3014 2730 excellentius
3043 2689 3222 2730 sermo
3250 2674 3522 2746 signiﬁcet
3547 2718 3562 2744 ,
3605 2684 3663 2732 et
3691 2693 3760 2732 an

2169 2761 2466 2816 debeamus
2489 2763 2540 2817 in
2566 2763 2655 2818 tali
2681 2765 2954 2821 auditorio
2978 2782 3066 2822 res
3090 2773 3198 2821 tam
3221 2766 3476 2838 mysticas
3503 2767 3760 2838 prodere,

2171 2854 2407 2909 maxime
2452 2857 2594 2911 inter
2633 2871 2730 2913 eos
2771 2859 2861 2928 qui
2907 2858 3311 2930 Scripturarum
3343 2859 3608 2917 medullas
3654 2876 3760 2918 non

2169 2947 2576 3019 introspiciunt,
2606 2951 2700 3008 sed
2725 2961 2931 3008 tantum
2962 2953 3254 3026 superﬁcie
3277 2954 3638 3011 delectantur.
3665 2955 3766 3011 Pe-

2169 3043 2460 3099 riculosum
2497 3043 2751 3114 quidem,
2785 3045 2881 3102 sed
2912 3055 3096 3102 tamen
3147 3047 3378 3102 strictim
3420 3047 3764 3118 breviterque

464 3145 689 3202 oleastri
722 3143 886 3199 inseri
937 3141 1118 3212 (Rom.
1170 3143 1272 3210 xi).
1323 3131 1514 3195 omnis
1555 3153 1687 3210 ergo
1726 3137 1914 3202 arbor,
1946 3151 2067 3206 quae
2093 3128 2139 3190 C
2173 3135 2520 3205 tangendum.
2567 3135 2703 3193 Cum
2752 3137 3043 3194 exierimns
3072 3152 3102 3193 a
3144 3139 3364 3206 saeculo,
3412 3150 3466 3195 et
3496 3138 3615 3196 haec
3658 3139 3766 3195 vita

463 3255 573 3294 non
606 3237 733 3292 facit
765 3236 1002 3292 irnctum
1043 3233 1248 3288 bonum
1273 3274 1289 3300 ,
1339 3231 1666 3302 praecidetnr
1695 3239 1750 3286 et
1792 3231 1846 3285 in
1884 3231 2063 3300 ignem

460 3332 713 3388 mittetur
747 3346 761 3384 :
797 3330 939 3384 hunc
971 3327 1116 3382 enim
1147 3327 1311 3380 linem
1341 3325 1526 3392 habet,
1551 3333 1610 3378 ut
1651 3323 1902 3380 incendio
1932 3339 2067 3379 con-

459 3429 756 3480 cremetur.
792 3417 1001 3475 Deinde
1027 3428 1138 3474 tres
1165 3416 1392 3472 ordines
1424 3416 1758 3470 inducuntur
1785 3416 2066 3470 sciscitan-

458 3515 594 3568 tium
643 3511 910 3567 Joannem
961 3525 1128 3579 super
1175 3509 1354 3562 salute
1383 3522 1480 3562 sna
1513 3523 1526 3556 :
1562 3522 1702 3560 unus
1733 3523 1896 3576 quem
1923 3507 2068 3562 Scri-

467 3617 625 3677 ptura
659 3601 951 3674 appellavit
979 3599 1206 3669 pupulos
1229 3609 1498 3652 exeuntes
1521 3599 1587 3650 ad
1618 3599 1907 3666 baptisma,
1931 3599 2068 3653 alius

464 3713 629 3768 quem
662 3694 980 3764 publicanos
1005 3691 1269 3755 nominat,
1296 3688 1490 3744 tertius
1511 3689 1601 3758 qui
1627 3689 1854 3743 militum
1885 3689 2070 3759 appel-

463 3791 672 3846 latione
704 3794 982 3842 censetur.
1013 3781 1412 3853 lnterrogabant
1440 3799 1558 3835 eum
1579 3781 1763 3845 tui-bar,
1792 3781 2020 3836 dicentes
2051 3798 2070 3835 :

477 3883 618 3951 Quid
660 3879 952 3951 faciemus?
998 3875 1100 3943 Qui
1147 3874 1463 3945 respondens
1483 3875 1558 3927 eis
1580 3889 1599 3926 :
1633 3873 1736 3940 Qui
1765 3873 1915 3927 habet
1941 3873 2072 3929 duas

468 3976 692 4037 tunicas,
717 3971 801 4024 det
830 3970 874 4025 ei
896 3969 983 4038 qui
1013 3984 1114 4020 non
1147 3967 1298 4020 habet
1327 3981 1346 4020 :
1369 3975 1417 4019 et
1443 3967 1530 4036 qui
1559 3966 1708 4019 habet
1735 3965 1895 4033 cibos,
1930 3966 2076 4019 simi-

470 4070 585 4123 liter
614 4065 794 4137 faciat.
823 4061 980 4129 Quod
1010 4059 1255 4130 quidem,
1294 4061 1477 4114 nescio
1509 4061 1554 4114 si
1583 4061 1762 4114 turba:
1783 4060 2077 4116 conveniat

472 4157 721 4232 principi.
750 4155 917 4226 Magis
947 4153 1092 4208 enim
1121 4153 1384 4222 apostolis
1412 4167 1571 4221 quam
1602 4152 1764 4222 vulgo
1804 4152 2072 4224 congruit,

473 4261 534 4305 ut
583 4249 675 4319 qtti
725 4247 861 4300 duas
907 4244 1122 4298 tunicas
1171 4241 1358 4306 habet,
1397 4257 1563 4294 unam
1599 4243 1806 4296 tribuat
1844 4259 1950 4297 non
1983 4243 2079 4297 ha-

473 4341 649 4398 benti.
684 4337 753 4392 Et
794 4345 852 4390 ut
881 4335 1023 4390 scias
1049 4334 1223 4404 magis
1253 4333 1357 4387 hoc
1383 4333 1649 4402 apostolis
1672 4347 1833 4402 quam
1863 4333 2079 4402 populis

476 4431 774 4489 convenire
797 4469 810 4491 ,
855 4427 981 4480 audi
1028 4425 1156 4496 quid
1202 4440 1233 4478 a
1279 4424 1565 4479 Salvatore
1602 4424 1815 4479 dicatur
1842 4425 1910 4479 ad
1938 4439 2032 4480 eos
2063 4441 2078 4478 :

2183 3236 2367 3281 nostra
2419 3227 2582 3282 fuerit
2636 3237 2990 3294 commutata,
3022 3238 3184 3286 erunt
3215 3231 3438 3301 quidam
3485 3231 3538 3287 in
3569 3231 3768 3288 ﬁnibus

2179 3317 2368 3372 mundi
2402 3318 2656 3375 sedentes
2687 3321 2836 3376 velut
2880 3320 3289 3392 publicanorum
3321 3321 3502 3378 ollicio
3529 3321 3767 3394 diligen-

2171 3410 2380 3466 tissime
2405 3421 2834 3481 perscrutantes,
2858 3428 2925 3469 ne
2942 3413 3069 3485 quid
3100 3416 3182 3469 sui
3203 3413 3256 3468 in
3289 3414 3444 3469 nobis
3467 3415 3763 3470 inveniant.

2171 3499 2399 3558 Videtur
2427 3503 2558 3558 mihi
2590 3503 2840 3577 princeps
2866 3505 3050 3562 saeculi
3079 3505 3237 3575 hujus
3263 3507 3418 3576 quasi
3451 3505 3769 3576 publicanus

2175 3614 2320 3663 esse,
2346 3599 2490 3654 unde
2517 3600 2780 3670 scriptum
2809 3609 2894 3656 est
2922 3601 2990 3657 de
3013 3615 3078 3656 eo
3107 3615 3125 3654 :
3159 3597 3308 3655 Venit
3326 3601 3565 3673 princeps
3592 3603 3771 3657 mundi

2170 3693 2342 3760 istius,
2373 3703 2421 3747 et
2458 3692 2513 3746 in
2544 3710 2623 3748 ine
2651 3692 2802 3749 habet
2841 3693 2972 3749 nihil
3000 3693 3182 3766 (Joan.
3222 3695 3362 3766 xw).
3391 3695 3520 3750 Illud
3552 3711 3770 3767 quoque

2172 3783 2316 3852 quod
2368 3782 2421 3838 in
2471 3784 2733 3853 Apostolo
2788 3785 3019 3856 legimus
3057 3803 3072 3838 :
3118 3784 3338 3840 Reddite
3389 3787 3629 3843 omnibus
3674 3787 3768 3843 de-
3812 3788 3827 3800 '

2175 3875 2297 3940 bita,
2318 3877 2403 3928 cui
2430 3876 2703 3940 tributum,
2724 3877 3006 3932 tributum:
3026 3879 3109 3932 cui
3136 3878 3376 3950 vectigal,
3400 3878 3618 3950 vectigal
3641 3894 3662 3935 :
3689 3881 3773 3934 cui

2175 3969 2444 4036 honorem,
2457 3967 2740 4036 honorem;
2762 3971 2952 4025 nemini
2967 3971 3096 4042 quid
3117 3971 3339 4026 debeatis
3363 3972 3464 4027 nisi
3487 3981 3544 4026 ut
3561 3973 3773 4027 invicem

2177 4060 2410 4132 diligatis
2461 4060 2651 4130 (Rom.
2709 4061 2845 4134 xm)
2875 4107 2890 4130 ,
2935 4072 3145 4119 sacrate
3199 4063 3612 4133 intelligendum
3664 4073 3768 4120 est.

2178 4151 2542 4218 Quamobrem
2573 4152 2983 4208 consideremus
3012 4169 3081 4210 ne
3103 4153 3244 4209 forte
3267 4168 3388 4210 cum
3419 4170 3528 4208 non
3559 4154 3770 4210 habue-

2181 4243 2377 4309 rimus,
2426 4243 2567 4315 quod
2614 4259 2714 4314 pro
2754 4245 3002 4316 vectigali
3053 4259 3314 4316 queamus
3364 4243 3613 4315 reddere,
3669 4245 3773 4316 ipsi

2181 4337 2463 4390 trahamur
2491 4337 2562 4391 ob
2601 4335 2872 4404 debitum,
2905 4347 2966 4393 ut
2990 4338 3131 4394 solet
3161 4336 3302 4408 apud
3343 4336 3528 4393 saeculi
3560 4352 3774 4409 quoque

2186 4430 2301 4485 fieri
2331 4430 2622 4502 vectigales
2642 4475 2656 4499 ,
2685 4431 2904 4502 quando
2949 4432 3071 4502 quis
3099 4446 3198 4503 pro
3239 4431 3426 4488 debito
3455 4431 3561 4502 ipsi
3590 4431 3745 4502 reipu

478 4521 666 4592 Neque
691 4519 820 4572 duas
846 4519 1050 4571 tunicas
1082 4517 1276 4570 tollatis
1295 4516 1348 4568 in.
1374 4515 1456 4568 via
1482 4515 1702 4582 (Matth.
1729 4515 1844 4586 xx).
1872 4517 2080 4586 Duplex
2109 4515 2158 4575 Β
2183 4524 2340 4580 blica:
2369 4524 2670 4579 serviturus
2721 4523 3032 4580 includitur.
3065 4523 3390 4593 Complures
3417 4539 3449 4580 e
3493 4523 3674 4592 nobis,
3707 4522 3775 4578 ab

480 4619 663 4686 itaque
715 4613 1096 4668 vestimentum
1143 4627 1252 4681 quo
1295 4609 1672 4680 unusquisque
1722 4611 1976 4677 vestitur,
2027 4621 2084 4666 et

482 4710 800 4784 prmcip‘ttur
828 4715 891 4762 ut
915 4707 1148 4761 alterum
1179 4706 1381 4760 tribuat
1403 4721 1509 4760 non
1542 4705 1786 4773 habenti,
1815 4707 1974 4761 aliam
2002 4707 2084 4759 in-

480 4803 840 4871 telligentiam
890 4809 1066 4855 sonat.
1121 4799 1253 4854 Vult
1298 4800 1442 4853 enim
1487 4815 1586 4854 nos
1634 4800 1908 4860 Salvator,
1947 4813 2085 4870 quo-

480 4897 650 4954 modo
681 4912 786 4948 non
811 4892 1080 4946 habemus
1111 4891 1325 4946 duobus
1350 4890 1555 4945 servire
1585 4890 1848 4958 dominis,
1876 4891 1956 4944 sic
1982 4903 2085 4944 nec

479 4990 617 5047 duas
662 4989 862 5042 habere
899 4986 1107 5040 tunicas
1131 5026 1145 5052 ,
1182 4999 1282 5038 nec
1311 4982 1516 5052 duplici
1544 4991 1694 5038 veste
1731 4981 2080 5048 circumdari,

483 5096 553 5135 ne
575 5082 643 5133 sit
666 5093 829 5133 unum
853 5075 1231 5131 indumentum
1256 5075 1458 5130 veteris
1483 5074 1743 5142 hominis,
1775 5082 1828 5130 et
1852 5074 2081 5128 alterum

477 5173 631 5226 novi.
668 5171 987 5225 Econtrario
1028 5180 1208 5224 autem
1259 5168 1430 5236 cupit,
1480 5175 1538 5221 ut
1575 5168 1952 5237 exspoliemns
1985 5181 2084 5222 nos

479 5275 726 5319 veterem
769 5263 1048 5316 hominem
1071 5303 1084 5325 ,
1123 5270 1178 5316 et
1225 5261 1512 5315 induamus
1538 5276 1757 5316 novum.
1793 5260 2085 5331 [lucusque

476 5354 654 5409 facilis
683 5353 956 5423 expositio
985 5360 1090 5407 est.
1125 5352 1292 5406 Porro
1318 5353 1601 5422 qumritur,
1633 5353 1905 5423 quomodo
1923 5354 2078 5422 juxta

483 5444 628 5497 hanc
674 5443 1176 5513 interpretationem
1225 5443 1478 5512 iubeatur
1509 5443 1665 5498 nobis
1698 5461 1803 5498 non
1853 5443 2072 5497 habenti

557 5585 578 5610 ³
621 5575 802 5630 Sentit
833 5575 932 5628 hac
979 5583 1090 5628 tota
1126 5576 1507 5641 peroratione,
1563 5577 1763 5632 nedum
1812 5591 1841 5630 a
1883 5574 2078 5629 Salva-

488 5653 629 5704 tore,
658 5645 754 5698 sed
782 5654 838 5700 et
857 5662 885 5696 a
922 5646 1222 5714 prophetis,
1254 5657 1308 5701 et
1338 5646 1554 5701 demum
1579 5649 1647 5700 ab
1681 5647 1924 5700 Ecclesia
1939 5646 2082 5714 cdo-

485 5725 601 5769 ctus
630 5715 847 5779 angelos
873 5732 993 5782 qum
1017 5713 1298 5780 rescirent,
1326 5732 1530 5785 perque
1560 5732 1748 5771 eorum
1776 5713 2077 5770 doctrinam

2182 4616 2494 4672 istiusmodi
2541 4615 2851 4686 publicanis
2877 4615 3094 4672 tenendi
3125 4623 3254 4670 sunt
3280 4632 3295 4668 :
3322 4629 3461 4685 quos
3487 4613 3656 4670 Jacob
3685 4615 3778 4671 ille

2186 4707 2272 4760 vir
2297 4715 2517 4761 sanctus
2548 4721 2653 4761 non
2682 4720 3012 4776 magnopere
3043 4703 3390 4773 formidabat,
3422 4720 3524 4760 nec
3551 4707 3778 4762 vereba-

2186 4805 2295 4864 tur,
2344 4809 2402 4854 ut
2427 4798 2495 4854 de
2533 4799 2945 4869 publicanorum
2975 4797 3333 4869 vectigalibus
3378 4798 3432 4853 in
3476 4813 3543 4854 eo
3573 4797 3776 4869 aliquid

2184 4892 2540 4962 reperiretur.
2590 4891 2744 4950 Unde
2781 4903 2838 4948 et
2867 4893 3130 4948 audacter
3153 4891 3221 4946 ad
3253 4890 3598 4962 publicanum
3624 4893 3776 4948 illum

2185 4983 2510 5052 loquebatur
2544 4983 2726 5039 Laban
2762 5002 2775 5038 :
2823 4984 3086 5057 Cognosce
3123 4985 3166 5038 si
3200 4985 3331 5056 quid
3355 4987 3577 5056 ituarum
3603 5000 3777 5040 rerum

2183 5085 2258 5129 est
2300 5077 2440 5146 apud
2479 5092 2558 5129 me
2588 5074 2743 5145 (Gen.
2771 5075 2943 5148 xxxi).
2984 5077 3159 5147 Super
3201 5076 3346 5147 quod
3395 5076 3505 5146 agit
3533 5076 3780 5132 testimo-

2186 5166 2333 5221 nium
2360 5165 2640 5236 Scriptura
2667 5165 2855 5220 dicens
2883 5183 2896 5220 ε
2935 5166 3003 5222 Et
3028 5185 3130 5222 non
3160 5169 3398 5238 cognovit
3429 5166 3608 5222 Laban
3637 5167 3777 5238 apud

2184 5257 2348 5311 Iacob
2375 5258 2669 5326 quicquam.
2709 5257 2876 5313 Docet
2904 5259 3070 5330 igitur
3096 5259 3351 5315 Salvator
3370 5269 3557 5315 noster
3583 5268 3640 5314 et
3659 5258 3780 5329 Spi-

2187 5354 2322 5406 ritus
2352 5358 2568 5404 sanctus
2591 5349 2681 5420 qui
2707 5349 2918 5406 locutus
2938 5363 3022 5408 est
3054 5354 3106 5408 in
3137 5352 3442 5423 prophetis,
3474 5367 3580 5407 non
3602 5352 3779 5406 solum

2184 5442 2450 5504 homines,
2500 5449 2521 5476 ⁸
2556 5439 2650 5494 sed
2694 5441 2857 5494 etiam
2904 5444 3152 5512 angelos,
3203 5451 3260 5498 et
3309 5443 3539 5498 virtutes
3585 5442 3781 5514 321-

2190 5575 2591 5649 prolecissead
2623 5575 2874 5649 salutem.
2903 5577 2973 5649 Et
3000 5579 3264 5649 siquidem
3297 5597 3405 5636 non
3438 5580 3784 5636 absolutissi-

2188 5661 2342 5723 mam.
2366 5645 3098 5723 l_)ominit_::e_incarnationis,
3125 5650 3353 5723 ejusque
3391 5651 3782 5723 mysteriorum

2187 5717 2554 5786 cognitionem
2595 5714 2846 5770 habuisse
2869 5718 3094 5787 angelos
3121 5714 3367 5787 dixisset,
3401 5714 3474 5776 ita
3502 5731 3682 5778 tamen
3723 5731 3783 5777 ut
