4028 6376
217 410 322 468 2ῗὸ

817 412 1258 471 TRANSLATIO
1299 411 1737 471 IIOMILIARUM
1777 409 2101 470 ORIGENIS
2139 412 2206 468 IN
2247 413 2500 470 LUCAM.
2547 412 2710 468 ΗΟΜ.
2753 411 2946 469 XXIV.

3423 413 3528 468 274

221 533 383 605 322
432 531 762 588 invisibiles.
814 531 954 599 Quid
1005 533 1194 600 loquar
1239 532 1308 588 de
1353 533 1671 589 Salvatore?
1704 547 1828 602 pro-
1852 533 2178 604 Aperetur,
2207 532 2358 587 solus
2397 531 2623 587 Elisaeus
2654 532 2866 587 videns.
2905 532 3014 588 Sed
3049 532 3281 589 Eliszeus
3323 541 3381 586 ut
3408 547 3538 601 pro-

222 626 400 695 phetae
427 639 650 697 quoque
679 624 782 694 ipsi
813 633 868 679 et
893 624 1145 694 apostoli,
1178 640 1338 680 omne
1367 624 1509 695 quod
1540 635 1819 692 resonant,

223 731 332 774 non
380 717 560 772 solum
612 716 949 781 hominibus,
1002 717 1096 772 sed
1142 725 1199 772 et
1249 717 1456 788 angelis
1503 716 1823 788 praedicant.

222 810 381 880 Quod
413 819 472 866 ut
497 812 642 866 scias
673 825 860 865 verum
897 828 909 863 :
942 809 1184 876 Attende,
1208 810 1403 879 inquit,
1438 809 1650 877 caelum,
1679 819 1726 864 et
1749 809 1829 863 ιο-

220 922 392 977 quar;
422 906 477 959 in
507 912 784 977 conspectu
812 903 1122 975 angelorum
1146 902 1370 975 psallam
1398 903 1527 968 tibi;
1555 913 1610 959 et
1642 921 1655 958 :
1693 903 1828 957 Lau-

222 1001 343 1054 date
368 998 672 1064 Dominum,
703 999 815 1053 caeli
840 997 1108 1065 caelorum,
1138 1008 1185 1052 et
1211 1013 1358 1069 aqua
1375 1013 1488 1064 qua:
1509 1015 1662 1068 super
1677 998 1829 1052 caelos

219 1105 337 1146 sunt
387 1093 600 1146 laudent
640 1108 826 1147 nomen
865 1091 1075 1145 Domini
1115 1090 1287 1163 (Psal.
1329 1106 1549 1156 cxnvm,
1592 1089 1685 1162 4);
1717 1101 1772 1146 et
1813 1108 1826 1144 :

221 1185 465 1240 Laudent
493 1200 610 1240 eum
643 1184 854 1255 angeli;
875 1193 932 1239 et
958 1198 976 1238 :
1020 1181 1086 1238 In
1119 1184 1260 1237 omni
1288 1182 1403 1237 loco
1435 1183 1698 1252 potestatis
1719 1185 1829 1253 ejus

220 1277 455 1345 benedic,
490 1276 666 1330 anima
707 1291 842 1342 mea,
888 1272 1136 1329 Domino.
1171 1274 1461 1330 lnveniens
1489 1275 1543 1328 in
1576 1274 1827 1343 plurimis

219 1369 381 1435 locis,
409 1379 466 1425 et
495 1368 738 1424 maxime
776 1367 831 1422 in
879 1367 1128 1438 psalmis,
1161 1376 1220 1422 et
1258 1366 1324 1422 ad
1363 1366 1589 1438 angelos
1619 1379 1828 1422 sermo-

221 1481 344 1522 nem
376 1465 512 1529 lieri,
543 1464 668 1520 data
708 1464 919 1519 homini
952 1472 1252 1533 potestate,
1286 1465 1334 1519 ei
1370 1473 1549 1518 tamen
1581 1463 1671 1532 qui
1705 1462 1829 1533 Spi-

219 1560 387 1616 ritum
441 1566 688 1614 sanctum
742 1557 925 1624 habet,
975 1567 1031 1612 ut
1071 1565 1127 1612 et
1167 1557 1391 1627 angelos
1422 1556 1755 1626 alloquatur.
1785 1555 1827 1610 E

222 1651 423 1722 quibus
448 1665 614 1705 unum
649 1649 958 1719 exemplum
988 1663 1186 1718 ponam
1206 1693 1220 1717 ,
1247 1655 1308 1703 ut
1332 1648 1574 1704 sciamus
1601 1646 1828 1716 angelos

220 1756 440 1814 quoque
492 1741 744 1796 humanis
783 1741 1008 1796 vocibus
1050 1739 1278 1795 erudiri.
1320 1738 1599 1808 Scriptum
1644 1746 1728 1792 est
1773 1737 1826 1791 in

221 1835 516 1906 Apomlysi
563 1833 789 1890 Joannis
842 1851 856 1888 :
918 1833 1116 1906 Angelo
1184 1832 1530 1905 Ephesiorum
1579 1830 1828 1885 Ecclesiw

1931 625 2127 696 pheles
2170 625 2405 691 Domini,
2438 625 2789 696 deprecatur.
2838 634 2894 681 et
2945 625 3074 680 dicit
3120 643 3133 678 :
3188 625 3232 678 Ο
3283 623 3531 691 Domine,

1931 720 2076 788 aperi
2101 719 2274 772 oculos
2301 719 2446 789 pueri
2472 719 2643 782 istius,
2679 728 2725 772 et
2754 718 2925 772 videat
2954 719 3204 788 quoniam
3225 717 3388 771 multo
3412 717 3535 788 plu—

1929 826 2011 866 res
2042 813 2303 867 nobiscum
2331 821 2627 882 suntquam
2652 828 2769 865 cum
2791 811 2902 865 illis
2933 810 3023 882 (IV
3057 809 3188 880 Reg.
3214 807 3313 879 νι).
3340 810 3407 863 Ει
3433 817 3538 862 sta-

1928 907 2022 961 tim
2065 907 2130 962 ad
2177 922 2372 977 preces
2413 909 2583 962 sancti
2625 907 2725 962 viri
2759 907 2982 974 angelos
3022 921 3162 977 quos
3191 905 3349 975 prius
3379 903 3532 960 Ciczi

1931 1015 2043 1054 non
2075 999 2317 1064 videbat,
2361 1000 2594 1054 intuitus
2622 1010 2729 1054 est.
2763 999 2887 1054 Haec
2915 999 3120 1054 idcirco
3163 999 3404 1052 diximus
3427 1037 3443 1062 ,
3476 1003 3537 1051 ut

1930 1091 2350 1147 ostenderemus
2372 1101 2426 1146 et
2455 1091 2774 1160 publicanos
2802 1091 2987 1146 doceri
3010 1108 3037 1144 a
3067 1090 3297 1152 Joanne.
3333 1098 3389 1146 et
3422 1105 3533 1145 non

1931 1185 2105 1238 solum
2137 1199 2234 1239 eos
2259 1185 2348 1254 qui
2382 1184 2698 1253 reipublicae
2729 1185 3096 1254 vectigalibus
3119 1185 3400 1250 serviunt,
3436 1182 3534 1239 sed

1931 1279 2093 1332 etiam
2129 1277 2251 1332 illos
2282 1279 2372 1347 qui
2413 1276 2710 1332 veniebant
2757 1275 2823 1330 ad
2876 1275 3274 1346 paenitentiam.
3321 1275 3391 1329 Et
3441 1273 3538 1329 alii

1930 1380 2087 1426 erant
2137 1385 2166 1424 a
2207 1371 2584 1443 corporalibus
2635 1368 2941 1438 publicani,
2987 1368 3128 1422 sicut
3180 1376 3235 1421 et
3287 1366 3376 1420 alii
3429 1366 3531 1420 mi-

1933 1465 2084 1531 lites,
2132 1464 2224 1533 qui
2275 1462 2698 1532 egrediehantur
2748 1460 2817 1515 ad
2865 1459 3200 1530 baptismum
3260 1459 3534 1528 pceniten-

1931 1557 2040 1610 tiao.
2077 1555 2242 1610 Venit
2286 1553 2433 1608 enim
2476 1569 2582 1608 non
2609 1552 2850 1608 Joannes
2881 1559 2936 1606 et
2979 1549 3248 1620 propheta
3291 1556 3532 1609 tantum,

1932 1647 2025 1702 sed
2056 1649 2217 1701 etiam
2244 1646 2360 1716 ipse
2383 1645 2653 1707 Salvator,
2694 1652 2750 1699 et
2777 1641 3119 1707 hominibus,
3151 1650 3207 1696 et
3243 1641 3268 1678 δ
3301 1640 3536 1708 angelis,

1931 1747 1987 1794 et
2018 1739 2312 1794 virtutibus
2339 1740 2556 1792 caeteris
2584 1736 2884 1791 salutarem
2921 1734 3297 1804 paenitentiam
3338 1731 3538 1802 praedi-

1925 1844 2080 1896 care,
2109 1838 2170 1883 ut
2197 1829 2250 1882 in
2279 1829 2498 1883 nomine
2525 1826 2653 1882 Jesu
2686 1842 2850 1881 omne
2878 1841 3018 1896 genu
3042 1824 3313 1886 ﬂectatur,
3340 1824 3537 1878 cmles-

219 1927 384 1982 scribe
409 1941 429 1983 :
453 1925 634 1980 Habeo
656 1925 857 1996 aliquid
877 1935 1058 1980 contra
1087 1934 1134 1979 te
1157 1924 1343 1998 (Apoc.
1372 1924 1431 1994 ιι)
1455 1940 1470 1989 ;
1491 1933 1544 1978 el
1569 1938 1780 1977 rursum
1806 1937 1824 1977 :
1854 1915 1901 1974 B
1931 1922 2084 1987 tium,
2113 1931 2169 1976 et
2196 1923 2560 1985 terrestrium,
2595 1929 2650 1973 et
2681 1917 3041 1982 infernornm,
3065 1924 3123 1971 et
3150 1915 3330 1970 omnis
3353 1914 3537 1982 lingua

216 2019 416 2089 Angela
466 2017 712 2072 Ecclesiae
773 2017 1018 2088 Pergami
1063 2017 1280 2070 scribe:
1332 2014 1517 2070 Habeo
1557 2015 1826 2085 quippiam

215 2119 399 2169 contra
427 2119 494 2166 te.
512 2111 672 2167 Certe
691 2110 853 2165 homo
869 2118 952 2165 est
973 2109 1064 2180 qui
1091 2108 1280 2164 scribit
1299 2107 1526 2178 angelis,
1545 2117 1602 2163 et
1624 2107 1827 2176 aliquid

218 2203 488 2275 praecipit.
520 2202 636 2274 Ego
669 2217 776 2257 non
816 2202 1031 2271 ambigo
1067 2209 1124 2256 et
1154 2202 1205 2254 in
1233 2207 1376 2256 ccetu
1411 2207 1602 2254 nostro
1626 2198 1826 2253 adesse

214 2295 463 2366 angelos,
508 2307 616 2349 non
642 2293 821 2348 solum
864 2291 1195 2363 generaliter
1236 2291 1383 2346 omni
1417 2290 1698 2354 Ecclesiae,
1730 2289 1828 2345 sed

218 2394 390 2450 etiam
444 2390 782 2462 singillatim.
829 2389 906 2444 De
952 2388 1154 2460 quibus
1198 2387 1452 2442 Salvator
1479 2387 1601 2441 ait:
1642 2384 1829 2456 Angeli

214 2499 393 2539 eorum
423 2499 620 2554 semiier
649 2481 825 2536 vident
851 2481 1036 2551 faciem
1063 2478 1243 2533 Patris
1267 2479 1366 2532 mei
1393 2478 1480 2548 qui
1512 2479 1567 2530 in
1594 2477 1734 2532 cretis
1755 2485 1828 2530 est

216 2576 444 2651 (Matth.
476 2575 653 2646 xvnt).
691 2575 898 2645 Duplex
925 2573 1013 2628 hic
1044 2572 1200 2628 adest
1228 2572 1495 2635 Ecclesia,
1523 2586 1626 2626 una
1657 2570 1830 2625 homi-

215 2685 384 2736 num,
421 2669 598 2723 altera
626 2666 973 2738 angelorum.
1005 2664 1060 2720 Si
1088 2663 1220 2736 quid
1253 2665 1410 2732 juxta
1439 2663 1704 2718 rationem
1726 2703 1742 2728 ,
1775 2669 1831 2717 et

210 2760 373 2830 juxta
424 2759 825 2829 Scripturarum
881 2756 1112 2813 dicimus
1162 2757 1526 2823 voluntatem,
1579 2758 1829 2812 laetantur

211 2852 433 2924 angeli,
459 2862 514 2906 et
543 2859 702 2907 orant
731 2851 1038 2906 nobiscum.
1069 2849 1136 2904 Et
1163 2850 1289 2921 quia
1317 2858 1617 2921 praesentes
1647 2848 1827 2919 angeli

214 2955 360 3001 sunt
393 2945 447 2999 in
477 2943 712 3000 Ecclesia
734 2985 749 3011 ,
799 2945 852 2999 in
884 2943 975 2998 illa
1001 2943 1284 2998 dumtaxat
1326 2957 1445 3012 quae
1477 2952 1738 3006 meretur,
1773 2949 1830 2997 et

215 3035 432 3094 Christi
464 3045 567 3105 est,
593 3045 882 3108 propterea
909 3037 1198 3093 orantibus
1239 3036 1457 3092 feminis
1489 3036 1825 3106 praecipitur,

218 3141 278 3184 ut
334 3129 574 3184 habeant
624 3129 874 3184 velamen
927 3144 1093 3198 super
1122 3139 1284 3197 caput
1325 3137 1549 3200 propter
1577 3130 1822 3200 angelos,

219 3234 245 3261 ι
286 3223 476 3291 utique
516 3222 643 3278 illos
685 3223 777 3294 qui
823 3223 1085 3278 assistunt
1132 3222 1358 3285 sanctis,
1390 3231 1447 3277 et
1493 3225 1744 3278 laetantur
1772 3223 1824 3276 in

1929 2013 2276 2080 conﬁteatur,
2314 2012 2439 2081 quia
2490 2011 2752 2064 Dominus
2793 2007 2951 2064 Jesus
2989 2007 3238 2062 Christus
3276 2007 3332 2060 in
3361 2004 3536 2074 gloria

1928 2113 2010 2160 est
2041 2103 2136 2158 Dei
2162 2102 2334 2156 Patris
2365 2100 2591 2173 (Philip.
2617 2099 2678 2173 ιι)
2705 2119 2718 2153 :
2748 2100 2834 2156 cui
2857 2109 2940 2154 est
2964 2097 3142 2169 gloria
3168 2105 3225 2153 et
3245 2096 3536 2167 imperium

1930 2197 1984 2252 in
2016 2195 2215 2252 saecula
2246 2194 2591 2249 saeculorum.
2616 2192 2812 2248 Amen.

2258 2373 2618 2446 323-325I
2655 2370 2943 2428 l'lOMlLIA
2992 2371 3186 2427 XXIV.

1933 2535 2010 2590 De
2037 2550 2103 2590 eo
2140 2534 2283 2604 quod
2324 2535 2586 2660 scriptum
2626 2547 2709 2590 est
2741 2553 2755 2590 :
2790 2535 2904 2606 Ego
2930 2535 3152 2616 quidem
3192 2533 3396 2604 baptizo
3433 2550 3524 2587 ros

2001 2624 2160 2660 aaua.
2192 2622 2360 2660 usaue
2389 2622 2416 2659 a
2488 2622 2610 2660 eum
2642 2607 2818 2660 locum
2854 2606 2943 2658 ubt
2983 2607 3060 2660 ait
3087 2624 3098 2659 :
3131 2603 3252 2660 lose
3279 2620 3366 2658 vos
3395 2605 3524 2660 ban-

2001 2603 2171 2690 agua,’
2192 2622 2360 2689 usque
2389 2603 2454 2660 ad
2488 2622 2610 2661 eum
2642 2607 2818 2688 locum
2840 2603 3060 2660 'ubi'ait
3087 2624 3098 2659 :
3131 2603 3366 2677 Ipsevos
3395 2605 3524 2675 bap-

2004 2677 2178 2732 tizabtt
2212 2679 2418 2747 Spiritu
2441 2687 2622 2732 sancto
2644 2688 2692 2732 et
2721 2694 2856 2750 igne.
2887 2675 3022 2748 Cap.
3054 2676 3139 2730 Ill.

2002 2857 2296 2924 Joannem,
2313 2860 2404 2928 qui
2427 2859 2608 2914 minor
2628 2868 2709 2914 est
2732 2857 2973 2923 Christo,
2995 2859 3240 2928 suscepit
3262 2859 3521 2929 populus,

1931 2959 2192 3019 reputans
2219 2959 2276 3004 et
2309 2951 2560 3020 cogitans
2595 2966 2664 3005 ne
2702 2949 2847 3006 forte
2893 2951 3012 3020 ipse
3054 2961 3203 3006 esset
3225 2949 3480 3006 Christus
3513 2967 3528 3004 :

1930 3056 2054 3096 eum
2082 3056 2237 3106 vero,
2273 3048 2362 3112 qui
2399 3043 2576 3111 major
2603 3043 2696 3096 illo
2724 3051 2975 3108 venerat,
3007 3057 3114 3097 non
3143 3044 3403 3113 suscepit.
3440 3043 3532 3097 \‘is

1931 3148 2150 3190 causam
2176 3135 2359 3189 scire?
2391 3134 2676 3203 Cognosce
2709 3150 2722 3187 :
2756 3134 2986 3191 Joannis
3013 3137 3282 3204 baptisma
3313 3135 3539 3190 vidcha-
3570 3146 3585 3157 '

1933 3235 2049 3290 tur,
2101 3225 2304 3280 Christi
2349 3225 2654 3296 baptismus
2699 3225 2989 3279 invisibilis
3031 3235 3170 3280 erat.
3212 3225 3327 3296 Ego
3360 3227 3527 3292 enim,

223 3316 473 3373 Ecclesia
503 3315 547 3386 (l
579 3292 827 3388 Coram}.
856 3315 1002 3384 Quos
1027 3315 1242 3385 quidem
1275 3331 1394 3380 nos,
1427 3316 1550 3386 quia
1575 3327 1823 3385 peccato-
1857 3292 1902 3356 (ἶ
1934 3321 2129 3393 inquit,
2165 3325 2368 3395 baptizo
2397 3292 2485 3378 vos
2512 3326 2563 3377 in
2586 3340 2721 3394 aqua
2752 3340 2770 3378 :
2796 3324 2886 3394 qui
2914 3333 3084 3377 autent
3117 3333 3229 3392 post
3256 3292 3336 3378 me
3365 3327 3526 3388 venit,

219 3425 343 3466 rum
369 3407 628 3463 sordibus
659 3408 802 3463 oculi
832 3409 1004 3462 nostri
1036 3406 1194 3462 obliti
1225 3415 1389 3471 sunt,
1422 3422 1529 3461 non
1557 3405 1828 3473 videmus,

222 3503 321 3559 sed
352 3501 545 3556 vident
595 3501 826 3570 apostoli
869 3499 997 3555 Jesu
1045 3499 1114 3554 ad
1163 3513 1299 3569 quos
1350 3498 1636 3569 loquitur:
1670 3500 1831 3552 Amen

220 3613 372 3651 amen
403 3596 520 3650 dico
559 3595 720 3662 vobis,
746 3593 980 3650 uidebitis
1007 3593 1189 3648 caelum
1215 3603 1455 3664 apertum
1477 3639 1490 3663 ,
1538 3603 1585 3648 et
1613 3592 1830 3667 angelos

225 3687 332 3743 Dei
351 3687 692 3742 ascendentes
720 3695 766 3741 et
791 3686 1156 3742 descendentes
1189 3704 1345 3757 super
1383 3686 1583 3741 Filium
1611 3686 1834 3740 hominis

225 3781 410 3852 (Joan.
443 3779 507 3851 t).
554 3780 708 3846 Quod
751 3782 794 3836 si
846 3779 1105 3835 haberem
1149 3780 1292 3836 hanc
1317 3781 1572 3851 gratiam,
1605 3788 1662 3834 ut
1690 3793 1829 3849 quo-

224 3878 392 3934 modo
422 3877 683 3948 apostoli,
717 3876 796 3930 sic
827 3876 1087 3939 viderem,
1122 3885 1178 3931 et
1199 3877 1341 3930 sicut
1370 3876 1566 3930 Paulus
1591 3875 1828 3944 aspexit,

225 3971 510 4032 intuerer.
536 3983 819 4025 cernerem
862 3983 1006 4023 nunc
1049 3968 1368 4038 angelorum
1403 3968 1826 4034 multitudinem,

225 4063 376 4135 quod
411 4062 633 4120 videbat
661 4062 895 4118 Elisaeus
920 4102 934 4125 ,
977 4073 1032 4117 et
1057 4060 1204 4117 Giezi
1238 4061 1327 4132 qui
1359 4076 1480 4115 cum
1511 4077 1577 4116 eo
1604 4068 1833 4116 steterat

228 4170 341 4212 non
371 4153 614 4210 videbat.
645 4152 706 4208 In
732 4163 884 4208 metu
913 4162 1030 4209 erat
1058 4151 1230 4216 Ciezi,
1271 4167 1340 4207 ne
1370 4154 1437 4207 ab
1469 4153 1715 4208 hosnbus
1741 4168 1832 4208 ca-

229 4342 388 4412 prius
413 4341 544 4402 illis,
576 4354 737 4407 quam
774 4338 1098 4412 hominibus
1128 4337 1365 4412 revelata
1409 4337 1632 4412 [net-int,
1669 4346 1723 4392 et
1749 4353 1836 4392 re-

231 4409 374 4469 tecta
401 4431 414 4466 :
440 4415 628 4482 sicque
658 4410 980 4466 credidisset
1013 4409 1258 4464 eruditos
1286 4424 1378 4476 per
1411 4409 1712 4482 Ecclesium
1741 4424 1838 4463 an-

227 4485 405 4555 gelos.
459 4479 612 4555 quasi
661 4498 844 4555 rerum
890 4490 1056 4536 testes
1102 4483 1467 4555 etieonseios,
1497 4479 1568 4555 ab
1609 4481 1838 4555 aliorum

1933 3419 2104 3488 major
2141 3432 2221 3469 me
2248 3425 2342 3484 est,
2382 3418 2486 3486 ipse
2537 3433 2624 3470 vos
2655 3416 2942 3484 baptizavit
2992 3416 3200 3484 Spiritu
3250 3424 3432 3470 sancto
3488 3426 3536 3470 et

1933 3509 2062 3579 igni.
2085 3508 2311 3576 Quando
2332 3510 2563 3579 baptizat
2585 3510 2745 3566 Jesus
2769 3509 2974 3579 Spiritu
3001 3518 3210 3574 sancto,
3233 3519 3286 3564 et
3309 3525 3532 3564 rursum

1938 3600 2157 3671 quando
2197 3601 2320 3671 igne
2351 3601 2622 3669 baptizat?
2651 3601 2929 3671 Numquid
2967 3617 3079 3655 uno
3119 3611 3285 3670 atque
3327 3599 3526 3656 eodem

1941 3701 2186 3762 tempore
2231 3692 2432 3762 Spiritu
2477 3701 2532 3747 et
2585 3694 2690 3762 igni
2739 3693 3013 3762 baptizat,
3075 3708 3140 3746 an
3171 3693 3325 3746 vario
3366 3701 3535 3762 atque

1934 3785 2191 3842 diverso?
2224 3785 2324 3840 Vos
2351 3797 2524 3841 autem
2552 3787 2942 3858 baptizabimini
2971 3786 3177 3858 Spiritu
3207 3797 3404 3851 sancto,
3432 3803 3536 3841 non

1936 3889 2050 3951 post
2082 3879 2272 3934 multos
2325 3878 2420 3936 hos
2467 3881 2598 3935 dies.
2651 3880 2915 3950 Baptizati
2960 3888 3089 3933 sunt
3128 3878 3364 3947 apostoli
3405 3887 3533 3948 post

1934 3973 2310 4028 ascensionem
2355 3974 2474 4040 ejus
2502 3972 2567 4026 ad
2605 3972 2776 4027 ctelos
2802 3971 3012 4040 Spiritu
3041 3978 3232 4024 sancto
3257 3971 3402 4038 (Aet.
3433 3970 3532 4038 tt):

1934 4064 2078 4134 quod
2115 4073 2297 4119 autem
2345 4065 2452 4134 igni
2508 4063 2712 4118 fuerint
2756 4065 3036 4134 baptizati,
3082 4063 3363 4134 Scriptura
3416 4077 3532 4116 non

1935 4166 2224 4213 memorat.
2270 4156 2376 4213 Sed
2428 4157 2703 4228 quomodo
2742 4157 2983 4212 Joannes
3028 4155 3186 4224 juxta
3232 4153 3529 4209 Iordanem

1941 4338 2143 4396 Noster
2174 4339 2563 4412 Hieronymus,
2587 4350 2643 4394 ut
2675 4341 2810 4394 alios
2840 4355 2983 4395 nunc
3013 4340 3451 4412 praetermittam,
3485 4339 3545 4395 in

1945 4413 2152 4535 praefat.
2208 4409 2516 4466 Comment.
2561 4413 2614 4465 in
2656 4413 2994 4476 Malaehiam,
3044 4420 3208 4479 atque
3239 4410 3368 4465 alibi
3395 4426 3543 4478 saepe

1985 4496 2116 4535 ocee
2170 4482 2434 4535 abnorme
2475 4482 2730 4535 placitum
2773 4483 3071 4535 impugnat.
3109 4481 3241 4535 Vide
3293 4496 3412 4535 quae
3442 4496 3543 4535 nos

1985 4496 2116 4536 occe
2170 4482 2434 4537 abnorme
2475 4482 2730 4551 placitum
2773 4483 3071 4551 impugnat.
3109 4481 3241 4536 Vide
3293 4496 3412 4551 quae
3442 4496 3544 4536 nos

232 4547 344 4612 non
375 4547 665 4609 abluderet
707 4553 922 4607 Patrum
951 4550 1260 4604 sententiis.
1293 4549 1426 4604 Nam
1462 4560 1516 4604 et
1558 4551 1674 4618 ipse
1705 4549 1834 4604 Hie-
1858 4547 1912 4607 D
1938 4551 2003 4605 ad
2035 4551 2314 4606 bomiliam
2364 4547 2606 4620 ejusdem
2638 4552 2891 4619 Origenis
2925 4547 2964 4607 λ
3001 4553 3052 4606 in
3105 4547 3447 4607 Ezecltielem
3477 4552 3547 4607 ad

234 4641 525 4697 ronymus_
566 4623 968 4697 Commentario
1025 4623 1182 4689 paulo
1233 4630 1356 4697 post
1379 4621 1732 4697 recensendo
1781 4620 1834 4674 in

236 4691 415 4764 Epist.
461 4695 529 4750 ad
575 4695 840 4762 Ephesios
882 4708 1002 4763 cap.
1039 4707 1115 4757 nt,
1153 4707 1298 4745 vers.
1336 4692 1433 4764 ll),
1478 4691 1834 4764 multiplicem

233 4761 385 4824 illam
417 4761 740 4835 sapientiam
770 4761 978 4836 angelis
1011 4766 1338 4836 ignoratam,
1360 4761 1429 4816 de
1461 4777 1565 4830 qua
1600 4761 1838 4836 loquitur

237 4834 558 4908 Apostolus,
605 4838 729 4891 vitae
771 4834 973 4891 Christi
1006 4834 1279 4908 mysteriis
1312 4841 1625 4908 contentam
1652 4834 1831 4887 docet.

236 4903 438 4965 verum
470 4908 860 4972 Adamantius,
890 4916 950 4962 ut
991 4903 1332 4960 ex’inferiori
1375 4903 1542 4972 magis
1585 4914 1840 4958 contextu

236 4980 429 5050 liquet,
474 4989 530 5036 et
558 4996 664 5033 non
693 4993 860 5050 secus
881 4992 1040 5046 quam
1073 4976 1320 5032 homines
1341 4974 1546 5050 Christi
1573 4985 1750 5050 morte
1772 4975 1837 5028 ad

239 5046 476 5107 salutem
501 5050 725 5120 angelos
755 5049 1053 5118 indiguisse
1078 5088 1094 5112 ,
1126 5057 1181 5102 et
1207 5046 1360 5116 quasi
1387 5046 1685 5120 discipulos
1717 5061 1844 5115 pro-

238 5123 557 5192 phetarum,
579 5117 746 5190 atque
772 5117 1142 5188 apostolortnn
1172 5118 1458 5188 praeceptis
1498 5117 1839 5192 informtitos,

236 5187 403 5263 atque
429 5193 495 5248 ad
525 5187 778 5247 virtutem
805 5187 1050 5246 arrectos
1076 5187 1321 5263 autumat
1353 5187 1367 5242 ξ
1398 5203 1519 5263 quae
1550 5203 1671 5242 cum
1699 5187 1847 5263 scri-

251 5258 425 5333 piam
469 5278 639 5319 sacrae
673 5263 973 5316 innumeris
1011 5261 1354 5326 testimoniis,
1391 5258 1628 5333 ﬁdeiqug
1659 5259 1846 5314 ortho-

251 5330 411 5390 dum:
438 5334 676 5390 decretis
709 5335 980 5389 sententia
1020 5333 1307 5386 manilesto
1341 5340 1555 5401 pugnat.
1587 5330 1684 5384 Est
1713 5345 1845 5384 vero

241 5408 509 5461 solemnis
548 5407 669 5474 ejus
710 5403 1026 5459 deridiculae
1061 5402 1325 5474 det-trime
1366 5401 1519 5474 quasi
1564 5411 1845 5456 conseclav

239 5478 404 5541 rium,
443 5492 548 5547 qua
579 5473 805 5545 peccare
839 5489 1004 5544 posse
1027 5473 1249 5547 angelos
1291 5473 1472 5526 Statuit
1503 5514 1514 5532 ,
1549 5487 1847 5547 eorumque

239 5542 479 5602 cilicium
529 5542 638 5602 non
673 5549 773 5600 nisi
817 5542 882 5599 ex
935 5545 1128 5597 merito
1157 5551 1409 5596 constare
1451 5559 1463 5594 :
1497 5543 1638 5595 unde
1669 5554 1724 5596 et
1753 5542 1851 5595 ad-

240 5620 521 5674 versarias
561 5626 858 5687 potestates
908 5624 1128 5684 propter
1154 5611 1486 5687 ollensiones
1537 5611 1850 5668 hominibus

245 5691 526 5760 praebitas,
555 5684 753 5760 corpus
796 5687 978 5760 subire
1007 5689 1323 5760 humanum,
1373 5684 1432 5760 in
1462 5697 1633 5760 eoque
1664 5697 1851 5760 paenae

242 5753 417 5828 luere,
465 5753 523 5816 et
553 5753 790 5814 vicissim
823 5773 890 5834 ex
940 5755 1158 5834 h‘utnani
1200 5753 1417 5824 generis
1463 5753 1852 5834 ordineseiigi

241 5823 483 5897 animas,
507 5846 630 5901 qua:
650 5837 775 5901 post
798 5827 902 5884 rite
935 5829 1124 5901 pieque
1150 5823 1430 5901 emensum
1464 5827 1515 5880 in
1545 5823 1705 5880 terris
1726 5823 1851 5878 vita:

241 5897 740 5969 curriculuinfin
795 5897 1112 5968 angelorum
1184 5897 1428 5955 ordinem
1483 5905 1848 5955 assumantur.

1945 4623 2057 4676 fere
2081 4623 2206 4674 huic
2232 4625 2502 4690 geminam
2534 4625 2860 4678 sententiam
2891 4624 3393 4677 animadvertimus.

2019 4701 2043 4728 ο
2087 4692 2208 4765 ilic,
2236 4694 2699 4765 quemadmodum
2729 4703 2782 4747 et
2807 4694 3020 4747 laudato
3051 4695 3405 4765 Apocalypsis
3427 4694 3548 4748 loco

1944 4763 2260 4831 angelorum
2318 4764 2562 4827 nomine,
2614 4766 2922 4833 episcopos.
2970 4773 3027 4819 et
3073 4763 3546 4820 sacramentorum

1944 4835 2226 4904 ministros
2263 4833 2575 4903 designari,
2624 4835 2906 4904 verissime
2935 4835 3270 4899 [interpretes
3304 4834 3549 4904 plerique

1944 4919 2139 4960 omnes
2169 4902 2710 4972 docent,inepteque
2741 4903 2878 4956 adeo
2909 4904 3173 4971 Origenes
3197 4902 3547 4974 argumenta-

1944 4983 2052 5029 tur.
2105 4975 2375 5028 Caeterum
2426 4989 2602 5042 neque
2657 4973 2705 5026 id
2765 4982 2972 5026 certum
3014 4973 3278 5027 habuisse
3311 4974 3546 5040 videtur,

1944 5045 2248 5114 singulisne
2292 5045 2624 5107 hominibus,
2669 5059 2735 5096 an
2769 5042 2969 5096 Christi
3008 5043 3164 5097 tidem
3198 5046 3372 5098 solum
3423 5059 3549 5111 pro-

1948 5117 2129 5180 fessis,
2179 5125 2235 5171 et
2291 5118 2495 5171 sanctis
2543 5126 2726 5169 custos
2772 5114 2994 5184 angelus
3039 5116 3378 5182 assignetur;
3422 5129 3549 5168 cum

1948 5188 2092 5244 enim
2125 5187 2329 5242 dudum
2365 5187 2562 5241 Homil.
2605 5186 2667 5240 l2
2695 5185 3103 5252 pronuntiasset
3133 5185 3422 5254 unicuique
3455 5185 3555 5237 ho-

1951 5259 2152 5313 minum
2199 5258 2334 5313 duos
2380 5257 2600 5327 pra‘lici,
2644 5258 2846 5313 bonum
2892 5271 3080 5320 unum,
3107 5266 3160 5327 et
3190 5258 3420 5309 alterum
3456 5271 3556 5309 ne-

1949 5345 2143 5398 quam;
2196 5339 2250 5384 et
2282 5326 2425 5384 nunc
2456 5339 2688 5400 repetat,
2739 5326 3190 5400 Adesserangelos
3231 5327 3555 5400 nonusolum

1950 5395 2260 5473 generaliter
2323 5404 2466 5456 omni
2520 5395 2816 5473 'Ecclesiaz,
2870 5399 2961 5473 sed
3009 5395 3164 5473 e_tiam
3205 5395 3556 5473 singillatim;

1952 5469 2136 5526 subdit
2167 5481 2369 5536 tamen,
2419 5480 2700 5541 prasentes
2750 5469 2860 5524 esse
2891 5472 2964 5541 in
3016 5469 3248 5522 Ecclesia
3279 5469 3557 5541 dumtuaat

1951 5558 2066 5614 quaz
2102 5552 2380 5614 meretur,
2404 5539 2450 5594 et
2501 5542 2693 5614 Christi
2723 5550 2796 5596 est
2825 5556 2854 5614 ῖς
2886 5540 3143 5614 in_qt_tam
3194 5539 3396 5614 smpius
3425 5539 3557 5614 alibi

1954 5609 2284 5668 sententiam
2328 5612 2585 5667 libentius
2633 5612 2903 5667 concedit.
2946 5609 3085 5665 ‘Vide
3132 5627 3254 5682 quae
3295 5609 3434 5665 inl‘ra
3486 5609 3556 5665 ad

1956 5683 2153 5739 Homil.
2182 5684 2252 5738 55
2273 5692 2618 5737 annotamus.

2026 5753 2054 5792 ιι
2094 5754 2300 5810 Recole
2330 5754 2538 5823 paginae
2567 5754 2818 5823 proxime
2857 5751 3219 5822 praecedentis
3251 5753 3558 5807 annotatio-

1957 5823 2218 5898 ittemLCl.
2258 5825 2481 5898 liuetius
2512 5823 2680 5898 hocce
2708 5825 2956 5898 Origenis
2997 5825 3336 5894 paradoxum
3368 5825 3555 5892 singu-

1958 5896 2057 5950 lari
2080 5896 2471 5966 disceptatione
2500 5896 2758 5969 exagitat.
