4044 6322
455 327 564 384 ΞἹ9

1688 323 1746 380 S.
1793 322 2064 380 EUSEBII
2105 319 2495 378 HIERONYMI

3649 313 3761 372 “280

456 445 634 516 paleas
665 453 840 498 autem
879 442 1138 498 comburet
1183 442 1290 512 igni
1320 439 1752 511 inexstinguibili.
1805 440 1935 494 Volo
1965 439 2049 493 in-
2073 440 2123 502 Α
2151 437 2206 492 in
2250 437 2544 507 Evangelio
2584 435 2883 492 secundum
2911 435 3178 491 Joannem
3218 433 3288 488 de
3317 430 3535 487 Christo
3582 432 3758 488 refer-

458 535 647 589 venire
673 535 962 595 rationem,
991 547 1162 602 quare
1196 533 1457 588 Dominus
1486 542 1670 600 noster
1698 531 1894 587 habeat
1918 545 2051 584 ven-

459 625 739 689 tilabrum,
775 631 830 678 et
875 622 1017 692 quod
1065 623 1266 678 blando
1318 633 1481 678 vento
1527 623 1684 678 leves
1729 623 1896 691 paleae
1949 622 2052 676 huc

458 717 690 785 illucque
718 715 1020 784 rapiantur,
1047 716 1402 788 329-330
1427 731 1594 786 grave
1636 731 1768 771 vero
1812 715 2050 769 triticum

460 811 512 864 in
567 825 738 862 unum
798 809 1075 863 deferatur
1122 809 1349 877 locum,
1423 822 1597 877 neque
1649 807 1791 862 enim
1844 807 2054 876 absque

458 909 620 956 vento
651 909 879 967 possunt
907 901 1146 956 triticum
1186 911 1241 956 et
1271 902 1440 970 paleae
1471 902 1713 970 separari
1741 918 1756 966 ;
1797 901 2054 956 existimo

458 993 790 1046 teutationes
824 1007 924 1061 pro
951 1001 1113 1046 vento
1141 991 1394 1062 intelligi,
1420 1007 1545 1062 qua:
1569 993 1800 1046 confuso
1827 991 2057 1045 creden-

462 1083 592 1136 tium
619 1096 842 1144 acervo,
894 1082 1032 1135 alios
1079 1083 1282 1151 paleas,
1333 1084 1470 1134 alios
1517 1083 1754 1136 triticum
1800 1096 1924 1135 esse
1960 1080 2054 1135 de-

465 1184 794 1227 monstrant.
839 1173 974 1228 Cum
1024 1174 1166 1228 enim
1196 1176 1376 1229 anima
1408 1186 1493 1229 tua
1531 1173 1696 1229 fuerit
1726 1175 1905 1242 aliqua
1941 1187 2056 1229 ten-

460 1268 668 1319 tatione
697 1274 975 1334 superata,
1019 1280 1128 1318 non
1160 1265 1386 1320 tentatio
1439 1276 1491 1320 te
1534 1267 1696 1321 vertit
1737 1268 1790 1319 itt
1831 1267 2055 1334 paleas;

459 1354 556 1408 sed
587 1370 711 1408 cum
744 1369 896 1408 esses
942 1356 1120 1424 palea,
1165 1354 1298 1410 levis
1330 1355 1585 1410 videlicet
1624 1365 1678 1410 et
1717 1354 2053 1422 incredulus,

459 1445 703 1499 ostendit
741 1457 793 1500 te
824 1461 948 1500 esse
995 1445 1218 1501 tentatio
1259 1445 1402 1516 quod
1451 1447 1677 1500 latebas.
1736 1446 2058 1503 Ecoutrario

461 1549 642 1590 autem
677 1553 800 1591 cum
828 1538 1044 1592 fortiter
1073 1546 1411 1593 tentamenta
1438 1538 1658 1603 toleras,
1692 1553 1798 1592 non
1831 1545 1887 1591 te
1930 1537 2061 1592 facit

467 1627 683 1682 fidelem
738 1629 1000 1692 tentatio,
1051 1638 1214 1698 atque
1245 1630 1570 1698 patientem,
1624 1629 1719 1683 sed
1765 1629 2055 1697 virtutem,

463 1737 586 1791 quae
628 1723 682 1776 in
734 1734 790 1778 te
831 1732 970 1790 erat,
1006 1723 1279 1791 patientiae
1328 1734 1384 1778 et
1421 1722 1782 1788 fortitudinis,
1841 1731 1896 1776 et
1925 1721 2062 1776 late-

2155 539 2241 584 tur
2265 547 2282 582 :
2317 529 2454 598 Quia
2496 531 2662 583 multa
2690 539 2738 584 et
2783 530 2889 583 alia
2940 530 3142 584 locutus
3192 535 3290 593 est,
3331 542 3447 597 qua:
3491 542 3594 580 non
3635 531 3756 580 sunt

2151 622 2344 693 scripta
2395 623 2448 674 in
2479 621 2608 675 libro
2629 622 2752 686 isto,
2781 636 2898 692 qua:
2923 621 2967 674 si
2998 620 3368 683 scriberentur,
3391 633 3556 687 neque
3583 617 3760 685 ipsum

2157 721 2280 778 puto
2327 713 2576 764 mundum
2623 727 2804 780 capere
2856 712 3083 781 potuisse
3133 708 3328 776 libros,
3362 709 3452 779 qtti
3502 705 3760 761 scribendi

2155 814 2303 858 erant
2332 802 2512 874 (Joan.
2545 803 2656 874 XXI)
2683 819 2698 868 ;
2729 804 2812 858 sic
2847 813 2900 858 et
2929 802 2986 857 in
3031 801 3288 871 prtesenti
3325 801 3444 854 loco
3487 800 3756 870 intellige,

2157 895 2300 964 quod
2351 897 2574 950 forsitan
2630 895 2824 962 Lucas,
2869 897 3125 966 quoniam
3174 895 3378 964 majora
3428 893 3678 962 qumdatn
3729 905 3762 947 a

2156 987 2362 1043 Joanne
2397 988 2888 1052 annuutiabantur,
2930 1003 3094 1057 quam
3149 997 3207 1041 tit
3254 986 3518 1042 deberent
3563 984 3763 1040 litteris

2157 1083 2332 1144 credi,
2381 1081 2614 1135 voluerit
2671 1097 2734 1134 ea
2773 1081 3095 1135 nominatim
3143 1080 3352 1144 dicere,
3400 1079 3496 1134 sed
3553 1087 3763 1133 tantum

2158 1172 2551 1241 significaverit
2600 1173 2745 1243 quod
2776 1173 2924 1227 dicta
2971 1174 3082 1227 sint
3116 1190 3128 1226 :
3181 1180 3238 1227 et
3279 1172 3484 1226 idcirco
3513 1170 3763 1225 dixisse:

2163 1264 2336 1319 Multa
2362 1266 2574 1336 quidem
2616 1273 2663 1318 et
2704 1266 2812 1319 alia
2841 1263 3118 1320 exhortans
3159 1263 3507 1318 annuntiabat
3545 1263 3762 1335 papula.

2161 1357 2420 1411 Miremur
2464 1357 2682 1426 quidem
2715 1356 2980 1412 Joannem
3032 1372 3100 1411 ex
3151 1355 3234 1409 bis
3284 1371 3407 1426 quae
3437 1365 3763 1424 sequuntur,

2164 1449 2403 1503 maxime
2440 1450 2591 1518 quod
2635 1449 2777 1504 inter
2806 1459 2964 1504 natos
2997 1449 3293 1504 mulierum
3336 1446 3510 1515 major
3553 1446 3766 1501 Joanne

2163 1541 2405 1610 Baptism
2454 1556 2614 1595 nemo
2641 1541 2809 1596 fuerit
2838 1540 3061 1610 (Matth.
3101 1541 3205 1609 si),
3233 1548 3290 1594 et
3334 1538 3389 1592 itt
3423 1547 3624 1592 tantam
3648 1537 3768 1608 opi-

2163 1635 2380 1688 nionem
2432 1635 2632 1689 merito
2673 1635 2894 1689 virtutis
2938 1633 3278 1698 ascenderit,
3323 1642 3442 1686 uta
3489 1631 3767 1701 plerisque

2163 1727 2416 1782 Christus
2447 1735 2759 1798 putaretur;
2788 1727 2883 1782 sed
2913 1727 3064 1782 aliud
3095 1726 3266 1780 multo
3296 1725 3626 1780 mirabilius.
3662 1723 3770 1780 He-

469 1815 584 1880 bat,
619 1817 826 1886 profert
863 1816 915 1870 in
947 1816 1207 1870 medium.
1256 1813 1422 1870 Putas
1451 1817 1607 1884 enim,
1654 1817 1727 1868 ait
1773 1815 2058 1881 Dominus,
2096 1825 2140 1884 Β
2169 1820 2327 1875 mdes
2354 1821 2626 1876 terrai-clm
2657 1821 2893 1876 habebat
2923 1821 3126 1889 regiam
3153 1828 3499 1889 potestatem,
3527 1828 3583 1874 et
3616 1827 3769 1887 pote-

465 1909 614 1962 aliter
647 1927 724 1962 me
751 1910 841 1963 tibi
887 1909 1114 1964 locutum
1141 1911 1304 1981 fuisse
1332 1927 1487 1978 quam
1516 1920 1570 1962 ut
1601 1925 1811 1977 pareres
1835 1911 2063 1982 justus?

472 1999 540 2053 Et
569 1999 745 2055 alibi:
787 2003 972 2070 Afﬂixi
1008 2013 1077 2067 te,
1119 2013 1166 2056 et
1206 2002 1355 2068 a/feci
1401 2003 1637 2074 penuria,
1682 2011 1736 2055 ut
1787 2003 2062 2071 manifesta

471 2090 676 2158 ﬁerent,
709 2108 825 2161 qnte
865 2105 1013 2146 erant
1055 2096 1109 2161 in
1141 2096 1296 2148 corde
1331 2103 1439 2148 tuo.
1472 2093 1529 2148 ltt
1567 2093 1712 2147 ltuuc
1757 2094 1978 2148 modum
2010 2103 2066 2149 et

469 2191 766 2252 tempestas
805 2200 912 2239 non
954 2185 1082 2240 facit
1123 2201 1292 2254 super
1327 2200 1549 2240 arenam
1595 2184 1886 2240 aedilicium
1934 2200 2066 2239 con-

467 2275 691 2340 sistere,
739 2277 834 2330 sed
877 2292 1043 2346 super
1075 2286 1296 2332 terram.
1331 2277 1461 2345 Qua:
1496 2292 1617 2332 cum
1663 2277 1824 2332 fuerit
1850 2285 2062 2343 exorta,

473 2366 522 2420 id
555 2367 701 2436 quod
744 2383 910 2435 super
951 2381 1150 2423 terram
1186 2368 1468 2423 fundatum
1499 2379 1607 2431 est,
1648 2385 1754 2424 non
1805 2380 2017 2425 evertet
2050 2387 2062 2424 :

472 2461 616 2528 quod
650 2476 781 2515 vero
809 2477 972 2531 super
1002 2478 1225 2517 arenam
1265 2463 1508 2522 fluctuat.
1546 2466 1737 2533 probat
1772 2465 1917 2520 illico
1958 2481 2065 2519 non

474 2555 615 2610 bene
645 2555 812 2610 fuisse
840 2556 1147 2611 fundatum.
1179 2557 1521 2626 Quapropter
1548 2567 1838 2629 antequam
1863 2561 2070 2613 oriatur

487 2657 804 2716 tempestas,
841 2664 1133 2718 antequam
1167 2662 1448 2704 ventorum
1501 2651 1669 2704 ﬂabra
1714 2662 2068 2723 consurgant,

477 2741 788 2810 priusquam
845 2743 1209 2796 intumescant
1240 2741 1480 2808 flumina,
1515 2742 1647 2796 dunt
1689 2743 1863 2797 adhuc
1908 2745 2074 2800 silent

480 2837 756 2902 universa,
808 2854 973 2892 omne
1027 2839 1264 2893 Studium
1315 2849 1556 2894 nostrum
1605 2841 1671 2894 ad
1715 2841 2070 2896 aedificiorum

479 2929 829 2984 fundamenta
859 2941 1155 2993 vertamus,
1190 2932 1524 2986 aedificemtts
1570 2933 1790 2987 domum
1823 2943 2068 2988 nostrain

479 3023 643 3075 variis
675 3021 950 3092 firmisque
979 3025 1252 3092 lapidibus
1283 3037 1677 3094 praeceptorum
1710 3025 1831 3090 Dei,
1862 3035 1922 3080 ut
1949 3042 2070 3082 cum

480 3116 788 3184 persecutio
838 3116 1071 3171 saevierit
1097 3116 1364 3170 adversus
1387 3118 1750 3184 Christianos,
1793 3117 2074 3188 durusque

2167 1921 2250 1966 rat
2272 1929 2416 1981 eum,
2443 1928 2564 1967 cum
2595 1913 2882 1979 voluisset,
2915 1912 3168 1968 occidere
3198 1910 3394 1982 (Marc.
3418 1912 3493 1981 vr)
3525 1927 3538 1966 :
3565 1919 3768 1966 etcum

2167 2020 2282 2060 rem
2317 2005 2535 2060 fecisset
2579 2006 2857 2075 injustam,
2898 2015 2954 2061 et
2998 2015 3187 2061 contra
3234 2006 3406 2076 legem
3465 2005 3652 2074 Moysi,
3710 2009 3774 2058 ut

2168 2112 2395 2151 uxorem
2429 2097 2614 2152 fratris
2645 2098 2728 2152 sui
2763 2099 3060 2166 acciperet,
3090 2114 3211 2167 qua:
3243 2096 3480 2152 habebat
3509 2096 3677 2151 filiam
3702 2095 3772 2152 de

2169 2189 2338 2258 priori
2368 2189 2506 2254 viro,
2537 2204 2644 2244 non
2677 2205 2802 2245 eum
2838 2190 3040 2254 timuit,
3072 2204 3181 2245 non
3210 2189 3422 2258 accepit
3448 2203 3768 2256 personam,

2168 2296 2275 2335 non
2307 2281 2591 2351 cogitavit,
2638 2292 2697 2337 ut
2729 2282 2872 2351 dixi,
2906 2283 3110 2352 regiam
3137 2290 3490 2352 potestatem.
3524 2295 3631 2334 non
3661 2281 3773 2334 l'or-

2171 2373 2398 2427 midavit
2422 2373 2700 2429 interitum
2719 2389 2736 2440 ;
2758 2375 2967 2430 sciebat
2985 2375 3154 2438 enim,
3174 2375 3389 2428 etiamsi
3418 2371 3772 2445 331’332

2172 2465 2438 2535 pr0pheta
2468 2482 2576 2520 non
2600 2477 2771 2535 esset,
2798 2466 2943 2537 quod
2965 2466 3250 2522 lacessitus
3271 2480 3394 2520 eum
3419 2477 3603 2534 posset
3626 2464 3775 2518 occi—

2172 2558 2322 2613 dere.
2351 2557 2477 2611 llatc
2499 2557 2661 2628 igitur
2693 2558 2946 2613 universa
2971 2574 3094 2612 cum
3121 2564 3332 2621 nosset,
3365 2556 3616 2610 libertate
3651 2569 3774 2624 pro-

2175 2651 2385 2721 phetica
2404 2651 2669 2721 corripuit
2690 2651 2980 2718 Herodem,
3009 2659 3064 2707 et
3085 2650 3322 2705 incestas
3336 2649 3556 2718 nuptias
3567 2648 3770 2718 arguit,

2175 2751 2231 2798 et
2253 2744 2323 2797 ob
2347 2743 2398 2796 id
2430 2743 2650 2798 clausus
2673 2744 2728 2797 in
2756 2759 3001 2811 carcere,
3038 2758 3144 2798 non
3167 2743 3235 2798 de
3274 2754 3451 2797 morte
3479 2740 3770 2806 sollicitus.

2175 2851 2284 2890 non
2305 2835 2371 2891 de
2388 2837 2598 2891 incerto
2611 2835 2822 2906 judicii,
2842 2836 2935 2890 sed
2956 2837 3006 2890 in
3026 2834 3256 2890 vinculis
3268 2834 3334 2888 de
3349 2831 3590 2898 Christo,
3609 2847 3770 2904 quem

2175 2930 2615 2994 annuntiaverat,
2665 2930 2964 2998 cogitabat.
2999 2929 3065 2984 Et
3093 2929 3220 3000 quia
3249 2929 3365 2998 ipse
3420 2927 3487 2982 ad
3528 2942 3652 2982 eum
3693 2927 3772 2982 ire

2177 3037 2284 3076 non
2319 3030 2557 3091 poterat,
2590 3023 2757 3077 mittit
2782 3020 3084 3090 discipulos
3112 3035 3242 3075 suos
3271 3021 3614 3076 sciscitantes
3646 3035 3658 3072 :
3695 3018 3770 3070 'l'u

2176 3131 2228 3169 es
2250 3115 2336 3184 qui
2358 3124 2600 3168 venturus
2613 3131 2686 3181 es,
2710 3130 2775 3166 an
2800 3112 2962 3166 alium
2983 3123 3334 3186 exspectamus
3354 3112 3380 3166 Ξ)
3401 3109 3764 3166 Animadver-

483 3208 640 3262 turbo
669 3212 992 3272 surrexerit,
1027 3211 1385 3266 ostendamus
1421 3227 1520 3266 nos
1551 3211 1755 3267 habere
1785 3213 2071 3268 mdiﬂcium
2102 3205 2150 3270 C
2181 3207 2271 3274 tis,
2301 3207 2442 3276 quod
2463 3207 2589 3261 etin
2618 3221 2839 3261 carcere
2861 3205 3128 3273 docuerit,
3149 3207 3342 3261 videns
3362 3220 3487 3259 eum
3511 3213 3564 3259 et
3591 3205 3642 3258 in
3669 3205 3761 3257 illo

477 3316 640 3369 super
666 3310 874 3371 petram
902 3302 1179 3358 Christum
1217 3303 1402 3359 Jesum
1451 3304 1672 3375 (Matth.
1718 3307 1836 3376 vn).
1867 3305 1922 3361 Si
1955 3306 2078 3375 quis

478 3408 659 3453 autem
685 3398 851 3469 (quod
885 3399 1073 3467 procul
1127 3399 1274 3454 absit
1314 3415 1343 3452 a
1401 3399 1580 3470 nobis)
1627 3401 1930 3470 negaverit,
1975 3400 2076 3455 iste

479 3491 620 3545 sciat
669 3507 775 3546 non
815 3507 875 3545 se
916 3493 1008 3546 illo
1037 3501 1286 3560 tempore
1337 3507 1446 3561 quo
1502 3506 1728 3561 negasse
1769 3493 1916 3546 visus
1967 3499 2072 3554 est,

478 3586 758 3642 Christum
794 3601 1060 3658 negasse;
1092 3587 1190 3641 sed
1233 3587 1446 3641 semina
1473 3596 1528 3640 et
1569 3588 1782 3642 radices
1820 3587 2074 3642 habuisse

480 3681 710 3750 negandi
760 3680 872 3748 jam
924 3686 1181 3743 veteres,
1249 3687 1377 3732 tunc
1436 3692 1568 3732 vero
1618 3678 1785 3732 fuisse
1830 3679 2071 3748 agnitum

475 3773 620 3843 quod
663 3772 921 3835 habebat,
951 3780 1007 3825 et
1047 3772 1101 3826 in
1133 3770 1371 3825 medium
1405 3785 1527 3826 esse
1559 3771 1906 3841 productum.
1939 3773 2073 3828 Ore-

477 3882 599 3920 mus
644 3865 808 3934 igitur
859 3863 1168 3926 Dominum.
1221 3873 1278 3918 ut
1328 3863 1500 3918 simus
1557 3864 1876 3930 mdificium,
1925 3865 2070 3935 quod

480 3967 778 4027 tempe-tas
809 3955 954 4009 nulla
985 3955 1282 4019 subvertat,
1317 3956 1598 4010 fundatum
1627 3971 1792 4025 supra
1839 3967 2068 4025 petram,

482 4064 580 4118 per
607 4047 895 4102 Dominum
927 4057 1171 4101 nostrum
1197 4047 1380 4104 Jesum
1403 4047 1705 4116 Christum,
1735 4049 1822 4102 cui
1854 4058 1936 4105 est
1959 4049 2071 4121 glo-

479 4143 556 4194 ria
590 4150 646 4196 et
679 4140 964 4210 imperium
995 4140 1046 4194 itt
1075 4139 1275 4196 saecula
1300 4142 1644 4196 saeculorum.
1681 4143 1873 4197 Anien.

1007 4292 1284 4348 IIOMILIA
1325 4293 1539 4350 XXVII.

482 4406 558 4462 De
589 4421 655 4461 co
703 4406 845 4475 quod
900 4406 1160 4476 setiptum
1202 4416 1286 4460 est
1337 4424 1351 4461 :
1405 4405 1574 4460 Multa
1624 4407 1829 4475 quidem
1871 4418 1916 4461 et
1962 4406 2069 4461 alia

549 4477 828 4530 exhortans
868 4477 1230 4543 annuntiabat,
1280 4492 1450 4546 usque
1498 4477 1564 4532 ad
1591 4493 1714 4531 eum
1747 4478 1923 4533 locum
1975 4479 2064 4532 tibi

547 4548 624 4603 ait
651 4568 662 4602 :
691 4548 922 4619 Spiritus
951 4559 1160 4602 sanctus
1190 4549 1451 4603 descendit
1476 4565 1629 4619 super
1648 4565 1787 4604 eunt.
1815 4546 1949 4619 Cap.
1979 4549 2063 4604 Ill.

545 4689 646 4757 Qui
686 4687 962 4757 Evangelii
1009 4701 1321 4742 sermonem
1367 4685 1549 4751 docet,
1592 4700 1698 4740 non
1740 4701 1899 4740 unam
1952 4700 2065 4739 rem

473 4783 710 4844 nuntiat,
740 4779 835 4834 scd
869 4779 1149 4849 plurimas.
1182 4779 1297 4834 Hoc
1325 4779 1527 4850 quippe
1551 4777 1832 4847 Scriptura
1863 4778 2066 4848 signiﬁ-

471 4885 578 4942 cat,
605 4874 794 4930 dicens
822 4889 841 4927 :
873 4871 1044 4926 Multa
1073 4873 1281 4943 quidem
1312 4881 1358 4924 et
1405 4871 1510 4924 alia
1550 4870 1830 4924 exhortans
1859 4887 2064 4924 annun-

466 4969 646 5024 tiabat.
699 4970 884 5038 Itaque
938 4967 1105 5023 etiam
1159 4966 1290 5030 alia,
1331 4981 1450 5036 qua:
1504 4968 1704 5035 scripta
1758 4979 1865 5019 non
1913 4972 2061 5028 sunt,

465 5060 707 5116 Joannes
759 5059 962 5128 populo
1013 5056 1341 5126 praedicabat
1389 5074 1402 5110 :
1450 5071 1571 5126 quae
1612 5066 1792 5111 autem
1835 5057 2060 5124 scripta,

461 5152 804 5208 considerate
827 5161 1028 5221 quanta
1058 5149 1395 5218 fuerintqurc
1415 5147 2058 5203 annuntiantCItristum.

466 5244 789 5300 Monstravit
829 5245 971 5298 enim
1005 5243 1334 5310 baptismum
1366 5241 1601 5310 Spiritus
1633 5241 1830 5307 sancti,
1864 5239 2059 5310 pracdi-

458 5336 601 5390 cavit
629 5334 932 5405 publicanis
963 5332 1220 5396 salutem,
1246 5332 1432 5385 docuit
1461 5331 1662 5386 milites
1687 5332 2052 5401 disciplinam,

455 5441 634 5482 aream
697 5425 934 5494 purgari,
988 5422 1192 5477 succidi
1239 5422 1507 5486 arbores,
1570 5432 1625 5477 et
1683 5434 1882 5476 caetera
1935 5437 2054 5489 qua:

452 5517 730 5589 Evangelii
779 5524 964 5570 narrat
1005 5515 1257 5569 historia.
1315 5513 1575 5582 Exceptis
1619 5529 1748 5585 ergo
1803 5514 1885 5568 Itis
1928 5529 2049 5584 qua:

447 5609 653 5679 scripta
703 5616 850 5668 sunt,
882 5607 1047 5661 etiam
1094 5606 1184 5660 illa
1225 5621 1346 5674 quas
1375 5606 1578 5672 scripta
1616 5623 1722 5661 non
1752 5615 1904 5669 sunt,
1942 5620 2044 5659 an-

445 5701 730 5755 nuntiasse
759 5705 1092 5752 monstratur
1117 5698 1168 5750 in
1192 5712 1259 5751 eo
1279 5698 1422 5766 quod
1447 5698 1644 5753 dicitur
1676 5715 1689 5752 :
1725 5696 1895 5751 Multa
1920 5698 2038 5768 qui-

438 5792 552 5846 dem
575 5800 622 5844 et
645 5788 753 5841 alia
774 5786 1053 5842 exhortans
1074 5787 1414 5841 annuntiabat
1434 5790 1645 5857 papula.
1672 5790 1738 5845 Et
1758 5788 2034 5857 quomodo

2180 3299 2296 3353 loco
2321 3298 2616 3366 discipulos
2663 3297 2894 3362 habere,
2936 3308 2991 3351 et
3019 3314 3178 3366 quam
3210 3297 3282 3352 ob
3316 3310 3535 3350 causam
3570 3294 3769 3349 ibidem

2178 3405 2274 3458 per
2301 3405 2359 3444 se
2388 3389 2692 3445 erudiebat.
2737 3389 2884 3444 lnter
2909 3404 3030 3458 quas
3057 3389 3219 3444 etiam
3251 3403 3374 3442 cum
3400 3385 3469 3441 de
3497 3385 3626 3441 Jesu
3648 3397 3770 3440 orta

2177 3494 2322 3539 esset
2351 3486 2606 3554 quaestio,
2632 3485 2796 3538 ntittit
2822 3499 2889 3539 cx
2917 3484 3205 3554 discipulis
3225 3493 3282 3538 et
3308 3483 3605 3553 interrogat
3633 3500 3644 3536 :
3689 3481 3768 3534 Tu

2175 3594 2226 3629 es
2257 3577 2344 3645 qui
2366 3586 2611 3631 venturus
2637 3594 2710 3642 es,
2738 3594 2805 3630 an
2835 3576 2998 3630 alium
3029 3577 3427 3650 exspectamus?
3458 3575 3768 3630 Revertun-

2176 3679 2262 3724 tur
2304 3671 2593 3739 discipuli,
2639 3680 2694 3725 et
2737 3671 2990 3725 nuntiant
3017 3671 3299 3740 magistro,
3359 3687 3482 3741 quau
3519 3669 3771 3726 Salvator

2166 3760 2413 3830 jusscrat
2446 3761 2686 3816 nuntiari
2721 3779 2734 3815 :
2770 3763 2930 3832 cujus
2956 3763 3141 3818 verbis
3169 3762 3408 3819 J0annes
3428 3773 3672 3817 armatus
3701 3761 3768 3816 ad

2177 3855 2445 3924 pra-lium,
2485 3855 2826 3910 confidenter
2871 3856 3159 3920 emoritur,
3211 3865 3266 3910 ct
3302 3856 3541 3910 libenter
3590 3854 3769 3922 capite

2174 3956 2474 4012 truncatur,
2507 3949 2625 4018 ipsa
2678 3961 2781 4001 vox
2831 3947 3046 4001 Dotttitti
3100 3961 3234 4001 voce
3265 3948 3534 4011 firmatus,
3577 3959 3764 3998 verum

2173 4057 2294 4098 esse
2325 4041 2421 4097 Dei
2469 4042 2640 4096 filium
2679 4057 2840 4111 quem
2885 4041 3164 4096 credebat.
3199 4039 3326 4094 litec
3364 4039 3432 4094 de
3461 4038 3670 4093 Joanne
3711 4047 3766 4092 et

2175 4134 2426 4189 libertate
2454 4134 2593 4203 ejus,
2630 4144 2685 4188 et
2716 4133 2950 4188 Herodis
2991 4133 3220 4198 insania,
3261 4131 3351 4201 qui
3401 4145 3564 4198 super
3597 4131 3765 4183 multa

2172 4228 2378 4282 scelera
2411 4227 2574 4282 etiam
2614 4227 2715 4282 ltoc
2737 4227 2966 4292 addidit,
2997 4237 3055 4280 ut
3081 4224 3344 4280 Joannem
3380 4223 3612 4292 primum
3640 4239 3762 4275 etr-

2171 4334 2297 4373 cere
2326 4317 2628 4386 clauderet,
2660 4328 2714 4373 et
2745 4330 2932 4386 postea
2970 4317 3287 4372 decollaret.
3329 4314 3462 4383 Quia
3496 4330 3622 4370 vero
3656 4315 3761 4368 Do-

2157 4412 2354 4469 Jttinus
2388 4411 2688 4481 baptizatus
2711 4421 2817 4476 est,
2851 4422 2894 4464 tt
2927 4410 3039 4464 ειειὶ
3065 4410 3226 4480 aperti
3257 4419 3399 4478 sunt,
3444 4418 3490 4462 et
3531 4406 3764 4478 Spiritus

2171 4514 2380 4556 sanctus
2406 4502 2667 4556 descendit
2697 4519 2856 4571 super
2883 4518 3022 4566 eum,
3055 4517 3253 4572 voxque
3279 4500 3346 4554 de
3367 4501 3508 4554 caelis
3540 4499 3764 4552 intonuit

2099 4590 2350 4650 Ddicens
2391 4613 2410 4650 :
2454 4596 2556 4650 Hic
2593 4607 2666 4652 est
2709 4595 2886 4650 Filius
2932 4611 3076 4649 meus
3115 4596 3357 4657 dilectus,
3406 4596 3457 4648 in
3497 4610 3598 4664 quo
3637 4593 3764 4647 mihi

2170 4690 2460 4758 complacui
2491 4687 2708 4759 (Matth.
2745 4690 2878 4756 xvn)
2913 4704 2925 4738 :
2959 4685 3250 4740 dicendum
3290 4695 3374 4738 est
3411 4685 3463 4738 itt
3495 4685 3765 4752 baptismo

2166 4779 2318 4848 Jesu,
2351 4781 2546 4836 caelum
2576 4794 2696 4834 csse
2738 4791 3039 4835 reseratum
3060 4822 3074 4845 ,
3108 4787 3163 4832 et
3197 4776 3265 4831 ad
3296 4777 3764 4847 dispensationem

2170 4873 2659 4940 remissionumque
2683 4880 3053 4942 peccatorum,
3099 4883 3205 4923 non
3248 4868 3417 4934 illius,
3464 4870 3552 4938 qui
3586 4885 3764 4937 pecca-

2167 4974 2276 5018 tum
2323 4980 2424 5017 non
2471 4967 2703 5033 fecerat,
2756 4979 2917 5032 neque
2965 4963 3206 5015 inventus
3259 4970 3332 5014 est
3387 4961 3541 5015 dolus
3581 4962 3632 5014 in
3675 4975 3764 5016 ore

2166 5061 2280 5130 ejus
2329 5055 2547 5130 (Ephes.
2600 5056 2696 5127 tv),
2757 5057 2850 5112 sed
2904 5058 3071 5110 totius
3118 5055 3304 5111 mundi
3361 5068 3582 5124 apertos
3641 5070 3763 5113 esse

2165 5151 2356 5218 eteius,
2391 5158 2444 5205 et
2473 5147 2739 5218 Spiritum
2783 5156 3033 5202 sanctum
3062 5147 3415 5204 descendisse
3449 5164 3462 5202 :
3509 5157 3563 5201 ιιι
3614 5158 3765 5218 post-

2163 5257 2322 5311 quam
2355 5241 2610 5296 Dominus
2637 5238 2974 5295 ascendisset
3007 5239 3060 5295 in
3086 5240 3382 5304 excelsum,
3409 5248 3463 5294 et
3485 5241 3756 5308 captivam

2162 5332 2410 5386 duxisset
2434 5330 2827 5399 captivitatem,
2862 5329 3128 5388 tribueret
3159 5332 3314 5386 nobis
3344 5330 3624 5400 Spiritttnt,
3665 5330 3757 5395 qui

2160 5425 2227 5481 ad
2269 5441 2328 5481 se
2377 5434 2599 5479 venerat
2640 5444 2653 5478 :
2691 5441 2851 5496 quem
2892 5426 3110 5494 quidem
3159 5425 3406 5488 dederat,
3467 5434 3519 5478 et
3577 5437 3762 5480 resur-

2159 5517 2418 5572 rectionis
2441 5527 2685 5586 tempore
2705 5518 2895 5572 dicens
2920 5535 2934 5571 :
2960 5518 3193 5587 Accipite
3216 5516 3475 5586 Spiritum
3494 5525 3752 5570 sanctum.

2153 5610 2215 5665 Si
2245 5612 2329 5664 cui
2357 5609 2656 5664 dimiseritis
2705 5619 2937 5678 peccata,
2971 5610 3299 5663 dimittentur
3328 5609 3400 5661 eis
3431 5624 3447 5660 :
3476 5609 3522 5661 si
3552 5610 3638 5662 cui
3682 5617 3758 5663 te-

2147 5703 2386 5765 nueritis,
2422 5700 2724 5754 tenebuntur
2752 5699 2935 5773 (Joan.
2968 5699 3084 5770 xx).
3113 5699 3406 5755 Descendit
3446 5700 3592 5755 enim
3627 5701 3753 5769 Spi-

2143 5793 2278 5848 ritus
2308 5800 2527 5848 sanctus
2557 5805 2721 5860 super
2749 5790 3087 5848 Salvatorem
3118 5792 3171 5847 in
3210 5791 3396 5859 specie
3436 5791 3712 5847 colttmluc
