4028 6358
191 387 285 444 281

760 383 1202 441 TRANSLATIO
1243 383 1686 442 HOMILIARUM
1724 384 1764 439 0

1868 383 2050 442 iENlS
2088 383 2154 438 IN
2199 376 2452 440 LUCAM.
2493 380 2661 438 HOM.
2705 379 2947 474 ιιιινιιι.

3381 377 3491 438 εδε

194 503 305 560 avis
355 511 683 570 mansuetae,
742 502 1048 558 innocentis
1090 511 1148 557 et
1197 501 1482 572 simplicis.
1530 500 1685 558 Unde
1727 512 1784 557 et
1807 514 1858 573 Α
1886 516 2008 557 esse
2058 501 2425 568 describitur,
2493 517 2602 556 non
2649 515 2745 571 per
2800 499 3188 569 Salomonem,
3248 499 3342 557 sed
3393 513 3491 572 per

194 595 342 652 nobis
381 595 722 665 praecipitur,
761 601 820 648 ut
849 593 1129 649 imitemur
1180 594 1545 649 innocentiam
1576 595 1784 650 colum-

194 689 400 744 barum.
433 687 585 741 Talis
617 695 701 741 est
729 685 965 755 Spiritus
989 696 1231 753 sanctus,
1261 685 1514 752 mundus,
1542 696 1599 742 et
1627 687 1784 743 volu-

196 780 315 845 cris,
342 787 400 833 et
423 779 660 834 sublime
681 793 1041 848 consurgens.
1065 780 1430 848 Quamobrem
1459 787 1682 838 orantes
1702 782 1785 836 di-

196 873 396 926 cimus:
449 869 582 938 Quis
620 869 765 924 dabit
807 870 935 924 mihi
963 887 1160 941 pennas
1191 882 1248 926 ut
1288 872 1558 936 columbtc,
1612 884 1662 928 et
1702 889 1784 927 re—

197 969 441 1038 quiescam
494 965 618 1040 (Ps.
650 967 784 1037 Lv)?
814 967 868 1021 id
897 977 1000 1033 est,
1032 969 1155 1038 quis
1195 967 1350 1023 dabit
1394 967 1526 1022 mihi
1570 982 1781 1038 pennas

199 1061 424 1130 Spiritus
456 1059 682 1116 sancti?
717 1061 783 1115 Et
815 1062 866 1114 in
911 1061 1022 1118 alio
1055 1062 1178 1117 loco
1219 1077 1400 1118 sermo
1425 1062 1783 1132 pr0pheticus

201 1152 480 1222 pollicetur
511 1169 525 1205 :
563 1152 626 1207 Si
656 1151 975 1208 dormieritis
999 1155 1134 1208 inter
1161 1157 1358 1209 medios
1388 1155 1570 1219 cirros,
1603 1171 1783 1226 penna:

204 1245 437 1300 columbae
482 1246 831 1316 deargentatce
878 1263 898 1302 :
950 1257 1000 1302 et
1050 1250 1342 1320 posteriora
1379 1250 1522 1302 dorsi
1565 1250 1677 1320 ejus
1725 1249 1779 1302 in

201 1340 350 1393 virore
376 1341 495 1394 auri
523 1339 646 1409 (Ps.
680 1341 894 1412 vaIII).
927 1341 984 1416 Si
1016 1342 1162 1396 enim
1195 1342 1339 1398 inter
1365 1344 1574 1399 medios
1601 1343 1779 1399 cleros

203 1432 386 1486 veteris
415 1443 469 1487 et
496 1432 626 1486 novi
657 1432 992 1487 Testamenti
1021 1435 1474 1503 requieverimus,
1504 1434 1780 1488 dabuntur

205 1524 339 1579 nobis
362 1539 559 1593 pennm
585 1525 853 1580 columbae
881 1525 1268 1594 deargeutatte,
1294 1526 1346 1580 id
1369 1536 1470 1591 εει,
1496 1539 1779 1582 sermones

205 1613 306 1680 Dei,
331 1624 385 1670 et
405 1615 714 1684 posteriora
743 1616 863 1685 ejus
888 1616 1008 1671 auri
1038 1615 1245 1686 fulgore
1271 1626 1325 1671 et
1353 1618 1533 1672 virore
1563 1617 1779 1671 radian-

204 1707 280 1769 tia,
305 1719 361 1761 ut
388 1721 594 1763 sensus
621 1716 812 1762 noster
849 1708 1090 1778 Spiritus
1130 1710 1303 1764 sancti
1346 1709 1596 1765 sensibus
1627 1725 1778 1765 com-

205 1798 416 1868 pleatur,
466 1799 522 1854 id
572 1807 679 1870 est,
725 1815 907 1854 serqu
945 1812 1001 1856 et
1045 1817 1199 1856 mens
1243 1801 1388 1857 illius
1438 1795 1777 1872 compleatur

1887 595 2102 652 Nathan
2160 597 2444 665 nascitur,
2505 597 2594 667 qui
2648 596 2767 665 ejus
2820 594 3000 664 arguit
3056 603 3265 664 patrem
3324 606 3494 663 super

1890 687 2034 745 Urite
2091 698 2271 744 morte
2321 699 2550 759 ortuque
2600 687 2937 744 Salomonis.
2986 685 3093 742 Sed
3144 687 3196 741 in
3236 685 3492 740 Matthtco

1884 795 2102 850 semper
2144 781 2516 852 generationis
2570 795 2769 836 nomen
2817 779 3182 848 adjungitur:
3225 777 3314 832 hic
3354 790 3491 832 vero

1887 874 2104 942 penitus
2155 874 2347 928 siletur
2393 891 2406 926 :
2457 873 2737 943 Scriptum
2770 881 2857 927 est
2895 873 3039 927 enim
3080 869 3152 925 ibi
3184 887 3197 924 :
3228 867 3491 924 Abraham

1883 965 2060 1038 genuit
2087 962 2242 1018 Isaac
2263 1006 2278 1030 ,
2305 963 2460 1018 Isaac
2484 965 2660 1035 genuit
2679 963 2843 1018 Jacob
2858 1003 2875 1029 ,
2897 961 3060 1017 Iacob
3089 961 3266 1034 genuit
3289 958 3489 1015 ludam

1882 1065 1933 1109 et
1994 1057 2182 1126 fratres
2229 1057 2378 1124 ejus,
2427 1055 2597 1108 Judas
2645 1055 2820 1126 genuit
2869 1052 3066 1109 Phares
3109 1063 3156 1107 et
3187 1051 3378 1107 larum
3424 1051 3489 1106 de

1883 1145 2147 1213 Thamar,
2180 1157 2237 1202 et
2269 1162 2440 1218 usque
2467 1147 2534 1201 ad
2579 1148 2739 1201 tinem
2772 1187 2786 1212 ,
2817 1147 3032 1216 genuit,
3067 1161 3290 1215 semper
3319 1159 3490 1212 appo-

1883 1241 2052 1295 nitur.
2083 1240 2140 1295 ln
2179 1239 2322 1295 Luca
2354 1254 2486 1295 vero
2513 1283 2526 1305 ,
2559 1241 2649 1294 ubi
2680 1240 2749 1295 de
2777 1239 2999 1294 lavacro
3031 1239 3352 1294 conscendit
3397 1237 3489 1295 Je-

1881 1346 1975 1386 sus
1998 1373 2012 1395 ,
2049 1332 2192 1388 tilius
2221 1333 2423 1388 dicitur
2455 1350 2469 1388 :
2502 1333 2654 1388 Sicut
2684 1333 2964 1405 putabatur
2990 1333 3129 1401 ﬁlius
3153 1330 3349 1404 Ioseph
3379 1347 3399 1386 :
3432 1337 3488 1388 et

1882 1425 1934 1479 in
1986 1435 2094 1479 tam
2144 1426 2313 1480 multa
2367 1423 2510 1480 serie
2558 1428 3137 1492 nominum,excepto
3159 1425 3305 1495 quod
3339 1435 3488 1492 puta-

1880 1522 2033 1577 batur
2068 1522 2207 1593 [ilius
2251 1521 2483 1592 Ioseph,
2523 1522 2893 1593 generationis
2939 1535 3137 1576 nomen
3189 1519 3487 1590 ascriptum

1882 1629 1987 1669 non
2015 1625 2118 1670 est.
2160 1615 2218 1669 ln
2251 1615 2508 1670 Matthaeo
2541 1631 2647 1668 non
2679 1625 2762 1668 est
2792 1614 3056 1683 scriptum
3083 1655 3097 1680 ,
3146 1611 3424 1685 incipiebat
3464 1626 3502 1688 :1

1880 1705 1969 1761 hic
2020 1721 2185 1774 vero,
2224 1708 2352 1777 quia
2393 1706 2462 1762 de
2511 1707 2839 1776 baptismate
2873 1718 3277 1760 conscensurus
3323 1712 3479 1770 erat,

1878 1797 2158 1868 incipiebat
2189 1799 2419 1869 legitur,
2450 1797 2734 1867 Scriptura
2781 1796 3057 1853 referente
3087 1813 3100 1849 :
3141 1794 3206 1849 Et
3239 1795 3351 1865 ipse
3375 1801 3486 1850 erat

206 1892 444 1958 adventu,
471 1901 531 1948 et
559 1907 660 1947 nec
690 1894 976 1964 loquamur
1001 1893 1228 1964 aliquid,
1255 1909 1357 1949 nec
1380 1895 1764 1965 intelligamus,

1878 1885 2030 1942 Jesus
2084 1889 2362 1959 incipiens.
2411 1888 2642 1956 Quando
2686 1889 2831 1944 enim
2893 1888 3199 1957 baptizatus
3248 1897 3372 1952 est,
3428 1893 3486 1943 et

203 1984 288 2039 nisi
327 1985 470 2054 quod
505 1986 601 2040 ille
630 1987 996 2056 suggesserit;
1050 1987 1147 2042 sed
1185 1990 1362 2043 omnis
1391 1990 1770 2056 sanctificatio,

204 2087 294 2132 tam
321 2079 373 2132 in
401 2077 595 2142 corde,
626 2093 786 2148 quam
815 2079 868 2132 in
896 2079 1097 2146 verbis,
1128 2088 1184 2135 et
1212 2081 1266 2135 in
1295 2096 1482 2150 opere.
1517 2097 1546 2136 a
1584 2094 1772 2137 sancto

208 2169 388 2240 Spiritu
420 2174 605 2227 veniat
635 2174 687 2226 in
717 2170 936 2227 Christo
960 2171 1110 2236 Jesu,
1140 2175 1226 2228 cui
1265 2183 1348 2229 est
1387 2175 1560 2245 gloria
1589 2184 1642 2228 et
1674 2175 1773 2229 im-

200 2265 386 2333 perium
419 2266 471 2320 in
501 2265 706 2322 saecula
735 2266 1085 2332 saeculorum,
1119 2270 1316 2324 Amen.

688 2398 974 2456 HOMILIA
1009 2399 1246 2456 XXVIII.

203 2515 267 2572 De
288 2516 611 2588 Genealogia
641 2516 971 2584 Salvatoris,
1002 2533 1070 2574 eo
1096 2517 1236 2586 quod
1271 2519 1322 2573 in
1353 2518 1606 2588 Matthan
1633 2528 1686 2572 et
1717 2518 1769 2573 in

260 2588 394 2644 Luca
427 2587 627 2645 diversi
656 2589 772 2660 ejus
801 2589 1109 2646 referantur
1138 2601 1406 2645 auctores.
1438 2587 1571 2660 Cap.
1609 2589 1697 2644 III.

260 2726 510 2782 Dominus
557 2738 747 2783 noster
797 2736 960 2797 atque
1006 2727 1296 2793 Salvator,
1339 2729 1429 2800 qui
1477 2728 1768 2783 multorum

195 2819 426 2874 Salvator
444 2861 459 2884 ,
488 2821 638 2889 cujus
657 2821 1065 2890 generationem
1099 2820 1378 2888 Scriptura
1407 2835 1514 2875 non
1557 2820 1763 2887 docuit,

193 2925 310 2981 qute
348 2911 533 2966 melior
578 2913 710 2978 fuit,
757 2930 902 2969 nunc
944 2913 1245 2969 secundum
1276 2923 1489 2980 patrum
1520 2913 1767 2968 ordinem

197 3010 345 3056 natus
391 3017 510 3057 esse
551 3003 892 3059 describitur.
951 3004 1018 3058 Et
1061 3019 1184 3060 cum
1232 3004 1486 3059 divinitas
1515 3003 1632 3073 ejus
1659 3019 1766 3058 non

197 3092 452 3162 subjaceat
471 3095 695 3152 exordio
711 3139 726 3162 ,
751 3105 979 3166 propter
1010 3107 1061 3152 te
1087 3140 1100 3164 ,
1127 3098 1218 3168 qni
1245 3105 1396 3153 ortus
1421 3099 1474 3152 in
1499 3113 1662 3153 carne
1681 3113 1763 3164 es,

196 3187 324 3240 nasci
373 3187 578 3256 voluit,
637 3200 693 3243 et
740 3199 919 3243 tamen
963 3205 1071 3244 non
1102 3206 1254 3261 teque
1293 3190 1360 3245 ab
1400 3189 1766 3260 Evangelistis

1881 1981 2207 2051 mysterium
2253 1984 2510 2036 secundae
2552 1981 2925 2051 generationis
2963 1980 3262 2048 assumpsit
3291 2021 3306 2044 ,
3339 1989 3398 2033 ut
3427 1989 3483 2034 tu

1874 2087 2094 2143 quoque
2123 2074 2358 2142 priorem
2380 2073 2718 2128 nativitatem
2746 2071 3003 2128 destruas
3027 2113 3043 2139 ,
3078 2084 3132 2127 et
3163 2072 3215 2127 in
3241 2072 3479 2127 secunda

1875 2167 2297 2236 regeneratione
2347 2167 2590 2223 nasceris
2617 2208 2632 2231 ,
2671 2178 2800 2222 tunc
2833 2166 3036 2223 dicitur
3067 2167 3356 2236 incepisse.
3408 2165 3480 2221 Et

1875 2259 2152 2330 quomodo
2194 2261 2430 2330 populus
2477 2260 2792 2316 indecorum
2818 2302 2832 2326 ,
2861 2259 3080 2331 quando
3119 2271 3237 2315 erat
3279 2261 3334 2314 in
3381 2258 3482 2315 AS-

1873 2364 2042 2424 gypto
2062 2393 2078 2416 ,
2112 2369 2222 2406 non
2256 2351 2488 2408 habebat
2517 2354 2731 2407 initium
2756 2354 3029 2407 mensium
3058 2369 3070 2405 ε
3106 2351 3325 2424 quando
3345 2367 3479 2407 vero

1874 2460 2130 2515 egressus
2177 2460 2240 2501 ex
2294 2445 2568 2516 IEgypto,
2619 2457 2745 2501 tunc
2794 2445 2905 2518 [ΑΙ.
2958 2445 3127 2517 nunc]
3163 2445 3362 2500 dicitur
3407 2443 3479 2500 ad

1874 2555 1996 2596 enm
2031 2561 2042 2594 :
2091 2541 2283 2596 Mensis
2312 2542 2406 2597 iste
2445 2542 2649 2596 initium
2681 2543 2933 2596 mensium
2976 2541 3174 2608 primus
3203 2543 3299 2593 erit
3335 2538 3478 2593 vobis
3536 2531 3540 2535 ⁷

1873 2637 1937 2688 dc
1984 2636 2239 2690 mensibus
2283 2637 2410 2689 anni
2441 2635 2642 2707 (Exod.
2695 2635 2790 2706 xu)
2831 2653 2843 2688 :
2887 2635 2965 2690 sic
3000 2633 3092 2704 qui
3138 2631 3365 2688 necdum
3395 2638 3478 2688 est

1873 2728 2170 2797 baptizatus-
2197 2771 2212 2796 ,
2251 2744 2350 2782 nec
2375 2729 2609 2798 cmpisse
2644 2739 2913 2783 narratur.
2948 2725 3059 2782 Nec
3098 2727 3241 2781 enim
3276 2721 3477 2781 frustra

1871 2819 2114 2875 additum
2152 2829 2401 2890 putemus
2431 2821 2498 2875 ad
2530 2822 2580 2876 id
2619 2821 2762 2890 quod
2800 2821 3000 2890 dicitur
3035 2839 3049 2874 :
3090 2819 3212 2889 Ipse
3240 2832 3356 2876 erat
3384 2819 3476 2876 Je-

1868 2930 1989 2979 sus,
2028 2913 2173 2984 quod
2227 2916 2517 2985 Sequitur,
2566 2916 2837 2985 incipiens.
2880 2913 2989 2971 Sed
3033 2924 3089 2969 et
3135 2915 3276 2986 quod
3330 2916 3401 2969 ait
3456 2932 3472 2974 :

1871 3004 2034 3070 Quasi
2063 3022 2316 3060 annorum
2344 3007 2582 3077 triginta,
2615 3007 3077 3063 considerandum
3105 3048 3122 3074 ,
3151 3005 3351 3077 Joseph
3379 3007 3476 3062 tri-

1866 3100 2012 3171 ginta
2039 3114 2303 3154 annorum
2335 3111 2482 3167 erat,
2516 3100 2736 3170 quando
2757 3101 3014 3156 dimissus
3045 3117 3076 3156 e
3120 3101 3348 3156 vinculis
3373 3145 3386 3169 ,
3415 3110 3472 3158 et

1869 3191 2258 3258 interpretatus
2296 3193 2570 3247 somnium
2623 3193 2920 3247 Pharaonis
2946 3235 2960 3257 ,
2991 3192 3213 3265 Egypti
3240 3193 3471 3249 effectus

196 3280 474 3335 nativitatis
511 3281 631 3350 ejus
671 3281 808 3337 ordo
835 3293 1087 3338 narratur
1131 3303 1141 3337 :
1176 3299 1298 3353 qua:
1338 3297 1429 3338 res
1474 3283 1760 3338 nonnullos
1789 3284 1836 3349 C
1867 3291 1951 3337 est
1979 3285 2234 3354 princeps
2255 3325 2270 3347 ,
2303 3283 2670 3354 ubertatisque
2697 3291 2942 3351 tempore
2973 3283 3212 3338 triticum
3238 3299 3469 3354 congre-

197 3371 466 3439 plurirnum
502 3375 872 3432 conturbavit.
895 3377 1180 3432 Matthtcus
1205 3378 1350 3432 enim
1381 3378 1646 3446 incipiens
1670 3393 1765 3432 na-

195 3460 392 3519 tivitatis
431 3465 574 3520 illius
606 3466 803 3523 seriem
835 3478 1020 3523 texere
1043 3509 1059 3534 ,
1094 3469 1164 3524 ab
1192 3467 1464 3525 Abraham
1497 3485 1669 3541 usque
1693 3468 1762 3523 ad

193 3550 235 3606 id
264 3558 503 3621 pervenit
530 3568 590 3612 ut
615 3557 824 3613 diceret
855 3576 869 3614 :
901 3557 1097 3614 Christi
1138 3569 1308 3614 autem
1337 3559 1466 3615 Jesu
1499 3561 1762 3632 generatio

191 3645 251 3698 sic
283 3658 385 3702 erat
416 3665 436 3702 :
461 3661 516 3704 et
556 3649 822 3705 deseribit
866 3668 973 3707 non
1009 3668 1134 3707 eum
1170 3654 1262 3722 qui
1293 3653 1598 3723 baptizatus
1634 3665 1718 3708 est
1743 3697 1759 3721 ,

190 3739 268 3794 sed
309 3743 397 3813 qui
440 3743 587 3799 venit
639 3745 693 3798 in
741 3746 1022 3801 mundum.
1067 3745 1244 3802 Lucas
1288 3763 1448 3812 vero,
1479 3763 1761 3817 exponens

191 3835 500 3894 nativitatem
545 3838 705 3906 ejus,
753 3855 859 3894 non
900 3855 930 3894 a
969 3840 1348 3908 superioribus
1382 3842 1450 3896 ad
1498 3842 1757 3896 inferiora

189 3919 422 3992 deducit;
457 3925 553 3982 sed
584 3943 708 3982 cum
747 3928 1073 3998 baptizatum
1119 3939 1243 3984 ante
1280 3931 1550 3993 dixisset,
1588 3946 1758 4001 usque

187 4014 237 4067 ad
267 4017 432 4086 ipsum
465 4021 714 4087 pervenit
741 4019 928 4076 Deum.
960 4021 1069 4078 Nec
1096 4023 1302 4078 eaedem
1341 4040 1595 4094 persona:
1633 4035 1760 4080 sunt

187 4105 228 4160 in
259 4112 609 4179 generatione
635 4111 754 4182 ejus
773 4155 788 4180 ,
819 4114 1038 4185 quando
1067 4116 1403 4172 descendere
1429 4117 1633 4172 dicitur
1656 4159 1673 4182 ,
1702 4126 1758 4172 et

184 4205 378 4268 quando
425 4206 802 4261 conscendere
855 4207 1234 4280 333-335.
1281 4209 1386 4276 Qui
1431 4209 1578 4264 enim
1633 4208 1758 4264 fecit

183 4308 285 4350 eum
316 4297 475 4354 cmlis
513 4297 610 4352 tibi
644 4298 1068 4354 descendentem
1095 4342 1109 4364 ,
1153 4301 1414 4357 mulieres
1447 4317 1555 4356 non
1593 4318 1757 4371 quas-

179 4386 324 4457 libet,
363 4393 465 4448 sed
519 4394 857 4463 peccatrices
885 4435 900 4460 ,
955 4405 1010 4450 et
1058 4411 1194 4464 quas
1245 4396 1526 4464 Scriptura
1573 4413 1759 4464 repre-

181 4477 428 4540 henderat
455 4527 471 4552 ,
501 4485 803 4540 introducit
833 4504 848 4542 :
880 4488 971 4556 qui
1003 4501 1137 4542 vero
1171 4487 1506 4554 baptizatum
1533 4498 1752 4555 narrat,

179 4575 357 4632 nullius
394 4577 530 4632 facit
569 4578 815 4633 mulieris
847 4581 1202 4634 mentionem.
1235 4580 1290 4633 In
1322 4580 1578 4634 Matutam
1607 4581 1750 4634 enim

1866 3376 2057 3446 gavit,
2087 3385 2147 3430 ut
2195 3375 2352 3430 famis
2382 3386 2630 3444 tempore
2663 3375 2887 3429 haberet
2919 3375 3060 3444 quod
3084 3375 3469 3431 distribueret.

1868 3467 1983 3538 Ego
2043 3478 2170 3537 puto
2218 3468 2364 3538 quod
2411 3469 2630 3538 triginta
2677 3468 2800 3522 anni
2851 3467 3089 3537 .Ioseph,
3139 3467 3194 3522 in
3243 3466 3467 3536 triginta

1863 3578 2128 3617 annorum
2161 3565 2543 3631 prmcesserint
2569 3561 2890 3618 Salvatoris.
2919 3562 3031 3617 Iste
3071 3563 3215 3616 enim
3255 3561 3464 3630 Joscph

1864 3670 1970 3708 non
2004 3655 2111 3710 tale
2141 3654 2382 3710 triticmn
2408 3656 2794 3725 congregavit,
2827 3656 2988 3726 quale
3018 3655 3070 3708 in
3100 3654 3336 3726 Egypto
3369 3655 3462 3709 ille

1861 3746 2060 3818 Joseph
2081 3789 2096 3812 ,
2127 3747 2222 3802 sed
2247 3748 2484 3801 triticum
2514 3763 2699 3802 verum
2721 3787 2735 3810 ,
2767 3757 2930 3814 atque
2950 3746 3171 3801 caeleste
3195 3786 3208 3808 ,
3242 3756 3298 3800 ut
3324 3757 3463 3800 tem-

1863 3857 1999 3912 pore
2027 3842 2289 3900 ubertatis
2335 3843 2513 3897 tritico
2551 3851 2890 3910 congregato
2919 3839 3150 3893 haberet
3177 3838 3320 3908 quod
3351 3839 3463 3895 dis-

1861 3941 2121 3996 tribueret
2145 3981 2159 4005 ,
2189 3953 2310 3993 cum
2339 3935 2508 3990 fames
2535 3943 2681 3989 esset
2713 3933 2876 3987 missa
2909 3933 2960 3986 in
2991 3930 3286 4003 Egyptum
3309 3973 3324 3996 ,
3353 3948 3459 3986 non

1860 4033 2022 4104 fames
2069 4031 2250 4101 panis,
2301 4043 2460 4098 neque
2499 4026 2612 4078 sitis
2653 4040 2802 4091 aqua!
2825 4065 2841 4086 ,
2874 4023 2964 4078 sed
3007 4026 3172 4103 fames
3211 4023 3460 4078 audiendi

1859 4141 2143 4181 sermonem
2171 4121 2290 4178 Dei.
2317 4121 2624 4190 Congregat
2653 4119 2721 4174 de
2756 4118 3067 4188 prophetis,
3097 4118 3167 4173 de
3197 4117 3319 4187 lege
3343 4161 3356 4181 ,
3392 4119 3461 4174 de

1859 4216 2159 4286 apostolis,
2192 4213 2354 4268 verba
2383 4210 2734 4268 abundantia:
2761 4228 2773 4263 :
2805 4211 2946 4265 unde
2965 4208 3186 4280 quando
3209 4210 3318 4278 jam
3350 4227 3458 4266 non

1859 4309 2172 4364 scribuntur
2214 4306 2364 4374 libri,
2412 4320 2510 4360 nec
2553 4318 2751 4359 novum
2797 4301 3012 4373 aliquod
3050 4301 3341 4358 conficitur
3375 4305 3461 4358 in-

1859 4409 2225 4456 strumentum
2257 4443 2271 4466 ,
2302 4412 2404 4453 nec
2429 4399 2718 4452 mittuntur
2747 4397 2816 4451 ab
2847 4397 3111 4468 apostolis
3140 4411 3201 4450 ea
3232 4411 3353 4466 quac
3383 4399 3452 4450 ab

1856 4494 1988 4550 Jesn
2038 4495 2089 4548 in
2152 4493 2347 4548 horrea
2399 4492 2774 4561 apostolorum
2823 4491 3035 4546 fuerant
3077 4501 3455 4564 comportant,

1860 4585 1962 4639 hoc
2005 4593 2090 4639 est
2134 4586 2188 4639 in
2218 4587 2429 4638 animas
2457 4600 2646 4638 eorum
2677 4626 2690 4648 ,
2720 4586 3075 4654 omniumque
3107 4599 3453 4654 sancmrnin,

178 4667 310 4739 (Cap.
333 4672 397 4742 I),
433 4681 494 4726 ut
524 4671 784 4736 diximus,
817 4672 1134 4727 nominatur
1168 4673 1405 4726 Thamar
1428 4714 1442 4737 ,
1475 4689 1596 4742 quae
1623 4688 1745 4728 cum
1775 4669 1830 4729 D
1853 4677 2151 4732 distribuat
2181 4688 2235 4730 et
2268 4677 2471 4729 nutriat
2499 4675 2791 4746 Egyptian
2836 4675 2976 4730 fame
3018 4677 3454 4746 periclitantem,

175 4774 345 4819 socero
378 4765 570 4820 fraude
608 4767 936 4833 concubuit,
976 4779 1031 4821 et
1070 4765 1216 4820 Iluth
1258 4765 1506 4819 Moabitis
1545 4779 1646 4820 nec
1685 4765 1753 4821 de

173 4867 351 4922 genere
381 4857 549 4912 Israel
582 4875 596 4912 :
628 4868 683 4913 et
709 4857 860 4912 Raab
881 4900 897 4924 ,
929 4873 1051 4929 quac
1079 4858 1223 4912 unde
1254 4866 1464 4927 sumpta
1483 4858 1554 4912 sit
1575 4857 1753 4922 ,scire

175 4962 362 5019 nequeo
408 4969 423 5007 :
465 4960 520 5008 et
555 4952 757 5021 conjnx
787 4950 968 5018 Urite,
1010 4967 1130 5021 qua!
1178 4952 1401 5006 violavit
1439 4951 1620 5007 mariti
1671 4963 1755 5007 to-

173 5053 294 5098 rtnn.
340 5043 482 5111 Quia
528 5044 672 5098 enim
708 5044 967 5098 Dominus
997 5053 1187 5099 uoster
1208 5053 1372 5115 atque
1398 5043 1652 5100 Salvator
1682 5043 1750 5099 ad

172 5130 256 5186 hoc
303 5145 573 5203 venerat,
630 5145 689 5189 ut
735 5135 1014 5190 hominum
1065 5147 1285 5206 peccata
1343 5137 1651 5206 susciperet
1707 5136 1752 5209 (Ι

169 5222 267 5280 Car.
320 5229 419 5298 v),
477 5237 532 5283 et
581 5243 706 5283 eum
746 5229 836 5298 qui
881 5244 988 5284 non
1039 5229 1244 5286 fecerat
1287 5244 1608 5301 peccatum.
1653 5249 1753 5301 pro

168 5320 305 5375 nobis
366 5329 656 5390 peccatum
714 5321 846 5378 fecit
906 5322 1050 5379 Deus
1103 5341 1116 5378 :
1183 5335 1469 5396 propterea
1525 5325 1752 5382 descen-

165 5410 279 5467 dens
310 5417 364 5471 in
409 5416 706 5484 mundum,
739 5419 1036 5487 assumpsit
1076 5427 1423 5486 peccatorum
1468 5418 1748 5476 hominum

164 5504 576 5578 t-itiosorumque
608 5523 898 5578 personam
925 5547 940 5570 ,
987 5515 1045 5562 et
1090 5510 1239 5562 nasci
1269 5509 1441 5564 voluit
1475 5512 1543 5564 de
1575 5514 1751 5582 stirpe

160 5591 453 5654 Salomonis
477 5641 492 5666 ,
538 5599 698 5669 cujus
751 5611 970 5670 peccata
1007 5600 1348 5670 conscripta,
1378 5610 1433 5655 et
1465 5603 1736 5669 Roboatu,

162 5689 304 5756 cujus
362 5691 558 5746 delicta
609 5692 900 5754 feruntur,
945 5701 1001 5749 et
1041 5693 1110 5748 de
1149 5695 1405 5755 caeteris.
1459 5711 1491 5750 e
1548 5696 1745 5767 quibus

160 5781 300 5836 multi
357 5782 609 5839 fecerunt
663 5785 862 5840 malum
914 5786 967 5842 in
1022 5795 1315 5857 conspectu
1366 5788 1478 5844 Dei.
1520 5790 1749 5857 Quando

160 5884 278 5932 vero
357 5876 427 5935 de
499 5878 722 5936 lavacro
778 5880 1138 5950 conscendit,
1195 5889 1249 5937 ct
1293 5883 1568 5941 secundus
1613 5883 1748 5942 ordo

1857 4771 2204 4837 maximeque
2253 4768 2450 4821 fratres
2475 4811 2489 4832 ,
2540 4769 2608 4821 de
2642 4769 2838 4834 quibus
2864 4768 3125 4823 scribitur
3153 4786 3166 4822 :
3212 4769 3459 4824 Narrabo

1856 4881 2039 4919 nomen
2062 4873 2205 4915 tuum
2224 4861 2468 4932 fratribus
2498 4861 2625 4914 n.eis
2647 4905 2663 4930 ,
2691 4862 2744 4913 in
2770 4860 2940 4914 medio
2965 4859 3214 4916 Ecclesia:
3241 4862 3460 4915 cantabo

1856 4967 1902 5012 te
1925 4956 2099 5022 (Psat.
2130 4953 2268 5024 xxI).
2305 4953 2515 5008 Habent
2546 4962 2600 5007 et
2628 4955 2717 5006 alii
2751 4953 3001 5007 homines
3038 4956 3205 5008 verba
3248 4955 3457 5019 patien-

1856 5051 1944 5106 tiae
1968 5067 1980 5103 :
2013 5048 2289 5117 verbaque
2310 5045 2499 5114 judicii
2524 5054 2579 5100 et
2603 5045 2934 5113 reliquarum
2962 5045 3124 5098 verba
3147 5045 3407 5099 virtutum
3437 5062 3452 5101 :

1857 5144 1960 5198 hoc
2012 5151 2098 5197 est
2139 5140 2380 5194 triticum
2422 5138 2567 5208 quod
2599 5137 2802 5208 Joseph
2847 5135 3116 5209 Egyptiis
3151 5137 3450 5193 distribuit.

1857 5237 1962 5294 Sed
1993 5235 2134 5290 aliud
2164 5245 2244 5289 est
2265 5235 2595 5288 frumentum
2619 5231 2759 5302 quod
2781 5231 3062 5298 fratribus,
3095 5230 3146 5287 id
3164 5241 3266 5295 est,
3293 5231 3459 5286 disci-

1856 5327 1997 5398 pulis
2026 5326 2140 5381 suis
2166 5325 2444 5381 distribuit
2466 5325 2532 5379 de
2556 5323 2766 5380 Jessem
2795 5335 2940 5379 terra
2968 5365 2984 5387 ,
3015 5323 3084 5378 de
3123 5340 3186 5379 ea
3232 5340 3351 5395 qua:
3385 5323 3452 5380 ad

1855 5421 2121 5475 orientem
2173 5419 2427 5489 respicit,
2475 5417 2716 5472 triticum
2746 5417 3166 5486 evangelicum,
3213 5415 3455 5472 triticum

1855 5513 2236 5586 apostolicum.
2274 5514 2346 5568 De
2373 5512 2476 5567 hoc
2507 5512 2691 5568 tritico
2728 5511 2994 5567 debemus
3037 5527 3202 5582 panes
3243 5510 3454 5580 facere,

1853 5609 1928 5665 ita
1982 5619 2161 5664 tamen
2201 5617 2259 5661 ιιι
2307 5620 2414 5661 non
2464 5605 2882 5660 commisceatur
2929 5608 3102 5661 veteri
3147 5605 3454 5676 fermento,

1854 5702 2255 5771 haheamnsque
2277 5714 2473 5770 pancm
2502 5698 2785 5754 novnmde
2807 5699 3214 5769 Scripturarum
3247 5702 3450 5771 tritico,

1855 5796 2195 5868 farinamque
2245 5794 2619 5850 commolitum
2662 5795 2712 5848 in
2759 5793 2982 5850 Christo
3030 5794 3192 5861 Jesu,
3241 5797 3327 5851 cui
3368 5809 3454 5856 est

1853 5887 2024 5961 gloria
2053 5899 2103 5945 et
2137 5887 2428 5961 imperium
2457 5887 2512 5945 in
2539 5887 2740 5946 saecula
2766 5888 3115 5947 saeculorum.
3159 5888 3358 5949 Amen.
