4044 6318
503 323 616 394 985

862 444 1217 525 335-338
1246 448 1531 506 HOMILIA
1550 446 1749 503 XXIX.

505 547 585 605 De
608 560 676 605 eo
705 546 848 617 quod
878 547 1138 615 scriptum
1166 552 1254 601 est
1275 558 1291 617 ς
1318 544 1470 599 .Irsus
1499 552 1671 617 autem
1689 543 1873 617 plenas
1897 540 2102 617 Spiritu

577 614 756 675 sancte
781 614 1012 674 reversus
1041 627 1149 683 est;
1181 628 1231 669 et
1254 616 1323 671 de
1351 615 1652 670 tentatinne
1680 614 1803 685 ejus
1830 615 2026 684 prima.

1169 687 1299 758 Cap.
1323 685 1432 742 ‘lV.

573 802 806 873 Quando
854 801 993 872 legis
1033 801 1086 855 in
1135 800 1452 871 Evangelio,
1499 799 1655 853 Iesus
1697 806 1874 853 autem
1919 797 2104 868 plenus

500 897 709 969 Spiritu
733 904 911 952 sancto
936 902 1169 950 reversus
1190 904 1285 959 est,
1317 902 1373 949 et
1397 893 1450 948 in
1480 892 1703 948 Actibus
1728 891 2104 961 apostolorum

498 989 593 1048 ubi
657 989 883 1056 dicitur,
936 986 1081 1059 quod
1154 985 1352 1058 repleti
1399 983 1606 1040 fuerint
1655 983 1863 1055 Spiritu
1913 992 2104 1038 sant-to

500 1084 641 1158 (Act.
676 1082 759 1155 ti),
787 1082 912 1137 vide
945 1096 1015 1137 ne
1052 1080 1296 1151 tequales
1324 1088 1480 1150 putes
1509 1092 1635 1134 esse
1660 1076 1939 1147 apostolos
1983 1075 2108 1131 Sal-

499 1176 680 1232 vatori
707 1193 719 1229 :
747 1173 845 1230 sed
876 1183 932 1229 et
954 1173 1168 1241 Jesum,
1201 1170 1501 1241 apostolos,
1530 1177 1587 1224 et
1612 1169 1781 1224 alium
1803 1167 2106 1239 quemlibet

503 1278 823 1325 sanctorum
852 1267 1045 1335 plenos
1065 1265 1266 1335 Spiritu
1298 1272 1492 1321 sancto
1509 1277 1781 1334 cognosce
1806 1263 2105 1317 secundum

500 1374 815 1419 mensuram
850 1358 1061 1415 vusculi
1105 1358 1188 1412 sui
1239 1374 1253 1412 :
1311 1369 1364 1412 et
1395 1355 1697 1426 quomodo,
1726 1355 1876 1409 verbi
1905 1355 2103 1424 gratia,

508 1455 560 1513 si
584 1453 824 1511 volueris
844 1452 1051 1520 dicere,
1078 1452 1195 1508 lucc
1220 1466 1349 1507 vasa
1373 1451 1533 1521 plena
1552 1458 1681 1504 sunt
1698 1449 1822 1503 vino
1845 1449 1930 1503 vel
1953 1448 2103 1515 oleo,

504 1562 617 1605 non
647 1548 829 1601 statim
867 1545 1083 1615 judicas
1110 1544 1254 1616 quod
1286 1544 1483 1614 mquali
1524 1557 1782 1598 mensura
1810 1541 1967 1610 plena
1999 1542 2110 1597 sint

504 1639 803 1714 (siquidem
833 1637 983 1693 aliud
1028 1636 1326 1692 sextarium
1378 1651 1580 1705 capere
1610 1643 1809 1703 potest,
1840 1633 1988 1688 aliud
2019 1649 2110 1689 ur-

506 1744 658 1799 nam,
707 1731 855 1786 aliud
897 1728 1266 1799 amphoram),
1300 1728 1492 1783 eodem
1539 1727 1702 1782 modo
1747 1734 1804 1781 et
1850 1725 2014 1781 Jesus
2053 1732 2110 1781 et

503 1823 708 1881 Paulus
738 1823 883 1893 pleni
912 1831 1070 1878 erant
1121 1820 1327 1890 Spiritu
1371 1827 1562 1874 sancto
1608 1835 1622 1871 :

505 1915 660 1972 Pauli
692 1916 870 1970 minus
892 1922 1011 1970 erat
1031 1924 1159 1968 vase
1189 1911 1343 1976 Iesu,
1367 1920 1421 1967 et
1453 1920 1634 1965 tamen
1658 1915 1780 1963 erat
1801 1906 2105 1964 secundum

499 2024 817 2066 mensuram
843 2023 998 2062 suam
1030 2018 1325 2075 utrumque
1357 2002 1707 2073 completum.
1731 1999 1977 2068 Accepto
2004 1999 2105 2054 ita-

502 2117 609 2174 que
656 2100 953 2173 baptismo,
994 2098 1249 2155 Salvator
1292 2097 1486 2169 plenus
1513 2094 1720 2164 Spiritu
1768 2100 1980 2161 sancto,
2011 2092 2106 2163 qui

500 2208 670 2264 super
697 2208 824 2249 eum
855 2192 912 2248 in
939 2190 1125 2264 specie
1154 2190 1429 2246 columbae
1459 2189 1529 2243 de
1552 2187 1707 2244 ctelis
1728 2193 1972 2253 venerat,
2006 2185 2109 2240 du-

502 2285 732 2342 cebatur
770 2300 800 2338 a
844 2284 1061 2355 spiritu.
1114 2284 1248 2351 Quia
1295 2282 1704 2352 euimquotquot
1760 2276 1967 2346 Spiritu
2008 2274 2107 2330 Dei

506 2377 792 2442 ducuntur,
823 2375 879 2430 hi
920 2376 1021 2445 ﬁlii
1059 2385 1179 2430 sunt
1221 2373 1319 2428 Dei
1349 2371 1528 2445 (Rom.
1564 2373 1720 2442 vui);
1772 2370 1877 2426 iste
1923 2378 2104 2425 autem

505 2478 659 2529 citra
689 2482 884 2525 omnes
928 2466 1149 2537 proprie
1179 2465 1353 2521 Filius
1388 2464 1483 2519 Dei
1512 2471 1653 2532 erat,
1684 2462 1808 2518 ideo
1835 2469 1891 2517 et
1929 2460 2107 2531 ipsum

509 2560 805 2634 oportebat
846 2559 1053 2629 Spiritu
1094 2567 1287 2612 sancto
1328 2556 1476 2612 duci.
1508 2553 1793 2626 Siquidem
1839 2552 2105 2623 scriptum

509 2660 599 2712 est
619 2668 635 2707 :
660 2651 960 2707 Ducebatur
974 2659 1145 2705 autem
1168 2650 1220 2702 in
1240 2649 1498 2704 desertum
1514 2664 1545 2701 a
1565 2647 1751 2720 spiritu
1768 2643 1985 2716 (Matth.
1999 2645 2102 2717 tv).

507 2745 879 2816 Quadraginta
912 2742 1109 2799 diebus
1154 2751 1396 2798 tentatur
1441 2739 1622 2807 Jesus,
1670 2748 1727 2794 et
1753 2752 1876 2808 qum
1908 2734 2108 2791 fuerint

507 2846 846 2897 teiitamcnta
865 2837 1142 2894 nescimus
1164 2853 1178 2890 :
1205 2850 1327 2906 quae
1347 2834 1470 2889 ideo
1488 2833 1714 2889 forsitan
1741 2829 2106 2902 praitermissa

506 2941 657 2997 sunt,
691 2932 818 3001 quia
861 2929 1070 3000 majora
1095 2937 1444 3001 erantquam
1474 2935 1534 2981 ut
1563 2925 1761 2981 litteris
1806 2920 2106 2981 crederen-

508 3038 617 3085 tur.
670 3027 788 3082 Etsi
840 3026 921 3082 sic
962 3033 1179 3096 oportet
1207 3024 1417 3088 dicere,
1449 3025 1591 3077 sicut
1636 3020 1870 3077 mundus
1911 3033 2107 3089 capere

509 3136 619 3177 non
671 3128 886 3189 poterat
932 3132 1129 3173 omnes
1161 3116 1362 3183 libros,
1394 3116 1439 3172 si
1472 3115 1676 3183 scripta
1707 3113 1940 3169 fuissent
1984 3125 2108 3183 qua:

1754 330 1812 390 s.
1859 326 2133 388 suseau
2172 286 2556 387 uisnouvut

3699 331 3807 387 ἐδί

2133 452 2184 512 Α
2212 460 2432 503 scuram
2455 444 2519 501 lit
2548 444 2690 500 forte
2714 446 2859 516 quod
2880 445 3026 514 dico,
3060 444 3167 502 nisi
3188 446 3533 503 manifestius
3554 452 3809 521 exemplo

2209 537 2320 593 fiat.
2352 537 2408 593 Si
2436 537 2640 593 videris
2664 537 2955 593 haereticos
2982 536 3304 608 dogmatnm
3331 553 3555 596 suorum
3585 542 3810 597 mendaa

2205 631 2347 687 cium
2380 644 2478 699 pro
2516 640 2656 700 pane
2685 630 3002 696 comedere,
3032 629 3172 685 scito
3196 630 3430 699 lapidem
3461 646 3653 688 eorum
3679 648 3808 691 esse

2207 729 2544 786 sermonem,
2589 735 2751 793 quem
2804 730 3077 777 monstrat
3123 721 3397 778 diabolus.
3447 722 3635 794 Neque
3680 740 3811 781 vero

2207 815 2491 870 existimes
2518 828 2687 869 unum
2720 829 2844 869 eum
2882 813 3083 869 habere
3121 813 3393 884 lapidem;
3431 814 3593 870 habet
3626 814 3813 886 plures

2213 906 2446 978 lapides,
2474 906 2542 961 de
2563 905 2760 975 quibus
2789 920 2818 958 a
2847 904 3103 961 Matthaeo
3133 904 3504 961 introduc-itur
3531 906 3762 978 loquens
3792 926 3809 966 :

2211 999 2309 1055 Dic
2339 1011 2395 1054 ut
2421 997 2621 1070 lapides
2658 998 2746 1052 isti
2773 1013 2936 1069 panes
2962 997 3111 1068 fiant.
3159 998 3305 1053 Dixit
3344 1007 3399 1053 et
3435 997 3707 1066 Marcion,
3755 1008 3815 1057 et

2208 1097 2345 1168 lapis
2373 1095 2579 1152 diaboli
2611 1095 2660 1150 ei
2684 1094 2861 1151 factus
2885 1105 2970 1150 est
3002 1093 3180 1165 panis.
3212 1094 3352 1148 Dixit
3382 1092 3725 1162 Valentinus,
3754 1104 3813 1152 et

2207 1191 2346 1247 alius
2376 1189 2514 1260 lapis
2554 1190 2605 1245 ei
2648 1197 2735 1245 est
2761 1202 2954 1243 versus
2983 1188 3038 1242 in
3074 1202 3293 1257 panem.
3330 1186 3535 1242 Habuit
3568 1194 3626 1243 et
3659 1188 3813 1244 Basi-

2209 1283 2348 1337 lides
2386 1280 2679 1354 ejusmodi.
2728 1289 2787 1336 et
2830 1279 3015 1335 caeteri
3070 1277 3337 1335 haeretici.
3364 1276 3525 1335 Unde
3570 1280 3810 1337 sollicite

2211 1375 2626 1445 providendum,
2657 1388 2726 1429 ne
2752 1372 2898 1428 forte
2924 1371 3126 1426 diaboli
3157 1371 3389 1441 lapidem
3420 1373 3807 1440 comedentes,

2211 1477 2464 1537 putemus
2487 1480 2624 1535 pane
2648 1464 2796 1520 vesci
2826 1464 2948 1519 Dei.
2980 1461 3236 1534 Alioquin
3268 1477 3391 1532 qute
3426 1470 3551 1518 erat
3576 1465 3811 1520 tentatio

2210 1558 2278 1615 de
2312 1557 2492 1627 lapide
2518 1571 2713 1627 panem
2759 1555 2898 1620 ﬁeri,
2946 1562 3002 1609 et
3034 1570 3065 1608 a
3094 1553 3376 1610 Salvatore
3402 1554 3652 1609 comedi?
3685 1553 3812 1609 Fim-

2209 1665 2398 1721 gamus
2425 1651 2570 1704 enim
2595 1645 2765 1719 quod,
2800 1646 3020 1703 diabolo
3045 1655 3406 1716 proponente,
3440 1645 3706 1702 Dominus
3733 1647 3811 1701 la-

2212 1743 2391 1813 pidem
2437 1741 2491 1798 in
2525 1755 2720 1812 panem
2766 1739 2991 1796 verterit
3035 1737 3145 1810 [AL
3194 1739 3403 1810 vertit],
3455 1750 3508 1794 et
3559 1738 3614 1793 id
3665 1736 3808 1809 quod

1671 1816 1766 1872 59d
1809 1817 2105 1911 "‘“"°_"”
2136 1848 2182 1911 Β
2210 1839 2410 1894 virtute
2458 1850 2554 1891 sua
2604 1833 2726 1905 ipse
2772 1833 2984 1889 fecerat
3011 1831 3335 1899 comederit,
3363 1843 3418 1886 et
3449 1829 3663 1886 satiarit
3686 1845 3813 1885 esu-

2212 1930 2347 1985 riem
2381 1947 2394 1982 :
2427 1942 2676 1999 quianam
2707 1933 2856 1982 esset
2884 1925 2988 1980 ista
3017 1924 3267 1991 tentatio,
3299 1938 3423 1994 qua:
3443 1923 3673 1978 victoria
3696 1923 3814 1978 dia-

2213 2021 2347 2087 boli,
2377 2020 2425 2075 si
2451 2023 2570 2075 haec
2597 2017 2927 2083 simpliciter
2951 2015 3374 2072 scriberentur?
3417 2015 3549 2081 Quae
3575 2023 3636 2070 ut
3659 2014 3807 2070 dixi-

2216 2131 2331 2168 ιιιυς
2349 2112 2558 2168 ratiune
2572 2122 2859 2182 perspecta
2878 2117 2935 2165 et
2946 2108 3306 2165 tentationem
3324 2107 3624 2163 ostendunt
3644 2106 3812 2164 fuisse

2212 2206 2260 2261 si
2287 2206 2483 2261 fierent
2503 2246 2518 2269 ,
2551 2215 2606 2259 et
2649 2202 2959 2270 victoriam,
2989 2200 3137 2272 quod
3163 2210 3482 2270 contempta
3512 2207 3640 2255 sunt
3666 2199 3808 2255 lieri.

2214 2300 2495 2371 Simulque
2517 2305 2856 2352 monstratur
2881 2296 3044 2351 istum
3072 2309 3267 2364 panem
3289 2292 3382 2364 qui
3404 2291 3473 2347 de
3493 2290 3674 2362 lapide
3697 2291 3809 2359 iiat,

2214 2407 2322 2446 non
2356 2404 2480 2446 esse
2506 2389 2735 2444 verbum
2763 2384 2881 2453 Dei,
2914 2383 3058 2456 quod
3083 2380 3258 2456 pascit
3279 2382 3583 2451 hominem,
3615 2382 3683 2437 de
3705 2395 3813 2452 quo

2212 2481 2478 2553 scriptum
2503 2488 2587 2535 est
2607 2495 2621 2532 :
2641 2477 2763 2534 Non
2785 2480 2839 2532 in
2864 2494 2997 2546 pane
3016 2477 3128 2532 solo
3148 2476 3274 2530 vivit
3294 2476 3466 2540 homo,
3490 2475 3580 2529 sed
3599 2477 3653 2528 in
3673 2473 3814 2528 omni

2212 2591 2286 2629 rei
2301 2573 2362 2628 bo
2383 2571 2518 2644 quod
2539 2570 2828 2642 egredietur
2853 2587 2945 2640 per
2981 2585 3037 2623 os
3070 2565 3189 2636 Dei,
3210 2568 3339 2623 vivet
3361 2567 3542 2621 homo.
3563 2568 3814 2636 RespOn-

2213 2667 2354 2724 debo
2374 2666 2492 2732 tibi,
2514 2680 2547 2720 ο
2572 2664 2874 2734 versipellis
2895 2671 2950 2719 et
2968 2660 3333 2732 nequatn,qui
3362 2659 3813 2733 “16337-338

2214 2771 2427 2817 tentare
2451 2773 2560 2815 non
2587 2758 2785 2813 metuis
2814 2775 2827 2810 :
2853 2757 2992 2812 alios
3026 2764 3111 2810 est
3149 2756 3337 2825 panis,
3369 2768 3555 2809 sermo
3588 2754 3683 2808 Dei
3714 2754 3809 2823 qui

2210 2854 2454 2911 vivificat
2476 2852 2776 2908 hominem.
2807 2851 3091 2921 Simulque
3114 2850 3391 2905 videamus
3413 2848 3560 2919 quod
3587 2850 3704 2904 hasc
3727 2850 3805 2903 lo-

2212 2960 2409 3022 quatur
2440 2964 2547 3003 non
2579 2947 2751 3003 Filius
2782 2946 2875 3000 Dei
2902 2986 2918 3011 ,
2953 2944 3049 2999 sed
3077 2944 3272 3014 homo,
3315 2958 3478 3013 quem
3506 2942 3677 2997 Filius
3711 2942 3807 2997 Dei

2211 3042 2465 3114 dignatus
2490 3055 2576 3098 est
2610 3053 2890 3095 assumere
2916 3080 2930 3105 ,
2962 3039 3118 3109 quasi
3158 3036 3229 3093 de
3265 3036 3490 3092 homine
3531 3035 3677 3090 enim
3722 3048 3814 3091 re-

2213 3136 2446 3207 spondet
2477 3175 2492 3202 ,
2543 3144 2596 3190 et
2635 3133 2775 3189 dicit
2804 3150 2818 3186 :
2855 3130 3129 3202 Scriptum
3152 3140 3229 3185 est
3253 3171 3267 3195 ,
3312 3146 3418 3184 non
3452 3130 3508 3184 in
3544 3146 3675 3199 pane
3705 3129 3815 3184 solo

508 3213 642 3271 Ῐθθίι
660 3221 715 3268 εί
741 3212 932 3309 “cuit
952 3210 1114 3266 ’65“
1139 3229 1153 3267 ³
1195 3210 1274 3264 δίε
1300 3207 1660 3309 Ἱυθάτθείθθ
1688 3206 1900 3309 ᾳιίῆνυξη
1934 3214 2110 3259 ίθηί³’
2136 3230 2184 3309 (ξ
2214 3228 2336 3283 ririt
2356 3228 2513 3284 homo
2536 3226 2718 3300 (Matt.
2746 3223 2845 3295 tv);
2872 3241 2937 3279 ex
2958 3238 3070 3295 quo
3091 3222 3467 3290 manifestum,
3492 3238 3599 3277 non
3623 3223 3813 3287 Deum,

507 3310 689 3365 tiones
709 3307 907 3379 quibus
937 3315 1180 3361 tentatus
1200 3312 1285 3360 est
1312 3303 1581 3359 Dominus
1609 3317 1636 3356 a
1674 3300 1916 3365 diabolo,
1953 3314 2111 3354 mun-

510 3403 614 3460 dus
642 3402 783 3459 ferre
813 3417 924 3457 non
950 3407 1187 3470 poterat,
1215 3397 1264 3453 si
1290 3397 1578 3468 Scriptura
1621 3394 1918 3450 docuisset.
1951 3391 2115 3449 Snl‘ll-s

509 3496 588 3553 cit
613 3494 770 3551 nobis
799 3494 901 3549 hoc
925 3501 1133 3548 tantum
1161 3491 1325 3556 scire,
1358 3490 1501 3561 quod
1530 3488 1886 3559 quadraginta
1923 3485 2116 3543 diebus

510 3588 567 3645 in
603 3588 828 3644 deserto
875 3585 1061 3653 fuerit,
1103 3598 1156 3640 et
1198 3585 1512 3638 tcutabatur
1541 3599 1570 3635 a
1616 3581 1859 3649 diabolo,
1902 3588 1958 3636 et
2006 3596 2114 3635 non

513 3682 815 3740 comederit
866 3680 1156 3751 quicquam
1208 3680 1262 3733 in
1310 3676 1506 3732 diebus
1573 3676 1701 3732 illis.
1756 3673 2120 3732 Ilortiilcabat

516 3778 666 3833 enim
706 3788 933 3830 sensum
972 3772 1157 3829 carnis
1199 3772 1317 3842 jugi
1349 3771 1721 3840 continuoque
1747 3768 1953 3840 jejunio
1998 3786 2012 3823 :
2062 3775 2120 3824 et

519 3883 643 3923 cum
680 3866 935 3936 completi
985 3864 1217 3920 fuissent
1258 3864 1398 3930 dies,
1427 3862 1641 3919 esuriit.
1677 3862 1823 3917 Dixit
1867 3872 2039 3915 autent
2069 3843 2123 3916 ei

525 3959 765 4013 diabolus
791 3973 809 4010 :
831 3956 895 4012 Si
936 3954 1112 4009 Filius
1164 3956 1261 4010 Dei
1289 3973 1363 4025 es,
1412 3957 1497 4010 die
1523 3955 1691 4026 lapidi
1734 3954 1856 4010 huic
1882 3966 1938 4010 ut
1968 3956 2120 4027 panis

519 4050 634 4120 ﬁat.
668 4045 791 4116 Dic,
822 4048 1022 4118 inquit,
1050 4048 1216 4117 lepidi
1238 4049 1375 4101 huic.
1398 4047 1498 4102 Cui
1528 4047 1727 4117 lapidi?
1750 4047 1936 4118 utique
1960 4061 2119 4101 mon-

518 4140 734 4196 strabat
779 4139 1031 4196 diabolus
1068 4154 1234 4211 quem
1281 4140 1392 4195 vult
1438 4154 1634 4210 panem
1685 4139 1827 4195 lieri.
1860 4140 2119 4207 Quaenam

2216 3321 2312 3376 sed
2345 3320 2618 3375 hominem
2652 3317 2822 3373 fuisse
2851 3325 3140 3373 tentatum.
3163 3314 3461 3385 Scripturte
3483 3330 3700 3369 sensum
3727 3315 3814 3369 di-

2216 3413 2450 3484 ligenter
2476 3410 2804 3479 erentilans,
2835 3416 2962 3465 reor
2983 3408 3233 3465 invenire
3260 3424 3348 3463 me
3367 3422 3610 3476 causam,
3646 3421 3815 3477 quare

2216 3506 2459 3562 Joannes
2495 3502 2851 3559 tentationem
2885 3501 3098 3557 Domini
3142 3517 3249 3555 non
3289 3500 3642 3570 descripserit
3675 3517 3690 3554 :
3720 3498 3817 3555 sed

2219 3608 2427 3654 tantum
2460 3595 2771 3661 Matthteus,
2808 3595 3004 3662 Lucas,
3036 3604 3097 3651 et
3126 3594 3359 3649 Marcus.
3403 3592 3642 3648 Joannes
3667 3595 3817 3647 enim

2218 3694 2311 3758 qni
2344 3706 2374 3746 a
2403 3691 2514 3746 Deo
2543 3690 2831 3746 exordium
2861 3688 3069 3744 frcerat
3090 3686 3404 3743 dicenszln
3426 3688 3684 3759 principio
3706 3696 3816 3741 erat

2227 3784 2455 3841 Verbum
2478 3823 2492 3846 .
2538 3793 2586 3838 et
2631 3781 2854 3837 Verbum
2884 3792 2996 3836 erat
3026 3782 3167 3851 apud
3193 3779 3401 3845 Deum,
3446 3790 3495 3835 et
3540 3780 3677 3834 Deus
3707 3787 3818 3835 erat

2227 3878 2451 3934 Verbum
2480 3876 2682 3951 (Joan.
2707 3875 2759 3947 t)
2788 3894 2803 3931 :
2839 3889 2940 3932 nec
2969 3883 3190 3945 peierat
3217 3872 3417 3927 divina:
3449 3871 3820 3941 generationis

2221 3969 2473 4024 ordinem
2502 3976 2691 4023 texere
2714 4005 2731 4032 ,
2773 3964 2869 4021 sed
2915 3962 3295 4020 tantummodo
3324 3961 3470 4031 quod
3508 3978 3575 4015 ex
3608 3961 3722 4015 Deo
3763 3970 3821 4016 et

2221 4074 2344 4115 cum
2370 4058 2484 4114 Deo
2507 4066 2663 4115 esset
2684 4066 3057 4127 expresserat,
3091 4054 3329 4124 adiciat:
3356 4052 3429 4108 Et
3457 4051 3676 4107 Verbum
3697 4068 3820 4108 caro

2221 4154 2420 4225 factum
2445 4159 2545 4205 est.
2578 4150 2757 4205 Porro
2785 4149 2915 4221 quia
2948 4148 3092 4203 Dens
3122 4146 3322 4202 tentari
3353 4161 3463 4202 non
3487 4154 3672 4219 potest
3701 4187 3716 4213 ,
3753 4146 3822 4201 de

520 4241 606 4287 est
637 4231 741 4287 ista
774 4232 1025 4298 tentatio,
1056 4241 1109 4286 ut
1143 4240 1336 4301 rogato
1364 4231 1522 4287 Patre
1545 4247 1573 4286 a
1607 4232 1745 4287 Filio
1764 4246 1988 4303 panem,
2021 4246 2122 4289 nec

519 4325 784 4397 lapidem,
833 4326 978 4396 quod
1023 4343 1091 4381 ne
1122 4328 1236 4397 ipse
1265 4327 1483 4397 quidem
1512 4325 1865 4382 adversarius
1913 4326 2111 4395 voluit,

526 4419 836 4489 versipellis
877 4419 1062 4486 lallax,
1110 4419 1203 4475 det
1246 4419 1478 4491 lapidem
1522 4436 1623 4490 pro
1665 4418 1839 4491 pane?
1886 4418 1992 4476 hoc
2037 4422 2124 4476 est

2220 4258 2330 4315 quo
2354 4243 2405 4298 ei
2427 4252 2546 4298 erat
2573 4256 2759 4298 sermo
2786 4258 2801 4295 :
2833 4240 2956 4298 ideo
2983 4240 3182 4297 tentari
3213 4239 3363 4295 illum
3394 4252 3425 4294 a
3452 4238 3677 4294 diabolo
3706 4254 3820 4294 non

2223 4335 2546 4391 introducit.
2578 4335 2716 4402 Quia
2747 4350 2880 4390 vero
2910 4333 3049 4391 liber
3078 4332 3445 4403 generationis
3470 4332 3597 4389 Jesu
3621 4331 3821 4388 Christi

2222 4431 2293 4487 de
2319 4447 2387 4487 eo
2414 4431 2468 4486 in
2497 4428 2732 4486 Matthei
2760 4428 3063 4501 Evangelio
3094 4437 3370 4494 narratur,
3400 4428 3531 4483 etin
3557 4426 3703 4483 Luca
3727 4442 3824 4498 get

525 4515 673 4573 enim
701 4516 847 4585 quod
874 4514 1124 4570 diabolus
1156 4514 1350 4581 voluit,
1380 4523 1444 4570 ut
1486 4515 1622 4586 lapis
1652 4514 1810 4586 panis
1838 4513 1996 4571 ﬁeret
2021 4532 2035 4571 :
2067 4522 2125 4571 et
2226 4525 2439 4581 ιιειιαιίο
2457 4524 2577 4596 ejus
2600 4524 2934 4579 describitur
2963 4563 2978 4586 ,
3030 4531 3087 4577 ει
3121 4521 3176 4577 in
3218 4521 3402 4577 Marco
3432 4520 3596 4576 homo
3619 4530 3703 4576 εει
3729 4522 3820 4591 qui

523 4625 635 4705 non
658 4608 864 4705 potius,
897 4618 957 4665 ut
988 4624 1093 4666 non
1121 4610 1177 4665 in
1212 4626 1406 4681 panem
1429 4609 1686 4680 lapidem,
1710 4609 1808 4665 sed
1840 4609 2120 4666 hominem
2146 4630 2200 4705 Ῐ)
2228 4625 2470 4675 tentatur
2494 4648 2511 4683 ,
2557 4622 2845 4686 prepterea
2872 4613 2991 4683 ejus
3018 4616 3190 4668 fertur
3222 4612 3406 4666 simile
3444 4625 3773 4682 responsum
3802 4624 3818 4665 :

516 4702 576 4761 in
621 4702 856 4773 lapidem
886 4712 1147 4772 verteret,
1180 4718 1342 4775 quem
1374 4704 1625 4761 diabolus
1650 4714 1750 4774 pro
1779 4720 1926 4776 pane
1965 4717 2119 4759 mon.
2146 4701 2186 4705 —
2226 4725 2329 4765 non
2354 4709 2409 4763 ia
2432 4724 2567 4779 pane
2587 4706 2702 4762 solo
2723 4705 2845 4760 visit
2870 4706 3040 4759 homo.
3069 4703 3125 4759 Si
3150 4704 3316 4772 igitur
3352 4701 3527 4757 Filius
3552 4703 3646 4758 Dei
3683 4704 3825 4760 Deus

520 4796 824 4852 straverat?
854 4795 971 4866 Ego
1003 4806 1133 4867 puto
1166 4797 1309 4868 quod
1335 4812 1509 4869 usque
1542 4797 1706 4852 hodie
1736 4796 1973 4868 lapidem
2001 4796 2121 4853 dia-
2226 4817 2326 4873 pro
2349 4811 2401 4856 te
2425 4801 2588 4854 hoino
2613 4798 2793 4853 factus
2812 4805 2920 4861 est,
2946 4806 3005 4851 et
3024 4803 3266 4851 tentatur
3293 4794 3420 4865 :qui
3444 4802 3637 4850 natura
3662 4795 3827 4852 homo

523 4887 688 4944 holus
716 4888 973 4944 ostendat
1001 4898 1057 4943 et
1098 4887 1352 4944 hortetur
1381 4889 1626 4960 singulos
1655 4888 1723 4943 ad
1753 4887 2078 4959 loquendum
2100 4906 2119 4945 :
2224 4907 2286 4951 es
2310 4932 2327 4958 ,
2377 4906 2483 4947 non
2528 4891 2701 4946 debes
2746 4888 3018 4960 indignari
3048 4888 3097 4943 si
3128 4885 3273 4942 forte
3316 4888 3561 4943 tentaris.
3596 4887 3747 4955 Quod
3780 4888 3827 4943 si

523 4982 622 5040 Dic
649 4994 702 5039 ut
725 4984 857 5056 lapis
883 4985 999 5051 iste,
1025 4984 1173 5056 panis
1202 4984 1317 5054 ﬁat.
1349 4983 1511 5039 Omni
1540 4982 1841 5038 tentatione
1867 4996 1976 5053 qua
2000 4991 2119 5037 ten-
2228 4990 2468 5042 tentatus
2495 5023 2513 5051 ,
2566 4983 2719 5038 illum
2750 4983 2996 5037 imitatus
3026 4979 3200 5036 fueris
3231 4981 3321 5050 qui
3351 4996 3452 5051 pro
3497 4990 3548 5037 te
3590 4992 3828 5037 tentatus

524 5075 674 5131 tandi
718 5086 877 5132 erant
919 5076 1193 5144 homines,
1237 5076 1454 5147 primus
1505 5074 1810 5131 secundum
1868 5062 2121 5147 assump-
2221 5086 2587 5148 est,etotnne
2609 5074 3244 5140 viccristentamentum,
3275 5073 3502 5130 habebis
3523 5090 3678 5145 spem
3703 5088 3827 5130 cum

518 5168 725 5224 tionem
752 5169 935 5225 carnis
965 5177 1204 5224 tentatus
1230 5177 1317 5223 est
1337 5168 1618 5224 Dominus.
1643 5167 1907 5223 Tentatur
1930 5175 2117 5225 autem
2224 5184 2292 5227 eo
2314 5169 2408 5241 qui
2439 5178 2569 5224 tunc
2594 5166 2763 5222 homo
2791 5166 2914 5232 fuit,
2943 5179 3092 5222 nunc
3114 5178 3301 5222 autem
3326 5176 3352 5203 ει
3376 5166 3542 5222 homo
3570 5181 3690 5221 esse
3711 5180 3830 5222 ces-

518 5261 591 5318 ob
638 5262 715 5329 id,
748 5271 807 5318 nt
835 5276 937 5318 nos
960 5276 1203 5332 quoque,
1237 5261 1334 5316 illo
1367 5262 1647 5328 vincente,
1679 5260 1981 5317 vincamus.
2013 5261 2126 5318 0b-
2225 5262 2384 5321 savit.
2412 5260 2553 5317 Nam
2578 5259 2627 5315 si
2657 5260 2751 5332 qui
2792 5258 3073 5331 quondam
3111 5258 3279 5315 homo
3327 5267 3448 5314 erat
3473 5297 3491 5325 ,
3537 5268 3827 5328 postquam

591 5409 617 5439 ι
656 5399 714 5455 Id
737 5398 958 5471 quidem
984 5397 1257 5471 objectum
1280 5394 1500 5471 Origeni
1526 5407 1633 5463 est,
1664 5404 1799 5452 teste
1826 5390 2113 5471 Pamphilo
2220 5414 2249 5471 a
2284 5398 2506 5453 Christo
2538 5405 2662 5468 post
2686 5396 3152 5471 resurrectionem
3174 5441 3188 5465 ,
3228 5394 3578 5471 futurumque
3606 5391 3742 5471 adeo
3776 5404 3830 5451 ut

518 5472 574 5531 in
598 5465 860 5541 Apologia
883 5514 897 5537 ,
929 5465 1072 5540 quod
1090 5471 1302 5541 putarit
1327 5511 1341 5536 ,
1377 5468 1715 5527 Salvatorem
1746 5482 1850 5521 non
1877 5468 1929 5520 in
1961 5465 2116 5523 same
2224 5470 2389 5525 homo
2418 5481 2473 5525 ct
2509 5465 2603 5523 rex
2628 5480 2755 5541 esse
2784 5468 3025 5541 desinat.
3052 5465 3256 5541 Verum
3284 5467 3389 5541 alia
3418 5466 3508 5522 hic
3532 5478 3615 5521 cst
3640 5468 3829 5541 Orige-

512 5539 692 5602 κάθιξε
717 5539 799 5596 ait
815 5543 1055 5611 dextram
1078 5540 1257 5595 Patri:
1277 5585 1292 5605 ,
1324 5542 1416 5594 sed
1441 5540 1765 5611 exspoliusse
1792 5554 2003 5611 carnem
2022 5582 2034 5598 .
2066 5552 2115 5595 et
2226 5545 2311 5598 nis
2331 5540 2707 5605 ratlocinatio;
2735 5539 2882 5607 quod
2916 5539 3069 5611 enim
3106 5539 3201 5600 ait,
3229 5539 3503 5611 hominem
3528 5553 3649 5593 esse
3671 5539 3829 5593 Cliri.

515 5616 753 5691 posuisse
776 5616 835 5691 in
856 5610 974 5691 sole
996 5632 1015 5669 :
1036 5612 1340 5691 adductum
1369 5607 1564 5691 nempe
1585 5627 1656 5691 εξ
1688 5610 2119 5691 illo_tlecinii_oc-
2226 5624 2369 5669 stum
2400 5611 2656 5673 desiisse,
2692 5625 2885 5665 revera
2920 5625 3029 5665 non
3056 5607 3375 5691 heiitinein,
3408 5608 3502 5664 sed
3538 5613 3829 5664 mortalem

518 5678 630 5742 'tavi
675 5687 870 5756 psalmi
893 5685 1185 5756 versiculo
1205 5728 1225 5756 _,
1269 5682 1335 5737 In
1373 5683 1481 5756 sole
1501 5678 1686 5756 posuit
1730 5679 2121 5756 tabernaculunt
2231 5697 2549 5756 permanere
2573 5690 2755 5756 negat,
2776 5692 2829 5734 et
2855 5696 2966 5756 non
2990 5695 3212 5756 carnem
3235 5694 3264 5733 a
3280 5678 3568 5756 Salvatnre
3585 5690 3828 5741 exulant;

518 5748 696 5815 suum:
730 5758 807 5812 Ac
828 5755 1000 5810 fuisse
1032 5754 1159 5807 olim
1186 5748 1387 5809 dicitur
1410 5748 1526 5809 fere
1552 5751 1727 5808 simile
1751 5750 1989 5806 Marcelli
2017 5751 2125 5805 An-
2230 5748 2323 5810 sed
2343 5794 2359 5818 ,
2395 5767 2518 5822 quae
2557 5748 2727 5806 semel
2758 5761 2840 5804 est
2872 5750 3232 5822 humanitatis
3275 5749 3548 5822 conditio,
3592 5762 3825 5805 mortem

517 5830 749 5907 cyranni
779 5827 1242 5895 deliramentum,
1275 5823 1489 5883 scilicet
1512 5823 1776 5896 reiectum
1807 5822 1874 5879 iri
1900 5832 2127 5881 carnem
2231 5820 2505 5899 significat
2531 5831 2869 5897 superatam.
2899 5821 3085 5893 Itaque
3107 5820 3352 5894 colligit;
3383 5821 3489 5892 Qui
3509 5828 3830 5896 nequaquam
