4044 6316
196 328 319 384 2'35

818 324 1250 382 TRANSLATIU
1292 323 1731 381 llUMlLlARIJIl
1770 327 1800 380 υ

1904 326 2089 383 Glile
2130 328 2195 384 ΙΝ
2236 328 2494 387 ιυυΑιι.
2538 332 2697 388 ΙΙΟΜ.
2745 331 2935 387 XXXI.

3410 334 3518 390 336

202 453 457 500 tentatas
476 454 587 509 est,
612 453 668 499 et
687 444 914 499 recessit
939 442 1010 495 ab
1028 454 1096 498 eo
1116 439 1369 495 diabolus
1391 446 1564 511 usque
1589 438 1657 495 ad
1681 450 1816 496 tenn-
1842 442 1890 505 Δ
1920 457 2030 509 mc,
2058 451 2119 499 et
2144 444 2336 514 accipe
2361 459 2590 516 meum
2615 452 2777 502 omne
2800 445 2947 516 quod
2974 455 3160 503 teneo.
3195 446 3390 504 Verum
3412 447 3517 505 Do-

202 548 316 608 pus
337 537 554 604 mortis,
589 552 620 591 a
644 536 876 591 mortuis
897 544 1193 606 resurgens
1215 532 1359 588 ultra
1383 538 1492 588 nou
1515 532 1815 588 morietur:

200 630 395 685 omnis
418 640 608 684 autem
632 630 796 685 homo
820 627 983 684 morti
1010 627 1295 697 subjacet:
1326 627 1433 683 iste
1453 642 1586 697 ergo
1607 628 1696 695 qui
1720 640 1817 683 ne-

202 724 492 793 quaquam
526 721 783 788 moritur,
811 721 924 791 jam
958 734 1065 775 non
1090 730 1179 775 est
1207 718 1395 785 homo,
1427 718 1522 773 sed
1549 718 1690 774 Deus
1708 726 1813 773 est.

205 813 275 871 δε
306 818 494 870 autem
523 814 671 870 Deus
696 822 785 869 est
806 813 898 883 qui
927 812 1200 883 quondam
1224 811 1389 866 homo
1416 811 1538 875 fuit,
1570 816 1626 866 et
1652 820 1812 879 Opor-

205 916 292 963 tet
320 914 376 962 te
399 907 479 961 illi
502 906 736 962 similem
770 905 915 971 fieri,
943 905 1168 972 Quando
1188 904 1381 959 similes
1404 905 1519 975 ejus
1540 903 1812 975 fuerimus,

1920 535 2104 589 minus
2142 542 2332 592 noster
2375 544 2537 607 atque
2564 537 2818 594 Salvator
2843 538 2955 594 vnlt
2979 538 3205 609 quidem
3245 555 3477 612 regnare
3499 581 3519 612 ,

1917 637 1973 684 et
2000 634 2192 684 ornues
2218 640 2410 700 gentes
2440 631 2717 701 subjectus
2745 646 2869 688 esse
2900 640 2962 687 ut
2984 633 3226 690 sentiant
3248 634 3510 704 jastltite,

1916 719 2154 786 veritati,
2171 722 2497 792 ueterisque
2518 721 2840 789 virtutibus;
2864 722 2961 779 sed
2982 724 3098 780 vult
3114 740 3346 796 regnare
3363 726 3517 797 quasi

1910 813 2124 883 justitia
2143 858 2158 884 ,
2192 820 2252 871 ut
2279 815 2489 887 absque
2518 818 2706 874 labore
2730 828 2957 890 regnet,
2988 830 3049 875 ut
3072 820 3208 876 nihil
3233 821 3396 877 iaciat
3428 824 3514 878 ln-

1914 906 2175 962 decorum
2203 948 2219 973 ,
2256 914 2313 963 et
2341 923 2452 964 non
2485 910 2605 966 vult
2629 912 2835 981 absque
2863 912 3055 968 labore
3085 914 3368 985 subjectus
3398 916 3515 972 dia-

207 1002 263 1054 et
290 999 573 1053 vida-imas
600 1012 716 1053 rain
749 997 900 1056 sicuti
938 1006 1014 1051 est
1039 1037 1055 1063 ,
1108 1007 1163 1051 te
1201 1009 1424 1066 quoque
1453 998 1683 1051 necesse
1710 994 1816 1050 crit
1916 998 2046 1055 bolo
2074 1001 2366 1068 coronari,
2412 1017 2511 1056 nec
2536 1004 2617 1058 sic
2648 1010 2878 1073 regnare
2908 1005 3158 1071 caeteris,
3193 1017 3251 1060 ut
3280 1007 3398 1077 ipse
3425 1020 3514 1062 rev-

207 1091 387 1148 Deum
415 1090 535 1147 ﬁeri
552 1130 569 1158 ,
598 1091 655 1146 in
677 1090 904 1146 tibi-isto
931 1088 1083 1145 Jesu.
1110 1088 1217 1144 Cui
1244 1097 1332 1145 est
1352 1087 1527 1159 εισι-ιδ
1555 1096 1611 1144 et
1640 1088 1814 1157 impe-
1912 1102 2117 1165 gnetur
2140 1108 2170 1147 a
2192 1093 2433 1149 diabolo.
2465 1093 2623 1150 Unde
2650 1094 2891 1166 loquitur
2911 1096 2977 1151 ad
3002 1112 3126 1153 eum
3148 1097 3343 1153 Jesas:
3367 1097 3514 1154 Scri-

207 1183 354 1240 riam
382 1183 437 1239 in
460 1181 661 1239 smcula
684 1183 1034 1239 saeclorum.
1080 1184 1277 1237 Ament

755 1315 1039 1372 llOillLlA
1086 1308 1256 1371 XXX.

428 1430 678 1489 Tentatio
704 1430 1008 1489 Salvatoris
1036 1431 1296 1487 secunda.
1329 1431 1463 1502 Cap.
1503 1429 1591 1484 IV.

281 1566 417 1627 Tam
438 1557 579 1624 Filio
600 1567 719 1634 Dei,
745 1578 906 1640 quam
928 1566 1263 1622 Antichristo
1285 1564 1546 1637 regnandi
1570 1564 1808 1621 studium

210 1672 315 1720 est.
341 1662 453 1722 Sed
472 1666 529 1718 et
549 1660 920 1717 Antichristus
942 1670 1172 1731 regnare
1190 1659 1488 1726 desiderat,
1518 1666 1576 1713 ut
1597 1656 1809 1713 occidat

204 1769 353 1827 quos
372 1753 474 1810 sibi
497 1752 794 1824 subjeceril
811 1750 1091 1812 :Christus
1114 1752 1179 1806 ad
1194 1751 1297 1807 hoc
1318 1756 1513 1821 regnat
1532 1758 1589 1805 ut
1610 1742 1800 1805 saltet.

1907 1197 2056 1259 ptum
2075 1194 2173 1253 est,
2209 1185 2495 1242 Dominam
2532 1186 2705 1242 Deum
2729 1196 2881 1243 tuam
2919 1190 3187 1258 adorabis,
3213 1201 3262 1245 et
3286 1192 3389 1264 ipsi
3409 1193 3512 1247 soli

1911 1280 2099 1334 servies
2128 1278 2367 1350 (llattltt
2401 1295 2455 1336 tv
2474 1278 2515 1351 ).
2550 1280 2665 1336 llos
2685 1322 2701 1347 ,
2742 1281 2955 1352 inquit,
3000 1297 3195 1338 clunes
3223 1292 3511 1354 propterea

1912 1374 2036 1427 volo
2059 1373 2194 1427 mihi
2216 1388 2340 1429 esse
2362 1373 2660 1444 subjectos,
2681 1381 2744 1428 ut
2758 1373 3049 1429 Dominum
3068 1375 3235 1431 Deum
3259 1376 3508 1446 adorent,

1910 1479 1964 1523 et
1998 1468 2099 1538 ipsi
2131 1468 2233 1522 soli
2262 1468 2524 1523 serviant.
2568 1467 2698 1523 lla-c
2737 1474 2824 1524 est
2852 1468 3049 1540 cupido
3081 1469 3229 1540 regni
3266 1470 3395 1525 mei.
3428 1470 3510 1526 Tu

1911 1571 2088 1617 autem
2117 1574 2149 1616 a
2182 1576 2267 1618 me
2289 1562 2374 1617 vis
2405 1563 2655 1633 accipere
2680 1570 2901 1633 peccata
2929 1602 2945 1630 ,
2984 1577 3107 1634 quae
3137 1562 3511 1620 dissoluturus

1911 1656 2056 1722 veni,
2091 1668 2211 1727 qua:
2240 1656 2405 1711 etiam
2450 1670 2480 1709 a
2522 1655 2737 1711 caeteris
2780 1655 3000 1710 auferre
3034 1655 3313 1711 desidero.
3357 1656 3512 1711 Scito

1909 1758 2078 1821 atque
2103 1764 2372 1820 cognosce
2400 1762 2488 1805 me
2509 1749 2563 1805 in
2584 1748 2690 1804 hoc
2713 1762 2938 1806 manere
2958 1750 3103 1821 quod
3132 1750 3269 1818 dixi,
3295 1758 3352 1806 ut
3380 1751 3512 1806 atto-

206 1847 279 1903 Et
300 1845 674 1917 unusquisque
696 1852 970 1910 nostrum,
994 1844 1040 1900 sl
1059 1844 1186 1899 I‘elix
1204 1852 1312 1911 est,
1330 1842 1807 1913 regnaluraCltri-
1837 1828 1885 1891 Β
1914 1853 2067 1897 retur
2099 1840 2356 1897 llominus
2384 1841 2528 1897 Deus
2556 1843 2729 1912 solus,
2763 1851 2819 1898 et
2848 1843 2948 1899 hos
2972 1856 3172 1900 omnes
3201 1840 3304 1900 sub
3330 1857 3507 1900 meam

204 1948 319 2007 sto,
353 1948 629 2005 sermone,
661 1936 955 2007 sapientia,
987 1936 1222 2007 justitia,
1257 1936 1505 1991 veritate.
1536 1934 1595 1991 Si
1624 1942 1805 1989 autem

204 2036 484 2087 amatores
502 2028 801 2100 voluptatis
822 2042 1009 2085 sumus
1027 2028 1199 2099 magis
1216 2040 1373 2098 quam
1394 2035 1669 2082 amatores
1689 2026 1804 2091 Dei,

209 2128 507 2193 regnamur
529 2132 561 2177 a
583 2128 831 2192 peccato,
858 2121 927 2177 de
951 2135 1060 2191 quo
1083 2121 1375 2188 Apostolus
1398 2120 1633 2189 loquitur
1650 2136 1663 2174 :
1681 2117 1734 2172 Ν
1740 2133 1806 2173 an

208 2230 334 2289 ergo
358 2225 537 2288 regnet
562 2223 831 2286 peccatum
861 2214 914 2267 iii
942 2224 1115 2267 oestro
1141 2212 1349 2266 mortali
1376 2226 1595 2280 corpore
1623 2210 1804 2281 (Rom.

208 2310 306 2375 vi).
363 2307 480 2361 Duo
523 2306 691 2378 igitur
733 2318 894 2376 reges
926 2307 1179 2361 certatim
1223 2318 1455 2377 regnare
1506 2304 1805 2361 festinant:

210 2401 420 2472 peccati
451 2407 546 2457 rex
577 2401 958 2471 peccatoribus
981 2400 1252 2468 diabolus,
1280 2400 1507 2470 jus-tiliae
1529 2414 1624 2454 rex
1643 2399 1807 2468 justis

207 2495 481 2552 Christus.
528 2494 833 2565 SCiensque
871 2494 1125 2551 diabolus
1157 2495 1223 2549 ad
1269 2494 1374 2549 hoc
1406 2494 1622 2549 venisse
1646 2492 1808 2548 Chrit-

209 2594 350 2644 stum
376 2634 393 2658 ,
451 2596 510 2643 ut
560 2594 788 2659 regnum
841 2586 989 2642 illius
1032 2586 1276 2653 tolleret,
1320 2592 1378 2642 et
1409 2587 1463 2641 ni
1488 2582 1579 2657 qui
1610 2586 1710 2641 sub
1738 2596 1807 2641 eo

204 2688 385 2749 erant,
402 2670 706 2753 inciperent
729 2688 853 2737 esse
879 2681 981 2737 sub
994 2674 1215 2737 Christo
1236 2699 1250 2735 :
1273 2680 1516 2736 ostendit
1537 2681 1588 2736 el
1614 2680 1800 2734 omnia

208 2788 379 2848 regna
410 2776 593 2833 mundi
621 2818 636 2841 ,
674 2782 729 2832 et
756 2774 1039 2830 hominum
1068 2774 1231 2845 hujus
1267 2773 1459 2829 saeculi
1482 2815 1496 2838 ,
1530 2769 1806 2843 quomodo

207 2871 301 2925 alii
334 2878 625 2941 regnentur
662 2874 693 2923 a
740 2869 1099 2923 ltiniicatione
1124 2910 1139 2934 ,
1187 2868 1278 2923 alii
1310 2866 1379 2922 ab
1406 2867 1632 2921 avaritia
1659 2908 1674 2931 ,
1723 2865 1805 2919 illi

208 2963 455 3035 populari
475 2964 754 3034 rapiantur
775 2974 904 3018 cura
935 2960 1044 3035 [AL
1073 2959 1250 3032 aura],
1286 2960 1344 3015 hi
1366 2960 1554 3015 forma:
1584 2960 1807 3029 capian-

212 3065 301 3112 tur
326 3057 619 3113 illecebris.
670 3054 862 3127 Neque
909 3066 1041 3111 vero
1076 3054 1452 3109 arbitrandum
1494 3064 1620 3119 est,
1660 3051 1804 3123 quod

210 3154 379 3219 regna
405 3147 457 3204 ei
487 3150 670 3205 mundi
699 3148 1030 3215 Ostendens,
1062 3147 1389 3215 Persarum,
1419 3146 1571 3203 verbi
1599 3146 1801 3217 gratia,

210 3255 438 3313 regnum
464 3242 831 3312 Indorumque
858 3241 1287 3308 nionstravcrit;
1336 3241 1432 3295 sed
1472 3232 1724 3293 ostendat
1752 3239 1801 3291 ei

208 3334 388 3391 ornuia
420 3350 587 3405 regna
618 3336 828 3403 mundi,
862 3334 914 3390 id
936 3342 1045 3403 est,
1075 3346 1304 3403 regnum
1335 3348 1494 3388 suum
1528 3331 1801 3402 quomodo

208 3438 464 3499 regnaret
496 3429 551 3483 in
582 3429 785 3484 mundo
810 3471 826 3498 ,
868 3437 924 3483 ut
956 3429 1256 3484 cohortans
1287 3440 1409 3481 eum
1446 3428 1624 3480 lacere
1655 3422 1800 3495 quod

209 3521 448 3587 volebat,
471 3522 739 3591 inciperet
759 3524 929 3577 etiam
944 3519 1223 3577 Christum
1246 3520 1451 3575 habere
1473 3519 1796 3587 subjectum.

210 3613 326 3680 Vis,
361 3613 569 3685 inquit,
599 3615 653 3669 in
686 3613 1001 3670 hominibus
1030 3615 1117 3670 bis
1148 3614 1415 3685 regnare?
1443 3611 1694 3667 Ostendit
1718 3612 1800 3666 in-

208 3710 584 3767 numerabiles
612 3709 893 3765 homiudtti
925 3708 1301 3764 multitudines
1325 3749 1341 3776 ,
1372 3724 1492 3778 qua:
1524 3722 1622 3761 suo
1646 3714 1800 3761 tene~

205 3802 400 3858 bantur
429 3801 685 3867 imperio.
728 3802 794 3856 Et
823 3814 1013 3856 revera
1048 3801 1095 3855 si
1134 3801 1407 3855 miseriam
1446 3795 1801 3870 339-3“

204 3905 261 3949 et
289 3893 665 3951 infelicitatem
704 3902 948 3949 nostram
993 3892 1324 3964 simpliciter
1351 3893 1604 3946 volumus
1631 3892 1801 3945 conli-

202 3982 306 4036 tcri
334 4021 352 4047 ,
395 3994 537 4051 pene
574 3982 746 4038 totius
790 3980 977 4035 mundi
1008 3994 1102 4036 rex
1130 3978 1383 4035 diabolus
1412 3988 1497 4034 est
1527 3998 1538 4033 :
1571 3978 1714 4033 unde
1745 3987 1799 4033 et

204 4074 470 4144 princeps
490 4074 651 4129 istius
670 4064 857 4129 saeculi
877 4087 907 4127 a
922 4072 1207 4129 Salvatore
1230 4080 1473 4126 vocatur.
1490 4070 1643 4138 Quod
1669 4084 1799 4141 ergo

205 4163 344 4218 dicit
371 4179 388 4218 :
415 4164 576 4219 Vides
604 4164 703 4219 hos
731 4162 984 4219 homines
1008 4165 1104 4234 qui
1145 4164 1248 4219 sub
1277 4178 1400 4217 meo
1427 4177 1601 4233 regno
1627 4173 1753 4217 sunt
1779 4204 1794 4230 ,

211 4255 456 4310 ostendit
481 4255 534 4310 ei
562 4256 618 4309 in
642 4265 841 4325 puncto
862 4257 1125 4327 temporis
1144 4300 1159 4325 ,
1193 4256 1297 4312 hoc
1323 4267 1429 4322 est,
1460 4257 1512 4312 in
1542 4254 1798 4325 praesenti

208 4356 523 4417 temporum
549 4362 741 4415 cursu,
772 4347 865 4416 qui
894 4347 961 4401 ad
988 4351 1444 4417 comparationem
1475 4348 1798 4404 mternitatis

204 4440 404 4512 puncti
432 4439 604 4494 instar
623 4438 855 4496 obtinet.
893 4438 1081 4509 Neque
1115 4440 1260 4497 enim
1301 4442 1667 4499 necessarium
1701 4441 1798 4494 ha-

200 4536 317 4592 buit
338 4533 615 4600 Salvator,
645 4544 701 4588 ut
726 4533 775 4589 ei
797 4532 1087 4604 dignitates
1110 4536 1295 4591 saeculi
1321 4538 1478 4592 istius
1496 4545 1554 4592 et
1576 4536 1793 4607 negotio

198 4634 648 4683 monstrat-eatur
690 4645 704 4682 :
747 4630 928 4684 statim
962 4636 1019 4684 ut
1048 4628 1219 4685 aciem
1262 4630 1524 4685 luminum
1569 4638 1792 4684 suorum

197 4714 266 4781 ad
294 4722 778 4794 contemplandum
803 4724 967 4779 vertit
992 4765 1007 4791 ,
1038 4736 1094 4781 et
1122 4734 1342 4795 peccata
1371 4723 1652 4795 regnantia
1682 4764 1695 4787 ,
1739 4731 1796 4777 et

197 4832 295 4874 eos
311 4819 402 4887 qui
426 4828 784 4887 regnarenlur
809 4833 840 4873 a
858 4818 1005 4874 vitiis
1032 4819 1340 4890 conSpexit,
1371 4826 1427 4873 et
1449 4819 1621 4888 ipsum
1647 4817 1795 4887 prin-

197 4910 381 4979 cipem
414 4911 600 4966 sat-culi
632 4909 909 4968 diabolum
939 4912 1442 4982 supervenientcm,
1473 4920 1635 4981 atque
1659 4923 1795 4981 gau-

198 5004 418 5061 dentem
447 5005 500 5059 in
532 5008 805 5077 propriam
841 5007 1162 5077 perniciem,
1195 5009 1322 5079 quia
1352 5014 1537 5061 tantos
1569 5007 1671 5062 sub
1691 5018 1791 5061 suo

195 5097 437 5154 habebat
464 5099 724 5168 imperio.
759 5101 898 5156 Dicit
921 5110 1050 5172 ergo
1081 5102 1149 5157 ad
1179 5100 1469 5155 Dominum
1494 5100 1784 5155 diabolus:

192 5190 325 5247 Ideo
353 5191 575 5259 venisti,
611 5202 669 5247 ut
693 5192 957 5249 adversus
989 5208 1076 5250 me
1106 5193 1337 5251 dimices
1359 5240 1372 5265 ,
1418 5205 1473 5249 et
1518 5195 1675 5250 tollas
1720 5194 1789 5250 dc

190 5282 427 5354 imperio
456 5298 578 5341 meo
604 5298 744 5357 quos
772 5301 917 5341 nunc
937 5287 1218 5356 subjectos
1242 5287 1459 5342 habeo?
1490 5287 1629 5342 Nolo
1660 5302 1791 5342 con-

191 5375 386 5432 tendas
410 5421 426 5445 ,
470 5377 598 5433 nolo
636 5379 831 5434 nitaris
856 5421 872 5445 ,
912 5392 984 5435 ne
1020 5380 1222 5434 habeas
1251 5378 1416 5433 ullam
1444 5379 1501 5434 in
1527 5380 1789 5437 certando

189 5468 522 5526 molestiam.
551 5468 730 5527 Unum
752 5480 837 5528 est
856 5470 1003 5543 quod
1031 5484 1228 5542 precor
1254 5488 1268 5526 :
1298 5471 1596 5542 procidens
1624 5473 1785 5529 adora

189 5631 432 5698 utoritur,
455 5632 576 5703 jam
602 5646 705 5703 non
723 5638 800 5686 est
824 5629 999 5703 homo,
1032 5629 1122 5685 sed
1146 5626 1331 5703 Deus:
1354 5626 1462 5686 Sed
1493 5628 1653 5703 morti
1681 5647 1796 5685 am-

190 5704 337 5775 plius
362 5700 468 5775 non
491 5713 574 5775 est
588 5702 839 5775 Christus
859 5702 1131 5759 obnoxius
1146 5721 1160 5757 ε
1175 5700 1424 5759 Christus
1444 5702 1609 5773 igitur
1627 5700 1790 5775 homo

191 5770 319 5831 csse
364 5773 588 5834 desivit.
632 5772 772 5845 Ejus
801 5782 915 5845 tota
937 5783 1022 5828 est
1052 5775 1282 5845 quwstio
1320 5770 1557 5829 nominis
1585 5817 1600 5842 ,
1645 5770 1789 5843 quod

195 5845 515 5920 neutiquam
563 5844 667 5905 sub
686 5843 693 5844 “
712 5843 951 5905 hominis
976 5843 1361 5925 appellatione
1406 5847 1618 5906 censeri
1643 5858 1790 5906 .eum

1910 1931 2105 1989 iaciant
2145 1943 2474 2005 potestatem
2502 1977 2517 2002 ,
2572 1950 2802 2006 meoque
2844 1950 3013 2007 regno
3053 1934 3337 2006 subjiciam
3374 1937 3508 1993 :cui

1909 2028 2247 2098 gaudeamus
2270 2038 2368 2083 nos
2384 2042 2598 2099 quoque
2616 2041 2737 2083 esse
2757 2027 3057 2099 subjectos,
3078 2037 3136 2084 et
3149 2029 3507 2098 deprecemur

1911 2121 2197 2175 Dominum
2230 2158 2243 2187 ,
2291 2130 2351 2174 ut
2386 2130 2623 2190 regnans
2650 2129 2933 2189 peccatum
2968 2121 3020 2174 in
3051 2130 3286 2189 corpore
3319 2128 3510 2175 nostro

1908 2215 2225 2282 inortillcet,
2255 2225 2310 2270 et
2339 2222 2529 2285 regnet
2558 2215 2719 2269 nubis
2747 2213 2900 2269 solus
2929 2212 3182 2269 Christus
3203 2212 3388 2279 lesus,
3421 2212 3509 2268 cui

1909 2322 1994 2369 est
2023 2312 2193 2385 gloria
2222 2322 2278 2368 et
2299 2312 2586 2382 imperium
2616 2309 2671 2364 in
2699 2310 2898 2365 saecula
2926 2310 3278 2364 saeculorum.
3302 2310 3503 2364 Arnen.

2446 2438 2728 2500 llOMlLlA
2770 2440 2965 2500 XXXI.

2090 2559 2165 2614 De
2193 2558 2351 2615 tertia
2382 2552 2688 2613 tentatioue
2716 2554 3040 2612 Salvatoris.
3075 2554 3210 2624 Cap.
3232 2552 3319 2609 IV.

1979 2695 2316 2751 Scrutamini
2348 2693 2684 2764 Scripturas,
2711 2703 2771 2747 ut
2793 2703 2845 2747 et
2878 2692 2935 2747 in
2970 2690 3054 2747 his
3092 2704 3215 2761 qum
3246 2699 3502 2760 putantur

1908 2804 2032 2844 esse
2082 2786 2351 2859 simplicia
2376 2829 2391 2852 ,
2419 2786 2709 2857 reperiatis
2737 2800 2844 2839 non
2875 2784 3100 2839 minima
3133 2790 3499 2838 Sacramenta.

1907 2880 2230 2936 Scrutemur
2269 2878 2599 2948 principium
2631 2876 2980 2946 Evangellcm
3021 2875 3298 2939 lectionis,
3349 2881 3508 2944 quot—

1908 2984 2042 3045 quot
2072 2972 2235 3029 hodie
2261 2972 2589 3039 audivimus,
2625 2978 2680 3027 et
2707 2972 2759 3027 id
2804 2972 2950 3043 quod
2985 2971 3219 3038 latebat,
3256 2971 3503 3042 procedit

1911 3067 1964 3121 in
1994 3051 2255 3122 mediani.
2290 3064 2521 3119 Adduxit
2542 3071 2709 3117 (uitem
2735 3062 2973 3118 diabolus
2993 3064 3179 3118 Iesum
3205 3063 3259 3117 in
3284 3060 3505 3117 Jerusa-

1909 3156 2027 3209 lem.
2058 3154 2170 3209 [loc
2194 3150 2517 3209 incredibile
2551 3162 2652 3219 est,
2687 3162 2745 3207 ut
2774 3152 3026 3207 diabolus
3055 3152 3281 3207 duceret
3309 3152 3503 3208 Filium

1831 3216 1874 3279 (ί
1912 3249 2043 3313 Dei,
2099 3252 2154 3303 ct
2200 3247 2292 3302 ille
2336 3216 2683 3317 sequeretur.
2740 3244 3084 3313 Sequebatur
3132 3244 3292 3313 plane
3351 3244 3507 3313 (ιηίιδί

1906 3343 2105 3397 athleta
2127 3341 2192 3395 ad
2219 3339 2812 3409 tentatiorieitt,3p0nte
2842 3337 3217 3407 proﬁciscens.
3244 3335 3361 3391 Non
3391 3336 3504 3391 l'or-

1906 3434 2147 3491 midabat
2172 3443 2497 3500 tentantem,
2520 3446 2697 3503 neque
2721 3432 2950 3488 insidias
2969 3428 3311 3488 callidissimi
3339 3430 3506 3501 peruia

1905 3527 2183 3581 mescebat
2210 3524 2440 3591 inimici,
2463 3534 2519 3580 et
2539 3523 2941 3595 quodammodo
2978 3523 3304 3592 loquebatur
3333 3538 3347 3577 :
3381 3523 3498 3578 Duc

1902 3637 2007 3692 quo
2037 3621 2140 3686 vis,
2172 3630 2321 3677 tenta
2352 3632 2411 3675 ut
2446 3621 2643 3691 placet.
2688 3617 2768 3675 Ad
2814 3619 3136 3674 tentandum
3189 3627 3383 3688 sponte
3414 3632 3501 3673 me

1901 3713 2119 3777 tribuo,
2161 3713 2409 3768 sustineo
2459 3728 2579 3783 qum
2624 3712 2983 3783 suggesseris.
3038 3711 3266 3769 Prwbeo
3309 3726 3396 3767 me
3446 3713 3498 3767 in

1901 3808 2332 3878 quibuscumque
2363 3806 2681 3871 tentaveris,
2713 3805 2956 3861 invenies
3004 3818 3093 3861 me
3142 3804 3195 3859 in
3244 3804 3498 3860 omnibus

1900 3898 2205 3955 fortiorem.
2230 3896 2468 3953 Adduxit
2491 3915 2615 3971 ergo
2644 3910 2763 3951 eum
2802 3898 2853 3951 iu
2888 3895 3217 3964 Jerusalem,
3248 3906 3298 3951 et
3325 3896 3500 3967 posuit

1898 4010 2053 4066 super
2078 3995 2294 4065 pinnam
2318 3992 2521 4065 templi,
2550 4003 2596 4047 et
2622 3993 2754 4047 dixit
2780 4008 2798 4045 :
2828 3991 2889 4047 Si
2916 3988 3088 4046 Filius
3118 3990 3215 4045 Dei
3246 4002 3318 4058 es,
3355 3991 3501 4044 mitte

1902 4096 1949 4141 te
1977 4085 2243 4141 deorsum.
2268 4083 2509 4141 Adduxit
2539 4100 2663 4141 eum
2694 4086 2746 4139 in
2781 4084 2997 4140 culmen
3024 4083 3091 4139 ad
3125 4084 3497 4139 summitatem

1902 4180 2109 4250 templi,
2134 4186 2194 4235 et
2217 4181 2466 4234 hortatur
2497 4187 2554 4232 ut
2580 4188 2641 4232 se
2665 4175 2790 4233 inde
2820 4174 3145 4247 prmcipitel.
3176 4172 3333 4244 Quod
3368 4190 3489 4230 cum

1900 4271 1990 4327 ille
2039 4268 2412 4327 fraudulenter
2460 4274 2829 4341 proponeret,
2879 4279 2935 4326 et
2981 4269 3085 4324 sub
3127 4268 3494 4325 ostentatione

1898 4366 2083 4437 gloriae
2124 4364 2419 4431 niteretur,
2473 4360 2693 4420 dicebat
2734 4362 3026 4419 Salvator:
3060 4356 3334 4433 Scriptum
3364 4371 3439 4418 est
3471 4377 3491 4418 :

1902 4458 2024 4513 Non
2057 4458 2271 4514 tentabis
2299 4454 2585 4513 Dominum
2607 4456 2775 4513 Deum
2804 4464 2971 4511 tuum.
2992 4455 3284 4527 Simulque
3310 4455 3496 4511 consi-

1899 4556 2029 4610 dera
2058 4550 2330 4625 quomodo
2361 4560 2535 4608 tentet
2571 4551 2846 4608 diabolus.
2876 4548 2993 4605 Non
3019 4548 3241 4606 aliunde
3275 4555 3491 4605 tentare

1897 4640 2089 4708 audet,
2118 4638 2223 4696 nisi
2246 4639 2315 4695 de
2342 4638 2542 4694 dirinis
2583 4637 2737 4694 libris
2783 4649 2837 4693 et
2884 4636 2953 4693 de
2998 4637 3227 4707 psalmis
3268 4647 3495 4691 sumens

1898 4734 2294 4799 testimonium,
2324 4732 2400 4787 ait
2424 4749 2438 4786 :
2469 4726 2531 4787 Si
2553 4729 2602 4783 F
2604 4731 2728 4785 ilius
2749 4726 2850 4784 Dei
2874 4746 2951 4796 es,
2976 4730 3123 4783 mitte
3148 4739 3196 4782 te
3217 4729 3496 4794 deorsum;

1893 4830 2148 4900 scriptum
2174 4837 2248 4882 est
2276 4827 2409 4882 enim
2436 4841 2455 4879 :
2494 4823 2633 4892 Quia
2660 4822 2862 4895 angelis
2886 4822 2996 4876 suis
3024 4821 3288 4873 mandavit
3329 4820 3393 4873 de
3423 4829 3491 4886 te,

1894 4932 1942 4977 et
1971 4921 2026 4976 in
2058 4919 2292 4975 manibus
2322 4915 2505 4973 tollent
2550 4924 2618 4983 te,
2648 4931 2711 4969 ue
2740 4917 2873 4985 forte
2900 4910 3139 4980 offendas
3166 4911 3236 4965 ad
3265 4910 3491 4981 lapidem

1894 5011 2078 5086 pedem
2105 5021 2268 5066 tuum.
2296 5008 2450 5068 Unde
2473 5006 2601 5074 tibi,
2631 5004 2873 5071 diabolo,
2903 5003 3006 5059 hoc
3035 5003 3179 5059 scire
3209 5001 3353 5072 quod
3387 5003 3492 5055 ista

1895 5106 2099 5175 scripta
2121 5102 2282 5158 sunt?
2314 5096 2585 5171 Numquid
2618 5097 2799 5170 legisti
2822 5096 3142 5168 prephetas,
3178 5092 3264 5148 vel
3303 5091 3487 5147 divina

1896 5197 2107 5268 eloquia
2131 5194 2474 5266 cognovisti?
2498 5191 2653 5248 Licet
2703 5200 2756 5246 tu
2805 5194 3003 5253 taceas,
3038 5196 3138 5258 ego
3176 5201 3273 5256 pro
3303 5194 3355 5239 te
3398 5199 3487 5239 rc-

1893 5288 2196 5360 spondebo.
2237 5284 2438 5355 Legisti
2470 5300 2581 5340 non
2608 5295 2664 5338 ut
2691 5282 2808 5352 ipse
2828 5290 2893 5336 ex
2917 5280 3152 5336 lectione
3176 5281 3488 5332 sanctorum

1896 5381 2093 5438 melior
2122 5381 2305 5443 ﬁeres,
2337 5364 2434 5432 sed
2466 5386 2526 5432 ut
2546 5375 2900 5446 simplicitate
2929 5384 3025 5427 eos
3055 5372 3148 5442 qui
3174 5368 3337 5425 amici
3364 5377 3493 5422 sunt

1896 5474 2117 5544 litteras,
2151 5468 2476 5526 interliclas.
2499 5468 2621 5525 Scis
2649 5466 2776 5539 quia
2800 5467 2847 5521 si
2868 5467 2937 5521 de
2965 5465 3088 5521 aliis
3120 5465 3172 5520 ei
3204 5460 3497 5517 voluminis

1903 5630 2074 5699 velit,
2118 5629 2209 5702 qui
2256 5627 2414 5702 morti
2452 5642 2561 5702 non
2592 5627 2837 5702 subjacet
2868 5644 2880 5681 :
2915 5635 2971 5702 et
3011 5641 3136 5702 cum
3168 5623 3312 5702 bene
3337 5619 3406 5678 de
3433 5639 3494 5681 re

1897 5704 2015 5828 ipsis
2044 5693 2247 5781 sentiat
2266 5738 2282 5770 ,
2317 5698 2431 5756 sola
2463 5693 2714 5758 fortassis
2736 5695 3003 5772 culpanda
3028 5697 3103 5753 sit
3126 5693 3376 5754 allectata
3403 5709 3499 5752 διιε-

1916 5786 1975 5829 )ll
2001 5782 2125 5832 ttas.
