4044 6316
517 333 626 390 287

1777 322 1836 377 S.
1883 313 2152 375 EUSEDII
2197 311 2580 371 HIERONYMI

3713 307 3824 368 288

518 446 621 504 bus
649 449 794 520 loqui
826 445 1086 510 volucris,
1113 459 1220 499 non
1249 441 1496 513 decipies
1517 453 1692 509 neque
1721 435 1925 492 habere
1955 439 2113 504 pote—
2138 427 2323 490 Anon
2355 427 2425 483 de
2451 426 2696 495 Christo,
2724 426 2817 482 sed
2841 425 2909 481 de
2930 428 3138 484 sanctis
3165 428 3398 499 intelligi
3425 443 3548 498 qua;
3579 441 3824 497 sequan-

523 550 648 596 runt
668 539 1048 595 auctoritatem
1076 535 1411 591 assertiones
1435 543 1560 588 tuae.
1585 530 1679 588 Sic
1708 529 1839 600 legit
1869 523 2119 594 Scriptu-

520 648 611 690 ras
635 631 993 705 εει-342
1019 629 1256 686 Marcion
1289 639 1346 682 ut
1374 627 1652 691 diabolus,
1697 625 1776 680 sic
1825 618 2114 684 Basilides,

523 725 602 778 sic
633 724 974 791 Valentinus,
1009 732 1068 776 ut
1093 737 1219 776 cum
1252 719 1473 775 diabolo
1511 717 1765 774 dicerent
1793 710 2068 769 Salvatori
2100 725 2114 763 :

523 814 792 883 Scriptum
821 825 917 881 est,
941 814 1066 886 quia
1096 812 1309 882 Angelis
1338 812 1447 866 suis
1476 809 1740 864 mandavit
1779 806 1842 860 de
1881 814 1956 866 te,
1981 811 2031 857 et
2061 802 2116 854 in

522 908 759 962 manibus
781 906 966 961 tollent
998 916 1077 971 te,
1108 923 1175 960 ne
1209 908 1343 976 forte
1374 902 1610 971 oﬁ'endas
1653 900 1720 954 ad
1759 897 1988 968 lapidem
2028 909 2120 967 pe-

520 998 638 1053 dem
681 1009 828 1052 tuum
865 997 1087 1068 (Matth.
1124 997 1220 1068 tv).
1268 996 1325 1051 Si
1365 995 1586 1065 quando
1638 989 2007 1047 testimonium
2050 987 2118 1042 de

524 1091 809 1162 Scriptura
837 1092 1099 1159 audieris,
1133 1091 1256 1146 vide
1286 1105 1354 1144 ne
1382 1089 1565 1144 statim
1596 1086 1835 1156 loquenti
1869 1083 2120 1153 acquies-

517 1197 645 1249 cas,
677 1185 772 1240 sed
810 1186 1101 1240 c0nsiders
1144 1184 1298 1238 illum
1339 1181 1499 1252 cujus
1542 1181 1650 1247 sit,
1691 1194 1758 1234 ac
1794 1178 1952 1247 cujus
1996 1190 2121 1230 sen-

519 1277 731 1342 tentias,
766 1277 922 1345 cujus
968 1277 1037 1331 sit
1083 1275 1378 1330 voluntatis
1409 1292 1422 1326 :
1458 1287 1527 1327 ne
1555 1271 1697 1326 forte
1723 1269 1948 1325 simulet
1989 1283 2116 1321 san-

516 1378 666 1422 ctum
698 1382 758 1424 se
800 1383 927 1424 esse
967 1367 1243 1437 quomodo
1276 1383 1384 1421 non
1408 1375 1513 1428 est,
1542 1372 1597 1419 et
1625 1363 1851 1418 venenis
1879 1359 2118 1415 inlectus

520 1459 832 1526 haereseos,
856 1460 959 1514 sub
987 1460 1104 1514 ovis
1136 1459 1278 1529 pelle
1310 1458 1469 1526 lupus
1502 1455 1709 1518 latitet,
1742 1471 1808 1508 ne
1850 1453 1992 1507 forte
2041 1451 2114 1505 lo-

520 1560 722 1620 quatur
753 1554 806 1605 in
835 1565 902 1606 eo
931 1551 1181 1606 diabolus
1203 1551 1271 1606 de
1294 1549 1611 1618 Scripturis.
1632 1546 1914 1616 Quomodo
1939 1553 2118 1599 autem

522 1643 774 1700 diabolus
828 1660 925 1716 per
970 1646 1312 1700 occasionem
1343 1655 1649 1712 temporum
1704 1641 1771 1695 de
1824 1636 2122 1708 Scripturis

525 1737 768 1808 loquitur
797 1757 810 1792 :
855 1740 936 1794 sic
975 1738 1285 1794 econtrario
1314 1738 1518 1792 Paulus
1537 1750 1636 1805 pro
1668 1733 1902 1789 utilitate
1927 1746 2118 1786 eorum

2223 531 2330 590 tur,
2360 521 2630 575 ausculta.
2662 520 2706 574 Α
2740 520 2897 575 ruina
2947 530 3004 576 et
3045 521 3320 576 dzemonio
3366 520 3678 574 meridiano
3713 535 3824 574 non

2219 614 2403 670 Jcsum
2435 613 2715 670 Christum
2770 613 2967 669 liberat
3008 614 3187 682 Deus,
3246 613 3343 669 sed
3394 623 3637 668 sanctos.
3679 612 3826 683 Lege

2225 710 2640 779 nonagesimum
2678 707 2966 777 psalmum,
2999 708 3156 778 cujus
3186 707 3512 777 principium
3545 723 3561 764 :
3598 706 3703 772 Qui
3727 707 3829 760 ha~

2222 801 2352 854 bitat
2395 801 2448 855 in
2490 801 2756 870 adiutorio
2793 799 3069 866 Altissimi,
3107 801 3162 853 in
3190 801 3515 872 protectione
3559 797 3660 852 Dei
3710 797 3829 852 caeli

2221 895 2651 959 commorabitur,
2699 905 2752 949 et
2807 893 3058 949 invenies
3109 893 3226 950 haec
3277 893 3642 962 magis‘justo
3669 893 3824 959 viro,

2222 1003 2382 1059 quam
2415 988 2506 1041 Dei
2525 987 2667 1043 Filio
2695 985 2992 1042 convenire
3017 1003 3031 1043 :
3056 986 3255 1042 Cadent
3284 1003 3315 1040 a
3348 987 3509 1040 latere
3536 996 3628 1039 tuo
3657 985 3822 1051 mille,

2222 1094 2270 1138 et
2297 1085 2470 1136 decent
2501 1081 2671 1136 millia
2693 1098 2724 1135 a
2754 1081 2952 1135 dextris
2978 1082 3117 1148 tuis;
3147 1082 3217 1134 ad
3247 1091 3294 1136 te
3311 1089 3483 1134 autem
3506 1095 3609 1133 non
3635 1094 3830 1149 appro-

2220 1173 2490 1245 pinquabit
2510 1215 2525 1238 ,
2556 1183 2899 1226 verumtamen
2928 1172 3096 1227 oculis
3123 1173 3248 1238 tuis,
3281 1170 3500 1236 ridebis,
3535 1178 3582 1224 et
3603 1169 3832 1224 retribu-

2223 1270 2409 1324 tionem
2437 1269 2656 1338 aspicies
2689 1279 3051 1334 peccatorum,
3090 1277 3143 1319 et
3173 1265 3407 1336 reliqua,
3434 1278 3603 1334 super
3635 1276 3829 1332 perso-

2223 1379 2344 1418 nam
2372 1362 2501 1430 justi
2541 1362 2930 1430 interpretans.
2973 1359 3078 1416 Sed
3110 1368 3168 1414 et
3209 1359 3289 1414 sic
3315 1372 3533 1429 quoque
3567 1369 3828 1426 perverse

2223 1452 2457 1506 all‘erens
2476 1450 2724 1506 diabolus
2741 1449 3071 1516 testimonia,
3086 1458 3144 1502 ut
3164 1457 3437 1503 assereret
3459 1459 3621 1515 super
3634 1444 3828 1501 Salva-

2224 1555 2343 1598 tore
2371 1542 2620 1613 intelligi,
2648 1542 2777 1598 silet
2801 1553 2854 1596 et
2882 1542 3076 1595 transit
3101 1539 3402 1595 versiculos
3423 1538 3520 1607 qui
3547 1546 3738 1591 contra
3763 1551 3828 1593 se

2223 1635 2411 1705 scripti
2443 1645 2592 1690 sunt.
2622 1633 2756 1690 Cum
2791 1636 2934 1688 enim
2966 1633 3193 1688 dixisset
3218 1651 3234 1690 :
3257 1633 3456 1702 angelis
3478 1631 3585 1685 suis
3605 1630 3830 1685 manda-

2223 1728 2292 1782 vit
2318 1728 2382 1783 de
2410 1736 2479 1794 te,
2503 1737 2550 1782 et
2577 1729 2632 1780 in
2654 1726 2893 1781 manibus
2918 1727 3096 1780 tollent
3128 1734 3196 1788 te,
3228 1741 3291 1779 ne
3318 1725 3452 1795 forte
3486 1723 3723 1790 o/fendas
3756 1721 3828 1776 ad

522 1834 614 1902 qui
638 1832 884 1899 audiunt,
912 1847 1019 1887 non
1043 1831 1222 1886 solum
1242 1831 1313 1886 de
1337 1829 1662 1899 Scriptnris,
1693 1826 1788 1882 sed
1834 1829 2000 1879 etiam
2049 1823 2117 1878 de
2149 1819 2198 1880 B
2225 1821 2451 1892 lapidem
2477 1820 2657 1889 pedem
2688 1830 2854 1888 tuum,
2881 1819 3050 1874 tacuit
3080 1819 3208 1874 illud
3240 1817 3385 1888 quod
3409 1817 3694 1888 sequitur:
3721 1815 3829 1870 Su-

527 1936 552 1961 ι·
576 1925 930 1980 saecularibus
958 1927 1116 1980 libris
1165 1924 1395 1979 assumit
1449 1920 1850 1986 testimonium,
1907 1928 1963 1974 et
2008 1917 2120 1971 ait:

523 2015 787 2072 Cretenses
808 2033 1009 2088 semper
1031 2017 1328 2084 mendaces,
1360 2018 1514 2068 mala:
1539 2015 1734 2076 bestiae,
1764 2020 1962 2066 ventres
1990 2011 2125 2082 pigri

523 2105 650 2176 (Tit.
683 2123 720 2166 ι.
756 2107 870 2179 12).
910 2109 977 2163 Ει
1011 2123 1231 2163 rursum
1261 2108 1332 2163 de
1367 2108 1478 2162 alio
1509 2123 1522 2159 :
1556 2103 1734 2175 Ipsius
1775 2105 1913 2158 enim
1945 2111 1992 2157 et
2035 2119 2125 2173 ge—

521 2215 619 2254 nus
659 2217 842 2255 sumus
895 2201 1032 2273 (Act.
1058 2217 1208 2267 xvu,
1243 2198 1360 2272 28).
1395 2201 1622 2254 Necnon
1653 2207 1710 2252 et
1751 2197 1821 2252 de
1859 2197 2120 2249 Comico:

526 2289 877 2363 Corrumpunt
917 2310 1086 2347 mores
1119 2294 1279 2347 bonos
1309 2292 1569 2355 colloquia
1607 2289 1748 2345 mala
1773 2289 1823 2360 (1
1851 2289 1972 2344 Cor.
2005 2287 2122 2358 xv).

523 2387 631 2442 Sed
664 2403 838 2458 neque
865 2389 1118 2443 diabolus
1161 2389 1206 2444 si
1247 2388 1318 2444 de
1348 2387 1650 2454 Scripturis
1685 2385 1898 2440 locutus
1928 2383 2121 2447 fuerit,

527 2479 732 2549 pmerit
761 2495 847 2533 me
877 2481 976 2534 hac
1008 2481 1301 2536 occasione
1330 2481 1589 2550 decipere
1629 2497 1641 2532 :
1683 2492 1859 2547 neque
1896 2477 2120 2542 Paulus,

531 2572 577 2626 si
598 2571 666 2626 de
689 2573 986 2641 gentilibus
1015 2574 1213 2628 litteris
1235 2572 1454 2644 aliquod
1473 2571 1782 2641 exemplum
1809 2568 2125 2638 sumpserit,

530 2678 752 2734 Quoquto
781 2663 943 2719 modo
977 2681 1062 2720 me
1104 2665 1325 2735 eloquio
1355 2661 1680 2718 deterrebit.
1707 2661 1832 2716 Ideo
1864 2659 2008 2714 enim
2039 2674 2127 2711 as-

531 2757 764 2826 sumpsit
797 2755 998 2811 Paulus
1025 2757 1189 2812 verba
1222 2755 1384 2810 etiam
1428 2755 1497 2809 de
1541 2753 1625 2808 his
1655 2769 1776 2824 qua-
1800 2751 1932 2806 luris
1963 2758 2122 2820 sunt,

543 2856 599 2900 ut
625 2849 928 2904 sanctilicet
950 2864 1035 2905 ea.
1067 2847 1364 2904 Videamus
1389 2863 1518 2918 ergo
1544 2845 1686 2917 quod
1720 2846 1786 2902 de
1827 2844 2125 2912 Scripturis

537 2941 786 2996 diabolus
817 2942 1073 3013 loquatur
1098 2943 1164 2996 ad
1199 2943 1506 2995 Dominum.
1527 2941 1796 3009 Scriptum
1833 2947 1906 2992 est
1939 2937 2074 2992 enim
2102 2952 2121 2991 :

526 3034 736 3105 Angelis
765 3038 872 3089 suis
907 3036 1174 3090 mandavit
1199 3035 1271 3089 ad
1295 3048 1371 3098 te,
1402 3045 1451 3088 et
1481 3035 1533 3088 in
1564 3033 1802 3087 manibus
1831 3031 2010 3086 tollent
2045 3039 2120 3096 lc,

523 3145 588 3182 ne
617 3132 752 3198 forte
773 3128 1006 3196 o/fendas
1033 3129 1102 3182 ad
1133 3127 1358 3199 lapidem
1389 3125 1572 3195 pedem
1599 3134 1765 3178 tuum.
1819 3122 1949 3178 Vide
1988 3136 2123 3186 quo-

2226 1933 2318 1986 per
2347 1915 2580 1984 aspidem
2624 1924 2673 1968 et
2717 1913 3019 1968 basiliscurn
3048 1913 3368 1979 ambulabis,
3418 1923 3470 1968 et
3500 1911 3828 1966 conculcabis

2227 2008 2428 2062 leonem
2449 2017 2495 2060 et
2526 2007 2830 2061 draconem.
2863 2006 3065 2074 Quare,
3090 2005 3334 2072 diabole,
3365 2005 3520 2069 siles,
3546 2005 3656 2059 nisi
3682 2003 3828 2072 quod

2229 2110 2282 2155 tu
2314 2115 2373 2154 es
2403 2100 2729 2166 basiliscus,
2765 2110 2820 2155 tu
2854 2114 2916 2156 es
2942 2100 3185 2153 omnium
3215 2097 3548 2168 serpentium
3574 2097 3818 2167 regulus,

2227 2192 2543 2246 nocentiora
2579 2191 2786 2246 habens
2815 2206 3028 2247 venena
3061 2205 3222 2261 quam
3251 2191 3477 2244 cteteri?
3504 2190 3608 2258 Qui
3637 2190 3827 2245 statim

2228 2297 2285 2339 ut
2312 2284 2512 2340 videris
2556 2285 2817 2354 aliquem,
2865 2282 3152 2349 interﬁcis,
3177 2293 3232 2337 et
3262 2282 3422 2338 aliam
3453 2282 3829 2338 fortitudinem

2227 2380 2560 2432 contrariam
2587 2378 2790 2432 sociam
2823 2376 2900 2430 tui
2931 2377 3188 2442 assumis,
3217 2391 3341 2444 quae
3393 2374 3542 2446 aspis
3579 2375 3831 2445 appella-

2225 2483 2336 2540 tur,
2363 2481 2417 2526 et
2439 2471 2721 2540 virojusto
2743 2470 2988 2540 subjecta
3011 2480 3117 2534 est,
3141 2481 3193 2525 et
3217 2469 3425 2524 idcirco
3447 2471 3628 2525 omnia
3657 2478 3827 2525 taces.

2225 2564 2306 2619 'l‘u
2338 2579 2398 2619 es
2431 2564 2621 2628 draco,
2654 2572 2709 2618 tn
2738 2579 2796 2618 es
2825 2563 2934 2627 leo,
2986 2563 3055 2618 de
3091 2561 3290 2632 quibus
3307 2562 3566 2617 scribitur
3600 2577 3615 2617 :
3649 2562 3828 2633 Super

2226 2657 2462 2727 aspidem
2489 2666 2534 2711 et
2567 2656 2868 2711 basiliscum
2901 2655 3147 2719 calcabis,
3187 2664 3234 2710 et
3264 2654 3595 2710 conculcabis
3625 2655 3829 2710 leonem

2226 2759 2275 2804 et
2303 2750 2601 2804 draconem.
2627 2749 2734 2805 Sed
2765 2749 2896 2805 licet
2928 2758 2984 2804 tu
3015 2759 3218 2815 taceas,
3263 2763 3360 2804 nos
3400 2749 3493 2819 qui
3525 2748 3828 2817 scripturas

2227 2845 2429 2900 rectius
2482 2843 2742 2914 legimus,
2797 2844 3001 2898 scimus
3047 2845 3251 2898 habere
3280 2854 3302 2881 ο
3340 2857 3444 2898 nos
3494 2852 3826 2914 potestatem

2225 2936 2583 2992 conculcandi
2616 2948 2667 2992 te
2687 2981 2702 3005 ,
2729 2947 2784 2992 et
2813 2936 2994 2991 datam
3022 2937 3182 2992 nobis
3217 2938 3357 2991 hanc
3387 2935 3685 3003 ditionem,
3719 2953 3824 2992 non

2222 3030 2396 3084 solum
2450 3030 2504 3083 in
2560 3031 2734 3086 veteri
2786 3030 3138 3085 Testamento
3191 3029 3331 3083 sicut
3377 3045 3522 3084 nunc
3572 3039 3826 3086 cantatur

2225 3121 2279 3174 in
2314 3122 2552 3189 psalmo,
2588 3119 2682 3174 sed
2716 3122 2882 3177 etiam
2931 3122 2982 3174 in
3016 3134 3188 3185 novo,
3224 3119 3512 3176 Salvatore
3556 3119 3776 3176 dicente
3808 3137 3823 3178 :

523 3221 684 3274 modo
715 3229 771 3276 et
825 3221 876 3274 itt
926 3220 1058 3290 ipsis
1108 3218 1442 3275 testimoniis
1489 3216 1796 3286 versipellis
1843 3221 1946 3268 est.
1994 3213 2118 3268 Vult
2147 3203 2195 3268 C
2223 3214 2586 3288 353-3“
2624 3215 2759 3270 Ecce
2783 3218 2850 3270 do
2879 3216 3017 3271 vobis
3051 3227 3354 3286 potestatem
3395 3218 3639 3272 calcandi
3667 3233 3824 3290 super

523 3313 669 3370 enim
699 3315 1025 3370 imminuere
1056 3314 1284 3385 gloriam
1333 3311 1637 3367 Salvatoris
1666 3327 1678 3362 :
1710 3308 1867 3380 quasi
1899 3308 2120 3376 angelo-

524 3422 642 3462 rum
679 3406 917 3478 indigeat
948 3406 1172 3471 auxilio,
1202 3405 1511 3460 offensurus
1542 3403 1756 3473 pedem,
1792 3403 1895 3456 nisi
1924 3416 2116 3456 eorum

521 3500 773 3554 manibus
795 3501 1136 3555 sublevetur.
1166 3497 1413 3554 Assumit
1445 3495 1841 3558 testimonium,
1868 3505 1920 3548 et
1951 3495 2120 3548 inter-

521 3599 767 3660 pretatur
794 3589 927 3644 illud
959 3589 1029 3644 de
1055 3587 1302 3652 Christo,
1336 3586 1479 3657 quod
1508 3601 1615 3641 non
1659 3587 1726 3641 de
1753 3586 1992 3648 Christo,
2026 3583 2118 3638 sed

519 3685 588 3740 de
614 3685 818 3737 sanctis
838 3680 1172 3751 generaliter
1197 3679 1460 3748 scriptum
1485 3687 1587 3734 est.
1616 3677 1817 3733 Liberc
1841 3679 2042 3747 quippe
2069 3688 2124 3732 et

527 3786 636 3832 tcta
680 3775 1013 3830 conﬁdentia
1064 3774 1384 3830 contradico
1430 3773 1686 3837 diabolo,
1726 3788 1890 3843 super
1918 3773 2120 3828 Christi

528 3883 762 3939 persona
794 3866 897 3921 hoc
921 3882 1027 3921 non
1058 3880 1219 3935 posse
1249 3865 1498 3935 intelligi.
1532 3865 1719 3932 Neque
1744 3866 1889 3919 enim
1920 3865 2124 3934 indiget

527 3962 858 4029 Angelornm
881 3960 1104 4023 auxilio,
1136 3959 1222 4029 qui
1251 3965 1422 4032 major
1451 3961 1685 4032 Angelis,
1711 3970 1759 4014 et
1786 3960 1969 4014 melius
1996 3961 2122 4029 ipsis

527 4053 880 4108 lttereditatem
929 4060 1234 4106 consecutus
1277 4060 1326 4104 et
1372 4068 1577 4106 nomen.
1616 4051 1768 4106 Nulli
1813 4051 2124 4123 angelorum

524 4161 774 4215 umquam
814 4145 946 4198 dixit
980 4144 1120 4198 Deus
1149 4162 1167 4198 :
1200 4142 1377 4199 Filius
1418 4161 1561 4198 meus
1599 4162 1653 4199 es
1693 4155 1783 4211 tu,
1828 4163 1922 4216 ego
1969 4145 2126 4200 hodie

526 4237 683 4308 genui
705 4247 752 4291 te
781 4235 971 4306 (Hebr.
1006 4234 1069 4306 ι).
1101 4236 1182 4291 Ad
1212 4235 1420 4290 nullum
1449 4251 1639 4291 eorum
1664 4238 1823 4304 quasi
1854 4238 1920 4292 ad
1954 4238 2123 4292 ﬁlium

533 4330 786 4384 locutus:
819 4329 923 4396 Qui
952 4330 1076 4400 facit
1104 4331 1321 4402 angelos
1350 4345 1472 4384 suos
1513 4331 1752 4399 spiritus,
1783 4342 1830 4385 et
1862 4332 2126 4386 ministros

530 4439 652 4477 suos
681 4425 851 4494 ignem
878 4435 1106 4476 urentem
1129 4421 1310 4492 (Psal.
1333 4424 1393 4490 ιι)
1420 4438 1435 4486 ;
1465 4422 1559 4477 sed
1586 4423 1655 4478 ad
1679 4423 1875 4478 Filium
1903 4430 2125 4495 proprie

530 4529 714 4578 suum,
748 4515 814 4569 de
843 4530 950 4584 quo
981 4514 1397 4569 iunutnerabilia
1433 4513 1676 4584 loquitur
1723 4518 1775 4570 in
1821 4519 2118 4587 prophetis.

527 4605 645 4661 Non
680 4607 911 4676 indiget,
946 4607 1185 4678 inquam,
1221 4613 1540 4677 angelorum
1567 4611 1768 4664 auxilio
1797 4611 1964 4667 Filius
2000 4614 2116 4667 Dei.

522 4701 663 4770 Quin
695 4706 872 4770 potius
901 4703 1077 4767 disce,
1104 4703 1345 4769 tliabole,
1371 4706 1514 4775 quod
1541 4707 1644 4761 nisi
1664 4706 1824 4763 Jesns
1852 4711 2122 4778 adjuverit

522 4794 770 4864 angelos.
796 4793 822 4831 ι’
851 4793 1130 4850 offendent
1161 4795 1350 4862 pcdctn
1383 4811 1563 4852 suum.
1599 4798 1664 4852 Et
1685 4800 1729 4854 si
1753 4801 1876 4869 quis
1899 4801 2124 4868 angelo-

525 4903 644 4942 rum
678 4889 828 4942 visus
879 4898 961 4942 εει
1012 4888 1328 4957 oiIendere,
1360 4889 1429 4945 de
1459 4889 1655 4958 quibus
1685 4891 1888 4948 dudum
1923 4894 2119 4948 lectum

523 4991 632 5048 est,
665 4982 788 5051 quia
827 4980 1056 5052 angelos
1085 4982 1454 5050 judiCabimus
1490 4998 1504 5037 :
1535 4983 1660 5039 ideo
1689 4983 1945 5048 oﬁ‘endit,
1993 4988 2120 5056 quia

525 5089 630 5127 non
655 5074 900 5128 extendit
925 5089 1144 5128 manum
1169 5089 1322 5128 suam
1346 5075 1413 5129 ad
1434 5074 1644 5144 Jesnm,
1673 5087 1729 5130 ut
1749 5079 2124 5148 apprehensus

524 5165 593 5219 ab
623 5180 690 5220 eo
722 5181 830 5218 non
854 5163 1174 5220 olTenderet.
1208 5165 1476 5233 Quoniam
1508 5169 1653 5220 enim
1683 5167 1737 5222 in
1763 5170 1981 5238 propria
2012 5171 2122 5222 vir-

527 5267 640 5312 tute
665 5258 977 5326 conlidens,
1011 5273 1118 5312 non
1149 5257 1372 5312 invocas
1407 5258 1718 5328 prazsidium
1750 5261 1912 5327 Jesu,
1949 5262 2124 5316 oﬁ‘en-

527 5350 634 5416 dis,
656 5361 710 5406 et
741 5349 968 5404 credere
997 5349 1262 5405 inlesum
1290 5350 1566 5406 Christum
1599 5351 1795 5406 Filium
1827 5353 1923 5408 Dt'i
1951 5357 2126 5408 nolui-

525 5445 616 5501 sti.
649 5443 720 5500 Ut
756 5453 936 5499 autcm
965 5445 1110 5499 scias
1140 5443 1286 5512 quod
1321 5445 1463 5500 male
1492 5445 1886 5516 interpretatus
1917 5463 1974 5503 es
1997 5489 2012 5512 ,
2067 5457 2123 5502 et

598 5591 623 5618 ⁸
647 5577 1162 5637 Luculentissimant
1193 5579 1514 5634 Hieronvmi
1539 5580 1640 5635 hac
1661 5580 1729 5636 de
1754 5598 1810 5636 re
1837 5581 2124 5635 dissertio-

530 5669 654 5710 nem
687 5653 809 5720 lege
842 5649 916 5702 sis
945 5650 1105 5719 epist.
1137 5652 1225 5715 '70,
1259 5651 1324 5704 ad
1358 5651 1631 5719 Magnum,
1665 5669 1810 5705 num.
1844 5652 1898 5706 2.

529 5731 540 5802 ξ
599 5724 626 5763 b
657 5723 860 5802 [tecple
902 5735 1024 5802 quae
1070 5723 1321 5802 superiu_s
1367 5732 1433 5802 su
1464 5721 1719 5778 homilias
1748 5722 1814 5779 10
1859 5733 1913 5780 et
1957 5722 2124 5780 25de

525 5794 633 5852 hac
663 5791 908 5848 diximus
923 5788 1181 5861 wOrigenis
1207 5790 1549 5863 opinatione.

2232 3320 2493 3379 serpentes
2519 3319 2564 3363 et
2597 3313 2914 3382 scorpiones,
2939 3319 2985 3364 et
3015 3327 3216 3365 omnem
3245 3313 3482 3366 virtutem
3518 3313 3746 3380 inimici,
3779 3321 3826 3367 et

2221 3401 2352 3455 nihil
2389 3401 2530 3454 vobis
2567 3403 2819 3454 nocebunt
2851 3400 3007 3472 (Luc.
3049 3400 3130 3472 χ).
3177 3402 3469 3457 Sumamns
3497 3418 3649 3458 arma
3679 3411 3828 3457 tanta

2225 3503 2496 3564 potestate
2545 3494 2765 3562 ﬁrmati,
2817 3504 2871 3550 et
2927 3497 3182 3551 universa
3232 3497 3492 3552 faciamus
3536 3513 3552 3550 :
3618 3506 3677 3550 ut
3733 3511 3828 3565 per

2223 3589 2694 3642 conversationem
2758 3597 3001 3643 nostram
3047 3589 3262 3643 leonem
3325 3589 3712 3644 conculcemus
3773 3595 3830 3642 et

2222 3680 2540 3736 draconem.
2595 3682 2766 3736 Porro
2841 3692 2899 3737 ut
2945 3683 3086 3736 scias
3141 3683 3419 3752 quomodo
3472 3685 3830 3738 conculcetur

2225 3775 2312 3829 leo
2343 3783 2401 3828 et
2443 3784 2760 3830 conteratur
2799 3775 2989 3840 draco,
3021 3776 3175 3830 Pauli
3212 3776 3512 3850 Epistolam
3565 3777 3718 3845 lege.
3775 3778 3825 3831 in

2225 3882 2332 3936 qua
2363 3869 2562 3922 asserit
2611 3869 2925 3924 conculcari
2973 3878 3297 3936 peccatores
3348 3871 3484 3924 Filio
3527 3870 3642 3923 Dei.
3679 3870 3830 3925 Sicut

2226 3973 2361 4026 ergo
2407 3959 2498 4027 qtti
2546 3967 2811 4027 peccator
2857 3971 2947 4015 εει
3003 3961 3358 4015 conculcatur
3403 3959 3542 4014 Filio
3579 3960 3712 4013 Dei:
3750 3963 3827 4016 sic

2225 4051 2538 4105 econtrario
2571 4054 2660 4120 qui
2687 4051 2870 4121 justus
2901 4053 3300 4107 cstcOnculcat
3345 4053 3556 4107 leonem
3598 4064 3654 4108 et
3690 4057 3824 4109 dra-

2225 4157 2449 4205 c0uem,
2473 4154 2530 4198 et
2555 4161 2772 4200 onmem
2803 4146 3062 4200 virtutem
3088 4145 3292 4200 inimici
3318 4146 3611 4201 conculcat
3643 4147 3694 4200 in
3729 4162 3829 4202 no-

2227 4237 2375 4292 mine
2424 4237 2553 4292 Jesu
2601 4236 2857 4304 Christi,
2900 4239 2985 4294 cui
3030 4249 3116 4294 est
3157 4238 3332 4308 gloria
3361 4247 3416 4295 et
3445 4238 3736 4309 imperium
3769 4241 3821 4294 in

2227 4333 2425 4387 saecula
2456 4333 2804 4388 saeculorum.
2834 4334 3033 4389 Amen.

2735 4446 3017 4502 IIOMILIA
3085 4445 3306 4503 XXXII.

2233 4537 2307 4592 De
2354 4552 2420 4591 eo
2467 4538 2610 4608 quod
2649 4538 2910 4605 scriptum
2961 4549 3083 4593 est:
3121 4540 3394 4595 Reversus
3434 4548 3519 4595 est
3565 4540 3721 4595 Jesns
3771 4541 3822 4593 in

2302 4609 2498 4664 virtute
2529 4611 2768 4675 Spiritus,
2803 4625 2970 4680 usque
2998 4611 3064 4664 ad
3089 4625 3212 4663 eum
3256 4611 3432 4665 locum
3454 4651 3468 4673 ,
3494 4611 3584 4665 ubi
3609 4615 3684 4664 ait
3719 4629 3730 4665 :
3762 4610 3827 4665 Et

2301 4682 2545 4805 omnium,
2557 4683 2694 4735 oculi
2736 4690 2874 4734 rrant
2897 4684 2950 4734 in
2969 4697 3231 4750 synagoga
3256 4681 3578 4736 intendeutcs
3603 4683 3659 4736 in
3682 4699 3817 4738 eum.

2301 4753 2436 4805 (Jan.
2550 4790 2566 4804 .

2301 4753 2436 4819 Cap.
2479 4753 2566 4805 IV.

2304 4885 2541 4940 Primum
2619 4885 2835 4951 quidem
2888 4885 3047 4940 Jesus
3107 4885 3303 4954 plenus
3358 4885 3565 4956 Spiritu
3637 4896 3826 4942 sancto

2231 4995 2481 5038 reversus
2532 4988 2615 5034 est
2658 4995 2687 5032 a
2716 4979 2978 5043 Jordane,
3026 4987 3082 5033 et
3124 4981 3384 5048 agebatur
3426 4981 3477 5034 in
3532 4981 3723 5050 spiritu
3775 4980 3824 5033 in

2229 5075 2446 5132 deserto
2475 5072 2667 5128 diebus
2710 5071 3087 5142 quadraginta.
3123 5072 3258 5127 Cum
3298 5082 3603 5128 tentaretur
3640 5089 3670 5127 a
3705 5073 3822 5125 dia-

2231 5171 2378 5236 bolo,
2407 5167 2529 5237 quia
2572 5165 2748 5219 adlmc
2787 5163 2838 5218 vi
2885 5172 3192 5220 certaturus
3224 5177 3344 5220 erat
3382 5166 3647 5219 adversus
3675 5179 3823 5228 eum,

2229 5273 2286 5318 et
2314 5260 2503 5322 semel,
2533 5268 2587 5313 et
2617 5257 2718 5318 bis,
2749 5271 2855 5311 non
2901 5272 3026 5312 cum
3076 5259 3447 5312 additamento
3485 5259 3666 5327 aliquo
3707 5257 3813 5325 spi-

2229 5357 2360 5410 ritus
2411 5353 2646 5422 ponitur.
2697 5350 2926 5417 Quantlo
2967 5367 3100 5406 vero
3149 5361 3259 5405 tres
3317 5352 3648 5405 teutatioues
3695 5361 3826 5420 quas

2228 5446 2508 5517 SCIiptnra
2561 5452 2976 5509 commemorat,
3028 5443 3315 5513 pugnando
3358 5441 3654 5512 superarit,
3701 5437 3824 5511 quid

2308 5592 2329 5620 ε
2365 5581 2538 5636 Antea
2571 5579 2708 5632 l'also
2731 5577 3012 5644 legebatur
3030 5595 3135 5630 vos.
3173 5577 3499 5646 llujucmodi
3534 5577 3822 5630 manifesta

2234 5652 2433 5707 menda
2465 5664 2578 5705 non
2601 5649 2771 5704 semel
2801 5648 2961 5714 infra,
2995 5649 3205 5704 lectore
3239 5665 3342 5703 nec
3387 5647 3697 5717 admonito,
3740 5662 3824 5702 ca-

2229 5725 2523 5794 stigantur.
