4044 6312
154 257 275 315 289

728 245 1173 307 TRANSLATIO
1210 237 1644 302 IIOMlLlAllUM
1684 231 1796 291 ORI

1902 231 2008 287 NIS
2049 229 2118 286 IN
2156 229 2418 288 LUCAM.
2462 228 2626 286 HOM.
2668 227 2911 286 XXXIII.

3357 224 3466 281 290

159 375 233 429 de
259 373 458 442 spiritu
487 372 760 441 signanter
782 377 1047 437 cauteque
1075 373 1329 435 ponatur,
1356 359 1470 414 ait:
1498 355 1566 410 Et
1595 369 1754 408 revcr-
1788 351 1840 411 Α
1866 362 2049 402 sermo
2100 347 2391 416 signiﬁcat.
2436 345 2627 402 Futuri
2671 354 2799 400 sunt
2850 342 2994 398 enim
3039 340 3132 396 alii
3177 340 3324 400 dies,
3356 354 3464 392 non

161 485 256 523 sus
299 477 374 521 est
407 465 566 520 Jesus
612 467 665 518 in
714 464 900 517 virtute
941 461 1173 532 spiritus.
1205 455 1391 511 Virtus
1429 449 1608 506 addita
1654 453 1759 511 est,

163 557 296 630 quia
319 556 733 613 conculcaverat
755 552 1074 615 draconem,
1098 557 1153 604 et
1169 554 1492 602 tentatorem
1513 538 1764 595 cominus

163 653 401 708 vicerat.
433 648 706 705 Reversus
743 656 827 700 est
861 657 995 714 ergo
1020 641 1178 697 Jesus
1220 639 1273 694 in
1306 636 1508 692 virtute
1539 631 1766 702 spiritus

167 744 226 800 in
259 742 541 799 Galilteam
584 750 806 802 terram,
837 745 893 792 et
936 738 1073 788 lania
1108 730 1240 787 exiit
1281 743 1378 797 per
1410 739 1630 782 omnem
1673 737 1764 776 re-

169 835 387 908 gionem
411 833 480 888 de
504 846 572 888 eo
601 847 618 888 :
653 832 770 900 ipse
799 826 1032 882 docebat
1063 825 1117 880 in
1148 817 1440 893 synagogis
1468 830 1681 877 eorum,
1713 821 1768 868 et

170 928 579 1002 gloriﬁcabatur
607 923 674 978 ab
697 923 969 979 omnibus.
1001 917 1146 974 Cave
1182 930 1250 970 ne
1279 913 1471 970 beatos
1501 908 1625 964 illos
1648 918 1766 961 tan-

176 1034 291 1079 tum
317 1020 552 1091 judices,
580 1027 637 1073 et
679 1027 728 1072 te
769 1013 1050 1070 arbitreris
1084 1011 1314 1080 primum
1346 1005 1467 1061 esse
1495 1002 1766 1058 doctrina.

173 1115 236 1173 Si
263 1131 388 1170 vera
438 1121 564 1166 sunt
593 1124 713 1180 quas
760 1108 963 1175 scripta
991 1113 1140 1162 sunt.
1193 1117 1302 1155 non
1346 1098 1525 1153 solum
1557 1106 1684 1150 tunc
1714 1093 1767 1147 in

174 1203 689 1279 congregationibus
734 1201 1068 1262 Iudaeorum,
1103 1195 1200 1252 sed
1255 1203 1312 1250 et
1359 1190 1520 1246 hodie
1570 1193 1622 1243 in
1670 1190 1772 1242 hac

177 1298 600 1372 congregatione
645 1294 908 1348 Dominus
937 1290 1217 1360 loquitur:
1251 1297 1306 1340 et
1352 1299 1460 1338 non
1491 1282 1670 1336 solum
1717 1279 1770 1332 in

180 1394 306 1458 hac,
339 1391 435 1447 sed
463 1390 627 1444 etiam
658 1388 714 1441 in
760 1385 870 1440 alio
917 1397 1086 1446 ctetu,
1118 1389 1173 1435 et
1197 1380 1249 1434 in
1290 1386 1404 1432 toto
1446 1375 1582 1430 orbe
1610 1373 1774 1428 docet

177 1485 357 1548 Iesus,
388 1494 641 1553 quarens
684 1493 884 1548 organa
933 1491 1028 1546 per
1071 1488 1191 1544 qua:
1237 1471 1450 1526 doceat.
1496 1467 1680 1527 Orate,
1717 1474 1775 1517 ut

179 1596 269 1636 me
313 1592 529 1649 quoque
575 1573 958 1642 compositum,
1000 1570 1066 1623 ad
1116 1566 1446 1629 canendum,
1477 1573 1775 1631 aptumque

180 1672 439 1741 reperiat.
470 1667 625 1723 Sicut
651 1663 795 1720 enim
832 1665 1028 1734 quaerit
1066 1659 1416 1727 omnipotens
1460 1655 1598 1708 Deus
1645 1667 1773 1720 pro-

1866 442 2005 496 tales
2031 441 2218 510 quales
2252 457 2392 496 nunc.
2441 441 2491 494 in
2524 441 2727 494 mundo
2758 438 3036 493 cernimus
3067 477 3083 502 ,
3138 445 3193 489 et
3240 448 3460 489 menses

1866 533 1990 596 alii,
2021 541 2078 587 et
2110 531 2466 587 kalendarum
2512 530 2647 586 ordo
2677 530 2950 586 diversus.
2989 527 3142 582 Sicut.
3172 527 3333 596 igitur
3361 525 3466 580 ista

1865 624 2000 691 alia,
2031 626 2108 680 sic
2137 640 2308 680 annus
2335 623 2552 681 Domini
2588 623 2804 679 futurus
2835 631 2919 678 est
2945 621 3189 693 placens.
3222 619 3325 674 Ista
3365 633 3462 673 au-

1867 725 1976 772 tem
2006 715 2184 771 omnia
2217 717 2475 788 prtrdicta
2503 725 2650 779 sunt,
2681 725 2740 770 ut
2769 724 2893 784 post
2913 713 3180 768 visionem
3212 727 3275 766 ex
3313 709 3472 766 cacci-

1871 817 1981 864 tate
2002 849 2017 872 ,
2063 817 2186 874 post
2225 808 2536 863 libertatem
2566 822 2630 862 ex
2663 806 2934 872 vinculis,
2965 813 3091 875 post
3118 803 3407 858 sanitatem
3440 817 3469 854 a

1868 901 2108 958 diversis
2148 902 2504 967 vulneribus,
2540 901 2823 955 veniamus
2872 898 2940 952 ad
2995 913 3198 953 annum
3254 894 3470 950 Domini

1870 1003 2150 1062 acceptum
2160 1032 2172 1044 .
2189 991 2317 1045 Cum
2330 994 2465 1045 enim
2477 995 2586 1045 Itazc
2599 992 2802 1062 legisset
2815 987 2846 1043 J
2853 1005 2994 1054 esus,
3006 989 3266 1042 involvens
3279 985 3411 1040 libra
3419 1001 3469 1038 ns

1869 1087 2095 1142 reddidit
2111 1087 2368 1145 ministro,
2381 1095 2430 1139 et
2446 1085 2600 1150 sedit,
2617 1094 2662 1137 et
2685 1084 2912 1137 omnium
2932 1082 3066 1136 oculi
3079 1090 3226 1134 erant
3245 1081 3300 1134 in
3314 1095 3471 1150 syna-

1871 1197 2006 1253 goga
2043 1179 2359 1234 attendentes
2403 1179 2456 1232 in
2505 1193 2645 1232 eum.
2678 1175 2746 1231 Et
2787 1189 2932 1230 nunc
2967 1175 3011 1228 si
3043 1174 3204 1229 vultis
3236 1214 3252 1238 ,
3287 1173 3338 1227 in
3371 1171 3475 1226 hac

1872 1289 2147 1347 synagoga
2178 1282 2430 1343 cretaque
2460 1278 2692 1342 possunt
2735 1268 2877 1324 oculi
2908 1268 3073 1323 vestri
3103 1265 3388 1320 attendere
3417 1265 3472 1317 in

1875 1367 2235 1424 Salvatorem.
2270 1364 2404 1420 Cum
2440 1364 2584 1418 enim
2625 1361 2980 1432 principalem
3012 1358 3196 1413 cordis
3227 1357 3300 1410 tui
3331 1356 3476 1410 dire-

1877 1457 2022 1512 xeris
2069 1456 2241 1510 aciem
2292 1454 2358 1509 ad
2407 1453 2728 1522 sapientiam
2757 1491 2770 1516 ,
2820 1460 2874 1506 et
2904 1449 3222 1514 veritatem,
3274 1445 3480 1514 Deique

1875 1547 2222 1618 Unigenitum
2252 1542 2750 1614 contemplandum,
2796 1541 2939 1597 oculi
2973 1541 3048 1595 tui
3082 1540 3359 1594 intuentur
3384 1536 3478 1592 Je-

1878 1653 2018 1692 sum.
2054 1638 2218 1693 Beata
2247 1635 2637 1706 congregatio,
2675 1633 2743 1688 de
2771 1648 2876 1703 qua
2910 1632 3194 1698 Scriptura
3227 1637 3477 1694 testatur,

181 1723 378 1836 plietas
404 1774 471 1815 co
504 1768 751 1825 tempore
776 1723 883 1826 qub
917 1751 1198 1822 prOphetia
1224 1747 1484 1804 mortales
1505 1744 1770 1814 indigent,

1902 1731 2023 1800 |uod
2052 1729 2290 1783 omnium
2317 1727 2460 1782 oculi
2488 1735 2640 1780 erant
2674 1725 3021 1780 attendentes
3051 1723 3104 1777 in
3135 1737 3279 1777 eum.
3310 1724 3482 1787 Quam

179 1867 234 1914 et
256 1853 485 1920 invenit,
501 1849 832 1919 verbigratia
855 1842 1398 1910 lsaiam,Jeremiam,
1413 1837 1776 1898 Ezechielem,

181 1948 504 2006 Daoielcm:
536 1944 612 1998 sic
644 1939 841 2013 quaerit
869 1939 1016 1994 Deus
1045 1950 1248 2006 organa
1291 1947 1388 2002 per
1419 1946 1540 1999 quae
1587 1928 1782 1982 doceat

181 2053 494 2097 sermonem
523 2050 708 2099 suum,
739 2033 825 2088 vel
863 2029 1078 2087 erudiat
1122 2025 1354 2098 populos
1393 2023 1449 2078 in
1490 2019 1781 2092 synagogis

185 2148 394 2195 eorum,
420 2139 475 2185 et
494 2126 826 2200 glorificetur
847 2125 916 2180 ab
938 2121 1212 2178 omnibus.
1236 2117 1393 2174 Nunc
1421 2116 1594 2184 magis
1618 2111 1782 2185 glori-

190 2228 381 2284 Iicatur
411 2225 478 2279 ab
517 2222 768 2277 omnibus
795 2219 975 2283 Iesus,
1029 2230 1191 2287 quam
1242 2212 1337 2267 illo
1387 2220 1632 2278 tempore
1673 2219 1783 2276 quo

191 2329 400 2374 tantum
427 2317 478 2369 iu
511 2330 616 2370 una
644 2311 921 2384 provincia
947 2307 1402 2381 cognoscebatur.
1429 2301 1629 2356 Deinde
1650 2300 1782 2354 uenit

195 2407 459 2465 Nazareni
481 2406 566 2460 ubi
588 2405 814 2458 nutritus
844 2405 1038 2473 fuerat,
1062 2409 1108 2454 et
1130 2399 1388 2469 ingressus
1409 2397 1569 2465 juxta
1592 2406 1786 2444 morem

193 2504 246 2558 in
271 2515 586 2574 synagogam
605 2498 689 2551 die
707 2497 1062 2559 sabbatorum,
1093 2489 1318 2546 surrexit
1349 2489 1538 2559 legere,
1559 2493 1606 2539 et
1632 2484 1786 2537 datus

195 2608 268 2652 est
307 2597 352 2650 ei
389 2595 516 2649 liber
565 2591 828 2664 prophetae
872 2588 1054 2653 Isaite,
1102 2597 1151 2640 et
1199 2584 1455 2638 revolvens
1496 2578 1688 2633 librum
1738 2584 1788 2630 et

198 2690 368 2744 locum
395 2687 478 2742 ubi
506 2695 614 2743 erat
650 2685 944 2753 scriptum:
983 2680 1216 2750 Spiritus
1251 2675 1466 2730 Domini
1503 2689 1658 2744 super
1684 2687 1786 2735 me,

199 2792 410 2853 prapter
459 2779 595 2849 quod
650 2777 795 2832 unxit
843 2791 925 2829 me
980 2770 1174 2842 (Matt.
1245 2767 1342 2838 x).
1397 2766 1514 2821 Non
1566 2766 1789 2818 lortuitu

199 2875 436 2932 revolvit
466 2873 685 2938 librum,
717 2880 770 2925 et
790 2868 931 2938 apud
961 2883 1018 2921 se
1044 2864 1348 2920 vaticinans
1379 2860 1582 2929 reperit
1607 2857 1793 2911 lectio-

199 2981 325 3031 nes,
373 2962 470 3018 sed
517 2972 574 3018 et
619 2961 722 3016 hoc
774 2958 1131 3030 providentia:
1168 2956 1260 3010 Dei
1312 2952 1431 3006 luit.
1465 2950 1618 3006 Sicut
1645 2947 1791 3002 enim

201 3057 467 3126 scriptum
497 3063 581 3107 est
610 3069 624 3104 :
655 3049 722 3104 In
762 3049 1000 3119 laqueum
1045 3064 1147 3102 non
1183 3046 1320 3100 cadit
1349 3059 1528 3113 passer
1567 3042 1678 3096 sine
1703 3055 1791 3093 uo-

201 3107 626 3202 I’atris.
675 3141 741 3195 Et
787 3107 916 3212 quia
959 3139 1137 3210 capilli
1189 3107 1371 3209 capitis
1418 3131 1790 3206 apostolorum
1817 3107 1866 3174 (ἶ

205 3256 384 3297 omnes
417 3235 672 3292 numerati
692 3243 812 3289 sunt
837 3250 852 3292 :
882 3235 960 3288 sic
983 3233 1209 3287 forsitan
1240 3242 1290 3284 et
1323 3230 1428 3284 hoc
1465 3225 1612 3298 quod
1643 3224 1796 3280 Isaiae

201 3334 549 3406 potissimum
595 3331 733 3386 liber
774 3329 1028 3384 inventus
1065 3333 1185 3391 est;
1229 3334 1284 3380 et
1322 3323 1483 3379 lectio
1529 3337 1635 3376 non
1667 3320 1796 3385 alia,

205 3425 302 3482 sed
332 3425 446 3479 ha-c
467 3439 585 3495 qua:
605 3421 804 3477 Christi
834 3418 1150 3492 mysterium
1175 3415 1534 3486 loquebatur:
1568 3412 1798 3482 Spiritus

208 3516 423 3572 Domini
467 3531 623 3586 super
661 3529 772 3581 me,
801 3520 1012 3585 propter
1039 3510 1180 3581 quod
1212 3509 1358 3561 unxit
1391 3522 1470 3560 me
1492 3502 1647 3576 (Isai.
1682 3506 1798 3573 xv),

208 3609 452 3668 Christus
480 3619 564 3666 est
589 3609 732 3665 enim
763 3609 855 3679 qui
885 3608 991 3662 ista
1018 3613 1434 3669 commemorat,
1456 3617 1563 3656 non
1590 3612 1649 3656 ut
1672 3600 1804 3657 libet

210 3711 269 3760 et
293 3720 418 3760 casu
452 3705 664 3759 venisse
694 3700 1067 3756 arbitrandum
1092 3707 1200 3763 est,
1230 3696 1328 3752 sed
1359 3695 1720 3766 providentia,
1750 3703 1804 3748 et

213 3795 618 3866 dispensatione
649 3794 768 3849 Dei.
795 3793 927 3862 Qua:
959 3799 1090 3847 sunt
1113 3792 1275 3862 igitur
1303 3805 1423 3860 quae
1453 3789 1505 3844 in
1537 3786 1803 3858 propheta

213 3888 558 3962 loquebatur,
595 3897 649 3944 et
680 3895 865 3958 postea
895 3886 964 3942 de
993 3900 1054 3942 se
1085 3885 1201 3956 ipse
1229 3884 1281 3939 in
1313 3897 1586 3956 synagoga
1620 3895 1807 3951 perso-

213 3988 308 4038 net
325 3981 779 4051 contemplemur.
796 3978 844 4032 Ε
848 3977 1170 4050 vangelizare
1185 3975 1306 4046 (ait)
1331 3974 1645 4046 pauperibus
1667 3973 1808 4027 misit

215 4089 312 4128 me.
349 4073 654 4144 Pauperes,
699 4072 946 4126 nationes
976 4069 1303 4140 signiﬁcant.
1330 4067 1426 4123 Isti
1462 4069 1608 4123 enim
1655 4076 1810 4122 erant

218 4179 507 4236 pauperes,
535 4163 671 4238 nihil
701 4163 920 4217 omnino
941 4160 1308 4232 possidentes,
1339 4175 1446 4216 non
1479 4160 1673 4224 Deum,
1702 4175 1808 4215 non

222 4256 447 4325 Legem,
480 4272 585 4310 non
625 4255 929 4323 Prophetas
955 4294 971 4319 ,
1003 4268 1112 4309 non
1136 4255 1396 4320 justitiam
1416 4297 1432 4322 ,
1466 4255 1812 4326 reliquasque

223 4348 478 4406 virtutes.
508 4349 591 4402 0b
614 4362 776 4417 quam
805 4360 1026 4402 causam
1055 4346 1204 4402 misit
1230 4361 1353 4403 eum
1389 4349 1552 4415 Deus,
1582 4358 1642 4404 ut
1681 4363 1814 4419 pau-

223 4441 452 4516 peribus
501 4439 824 4496 nuntiaret:
869 4439 1164 4495 Prwdicare
1203 4441 1414 4510 captiuis
1443 4443 1810 4498 remissionem.

223 4534 439 4607 Captivi
468 4547 570 4590 nos
601 4531 825 4601 luimus,
859 4547 994 4605 quos
1021 4532 1186 4586 tantis
1205 4532 1362 4587 annis
1385 4533 1632 4589 vinxerat
1659 4534 1814 4590 Sata-

226 4643 352 4694 nas,
381 4626 588 4683 habens
617 4626 885 4696 captivos,
911 4626 1127 4698 sibique
1149 4625 1443 4697 subjectos.
1476 4627 1634 4683 Venit
1654 4627 1814 4682 Jesus

229 4719 528 4793 praedicare
549 4720 778 4790 captivis
803 4720 1202 4786 remissionem,
1218 4729 1272 4777 et
1287 4719 1447 4777 czecis
1468 4732 1526 4777 ut
1542 4721 1812 4777 viderent.

230 4816 495 4872 Sermone
534 4812 772 4882 quippe,
813 4821 867 4867 et
913 4811 1304 4883 praedicatione
1354 4813 1618 4870 doctrina:
1657 4813 1813 4884 ejus,

231 4905 356 4959 caici
381 4903 589 4959 vident.
609 4902 932 4959 Praedicatio
954 4919 1089 4975 ergo
1112 4905 1449 4961 remissionis
1480 4905 1818 4977 intelligatur

231 5010 335 5051 non
377 4996 556 5052 solum
604 5010 769 5066 super
797 4996 1066 5066 captivis,
1105 4996 1202 5052 sed
1247 4997 1411 5053 etiam
1443 5013 1607 5068 super
1636 5000 1819 5054 caecis.

232 5089 592 5164 διε-346
619 5088 866 5145 Emittere
905 5090 1199 5161 confractos
1240 5091 1294 5144 in
1333 5090 1636 5145 libertatem.
1685 5091 1823 5160 Quid

235 5183 303 5238 ita
333 5184 591 5249 fractum,
623 5191 787 5253 atque
809 5183 1057 5238 collisum
1085 5182 1209 5246 fuit,
1243 5192 1304 5237 ut
1335 5183 1500 5238 homo
1523 5183 1614 5253 qui
1642 5198 1672 5237 a
1695 5182 1825 5238 Iesu

234 5276 485 5331 dimissus
516 5287 601 5332 est
645 5285 702 5332 et
743 5276 1002 5332 sanatus?
1042 5274 1346 5330 Praedicare
1383 5293 1574 5330 annum
1615 5276 1828 5331 Domini

233 5381 518 5442 acceptum.
548 5369 706 5425 Juxta
734 5369 1038 5440 simplicem
1066 5368 1486 5438 intelligentiam
1510 5371 1684 5434 aiunt,
1719 5387 1827 5425 uno

235 5476 373 5516 anno
405 5461 753 5520 Salvatorem
784 5461 837 5516 in
872 5461 1061 5517 Iudaea
1094 5457 1447 5528 Evangelium
1479 5463 1826 5530 prtedicasse,

233 5561 286 5608 et
313 5553 414 5609 hoc
455 5567 580 5610 esse
613 5553 755 5624 quod
794 5553 1030 5608 dicitur:
1063 5549 1368 5604 Prtedicare
1393 5566 1583 5606 annum
1617 5553 1830 5608 Domini

232 5656 534 5718 acceptum,
581 5656 629 5700 et
662 5646 802 5701 dicm
841 5643 1240 5700 retributionis:
1286 5642 1390 5698 nisi
1437 5643 1575 5703 forte
1613 5648 1828 5720 quidam

230 5741 572 5802 Sacramenti
623 5741 674 5794 in
727 5739 1120 5811 pra-dicationc
1173 5738 1299 5797 anni
1355 5739 1569 5796 Domini
1615 5742 1830 5797 divinus

1881 1822 2076 1876 vellem
2106 1822 2264 1876 istum
2301 1828 2500 1876 emtum
2525 1819 2704 1874 simile
2749 1818 2951 1871 habere
2999 1816 3396 1882 testimonium,
3426 1821 3488 1867 ut

1881 1913 2122 1968 omnium
2151 1912 2334 1976 oculi,
2378 1920 2433 1967 et
2479 1909 2998 1965 catechumenorum
3029 1916 3087 1964 et
3108 1907 3348 1963 ﬁdelium
3373 1948 3388 1971 ,
3432 1915 3488 1963 et

1883 2006 2170 2060 mulierum
2217 2012 2272 2060 et
2323 2003 2602 2071 virorum,
2637 2013 2691 2057 et
2735 2000 3024 2056 infantium
3073 2015 3179 2055 non
3232 1999 3484 2070 corporis

1883 2099 2060 2165 oculi,
2096 2098 2189 2153 sed
2217 2098 2413 2152 anima:
2455 2097 2763 2164 aspicerent
2789 2095 2997 2151 Jesum.
3032 2094 3164 2149 Cum
3197 2094 3342 2148 enim
3394 2109 3481 2148 re-—

1883 2191 2174 2262 spexeritis
2195 2190 2261 2244 ad
2283 2206 2428 2256 eum,
2455 2189 2524 2244 de
2547 2190 2748 2244 lumine
2771 2188 2890 2259 eius
2914 2197 2970 2243 et
2995 2187 3195 2243 intuitu
3217 2187 3482 2243 clariores

1887 2284 2054 2337 veStri
2088 2283 2266 2336 vultus
2287 2292 2468 2348 erunt,
2499 2291 2550 2336 et
2575 2281 2763 2336 dicere
2797 2281 3075 2350 poteritis:
3104 2280 3384 2352 Signntum
3413 2289 3487 2334 est

1886 2391 2043 2445 super
2099 2391 2190 2428 nos
2245 2373 2417 2429 lumen
2470 2372 2641 2428 uultus
2687 2373 2798 2441 tui,
2849 2371 3074 2426 Domine
3123 2369 3321 2441 (Psal.
3371 2371 3485 2440 tv).

1887 2467 1986 2524 Cui
2026 2478 2110 2522 est
2149 2467 2318 2540 gloria
2365 2476 2421 2522 et
2462 2466 2747 2537 imperium
2789 2466 2842 2521 in
2893 2464 3093 2522 saecula
3135 2464 3486 2521 saeculorum.

1891 2563 2084 2615 Amen.

2407 2627 2691 2683 HOMILIA
2730 2627 2972 2684 XXXIII.

1894 2723 1970 2778 De
2008 2739 2074 2777 eo
2113 2723 2256 2791 quod
2300 2723 2562 2790 scriptum
2597 2733 2718 2776 est:
2757 2721 2944 2791 Utique
2969 2721 3143 2776 dicitis
3171 2721 3298 2775 mihi
3335 2738 3494 2792 para-

1965 2795 2135 2848 bolmn
2166 2797 2343 2855 istam,
2388 2805 2442 2847 ct
2481 2801 2705 2857 cmtera,
2737 2809 2910 2863 usque
2939 2795 3004 2846 ad
3035 2810 3158 2848 eum
3195 2797 3368 2848 locum
3402 2793 3492 2847 ubi

1967 2868 2076 2990 :g‘it:
2113 2865 2222 2921 Sed
2249 2864 2427 2919 nullus
2455 2880 2637 2919 eorum
2663 2866 2945 2918 mundatus
2975 2873 3074 2930 est,
3103 2865 3204 2919 nisi
3243 2863 3492 2918 Naamttn

1969 2972 1982 2988 ι
2013 2953 2156 2990 urus.

1969 2953 2156 3007 nyrus.

1973 3049 2030 3104 In
2075 3049 2476 3118 Capharnaum,
2505 3058 2765 3117 quantum
2797 3048 2863 3102 ad
2893 3047 3066 3103 lucem
3099 3047 3344 3104 historia:
3371 3063 3500 3118 per-

1901 3142 2069 3208 tinet,
2102 3141 2332 3196 necdum
2375 3149 2618 3194 moratus
2648 3150 2730 3195 cst
2757 3139 2941 3204 .Iesus,
2971 3156 3070 3195 nec
3098 3141 3316 3212 aliquod
3347 3143 3397 3195 in
3429 3156 3493 3197 ea

1897 3236 2107 3304 signum
2146 3235 2341 3289 fecisse
2383 3234 2742 3302 describitur,
2791 3235 2991 3305 quippe
3025 3235 3202 3304 inqua
3233 3251 3338 3289 non
3370 3235 3490 3289 l'uit.

1899 3330 2070 3385 Porro
2109 3339 2397 3399 antequam
2439 3328 2651 3383 veniret
2694 3328 2747 3382 in
2794 3327 3196 3398 Capharnaum,
3231 3329 3283 3381 in
3325 3327 3496 3396 patria

1899 3440 2014 3488 sua,
2051 3423 2152 3477 hoc
2179 3430 2287 3487 est,
2317 3423 2369 3476 in
2402 3419 2670 3475 Nazareth
2702 3419 2872 3476 fuisse
2903 3420 3167 3491 signatur.
3198 3419 3387 3489 Utique
3417 3420 3501 3474 di-

1902 3516 2019 3569 citis
2064 3515 2192 3567 mihi
2234 3513 2538 3583 parabolatn
2582 3513 2768 3568 istam:
2810 3512 3048 3579 Medice,
3084 3530 3212 3567 cura
3254 3515 3496 3584 teipsum.

1908 3612 2255 3679 Qutecumque
2277 3609 2564 3663 audiuimus
2589 3609 2725 3678 facta
2747 3610 2798 3661 in
2823 3605 3208 3678 Capharnaum,
3240 3607 3325 3674 {ac
3348 3617 3394 3660 et
3415 3605 3502 3660 hic

1903 3703 1957 3756 in
1990 3704 2160 3772 patria
2181 3709 2289 3756 tua.
2319 3700 2474 3756 Unde
2508 3711 2637 3769 puto
2660 3699 2861 3768 aliquid
2890 3701 2941 3754 in
2973 3714 3227 3754 sermone
3248 3699 3505 3765 prtesenli

1905 3796 2120 3851 latitare
2171 3794 2447 3866 mysterii,
2503 3802 2560 3848 et
2607 3791 2872 3847 Nasarcth
2907 3791 2960 3846 in
2994 3801 3121 3862 typo
3158 3791 3496 3860 Judmorum,

1907 3889 2290 3960 Capharnaum
2328 3889 2379 3940 in
2425 3895 2554 3957 typo
2594 3884 2942 3955 prmcessisse
2981 3884 3258 3954 gentilium
3309 3883 3498 3954 (Rom.

1912 3982 2016 4051 xi).
2047 3980 2236 4036 Sciens
2265 3980 2448 4050 itaque
2474 3979 2632 4035 Jesus
2666 3977 2810 4048 quod
2841 3992 2949 4033 non
2989 3977 3215 4034 haberet
3243 3975 3298 4032 in
3333 3977 3506 4047 patria

1911 4090 2006 4130 sua
2034 4073 2296 4132 honorem
2316 4115 2330 4138 ,
2361 4088 2462 4128 nec
2492 4071 2632 4142 ipse,
2671 4086 2775 4128 nec
2801 4069 3092 4142 prOpheta,
3124 4086 3226 4126 nec
3250 4071 3508 4140 apostoli,

1914 4167 2087 4223 noluit
2116 4167 2186 4222 ibi
2222 4164 2542 4236 praedicare,
2576 4165 2672 4220 sed
2701 4163 3024 4234 praedicavit
3053 4164 3107 4218 in
3136 4164 3409 4234 gentibus.
3440 4179 3512 4219 ne

1914 4261 2016 4316 sibi
2045 4276 2076 4316 a
2106 4259 2293 4332 patria:
2317 4272 2430 4314 suae
2451 4256 2761 4313 hominibus
2784 4256 3095 4313 diceretur:
3131 4254 3321 4328 Utique
3339 4255 3513 4309 dicitis

1916 4354 2044 4408 mihi
2079 4351 2381 4425 parabolam
2417 4350 2612 4404 istam:
2657 4347 2897 4414 Medica,
2947 4365 3074 4402 cura
3122 4347 3366 4417 teipsum.
3396 4347 3518 4403 Erit

1920 4449 2064 4502 enim
2089 4456 2300 4514 tempus
2321 4443 2542 4514 quando
2561 4442 2809 4499 dicturus
2824 4442 2897 4497 sit
2916 4442 3148 4512 populus
3167 4441 3477 4497 Judaorum
3497 4459 3513 4496 :

1920 4539 2284 4608 Quacumque
2305 4535 2486 4591 audivi
2513 4535 2652 4590 facta
2683 4535 2737 4591 in
2758 4533 3138 4605 Capharnaom
3162 4534 3301 4604 apud
3323 4543 3517 4605 gentes

1921 4633 2072 4701 signa
2110 4640 2271 4702 atque
2317 4638 2588 4699 portenta,
2619 4629 2707 4685 I'ac
2732 4641 2787 4687 et
2815 4628 2957 4698 apud
2989 4645 3087 4685 nos
3114 4629 3166 4684 in
3197 4629 3371 4701 patria
3401 4637 3515 4684 tua.

1921 4726 2055 4794 Quae
2103 4723 2395 4780 ostendisti
2445 4722 2701 4778 universo
2748 4721 2918 4786 orbi,
2957 4721 3188 4778 ostende
3232 4732 3288 4778 et
3339 4722 3518 4779 nobis.

1924 4817 2167 4874 Praedica
2208 4831 2516 4874 sermonem
2553 4825 2703 4870 tuum
2734 4814 2940 4885 popqu
2979 4815 3187 4880 Israel;
3239 4826 3296 4869 ut
3325 4815 3520 4871 saltem

1925 4925 2049 4966 cum
2102 4910 2385 4966 intraverit
2444 4907 2725 4979 plenitudo
2790 4906 3031 4977 gentium
3075 4947 3092 4974 ,
3153 4917 3281 4961 tunc
3342 4909 3524 4964 omnis

1927 4999 2095 5057 Israel
2123 5001 2304 5056 salvus
2336 5001 2428 5054 liat
2470 4997 2650 5071 (Rom.
2683 4996 2782 5068 xi).
2810 4997 3176 5064 Quamobrem
3210 4998 3340 5053 mihi
3374 4999 3526 5056 vide-

1927 5100 2020 5147 tur
2070 5093 2425 5160 consequenti
2467 5091 2663 5146 ordine
2713 5089 3022 5145 Nazaraenis
3064 5090 3528 5161 interrogantibus

1927 5184 2278 5255 respondisse
2307 5184 2591 5242 Salvator:
2619 5183 2789 5239 Nemo
2819 5184 3069 5257 propheta
3103 5195 3341 5256 acceptus
3368 5196 3442 5242 est
3472 5186 3528 5240 in

1930 5279 2101 5348 patria
2136 5294 2256 5332 sua.
2297 5277 2367 5332 Et
2396 5289 2527 5348 puto
2569 5279 2690 5347 plus
2709 5278 2864 5348 juxta
2904 5291 3333 5345 Sacramentum,
3364 5295 3526 5348 quam

1926 5369 2077 5439 juxta
2121 5369 2360 5422 litteram
2399 5384 2592 5424 verum
2641 5385 2765 5426 esse
2791 5370 2937 5440 quod
2967 5371 3187 5438 dicitur,
3224 5372 3349 5427 licet
3377 5371 3532 5428 Jere-

1932 5460 2068 5516 mias
2093 5458 2394 5514 inAnatoth
2408 5462 2583 5529 patria
2601 5477 2698 5516 sua
2712 5478 2820 5517 non
2849 5465 3008 5519 fuerit
3029 5471 3288 5532 acceptus
3307 5463 3524 5532 (Jerem.

1932 5550 1998 5625 ι),
2023 5563 2077 5608 et
2103 5551 2291 5620 Isaias,
2324 5567 2684 5622 quaecumque
2714 5555 2811 5609 luit
2845 5556 3015 5625 patria
3048 5555 3214 5622 illius,
3248 5565 3304 5610 et
3331 5555 3528 5627 reliqui

1933 5648 2254 5719 prophetae;
2299 5647 2396 5701 sed
2447 5647 2620 5716 magis
2662 5647 2797 5703 mihi
2824 5649 3042 5706 videtur
3083 5648 3163 5705 sic
3193 5649 3441 5716 intelligi,
3475 5657 3534 5704 ut

1934 5738 2178 5794 dicamus
2199 5739 2427 5807 patriam
2455 5738 2622 5794 fuisse
2649 5741 2889 5796 omnium
2917 5741 3326 5813 prophetarum,
3349 5758 3524 5818 popu-
