4044 6326
1756 224 1816 284 S.
1858 216 2125 281 EUSEBII
2164 218 2546 281 HIERONYMI
3689 210 3805 276 S91

490 232 591 290 291

496 352 610 408 lum
635 347 1092 414 circumcisioois,
1112 355 1164 404 et
1186 347 1331 403 hanc
1353 360 1458 401 non
1483 341 1759 415 recepisse
1780 342 2094 414 prophetas,
2129 345 2179 406 Α
2205 342 2271 397 ad
2300 351 2505 398 aeterna
2537 338 2864 397 ohedientes
2891 336 3175 393 ducerent.
3208 331 3291 390 Ad
3317 332 3371 391 id
3396 330 3542 390 enim
3569 328 3798 401 respicit

492 455 549 500 et
577 459 768 501 eorum
807 443 1093 499 vaticinia:
1133 455 1299 512 porro
1343 439 1593 495 nationes
1634 452 1757 509 qua:
1786 436 1947 505 longe
1979 435 2095 489 lue-
2199 434 2343 507 quod
2382 434 2519 505 legis
2552 433 2748 488 doctor
2778 433 3217 503 interrogaverat
3243 441 3368 484 eum
3411 426 3637 483 dicens:
3672 421 3795 483 Ma—

495 546 624 594 rant
649 553 680 593 a
720 537 1029 609 prophetis,
1058 544 1115 592 et
1140 549 1334 591 eorum
1371 532 1620 590 notitiam
1648 546 1759 587 non
1791 529 2092 598 habebant,

495 631 808 701 suscepisse
846 629 1165 691 vaticinium
1221 630 1352 685 Iesu
1389 627 1613 684 Christi.
1644 626 1816 681 Nemo
1847 635 1929 679 est
1966 637 2098 693 ergo

498 723 766 795 propheta
798 731 1056 792 acceptus
1085 722 1137 775 in
1193 722 1368 791 patria
1409 733 1533 786 sua,
1566 718 1671 773 hoc
1695 724 1781 775 eat
1809 716 1865 772 in
1897 717 2100 786 popu’o

496 814 833 870 Judaerum.
866 813 977 869 Nos
1018 824 1197 868 autem
1238 812 1330 883 qui
1367 823 1588 866 eramus
1635 808 1801 865 alieni
1848 822 1879 862 a
1927 816 2096 861 tosta-

498 915 685 962 mento
736 915 792 962 et
842 905 1118 977 peregrini
1163 920 1194 959 a
1245 901 1702 975 promissionibus
1732 899 1964 973 (Ephes.
2000 901 2096 970 ιι),

494 1006 612 1055 toto
635 998 936 1069 prophetas
956 997 1127 1052 corde
1149 996 1514 1066 suscepimus,
1535 994 1815 1063 magisque
1840 992 2102 1047 habemus

499 1092 724 1166 Moysen
752 1101 807 1149 et
843 1091 1143 1162 prophetas
1176 1091 1245 1145 de
1270 1088 1493 1144 Christo
1517 1083 1880 1158 θην-οη
1908 1084 2103 1154 praedi-

501 1196 726 1249 cantes,
771 1198 935 1255 quam
986 1182 1065 1236 illi
1110 1180 1202 1251 qui
1229 1195 1297 1236 ex
1324 1196 1392 1235 eo
1422 1179 1566 1251 quod
1602 1195 1708 1233 non
1741 1186 2106 1247 susceperunt

501 1276 716 1346 Iesum,
746 1292 848 1331 nec
874 1275 1001 1330 illos
1026 1281 1387 1343 susceperunt
1414 1272 1507 1343 qui
1532 1270 1606 1327 de
1626 1270 1721 1329 illo
1741 1270 2103 1325 annuntiave-

502 1380 653 1426 runt.
713 1367 871 1425 Unde
921 1366 988 1421 ad
1039 1366 1092 1421 id
1151 1364 1296 1436 quod
1345 1364 1598 1423 dixerat:
1644 1361 1812 1417 Nemo
1851 1361 2108 1435 propheta

502 1470 745 1532 acceptus
780 1460 834 1513 its
876 1458 1048 1530 patria
1069 1473 1202 1513 sua:
1228 1464 1285 1513 et
1319 1456 1465 1512 aliud
1491 1455 1763 1526 adjungit:
1794 1453 1860 1508 In
1891 1455 2109 1509 veritate

506 1555 641 1611 enim
662 1554 781 1608 dico
807 1553 970 1617 vobis,
993 1553 1114 1623 quia
1131 1553 1310 1606 multa:
1334 1551 1502 1606 vidua:
1522 1560 1668 1604 erant
1690 1550 1744 1602 in
1773 1549 1950 1602 diebus
1973 1547 2110 1603 Elim

504 1648 559 1702 in
595 1645 796 1713 Israel,
833 1644 1041 1715 quando
1077 1644 1314 1700 clausum
1342 1650 1417 1698 est
1459 1643 1642 1697 caelum
1671 1642 1820 1696 annis
1845 1639 2030 1701 tribus,
2059 1649 2108 1693 et

2201 529 2381 600 gister,
2429 527 2556 599 quid
2605 527 2800 597 faciens
2844 525 3003 581 uitam
3041 533 3289 579 auarum
3333 517 3646 592 possidebo?
3674 531 3794 586 quae

2206 621 2369 677 lcetio
2410 620 2710 676 secundum
2745 619 2945 674 Lucam
2988 616 3151 673 hodie
3179 612 3344 670 vobis
3389 611 3619 669 recitata
3666 616 3790 669 est:

2204 712 2528 783 respondit:
2573 710 2640 766 In
2681 710 2819 782 Lege
2872 710 2999 781 quid
3047 710 3298 782 scriptam
3358 707 3472 762 est?
3522 700 3798 769 Quomodo

2205 804 2379 879 legis?
2413 803 2609 875 Diliges
2637 802 2920 858 Dominum
2972 800 3139 856 Deum
3184 809 3330 857 tuum
3376 813 3445 854 ea:
3489 805 3593 853 toto
3643 793 3809 853 corde

2206 912 2327 971 tuo,
2360 911 2409 955 et
2436 917 2499 955 ea:
2524 909 2636 954 tota
2667 900 2857 954 virtute
2883 907 2973 952 tua
3001 940 3015 956 .
3055 906 3101 952 et
3141 911 3209 950 ea:
3247 902 3355 948 tota
3396 901 3564 949 mente
3604 899 3724 952 tua.
3754 896 3806 947 et

2208 997 2498 1070 proximum
2529 1005 2676 1050 tuum
2703 1002 2964 1064 tamquam
2997 993 3239 1062 teipsum.
3277 990 3353 1044 Ae
3383 985 3603 1043 deinde.
3636 983 3802 1048 Bene,

2208 1089 2311 1155 ait,
2353 1087 2715 1158 respondisti:
2762 1086 2859 1141 hoc
2908 1090 3023 1155 fac,
3079 1092 3125 1138 et
3172 1084 3325 1137 vives.
3378 1080 3533 1136 Haud
3573 1078 3799 1134 dubium

2207 1182 2339 1254 quin
2373 1181 2765 1252 sempiternam
2806 1179 2972 1235 vitam
3023 1176 3128 1232 hoc
3174 1172 3428 1231 iaciendo
3476 1179 3804 1241 accepturus

2208 1275 2305 1340 sis,
2337 1273 2406 1329 de
2434 1289 2539 1344 qua
2567 1280 2622 1329 et
2647 1274 2783 1343 legis
2811 1271 3004 1326 doctor
3026 1271 3489 1339 interrogaverat.
3511 1262 3802 1334 Simulque

2208 1367 2498 1436 perspicue
2534 1364 2799 1420 docemur
2829 1363 2882 1418 in
2924 1362 3059 1433 legis
3089 1366 3387 1431 praecepto,
3418 1366 3478 1412 ut
3509 1356 3805 1427 diligamus

2210 1460 2404 1515 Deum.
2429 1459 2486 1515 In
2514 1458 2950 1515 Deuteronomio
2975 1457 3243 1526 scriptum
3268 1465 3388 1511 eet:
3420 1451 3578 1516 Audi,
3607 1450 3805 1521 inquit,

2213 1551 2407 1620 Israel,
2432 1551 2690 1607 Dominus
2722 1550 2861 1605 Deus
2888 1559 3030 1613 tuus.
3064 1548 3209 1603 Deus
3231 1564 3368 1603 unus
3392 1555 3490 1603 est.
3521 1543 3590 1605 Et
3619 1543 3810 1616 diliges

2218 1643 2494 1699 Dominum
2524 1643 2693 1698 Deum
2718 1654 2867 1699 tuum
2896 1660 2959 1698 ea:
2986 1652 3099 1697 tota
3125 1651 3297 1701 tuente
3324 1650 3440 1707 tua,
3470 1649 3525 1695 et
3557 1636 3770 1709 reliqua
3787 1682 3807 1706 ,

507 1740 768 1796 mensibus
814 1754 927 1793 seat.
976 1738 1129 1806 Quod
1179 1737 1316 1793 dicit
1349 1736 1457 1791 tale
1496 1744 1616 1791 est:
1665 1735 1811 1789 Elias
1841 1732 2106 1804 propheta
2139 1739 2185 1798 B
2213 1746 2260 1790 et
2291 1738 2753 1805 proximamtnum
2781 1736 2933 1807 quasi
2970 1738 3194 1802 teipsum
3221 1732 3404 1803 (Deut.
3444 1732 3554 1802 vt).
3587 1730 3658 1787 Et
3690 1730 3811 1788 8an

509 1841 651 1901 erat,
685 1831 780 1887 sed
813 1839 935 1887 erat
960 1832 1015 1885 in
1049 1830 1252 1900 popqu
1274 1828 1608 1884 Iudaeorum.
1638 1826 1746 1884 Sed
1767 1826 1985 1896 quando
2010 1826 2109 1880 ml—

507 1923 681 1978 rabile
703 1921 831 1993 quid
862 1921 1099 1976 facturus
1126 1930 1248 1976 erat
1276 1936 1400 1976 eum
1432 1927 1615 1975 essent
1642 1918 1825 1989 plures
1844 1917 2023 1973 viduae
2053 1918 2107 1971 in

504 2014 694 2081 Israel,
728 2014 948 2084 reliquit
980 2027 1095 2077 eos,
1130 2022 1186 2069 et
1214 2014 1362 2069 venit
1389 2010 1455 2067 ad
1487 2011 1706 2067 viduam
1739 2012 1792 2065 in
1823 2011 2109 2079 Sareptam

506 2106 766 2174 Sidoniae,
802 2106 868 2162 ad
908 2106 1171 2177 gentilem
1200 2107 1573 2162 mulierculam
1597 2149 1611 2174 ,
1647 2105 1881 2176 Ilguram
1915 2103 2113 2160 futurae

509 2200 587 2253 rei
611 2199 911 2269 explicans,
931 2198 1057 2268 quia
1088 2209 1394 2269 oecupante
1423 2198 1566 2252 fame
1598 2214 1703 2251 non
1735 2198 1914 2268 panis,
1935 2213 2111 2266 neque

506 2292 596 2348 siti
636 2308 828 2363 aquae,
863 2292 960 2347 sed
990 2291 1135 2346 [ante
1171 2291 1427 2346 audiendi
1455 2306 1766 2346 sermonem
1799 2290 1927 2355 Dei,
1959 2290 2111 2344 venit

508 2384 576 2440 ad
604 2385 843 2448 viduam,
867 2384 937 2439 de
958 2399 1063 2455 qua
1084 2392 1140 2437 et
1162 2382 1426 2453 propheta
1452 2389 1684 2438 testatur
1705 2382 1921 2437 dicens:
1951 2378 2113 2434 Multi

511 2478 611 2549 ﬁlii
640 2477 874 2543 desertw,
906 2478 1071 2550 magis
1098 2494 1255 2548 quam
1282 2481 1397 2550 ejus
1422 2493 1540 2548 qua:
1566 2476 1720 2531 habet
1750 2476 1919 2531 virum
1953 2475 2109 2548 (Isai.

511 2567 648 2641 Liv).
687 2570 896 2623 Etcum
925 2569 1190 2633 venisset,
1216 2583 1408 2637 panem
1437 2569 1582 2625 illius
1608 2578 1665 2624 et
1692 2569 1949 2624 alimenta
1982 2568 2115 2623 mul-

511 2660 741 2729 tiplicat.
777 2660 855 2714 Tu
896 2675 1017 2715 eras
1048 2660 1213 2714 vidua
1258 2660 1312 2715 in
1348 2661 1579 2731 Sarepta
1606 2659 1875 2726 Sidoniac,
1902 2676 1933 2715 e
1959 2660 2115 2730 cujus

511 2751 712 2809 ﬁnibus
737 2752 1046 2808 Chanauma
1092 2752 1288 2808 mulier
1322 2752 1634 2825 egreditur,
1666 2762 1721 2811 et
1752 2754 1901 2825 cupit
1931 2754 2111 2811 sanari

509 2844 679 2903 ﬁliam
701 2860 893 2914 suam,
925 2854 982 2903 et
1010 2854 1236 2915 propter
1262 2844 1423 2909 [idem
1459 2847 1657 2905 meruit
1683 2847 1935 2917 accipere
1967 2845 2111 2917 quod

513 2940 763 3007 petebat.
807 2937 989 2991 Multa:
1034 2952 1166 3008 ergo
1210 2936 1388 2992 vidua:
1415 2948 1573 2993 erant
1606 2943 1658 2993 in
1690 2939 1896 3009 popqu
1921 2939 2110 3006 Israel,

512 3029 609 3089 sed
630 3029 699 3089 ad
723 3018 927 3089 nullam
958 3044 1147 3087 eorum
1174 3030 1377 3085 missus
1397 3041 1482 3089 est
1508 3031 1667 3095 Elias,
1698 3031 1806 3089 nisi
1835 3032 1892 3086 in
1918 3032 2115 3099 Sarep-

514 3122 585 3185 tis
610 3122 676 3178 ad
708 3122 991 3185 mulierem
1031 3123 1271 3183 viduam.
1299 3123 1409 3183 Sed
1451 3132 1509 3181 et
1550 3124 1697 3182 aliud
1729 3125 1810 3182 ad
1857 3126 2113 3185 eumdem
2141 3125 2185 3185 ὗ

508 3232 733 3275 sensum
773 3218 1056 3289 pertinens
1100 3218 1378 3289 loquitur:
1416 3217 1573 3275 Multi
1623 3230 1772 3275 erant
1823 3221 2015 3292 leprosi
2062 3221 2118 3275 in

502 3310 677 3371 Israel
697 3312 751 3371 in
775 3312 957 3368 diebus
984 3311 1161 3367 Elismi
1192 3312 1545 3383 prophetia,“
1572 3330 1723 3371 nemo
1753 3330 1931 3371 eorum
1960 3333 2116 3371 utsin-

512 3403 668 3461 datus
693 3411 770 3463 est
797 3403 901 3461 nisi
932 3402 1178 3459 Naaman
1208 3404 1398 3475 Syrus,
1426 3404 1517 3473 qui
1547 3406 1732 3474 utique
1759 3420 1868 3461 non
1901 3415 2021 3465 erat
2048 3423 2117 3463 ex

511 3495 704 3552 lsrael.
737 3493 1046 3551 Considera
1079 3511 1251 3566 usque
1270 3496 1338 3553 ad
1367 3508 1699 3566 praesentem
1730 3498 1876 3554 diem
1915 3500 2117 3557 multos

513 3591 767 3665 leprosos
794 3591 847 3647 in
869 3591 1034 3649 Israel
1062 3591 1364 3657 secundum
1394 3606 1638 3661 carnem,
1655 3592 1777 3649 vide
1802 3594 2116 3649 econtt‘ario

509 3686 683 3757 lepra:
709 3685 965 3756 squalore
993 3683 1268 3752 perfusos,
1295 3694 1322 3727 ⁸
1343 3696 1508 3756 atque
1531 3686 1764 3756 spiritali
1793 3687 1990 3742 Elissac
2010 3688 2118 3743 Do-

516 3778 667 3835 mino
691 3787 882 3835 nostro
903 3786 960 3835 et
984 3778 1297 3844 Saivatore,
1326 3785 1379 3839 te
1399 3789 1579 3837 autem
1610 3782 1830 3850 purgari
1858 3780 2117 3851 baptismi

518 3880 889 3937 sacramento,
905 3877 963 3927 et
986 3868 1095 3925 dici
1120 3869 1186 3925 ad
1212 3878 1290 3926 te:
1318 3869 1486 3942 Surge
1508 3882 1553 3926 et
1574 3872 1702 3926 vade
1728 3872 1782 3927 in
1800 3870 2110 3942 Iordanem,

512 3972 561 4019 et
590 3963 786 4031 lauare,
811 3974 860 4018 et
886 3964 1185 4025 restituetur
1213 3963 1303 4019 tibi
1331 3979 1455 4021 cara
1475 3974 1563 4021 tua
1592 3964 1682 4033 (IV
1711 3963 1845 4040 Reg.
1873 3966 1950 4037 v).
1982 3965 2116 4023 Sur-

518 4055 662 4111 rexit
688 4053 926 4113 Naaman
949 4064 1006 4111 et
1031 4055 1185 4123 abiit,
1214 4066 1270 4115 et
1295 4056 1506 4114 locutus
1527 4056 1769 4128 implevit
1793 4059 2113 4131 mysterium

516 4146 794 4218 baptismi,
825 4156 883 4204 et
913 4147 1050 4207 facta
1075 4156 1157 4207 est
1182 4163 1313 4207 caro
1342 4147 1459 4218 ejus
1488 4150 1641 4219 quasi
1664 4164 1790 4207 caro
1819 4152 1995 4220 pueri,
2022 4152 2115 4221 qui

518 4239 575 4295 in
625 4242 843 4299 lavacro
890 4241 1328 4311 regenerationis
1375 4250 1529 4299 ortus
1574 4242 1737 4297 fuerit
1787 4242 1840 4301 in
1894 4243 2115 4301 Christo

513 4332 665 4395 Iesu.
695 4332 799 4393 Cui
835 4341 921 4391 est
959 4332 1132 4405 gloria
1166 4343 1223 4393 et
1251 4334 1541 4406 imperium
1572 4335 1626 4391 ia
1654 4335 1856 4394 male
1885 4338 2115 4397 seculo.

516 4443 660 4497 rum.
693 4426 893 4489 Amen.

1008 4520 1295 4581 HOMILIA
1336 4520 1560 4581 XXXIV
1590 4520 1643 4578 δ.

514 4623 593 4685 De
618 4640 688 4701 eo
712 4625 854 4695 quod
880 4626 1146 4696 scriptura
1168 4635 1301 4701 rest:
1331 4625 1603 4701 Magister,
1621 4628 1751 4701 guid
1770 4626 1892 4701 belli
1912 4627 2109 4697 faciens

585 4698 743 4755 vitam
769 4707 1016 4754 (sternam
1037 4698 1309 4770 passidebo
1324 4700 1349 4752 ?
1372 4697 1545 4768 usque
1569 4697 1647 4759 ad
1659 4714 1781 4761 eum
1813 4697 1992 4757 locum
2016 4701 2110 4763 ubi

583 4770 658 4825 ait
685 4788 700 4826 :
745 4768 883 4825 Vade
910 4779 957 4824 et
988 4781 1044 4828 tu
1070 4772 1156 4842 {ac
1179 4768 1436 4825 similiter.

582 4894 718 4957 Cum
766 4894 938 4951 multa
967 4893 1022 4955 in
1053 4892 1172 4965 lcge
1218 4902 1493 4965 praecepta
1538 4895 1683 4961 sint,
1731 4895 1847 4952 haec
1891 4902 2107 4954 tantum

510 4991 764 5051 Salvator
784 4991 838 5045 in
862 4988 1160 5062 Evangelia
1182 4990 1360 5062 posuit
1382 5006 1507 5061 qua:
1524 4989 1760 5062 quodam
1784 4992 2109 5061 compendio

583 5155 610 5184 ι
637 5145 748 5201 Aut
774 5143 967 5221 absque
1000 5145 1287 5221 legendum
1319 5152 1403 5199 est
1422 5185 1436 5208 ,
1488 5158 1586 5212 pro
1614 5153 1983 5221 atque.._seusu
2014 5155 2100 5221 ut-

511 5230 750 5285 cumque
787 5231 894 5269 non
935 5216 1307 5279 incommodo,
1348 5225 1441 5268 aut
1478 5222 1629 5269 certe
1669 5216 1888 5272 mutilus
1916 5218 2100 5275 verbis

514 5285 725 5357 aliquot
753 5287 957 5341 misere
990 5287 1331 5342 detrancatis
1360 5285 1446 5340 hic
1477 5294 1659 5341 textus
1685 5298 1791 5341 est.

577 5356 935 5423 opma-gmw
968 5357 1054 5413 ha,
1091 5359 1494 5425 subsequente:
1522 5370 1623 5428 eos
1655 5356 1895 5415 homiiite
1918 5404 1932 5428 ,
1976 5375 2105 5417 cum

511 5430 890 5485 continuatum
922 5430 973 5484 in
1005 5428 1389 5499 superioribus
1415 5426 1663 5499 ordinent
1707 5444 1816 5495 non
1860 5426 2105 5499 teneant.

516 5501 806 5555 manifesto
846 5513 906 5553 se
953 5496 1188 5568 produnt
1226 5514 1255 5553 a
1287 5497 1484 5569 majori
1529 5496 1806 5555 detractas
1856 5496 2106 5557 honiilial

512 5586 659 5635 rem,
690 5585 829 5642 quas
857 5569 1217 5642 Adamantius
1241 5569 1669 5642 elucuhreverit,
1699 5570 2107 5642 numero.__lp4se

514 5638 725 5709 auctor;
748 5640 894 5709 quod
920 5648 977 5699 et
1001 5643 1075 5701 ei.
1108 5641 1335 5703 Hostius
1352 5638 1766 5707 animadvertit,
1791 5649 1938 5698 tonso
1958 5639 2101 5707 XIII,

516 5707 857 5771 inluminent
884 5712 1077 5791 plures
1102 5710 1224 5768 istis
1256 5710 1477 5787 triginta
1506 5723 1701 5767 novem
1721 5749 1738 5779 ,
1770 5725 1891 5781 quas
1918 5725 2107 5780 super-

2214 1838 2369 1884 vator
2405 1844 2574 1901 super
2603 1830 2689 1886 his
2723 1838 2954 1885 testatus
2981 1838 3071 1885 est
3096 1828 3287 1883 dicens
3322 1844 3337 1885 :
3380 1825 3447 1881 In
3484 1825 3570 1881 Itis
3608 1824 3814 1880 duobus

2212 1923 2476 1977 mandatis
2516 1932 2622 1979 tota
2662 1922 2773 1978 Lex
2800 1922 2988 1994 pendet
3024 1930 3077 1976 et
3118 1919 3397 1989 Prophette
3426 1918 3606 1989 (Matt.
3636 1918 3808 1986 nu).

2212 2013 2447 2070 Valente
2473 2023 2657 2070 autem
2683 2014 2913 2073 doctore
2935 2012 3073 2083 legis
3097 2011 3403 2081 justitlcare
3429 2010 3813 2079 semetipsum,

2213 2115 2271 2162 et
2300 2107 2595 2163 ostendere
2624 2107 2768 2178 quod
2802 2121 2965 2161 nemo
2994 2105 3098 2161 sibi
3125 2114 3271 2160 esset
3305 2103 3587 2174 proximus
3606 2142 3620 2165 ,
3646 2111 3815 2172 atque

2213 2197 2474 2253 dicente:
2512 2197 2643 2265 Quis
2685 2207 2758 2250 est
2790 2196 3055 2269 proximus
3098 2193 3288 2248 meus?
3324 2192 3507 2248 intulit
3544 2190 3813 2247 Dominus

2216 2290 2566 2362 parabolam,
2621 2291 2779 2359 cujus
2832 2288 3127 2344 exordium
3183 2295 3269 2341 est
3310 2301 3324 2339 ε
3376 2284 3550 2339 Homo
3599 2283 3813 2353 quidam

2213 2364 2558 2438 descendebat
2584 2382 2650 2443 de
2677 2380 2970 2437 Jerusalem
2997 2380 3051 2434 iu
3078 2379 3291 2441 Iericho
3318 2375 3475 2448 (ιη.
3507 2374 3607 2448 x).
3638 2385 3694 2430 et
3723 2389 3813 2429 [‘69

2213 2477 2360 2547 liqua
2387 2493 2401 2529 :
2433 2484 2488 2530 et
2511 2475 2676 2533 docet
2703 2474 2905 2529 nullius
2928 2475 3101 2528 fuisse
3130 2470 3440 2543 proximum
3469 2466 3817 2537 descendens

2216 2579 2358 2637 tem,
2391 2570 2493 2625 nisi
2526 2569 2673 2623 illius
2715 2569 2809 2640 qui
2841 2567 3077 2623 voluerit
3107 2565 3388 2621 custodire
3416 2570 3724 2633 praecepta,
3756 2568 3816 2617 et

2216 2676 2527 2732 praeparare
2574 2676 2668 2728 se,
2718 2670 2779 2715 ut
2829 2660 2901 2715 sit
2946 2657 3226 2728 proximus
3264 2652 3623 2727 διον-351)
3661 2651 3814 2707 omni

2218 2755 2427 2811 homini
2460 2756 2552 2826 qui
2590 2756 2800 2810 auxilio
2833 2753 3057 2825 indiget.
3090 2751 3205 2807 Hoc
3230 2750 3376 2807 enim
3409 2757 3493 2804 est
3520 2747 3663 2819 quod
3689 2754 3815 2817 post

2220 2850 2538 2920 parabolam
2565 2849 2618 2903 in
2647 2849 2754 2903 line
2778 2846 3022 2917 ponitur.
3047 2845 3181 2912 Quis
3201 2844 3273 2901 de
3295 2843 3382 2900 his
3404 2843 3580 2897 tribus
3602 2841 3816 2896 videtur

2216 2944 2311 2998 tibi
2341 2942 2625 3013 proximus
2655 2956 2778 2997 esse
2814 2940 2934 3010 ejus
2961 2940 3051 3010 qui
3083 2940 3137 2994 in
3168 2938 3409 2999 latrones
3441 2936 3662 2992 incidit?
3692 2934 3808 2991 Nec

2216 3038 2361 3091 enim
2388 3036 2674 3100 sacerdos,
2712 3050 2813 3090 nec
2845 3033 3064 3088 Levites
3110 3030 3344 3103 proximi
3386 3031 3504 3101 ejus
3545 3029 3813 3087 luerunt:

2220 3127 2315 3183 sed
2335 3169 2349 3191 ,
2384 3137 2443 3183 ut
2473 3128 2588 3198 ipse
2626 3142 2843 3197 quoque
2868 3126 3007 3197 legis
3035 3126 3230 3182 doctor
3252 3123 3566 3194 respondit,
3599 3123 3691 3179 ille
3719 3121 3813 3194 qui

2220 3223 2349 3277 fecit
2380 3221 2848 3286 misericordiam,
2885 3221 3175 3291 proximus
3201 3220 3322 3291 ejus
3363 3217 3483 3274 luit.
3515 3217 3675 3274 Unde
3694 3227 3750 3273 et
3780 3231 3813 3273 a

2218 3314 2504 3380 Salvatore
2542 3313 2766 3381 dicitur,
2802 3312 2973 3381 Vade,
3014 3322 3061 3367 et
3101 3322 3156 3366 tu
3204 3312 3288 3382 [ac
3318 3310 3577 3366 similiter.
3609 3309 3809 3369 Aiebat

2215 3404 2439 3476 quidam
2481 3404 2549 3460 de
2588 3406 2930 3477 presbyteris
2957 3404 3157 3461 volens
3194 3402 3505 3472 parabolant
3545 3401 3817 3471 interpre-

2216 3497 2343 3564 tari,
2376 3496 2654 3551 hominem
2679 3496 2770 3566 qui
2800 3495 3087 3551 descendit
3111 3510 3236 3557 esse
3256 3493 3461 3559 Adam;
3486 3492 3813 3563 Jerusalem,

2216 3591 2566 3660 paradisum;
2609 3589 2864 3654 Iericho,
2899 3589 3197 3654 mundum;
3240 3589 3485 3644 latrones
3510 3586 3815 3643 contrarias

2215 3684 2630 3748 Fortitudines:
2661 3683 3043 3747 sacerdotem,
3087 3683 3330 3755 Legem;
3363 3680 3639 3747 Levitem,
3680 3695 3815 3751 prec

2218 3776 2449 3847 phetas;
2483 3778 2844 3842 Samaritcm,
2888 3775 3169 3833 Christum
3192 3792 3208 3832 :
3235 3777 3465 3830 vulnera
3496 3788 3659 3841 vero,
3694 3773 3818 3831 ino-

2217 3868 2588 3933 bedientiam;
2622 3870 2859 3933 animal,
2888 3882 3091 3941 corpus
3130 3867 3378 3932 Domini;
3413 3863 3807 3935 pandoehium,

2221 3973 2243 4003 ε
2275 3962 2326 4016 id
2356 3971 2475 4031 est,
2506 3962 2803 4027 stabulum,
2830 3962 2976 4032 quod
3005 3961 3292 4019 universos
3313 3959 3563 4012 volentes
3583 3955 3814 4012 introire

2214 4057 2499 4127 suscipiat,
2534 4057 2840 4113 Ecclesium
2875 4054 3246 4124 interpretari.
3274 4052 3446 4107 Porro
3472 4049 3609 4104 duos
3631 4052 3809 4105 dena-

2217 4150 2329 4205 rios
2350 4191 2366 4217 ,
2398 4149 2617 4204 Patrem
2648 4156 2703 4203 et
2728 4147 2925 4203 Filium
2966 4145 3238 4217 intelligi;
3280 4142 3675 4205 stabularium,
3708 4142 3814 4199 εον

2214 4244 2399 4298 elesi:e
2430 4241 2744 4313 praesidem,
2776 4242 2864 4295 cui
2891 4239 3231 4310 dispensatio
3258 4235 3467 4294 credita
3498 4243 3602 4289 est.
3635 4234 3715 4288 De
3743 4249 3814 4291 eo

2218 4350 2354 4392 vero
2380 4334 2526 4405 quod
2556 4335 2854 4390 Samarites
2891 4346 3244 4390 reversurum
3279 4346 3339 4387 se
3362 4345 3489 4389 esse
3516 4327 3807 4400 promittit,

2215 4429 2517 4486 secundum
2555 4428 2862 4484 Salvatoris
2891 4426 3163 4499 ﬁgurabat
3187 4426 3505 4482 adventum.
3532 4422 3661 4478 Haec
3684 4435 3811 4479 eum

2138 4505 2187 4567 D
2216 4522 2617 4578 rationabiliter
2654 4521 2995 4593 pulchreque
3021 4520 3296 4586 dicantur,
3335 4534 3444 4575 non
3489 4526 3577 4574 est
3621 4527 3809 4574 tamen

2213 4615 2638 4671 existimandum
2662 4614 2809 4685 quod
2829 4616 2897 4670 ad
2923 4628 3144 4671 omnem
3174 4613 3449 4668 hominem
3473 4611 3808 4682 pertineant.

2215 4709 2403 4780 Neque
2425 4709 2571 4765 enim
2604 4708 2782 4764 omnis
2806 4713 2970 4763 homo
2994 4706 3282 4762 descendit
3315 4705 3383 4761 de
3412 4704 3720 4761 Ierusalem
3754 4704 3811 4760 in

2214 4802 2466 4869 Jericho,
2502 4816 2604 4858 nec
2633 4802 2880 4857 universi
2908 4808 3204 4871 propterea
3236 4800 3288 4853 in
3318 4799 3575 4869 praesenti
3606 4798 3812 4855 saeculo

2215 4907 2669 4953 commorantur:
2724 4895 2853 4950 licet
2904 4894 2996 4949 ille
3044 4892 3142 4965 qui
3190 4893 3393 4950 missus
3439 4902 3552 4959 est,
3584 4902 3813 4964 propter

2217 4991 2458 5063 perditas
2488 5004 2618 5045 oves
2641 4990 2857 5044 venerit
2879 4989 3076 5044 domus
3107 4988 3300 5045 lsrael.
3330 4988 3507 5045 Homo
3529 4989 3691 5058 igitur
3712 4988 3807 5065 qui

2208 5156 2359 5211 sunt,
2384 5148 2480 5203 abs
2505 5146 2837 5217 Hieronymo
2853 5146 3050 5211 Latine
3067 5147 3321 5215 redditis.
3338 5164 3371 5210 a
3388 5162 3449 5207 se
3473 5147 3639 5205 luisse
3654 5147 3813 5203 adea

2211 5228 2364 5299 natas
2395 5218 2672 5299 declarat,
2702 5232 2825 5299 cum
2856 5219 2964 5299 ait.
2986 5222 3073 5299 γτὰ
3098 5217 3151 5299 δὲ
3187 5224 3313 5299 napi
3337 5228 3441 5299 τῶν
3476 5219 3649 5299 ἔὲατὸν
3675 5240 3809 5297 προς

2214 5291 2382 5367 ϐὁςτων
2417 5288 2563 5361 ἔχεις
2588 5290 2659 5349 εἰς
2686 5289 2778 5349 τὰς
2807 5292 2943 5367 ζατά
2969 5297 3186 5367 Λουκᾷν-
3210 5288 3411 5367 antlia;
3438 5307 3450 5344 ε
3484 5289 3612 5367 ρξιω
3637 5288 3810 5345 “ille”!

2209 5361 2308 5433 ad_
2326 5360 2530 5414 centum
2568 5361 3073 5433 ovesApertinent,“
3098 5360 3252 5417 Iubes
3278 5364 3334 5417 in
3362 5360 3610 5433 [lautitias
3632 5403 3649 5430 ,
3680 5378 3813 5433 quas

2205 5433 2263 5486 in
2282 5430 2926 5511 Lucanteonsqusimys.
2953 5432 3103 5511 Nihil
3127 5433 3274 5511 enim
3300 5431 3409 5489 tals
3436 5435 3491 5488 in
3530 5431 3616 5488 his
3641 5472 3657 5500 ,
3687 5430 3814 5504 qua

2207 5511 2447 5569 exstant,
2476 5501 2730 5559 ilomiliis
2753 5501 2809 5559 in
2834 5502 3038 5563 Lucam
3068 5504 3333 5569 invenias,

2282 5585 2304 5612 ε
2340 5574 2462 5645 Hoc
2492 5585 2709 5645 quoque
2742 5571 3044 5645 profectum
3094 5590 3162 5629 ex
3196 5572 3416 5631 Hieron.
3450 5581 3535 5629 est
3574 5573 3806 5641 calamo,

2207 5644 2365 5732 quod.
2383 5639 2647 5700 stabilem
2676 5639 2870 5697 Latine
2899 5652 3078 5711 sonet,
3106 5645 3246 5707 quod
3281 5645 3333 5701 in
3362 5645 3538 5702 Graec.
3574 5653 3655 5701 est
3681 5639 3809 5701 πανῖ

2208 5734 2436 5788 nexem.
