4044 6340
214 247 329 320 295

799 246 1237 307 TRANSLATIO
1276 245 1711 313 HOMILIARUM
1750 245 1839 303 Oli

1940 242 2077 311 suis
2112 244 2180 313 tu
2224 245 2476 306 LUCAM.
2524 250 2687 311 non.
2728 236 2953 321 XXXV,

3414 240 3525 309 ΞΜ

219 364 290 421 de
312 361 624 423 Jerusalem
656 362 943 423 descendit
969 366 1024 438 in
1056 364 1313 433 Jericbo,
1343 366 1468 437 quia
1497 364 1671 422 voluit
1698 364 1815 434 ipse
1840 362 1895 432 Δ
1919 362 2253 423 seminecem
2276 406 2292 432 ,
2350 364 2557 423 inducit
2614 367 2668 423 in
2716 367 3085 438 pandochium
3109 409 3125 435 ,
3182 365 3235 422 id
3290 374 3369 423 est
3397 407 3412 434 ,
3467 366 3522 425 in

226 456 599 523 descendere,
626 466 919 528 propterea
948 459 1001 515 in
1024 458 1267 517 latrones
1306 458 1522 515 incidit.
1553 458 1821 515 Latrones

220 558 406 604 autem
435 550 567 609 nulli
597 560 727 607 sunt
768 550 901 617 alii,
943 551 1043 606 nisi
1086 550 1156 607 de
1196 549 1394 623 quibus
1424 550 1676 608 Salvator
1704 548 1819 604 ait:

226 643 420 707 Omnes
449 644 539 713 qui
570 652 689 705 ante
707 658 791 699 nte
812 652 1081 709 venerunt,
1106 644 1250 714 fures
1278 646 1488 714 fuerunt
1517 655 1564 698 et
1593 641 1823 703 latrones

222 734 409 809 (Iona.
437 738 520 805 x).
555 734 950 797 Verumtamen
979 750 1088 792 non
1122 735 1313 797 incidit
1344 735 1397 791 in
1430 736 1608 800 fures,
1638 733 1737 792 sed
1768 734 1821 791 in

224 828 397 885 nmlto
422 826 636 887 furibus
657 826 951 897 nequiores
979 827 1246 897 latrOues,
1271 826 1362 897 qui
1388 825 1817 886 descendentem

223 935 350 977 eum
373 919 443 976 de
454 919 762 976 Jerusalem
775 933 897 975 cum
915 919 1200 977 incidisset
1221 919 1275 974 in
1289 918 1827 989 illos,spoliaverunt

224 1025 280 1071 et
310 1015 690 1084 imposuerunt
706 1014 757 1069 ei
788 1014 999 1083 plagas.
1020 1012 1152 1078 Quae
1173 1020 1301 1071 sunt
1322 1012 1536 1085 plagae?
1563 1029 1686 1082 qua:
1708 1012 1827 1071 vul-

226 1122 353 1165 nera
366 1108 566 1179 quibus
579 1107 902 1165 vnlneratus
917 1118 998 1169 est
1016 1107 1208 1162 homo?
1226 1106 1366 1163 Vitia
1383 1114 1555 1176 atque
1580 1115 1823 1177 peccata.

230 1199 433 1257 Deinde
454 1199 580 1271 quia
608 1200 851 1257 latrones
876 1199 966 1270 qui
1000 1199 1338 1267 nudaverant
1359 1214 1516 1264 eum,
1548 1209 1608 1256 et
1632 1199 1827 1255 vulne-

230 1299 512 1356 raverant,
568 1306 677 1347 non
729 1290 977 1349 assident
1026 1291 1203 1358 nudo,
1251 1291 1348 1351 sed
1400 1290 1573 1360 plagis
1640 1305 1830 1347 rursus

230 1383 500 1454 impositis
522 1383 840 1454 relinquunt
855 1397 1003 1450 eum,
1022 1383 1231 1441 idcirco
1251 1383 1512 1453 scriptum
1543 1391 1658 1441 est:
1686 1381 1830 1450 Spo—

233 1479 415 1537 liatus:
440 1480 593 1546 eam,
632 1490 680 1537 st
718 1481 934 1538 vulnera
968 1490 1285 1552 apponam
1312 1481 1581 1546 abierunt,
1612 1495 1675 1535 eo
1718 1493 1830 1534 non

233 1582 465 1637 mortuo,
498 1572 592 1631 sed
620 1574 894 1629 semineee.
910 1573 1134 1630 Factum
1158 1582 1246 1631 est
1264 1582 1451 1631 autem
1481 1572 1607 1637 utin
1633 1570 1831 1627 eadem

232 1666 320 1727 via
350 1666 560 1736 primus
588 1667 849 1724 sacerdos
866 1709 882 1731 ,
928 1666 1130 1723 deinde
1155 1665 1375 1723 Levites
1400 1663 1824 1731 descenderent,

236 1724 613 1831 1lilli'l'orsitan
641 1760 764 1817 aliis
785 1724 1096 1821 hominibus
1120 1761 1258 1816 bona
1278 1759 1529 1829 quasdam
1553 1724 1822 1821 fecerant,
1859 1724 1910 1789 Β

231 1866 343 1908 non
383 1861 561 1907 tamen
595 1851 754 1915 huic,
792 1851 883 1921 qui
921 1850 1282 1911 deécenderat
1318 1851 1388 1905 ab
1416 1849 1722 1907 Jerusalem
1764 1847 1822 1905 in

232 1944 473 2005 Jcricho.
509 1944 667 2000 Hunc
697 1945 844 2001 enim
877 1944 1012 2001 vidit
1037 1945 1317 2011 sacerdos,
1362 1953 1492 2013 puto
1522 1943 1634 1999 Lex
1663 1942 1833 1999 vidit:

236 2038 482 2103 Lavites,
514 2046 574 2095 ut
601 2053 749 2104 reor,
776 2052 960 2093 sermo
988 2037 1364 2107 propheticus.
1400 2037 1466 2094 Et
1500 2051 1627 2094 eum
1659 2035 1835 2091 vidis-.-

236 2139 361 2187 sent
394 2130 766 2200 reliquerunt,
812 2139 868 2189 et
915 2129 1272 2191 transierunt.
1323 2130 1589 2187 Servabat
1628 2127 1839 2200 quippe

236 2223 567 2279 seminecem
616 2221 956 2292 providentia
1004 2222 1054 2278 ei
1084 2223 1177 2291 qui
1222 2222 1417 2281 fortior
1456 2232 1583 2279 erat
1612 2221 1757 2292 Lege
1782 2230 1841 2277 et

238 2315 545 2387 Prophetis,
585 2317 935 2375 Samaritana
971 2316 1253 2383 videlicet,
1292 2319 1386 2388 qui
1437 2318 1838 2386 interpretatur

243 2416 435 2464 castos.
490 2408 601 2466 iste
653 2416 737 2468 est
783 2408 876 2479 qui
926 2424 1034 2463 non
1078 2408 1366 2475 dormitat,
1414 2423 1591 2479 neque
1635 2407 1842 2464 dormit

240 2503 554 2561 custodiens
594 2502 800 2559 Israel:
831 2511 1057 2573 propter
1086 2502 1422 2559 seminecem
1453 2500 1732 2572 profectus
1756 2512 1840 2556 est

243 2597 343 2654 iste
377 2597 761 2657 Samaritanus
785 2611 893 2653 non
925 2596 998 2653 de
1016 2596 1326 2653 Jerusalem
1359 2597 1413 2652 in
1435 2596 1842 2660 Jerieho,sicut

242 2688 501 2751 sacerdos
552 2697 611 2745 et
638 2688 824 2745 Levita
867 2687 1207 2745 descendens
1244 2705 1259 2742 :
1301 2696 1400 2743 aut
1442 2688 1488 2744 si
1529 2686 1839 2755 descendit,

248 2779 453 2837 idcirco
490 2779 774 2839 descendit
796 2819 813 2842 ,
848 2789 910 2835 ut
958 2781 1193 2837 salvaret
1230 2779 1641 2849 custodiretque
1671 2778 1843 2835 morie

244 2882 447 2929 turum.
481 2871 563 2927 Ad
585 2887 746 2942 quem
779 2872 945 2928 locuti
968 2880 1099 2928 sunt
1133 2871 1346 2929 Judai:
1376 2872 1748 2929 Samaritanus
1786 2887 1840 2933 ss

247 2976 326 3034 tu,
355 2977 405 3022 et
433 2968 748 3025 dwmanium
778 2966 937 3022 habes
969 2965 1153 3036 (Joaa.
1184 2970 1323 3035 vin).
1351 2966 1454 3035 Qui
1483 2981 1612 3022 cum
1643 2980 1839 3035 negas-

246 3071 333 3119 set
380 3077 442 3119 se
491 3062 696 3118 habere
736 3062 1101 3125 daemonium,
1156 3060 1485 3117 Samaritem
1533 3075 1734 3132 negare
1779 3074 1841 3116 se

249 3155 446 3211 noluit.
476 3154 699 3213 Sciebat
735 3154 883 3215 enim
920 3168 981 3210 se
1019 3154 1324 3211 custodem.
1366 3155 1556 3224 Itaque
1591 3109 1715 3210 gum
1746 3169 1841 3211 ve-
1867 3109 1916 3189 Ω

249 3248 426 3306 nisset
471 3247 541 3303 ad
589 3246 951 3314 seminecem,
979 3257 1037 3303 et
1066 3247 1292 3303 vidisset
1320 3262 1445 3303 eum
1485 3248 1540 3303 in
1582 3262 1684 3303 suo
1712 3262 1842 3303 san-

247 3340 413 3411 guine
453 3340 706 3407 volutari,
752 3342 1015 3399 misertus
1051 3344 1289 3398 accessit
1326 3328 1401 3396 ad
1432 3357 1559 3405 sunt
1600 3353 1659 3395 nt
1687 3342 1845 3398 fieret

251 3432 371 3501 ejus
416 3433 720 3503 proximus.
754 3432 966 3504 Ligavit
991 3434 1247 3500 vulnera,
1278 3433 1480 3489 infudit
1506 3435 1685 3489 oleum
1717 3435 1844 3493 vino

253 3522 507 3589 mixtum,
534 3538 713 3594 neque
739 3523 884 3581 dixit
912 3525 1058 3595 quod
1088 3525 1143 3581 in
1174 3526 1439 3597 propheta
1467 3526 1694 3597 legitur:
1721 3526 1845 3582 Non

251 3624 325 3670 est
350 3617 610 3690 malagma
635 3618 920 3688 imponere,
944 3634 1107 3689 neque
1128 3618 1323 3683 oleum,
1350 3635 1513 3689 ue’jue
1533 3618 1845 3691 alligaturus

253 3706 411 3778 (Isai.
446 3710 506 3781 ι).
543 3710 652 3769 Iste
682 3719 768 3767 est
788 3711 1193 3780 Samaritanus,
1216 3713 1373 3783 cujus
1402 3728 1535 3768 cura
1561 3724 1614 3770 et
1644 3715 1847 3771 auxilio

253 3819 444 3861 omnes
473 3808 567 3877 qui
596 3808 741 3863 male
769 3807 994 3874 habent,
1021 3808 1288 3877 indigent.
1309 3809 1485 3878 llujus
1504 3811 1588 3865 vel
1611 3810 1847 3866 maxime

255 3898 578 3955 Samaritani
627 3899 905 3969 indigebat
943 3902 1152 3957 auxilio
1190 3901 1283 3972 qui
1323 3901 1394 3958 de
1421 3901 1725 3958 Jerusalem
1753 3902 1850 3959 de-

254 3991 528 4050 scendens
554 3992 821 4049 inciderat
846 3993 901 4050 in
925 3993 1194 4055 latrones.
1221 4004 1275 4049 et
1300 3994 1622 4052 vntum-atus
1648 3995 1718 4051 ab
1742 3994 1847 4063 eis,

1925 454 2251 525 Ecclesiam,
2291 473 2414 529 qua:
2453 475 2650 517 omnes
2691 461 2941 531 suscipit,
2995 470 3051 515 et
3090 460 3217 515 nulli
3262 458 3524 515 auxilium

1923 560 2082 603 suum
2131 547 2409 618 denegat,
2465 552 2532 609 ad
2581 566 2745 623 quam
2789 562 3017 609 cunctos
3057 560 3314 621 provocat
3362 550 3525 611 Jesus

1923 638 2115 697 dicens
2151 659 2165 696 :
2200 641 2380 699 Vertite
2406 645 2476 699 ad
2504 662 2585 701 me
2604 689 2618 715 ,
2649 662 2826 701 omnes
2856 646 2947 717 qui
2967 645 3212 703 laboratis
3252 654 3299 700 et
3327 642 3527 699 onerati

1924 735 2084 808 351,
2106 766 2133 777 -
2154 737 2320 810 352
2348 740 2489 806 estis,
2515 748 2564 794 et
2592 756 2685 811 ego
2710 740 2940 811 reﬁciant
2972 755 3060 794 ros
3082 737 3266 808 (Matt.
3301 734 3401 807 at).
3453 735 3523 795 Et

1927 837 2216 898 postquam
2237 829 2609 894 induxiteum,
2629 846 2736 889 non
2751 833 2937 887 statim
2952 831 3182 896 recedit,
3201 829 3294 889 sed
3314 844 3423 883 uno
3439 827 3529 893 die

1927 914 1984 975 in
2005 919 2225 976 stabulo
2248 935 2374 976 cum
2391 920 2672 981 seminece
2688 932 3025 993 perseverat,
3042 930 3100 978 et
3117 931 3273 979 curat
3298 920 3525 976 vulnera

1928 1025 2040 1071 non
2083 1011 2260 1071 solum
2292 1012 2347 1071 in
2400 1014 2513 1082 die,
2548 1030 2738 1073 verum
2768 1015 2929 1070 etiam
2972 1016 3025 1071 in
3059 1024 3237 1079 nocte,
3265 1014 3528 1083 reliquam

1926 1100 2355 1166 sollicitudinem
2384 1117 2539 1159 suam
2559 1114 2614 1163 et
2642 1103 2965 1165 industriam
2985 1104 3256 1163 tribuens.
3284 1105 3530 1174 Cumque

1929 1193 2099 1253 vellet
2142 1210 2300 1255 mane
2334 1197 2606 1265 proficisci
2636 1238 2651 1262 ,
2684 1196 2752 1255 de
2782 1198 3016 1267 probato
3052 1206 3279 1266 argento
3305 1211 3430 1266 suo,
3460 1196 3530 1257 de

1929 1291 2161 1361 probata
2188 1293 2421 1362 pecunia
2452 1306 2554 1349 sua
2587 1292 2732 1350 tollit
2762 1293 2903 1349 duos
2927 1293 3207 1358 denarios,
3255 1302 3305 1347 et
3338 1297 3533 1347 onerat

1930 1384 2323 1449 stabularium,
2358 1385 2503 1445 haud
2530 1385 2758 1443 dubium
2787 1386 2918 1456 quin
2946 1385 3203 1457 angelum
3229 1385 3491 1441 Ecclesia:
3510 1421 3531 1452 ,

1932 1477 2020 1535 cui
2051 1476 2302 1548 praecipit
2331 1486 2390 1534 ut
2417 1476 2717 1548 diligenter
2748 1486 2909 1537 curet
2934 1493 3059 1533 eum
3082 1517 3097 1544 ,
3146 1485 3203 1535 et
3228 1478 3292 1533 ad
3326 1477 3533 1535 sanita-

1938 1582 2050 1629 tem
2098 1586 2270 1642 usquc
2325 1571 2621 1642 perducat,
2666 1587 2827 1642 quem
2857 1588 2955 1643 pro
2985 1573 3237 1642 angustia
3268 1570 3532 1641 temporis

1936 1662 2100 1723 etiam
2133 1665 2250 1733 ipse
2293 1673 2609 1721 curaverat.
2668 1665 2786 1721 Duo
2805 1665 3019 1720 denarii
3054 1665 3248 1721 notitia
3284 1665 3416 1725 mihi
3450 1665 3533 1721 vi.

1939 1756 2098 1813 detur
2145 1772 2269 1813 esse
2313 1757 2495 1813 Patris
2541 1766 2598 1814 et
2643 1756 2789 1824 Filii,
2839 1768 2890 1814 et
2920 1759 3152 1814 scientia
3178 1757 3532 1824 sacramenti,

1937 1848 2214 1920 quomodo
2244 1848 2408 1905 Pater
2438 1849 2491 1906 in
2524 1849 2686 1915 Filio,
2722 1860 2777 1907 ct
2803 1850 2977 1908 Filius
3011 1852 3062 1905 in
3091 1851 3254 1909 Patre
3274 1852 3377 1907 sit:
3399 1860 3421 1887 ο
3444 1850 3537 1916 qni

1938 1942 2077 2010 vult,
2102 1941 2388 1999 mercedes
2415 1942 2691 1999 donantur
2717 1946 2932 2014 angelo,
2961 1957 3021 1998 ut
3042 1943 3359 2013 diligentius
3385 1951 3542 2000 etirct

1937 2033 2333 2092 sibibominem
2358 2034 2830 2101 commendatum,
2855 2045 2910 2092 et
2937 2037 3276 2106 promittitur
3300 2038 3352 2093 ei
3376 2036 3538 2106 quid-

1937 2128 2067 2197 quid
2093 2127 2163 2183 de
2188 2143 2287 2182 suo
2310 2128 2364 2183 in
2400 2129 2670 2185 medelam
2695 2129 2985 2185 seminecis
3011 2130 3358 2199 expenderit,
3391 2129 3538 2189 illico

1940 2236 2067 2281 esse
2114 2221 2481 2278 reddendum.
2527 2222 2669 2279 Vere
2718 2223 2880 2295 [tegis
2921 2233 2972 2280 et
3010 2224 3319 2294 prophetia:
3346 2233 3539 2280 custos

1937 2316 2250 2372 animarum
2299 2318 2405 2373 iste
2443 2316 2700 2384 vicinior,
2742 2319 2835 2390 qui
2868 2319 2995 2379 fecit
3025 2319 3460 2381 misericordiam
3489 2320 3539 2375 ei

1939 2410 2032 2479 qui
2064 2409 2330 2466 inciderat
2358 2411 2412 2465 in
2441 2410 2708 2475 latrones,
2741 2420 2795 2467 et
2822 2412 3102 2480 proximus
3132 2411 3255 2479 ejus
3284 2412 3541 2481 apparuit

1942 2515 2050 2563 non
2082 2510 2191 2557 tam
2219 2517 2479 2558 sermone
2503 2518 2668 2572 quam
2700 2519 2888 2572 opere.
2928 2504 3063 2571 Quia
3109 2518 3241 2573 ergo
3276 2504 3541 2573 possibile

1941 2604 2027 2650 est
2049 2594 2206 2665 juxta
2236 2595 2369 2650 illud
2398 2595 2544 2666 quod
2575 2597 2844 2665 sequitur,
2884 2595 3086 2652 imitari
3113 2609 3213 2651 nos
3237 2592 3540 2664 Christum,

1942 2697 2000 2745 et
2025 2688 2277 2746 misereri
2304 2704 2495 2744 eorum
2524 2689 2617 2760 qui
2650 2688 2954 2745 inciderant
2978 2690 3032 2744 in
3066 2688 3307 2745 latrones
3333 2728 3347 2751 ,
3391 2703 3548 2744 acres

1942 2779 2076 2838 dare
2098 2781 2165 2837 ad
2193 2796 2291 2838 eos
2311 2824 2326 2850 ,
2376 2783 2545 2853 ligare
2563 2783 2817 2851 vulnera,
2853 2782 3143 2838 infundere
3168 2783 3351 2841 oleum
3379 2790 3435 2838 ct
3462 2782 3546 2838 vi.

1945 2888 2100 2941 nunt,
2128 2874 2415 2946 imponere
2442 2890 2609 2945 super
2638 2877 2922 2945 proprium
2942 2875 3247 2946 jumentum
3274 2918 3288 2942 ,
3319 2885 3376 2932 et
3399 2876 3544 2933 ferre

1943 2982 2114 3024 onera
2160 2969 2447 3039 ipsorum;
2499 2980 2789 3040 propterea
2835 2969 2904 3024 ad
2950 2970 3078 3025 talia
3107 2986 3209 3025 nos
3246 2971 3546 3030 cohortans

1947 3060 2122 3117 Filius
2149 3062 2247 3118 Dei
2274 3103 2289 3128 ,
2338 3077 2445 3117 non
2478 3069 2588 3117 tam
2612 3062 2829 3117 doctori
2860 3063 2996 3133 legis
3027 3079 3189 3134 quam
3224 3065 3381 3120 nobis
3411 3080 3549 3135 quoa

1945 3171 2053 3224 que
2077 3156 2330 3215 omnibus
2354 3156 2636 3225 loquitur:
2672 3155 2820 3211 Vade
2847 3165 2895 3211 et
2923 3166 2979 3210 tu
3005 3159 3090 3228 fac
3117 3159 3377 3213 similiter.
3408 3160 3543 3226 Qum

1943 3250 1989 3304 si
2013 3248 2267 3309 similiter
2290 3248 2605 3316 fecerimus,
2654 3250 2820 3304 vitam
2850 3264 3252 3319 consequemur
3274 3260 3546 3308 mternam

1944 3342 1999 3399 in
2030 3340 2255 3398 Christo
2284 3341 2412 3397 Jesu
2441 3386 2457 3412 ,
2508 3341 2598 3397 cui
2637 3352 2722 3397 est
2748 3342 2920 3413 gloria
2952 3352 3009 3398 et
3036 3343 3328 3413 imperium
3357 3346 3411 3402 in
3443 3360 3550 3403 sa:-
3650 3350 3657 3355 ’

1944 3435 2068 3491 eula
2092 3434 2445 3491 anulorum.
2481 3433 2680 3490 Amen.

2470 3544 2756 3601 HOMILIA
2794 3544 3015 3602 XXXV.

1949 3639 2027 3696 De
2054 3654 2121 3695 eo
2151 3639 2296 3710 quod
2327 3639 2590 3710 scriptum
2623 3649 2708 3694 est
2739 3656 2752 3694 :
2786 3639 3007 3707 Quando
3032 3639 3179 3695 vadis
3208 3657 3321 3695 cuin
3362 3642 3547 3697 «deer.

2014 3712 2155 3766 sario
2175 3721 2285 3777 tuo,
2309 3722 2363 3767 et
2392 3719 2610 3776 «ξι-ιαμ,
2642 3725 2816 3782 usque
2844 3711 2911 3765 ad
2938 3727 3063 3767 eum
3092 3713 3274 3767 locum
3303 3713 3391 3770 ubi
3421 3715 3499 3770 ait
3529 3729 3551 3773 ι

2019 3782 2089 3843 Et
2120 3784 2449 3841 uovissirmtnt
2476 3783 2731 3843 minatum
2764 3783 2971 3851 reddes.

2021 3893 2135 3948 Nisi
2161 3904 2306 3951 esset
2336 3894 2492 3949 nobis
2514 3903 2706 3949 natura
2729 3894 2973 3962 insitum,
3002 3895 3052 3953 id
3077 3896 3219 3965 quod
3243 3897 3447 3966 justum
3468 3906 3555 3954 est

1946 3984 2249 4056 iudicandi,
2282 4000 2577 4056 numquam
2600 3984 2853 4042 Salvator
2875 3985 3085 4042 diceret
3116 4005 3131 4042 :
3164 3988 3339 4056 Quare
3356 3998 3554 4058 autem,

254 4085 593 4142 semianimis
632 4087 809 4143 fuerat
844 4087 1168 4144 derelictus.
1206 4088 1276 4153 Ut
1303 4096 1486 4143 autem
1524 4088 1670 4144 scias
1705 4088 1839 4159 quod

1952 4088 2002 4135 et
2022 4097 2057 4133 a
2076 4080 2447 4152 nobismetipsis
2471 4096 2575 4134 non
2603 4080 2746 4151 quod
2764 4082 2968 4152 justum
3000 4091 3074 4136 est
3092 4082 3349 4153 judicatis
3376 4083 3399 4153 (
3419 4083 3554 4142 Luc.

255 4177 412 4247 juxta
450 4179 848 4247 providentiam
890 4182 986 4237 Dei
1020 4181 1322 4239 Samarites
1360 4180 1467 4238 iste
1503 4180 1854 4238 descenderit
1953 4173 2090 4245 an)?
2120 4173 2321 4229 Verum
2350 4190 2419 4229 ne
2442 4173 2508 4228 ad
2540 4173 2920 4242 probationem
2951 4173 3112 4246 hujus
3132 4177 3416 4232 sententia:
3438 4177 3558 4233 lon-

263 4277 325 4323 ut
343 4279 561 4324 curaret
585 4286 708 4326 eum
737 4274 830 4342 qui
860 4273 1127 4329 inciderat
1154 4276 1208 4329 in
1254 4270 1521 4339 latrones,
1559 4274 1853 4332 manifesto
1953 4268 2076 4337 8‘08
2104 4281 2416 4339 evagemur.
2451 4266 2691 4321 ωικίιηθ
2720 4283 2841 4321 ωιτη
2877 4272 3045 4325 mulli
3077 4267 3385 4325 difﬁciliora
3430 4270 3559 4333 huic

259 4361 551 4419 docebcris
596 4380 661 4418 ex
710 4380 776 4418 eo
820 4366 965 4434 quod
1010 4381 1197 4423 secum
1244 4368 1481 4425 habebat
1511 4369 1850 4440 alligaturas,
1956 4360 2193 4430 capitulo
2223 4358 2474 4414 subnexa
2515 4359 2646 4425 sint.
2689 4366 2902 4414 tantum
2928 4360 3195 4431 superbos
3220 4362 3563 4433 significasse

260 4470 452 4512 secum
481 4456 682 4516 oleum,
710 4471 897 4513 secum
925 4458 1136 4515 vinum.
1162 4461 1296 4528 Quae
1322 4463 1542 4531 quidem
1571 4477 1674 4533 ego
1702 4471 1839 4532 puto,

1956 4450 2210 4507 suttlciet.
2238 4451 2381 4519 Quin
2413 4450 2591 4520 potius
2619 4451 2926 4507 animarum
2957 4463 3265 4510 nostrarum
3292 4456 3357 4511 ad
3387 4455 3560 4513 Deum

263 4566 376 4607 non
421 4558 647 4621 propter
688 4551 852 4607 istum
894 4568 1062 4608 unum
1105 4555 1461 4625 seminecem,
1504 4558 1599 4614 sed
1627 4566 1855 4629 propter
1879 4542 1933 4573 ⁴⁴
1958 4543 2074 4598 vela
2117 4542 2444 4612 pandemus,
2473 4542 2947 4615 deprecemurque
2972 4546 3262 4603 adventum
3290 4549 3563 4607 sermonis

260 4645 406 4703 alios
435 4659 652 4715 quoque
680 4646 771 4717 qui
802 4643 874 4699 ob
898 4646 1076 4700 varias
1100 4661 1293 4702 causas
1318 4647 1533 4704 fuerant
1558 4649 1851 4718 vulnerati,
1960 4635 2083 4706 θὶιιδ
2103 4680 2116 4702 ν
2150 4645 2208 4694 ιιι
2238 4636 2628 4706 ίηιθτρινοιθιιιν
2657 4637 2969 4705 Ρθνθδοίωη
2999 4638 3069 4693 de
3104 4655 3210 4710 (illa
3253 4641 3513 4697 scribitur
3541 4659 3561 4711 t

259 4746 317 4793 et
367 4736 685 4807 indigebant
731 4736 1064 4807 alligatoris,
1095 4748 1149 4793 et
1182 4738 1328 4804 oleo,
1375 4749 1433 4795 et
1454 4741 1621 4807 vino,
1668 4755 1854 4797 secum
1963 4729 2190 4796 ρκαηάο
2217 4729 2363 4784 add“
2400 4744 2519 4783 ευηι
2550 4729 2858 4785 αάνθηατίο
2875 4741 2978 4785 λυο
3028 4733 3098 4786 ad
3141 4736 3462 4807 ρνίηοῑρεηι,
3509 4738 3566 4793 in

261 4839 517 4901 portasse
566 4830 913 4887 Samaritem.
948 4829 1198 4885 Habebat
1246 4831 1429 4887 oleum
1472 4833 1543 4889 de
1585 4848 1693 4905 quo
1723 4833 1860 4888 seri-
1963 4828 2049 4881 eia
2074 4826 2145 4881 da
2175 4841 2386 4895 operam
2406 4865 2420 4887 ο
2452 4830 2507 4877 αι
2547 4823 2733 4877 ίίίθενθδ
2763 4835 2812 4879 ἐ
2855 4826 2920 4877 αθ
2947 4841 3028 4891 σοι
3059 4842 3121 4879 ηε
3151 4828 3283 4893 forte
3313 4829 3488 4883 "add!
3517 4839 3566 4886 ιι

262 4933 413 4994 ptum
440 4933 558 4979 est:
586 4922 655 4980 Ut
675 4924 931 4981 euitare:
954 4926 1145 4995 faciem
1173 4925 1227 4980 in
1251 4925 1365 4981 oleo
1394 4924 1565 4995 (Psal.
1591 4927 1686 4999 n);
1714 4926 1839 4984 haut

1954 4918 2149 4991 judici,
2178 4926 2229 4973 et
2249 4916 2420 4991 judea:
2449 4916 2624 4970 tradat
2647 4925 2696 4969 te
2723 4916 2978 4981 exactwi,
3012 4920 3136 4971 etin
3162 4935 3419 4977 carcerem
3443 4921 3567 4974 mit.

261 5017 488 5072 dubium
539 5016 670 5088 quin
719 5019 838 5087 ejus
887 5017 979 5088 qui
1027 5026 1253 5077 curatus
1284 5018 1483 5085 fuerat,
1537 5019 1666 5076 oleo
1694 5019 1859 5077 etiam
1962 5015 2108 5068 laris.
2134 5011 2299 5066 Amen
2319 5010 2437 5064 dico
2459 5007 2570 5077 tibi,
2596 5025 2702 5063 non
2722 5007 2848 5063 inde
2862 5011 3023 5073 exies,
3042 5009 3208 5067 donec
3230 5012 3567 5069 novissimum

266 5120 508 5167 tumores
537 5112 823 5173 vulnerum
857 5110 1207 5168 sedarentur.
1242 5111 1348 5169 Sed
1380 5119 1436 5171 et
1463 5112 1591 5169 vino
1638 5111 1865 5169 mundat
1966 5112 2226 5163 minulum
2252 5105 2439 5166 reddas
2466 5101 2739 5176 (Ibidem).
2769 5101 3014 5171 Quatuor
3036 5118 3298 5173 personas
3331 5104 3456 5174 poni
3484 5106 3569 5160 vi-

264 5203 524 5271 vulnera.
568 5204 883 5273 asperitatis
940 5203 1141 5275 aliquid
1194 5204 1515 5265 admiscens
1558 5223 1568 5257 :
1625 5218 1864 5272 euntque
1967 5199 2094 5267 deo,
2125 5196 2445 5264 adversarii,
2474 5194 2759 5270 principis,
2791 5194 3014 5267 judicis,
3042 5196 3336 5265 praetoris,
3367 5209 3419 5257 et
3445 5197 3572 5271 quia

264 5294 357 5365 qui
394 5296 573 5353 fuerat
622 5296 941 5351 vulneratus
998 5295 1260 5365 imposuit
1313 5295 1603 5365 jumento,
1659 5293 1712 5349 id
1756 5301 1863 5365 est,
1969 5290 2184 5347 videtur
2204 5290 2549 5359 evangelista
2592 5288 2879 5343 Mattlimus
2908 5288 3089 5343 simile
3115 5288 3244 5356 quid
3276 5288 3488 5347 locutus
3518 5288 3573 5344 in

267 5388 486 5459 proprio
529 5390 774 5459 corpori,
818 5388 973 5457 juxta
1021 5387 1074 5446 id
1117 5388 1260 5462 quod
1303 5397 1412 5457 est,
1461 5386 1738 5445 hominem
1778 5388 1865 5442 di-
1972 5399 2039 5440 eo
2061 5382 2205 5467 quod
2234 5381 2355 5437 ait:
2386 5381 2516 5436 Esto
2543 5381 2815 5445 benerolus
2838 5380 3139 5437 aduersario
3168 5389 3258 5436 tuo
3289 5381 3410 5435 dum
3441 5396 3494 5434 es
3521 5382 3577 5435 in

261 5488 463 5550 gnatus
511 5494 809 5541 assumere.
847 5479 953 5539 Iste
1001 5478 1385 5541 Samaritanus
1422 5487 1647 5548 peccata
1681 5489 1866 5541 nostra
1974 5478 2056 5535 via
2084 5493 2201 5533 cuin
2229 5490 2310 5543 eo,
2340 5488 2528 5546 quaero
2553 5486 2736 5533 utrum
2767 5473 2909 5533 idem
2941 5487 3134 5533 sensus
3164 5474 3265 5542 sit,
3298 5487 3365 5539 an
3390 5472 3576 5544 aliqua

265 5577 444 5640 portat
506 5568 694 5644 (Iani.
737 5570 896 5641 tut).
944 5581 1005 5631 et
1063 5584 1166 5642 pro
1223 5570 1383 5634 nobis
1436 5568 1625 5634 dolet,
1688 5577 1869 5640 portat
1976 5570 2049 5627 sit
2075 5569 2309 5635 vicinia,
2348 5566 2619 5638 siquidem
2650 5567 2796 5637 apud
2842 5565 3153 5631 “ultimum
3198 5581 3302 5631 una
3342 5581 3578 5637 persona

338 5693 366 5722 ι
406 5683 612 5763 Malim,
647 5692 707 5737 ut
730 5697 927 5763 sensus
955 5690 1194 5763 constet,
1222 5680 1465 5763 voculas,
1510 5678 1601 5749 qui
1629 5679 1758 5749 vicit,
1794 5677 1997 5738 induci.
2030 5680 2249 5759 Legeris
2277 5694 2399 5739 cum
2434 5677 2517 5745 De
2544 5678 2618 5747 La
2671 5681 2788 5745 Bue
2826 5681 3079 5763 Origenis
3112 5681 3336 5739 Editore
3376 5682 3575 5738 (lunone

268 5764 353 5810 tur
385 5769 485 5826 pro
509 5755 804 5820 detramur,
839 5760 895 5808 ct
924 5752 1071 5809 salva
1100 5768 1193 5810 res
1221 5751 1353 5809 erit.
