4044 6336
498 278 610 335 295

1743 265 1804 322 S.
1847 261 2117 322 EUSEBII
2156 260 2546 318 HIERONYMI

3691 265 3801 324 296

498 387 872 457 praetermissa
901 385 1002 449 sit,
1031 391 1084 438 et
1116 381 1217 434 alia
1250 379 1553 433 immutata.
1582 375 1989 431 Praztermissus
2017 383 2099 429 est
2124 381 2175 437 Α
2204 374 2275 427 ita
2309 373 2552 443 intellige
2593 380 2650 428 et
2678 372 2746 427 de
2777 373 3007 443 angelis.
3049 373 3354 444 Ignominia
3399 379 3592 450 angelo
3629 389 3715 436 est
3753 383 3798 436 si

504 479 786 549 princeps,
815 489 870 532 et
901 489 995 544 pro
1022 483 1279 527 exactore
1321 469 1567 523 minister
1599 469 1834 522 insertus
1861 484 1874 519 :
1905 466 2098 520 advcr-

505 572 684 626 sarius
703 584 832 624 vero
862 578 916 622 et
935 565 1106 634 judex
1136 563 1390 618 similiter
1423 563 1493 615 ab
1515 571 1742 630 utroque
1766 569 1893 613 sunt
1912 556 2097 627 positi.

504 661 651 718 Imus
676 661 856 730 itaque
883 672 1006 713 cum
1037 655 1356 711 adversario
1382 664 1577 709 nostro
1603 653 1669 706 ad
1698 652 2020 720 principem,
2047 659 2102 703 et

498 763 720 826 oportet
750 769 869 818 nos,
895 753 1025 808 dum
1053 750 1232 806 adhuc
1257 750 1310 804 in
1340 749 1425 803 via
1453 762 1664 813 sumus,
1697 746 1910 802 fortiter
1933 744 2101 800 labo-

495 865 661 916 rare,
723 856 780 903 ut
834 847 1133 904 liberemur
1182 845 1251 899 ab
1303 858 1392 900 eo.
1463 842 1728 911 Quoniam
1787 839 2096 908 ambiguum

499 953 527 985 ιι
555 943 755 1015 quippe
793 941 1020 996 verbum
1069 948 1188 1004 est,
1234 947 1290 993 et
1320 945 1500 1007 potest
1543 944 1652 990 tam
1700 936 1766 989 ad
1799 934 2096 1004 principem

495 1050 659 1108 quam
703 1033 1098 1097 adversarium,
1127 1029 1322 1086 referri
1352 1046 1366 1083 :
1403 1029 1485 1083 Ne
1513 1029 1650 1099 forte
1678 1027 1852 1082 tradat
1882 1036 1949 1090 te,
1984 1027 2098 1082 sive

494 1128 866 1194 adversarius,
897 1127 1015 1182 sive
1042 1124 1327 1196 princeps,
1351 1121 1542 1193 judici,
1571 1130 1616 1174 et
1642 1120 1811 1193 judea:
1839 1117 2012 1173 tradat
2051 1129 2100 1173 te

491 1223 721 1280 exactori
741 1263 756 1287 ,
788 1231 835 1276 et
865 1236 968 1274 non
1010 1218 1130 1273 inde
1159 1219 1325 1279 exies,
1354 1215 1516 1270 donec
1542 1213 1876 1268 novissimum
1899 1209 1925 1248 δ
1957 1225 2095 1264 neu-

493 1324 635 1372 trum
663 1312 861 1370 reddas
900 1330 914 1365 :
953 1327 1054 1382 pro
1093 1326 1200 1382 quo
1229 1308 1511 1364 Matthaeus
1541 1308 1618 1360 ait
1648 1324 1662 1361 :
1693 1304 1870 1359 Donec
1907 1305 2096 1358 reddas

493 1407 829 1463 novissimum
856 1403 1202 1475 quadrantem
1233 1402 1252 1472 (
1279 1399 1434 1454 Matt.
1469 1397 1546 1470 v).
1572 1397 1811 1453 Verbum
1842 1410 1973 1450 vero
2002 1411 2097 1448 no-

493 1499 760 1554 rissimum
808 1506 1038 1566 uterque
1081 1493 1270 1550 scribit
1317 1511 1330 1547 :
1381 1492 1694 1561 discrepare
1741 1498 1922 1544 autem
1970 1497 2097 1544 sunt

496 1592 640 1658 visi,
671 1590 813 1662 quod
858 1589 944 1646 hic
986 1587 1380 1660 quadrantem,
1419 1586 1510 1641 ille
1553 1586 1815 1640 minutum
1863 1582 2044 1654 posuit
2079 1600 2092 1634 :

493 1683 743 1756 quaedam
776 1680 908 1736 mihi
931 1689 1058 1735 sunt
1087 1678 1387 1734 secretiora
1418 1677 1708 1747 tangenda,
1736 1686 1795 1730 ut
1827 1675 2091 1745 intelliga-

2207 467 2372 521 homo
2396 467 2578 536 justus
2608 466 2848 522 creditus
2871 465 3061 534 fuerit,
3095 477 3150 522 et
3177 472 3485 537 pet-caverit
3515 489 3530 526 :
3560 481 3618 528 ut
3634 488 3800 530 econ-

2207 563 2376 616 trario
2406 562 2576 631 gloria
2607 569 2692 615 est
2718 563 2914 631 angelo
2943 564 2988 616 si
3015 561 3254 617 creditus
3278 563 3380 618 sibi
3410 565 3607 620 saltem
3637 567 3799 622 mitti—

2207 671 2327 709 mus
2377 654 2430 709 in
2486 655 2729 710 Ecclesia
2776 655 2958 710 fuerit.
3017 655 3292 712 Videbunt
3338 657 3483 712 enim
3544 674 3650 713 non
3703 660 3802 716 ali-

2203 745 2452 816 quando,
2482 745 2576 801 sed
2608 762 2844 817 semper,
2873 745 3066 802 faciem
3097 746 3276 820 Patris
3302 749 3395 818 qui
3425 761 3510 804 est
3539 750 3594 804 in
3622 752 3798 820 ctelis,

2205 854 2327 894 cum
2369 839 2463 912 alii
2509 854 2729 909 semper
2765 855 2873 893 non
2901 838 3140 893 videant.
3185 839 3499 896 Secundum
3547 845 3797 901 meritum

2205 932 2348 986 enim
2390 947 2579 987 eorum
2621 948 2854 1003 quorum
2888 933 3065 1002 angeli
3111 942 3272 999 sunt,
3305 945 3396 988 aut
3439 951 3676 1007 semper,
3709 949 3802 993 aut

2205 1041 2532 1095 numquam,
2562 1025 2645 1080 vel
2677 1041 2899 1096 parum,
2930 1026 3010 1081 vel
3047 1027 3199 1096 plus,
3250 1027 3441 1083 faciem
3484 1028 3578 1084 Dei
3625 1033 3800 1102 angeli

2203 1117 2738 1184 contemplabuntur.
2776 1116 2948 1187 Cujus
2995 1118 3075 1173 rei
3127 1118 3194 1172 ad
3243 1119 3508 1190 liquidum
3549 1123 3796 1179 notitiam

2205 1209 2348 1265 Deus
2379 1211 2616 1276 noverit,
2646 1219 2700 1266 et
2730 1210 2775 1265 si
2801 1210 2967 1282 quis(
2997 1211 3126 1266 licet
3153 1212 3314 1283 raro)
3342 1212 3506 1270 fuerit
3547 1216 3799 1273 inventus

2201 1317 2364 1372 quem
2410 1301 2660 1358 Christus
2713 1303 2981 1358 illuxerit.
3033 1304 3327 1361 Videamus
3379 1323 3507 1378 ergo
3564 1310 3796 1378 primum

2202 1397 2327 1465 quis
2355 1395 2423 1449 sit
2453 1396 2803 1451 adversarius
2840 1410 2965 1450 cum
2987 1410 3096 1466 quo
3127 1397 3228 1451 iter
3258 1397 3535 1454 faciamus.
3567 1399 3798 1470 Semper

2202 1489 2483 1543 nobiscum
2507 1499 2590 1542 est
2616 1488 2985 1544 adversarius.
3014 1489 3265 1546 Infelices
3291 1504 3413 1557 nos,
3444 1502 3606 1563 atque
3631 1493 3798 1548 mise-

2200 1579 2423 1634 rabiles.
2472 1578 2936 1650 Quotiescumque
2967 1581 3409 1649 peccaverinzus,
3445 1582 3795 1638 adversarius

2199 1683 2391 1727 noster
2433 1672 2707 1735 exsultat,
2751 1674 2932 1728 sciens
2974 1672 3231 1744 quoniam
3279 1673 3440 1730 habet
3486 1675 3794 1732 facultatem

494 1791 616 1832 mus
641 1775 809 1830 alium
838 1788 960 1828 esse
986 1771 1382 1837 adversarium,
1416 1770 1552 1823 alias
1581 1778 1692 1823 tres
1723 1781 2014 1838 personas,
2042 1765 2091 1819 id
2123 1771 2172 1832 Β
2199 1765 2340 1834 apud
2385 1764 2684 1836 principem
2714 1766 2901 1822 saeculi
2930 1767 3124 1838 hujus,
3156 1769 3246 1839 qui
3277 1784 3337 1824 se
3363 1770 3587 1844 miserat
3615 1771 3799 1826 exsul-

492 1880 572 1927 est
595 1914 610 1938 ,
641 1866 940 1939 principem
965 1910 980 1934 ,
1007 1863 1255 1934 judicem
1279 1904 1293 1929 ,
1335 1869 1674 1917 exactorem.
1707 1859 1966 1930 Legimus
1994 1863 2014 1929 (
2045 1858 2089 1912 si

490 1969 673 2017 tamen
718 1959 806 2014 cui
852 1958 1036 2027 placet
1074 1954 1383 2026 hujnsmodi
1427 1953 1766 2023 Scripturam
1801 1950 2088 2022 recipere)

486 2050 718 2124 justitite
749 2059 809 2106 et
838 2047 1140 2118 iniquitatis
1179 2047 1408 2118 angelos
1439 2060 1603 2116 super
1647 2043 1883 2100 Abrahae
1911 2045 2090 2099 salute

485 2155 543 2204 et
581 2145 801 2201 interitu
843 2143 1246 2212 disceptantes,
1280 2140 1407 2195 dum
1454 2145 1700 2209 utrmque
1751 2149 1943 2193 turma:
1991 2152 2090 2190 suo

484 2255 608 2298 eum
633 2239 821 2294 volunt
861 2236 1026 2293 canui
1051 2235 1350 2290 vindicare.
1393 2233 1550 2300 Quod
1593 2232 1639 2286 si
1669 2232 1756 2288 cui
1799 2232 2086 2302 displicet,

484 2339 731 2390 transeat
754 2329 1113 2402 353-355
1131 2327 1196 2382 ad
1222 2327 1472 2381 volumen
1498 2324 1644 2396 quod
1668 2325 1824 2380 titulo
1856 2326 2089 2394 pastoris

480 2427 766 2491 scribitur,
802 2436 853 2478 ct
885 2423 1127 2478 inveniet
1157 2419 1370 2475 cunctis
1412 2417 1728 2472 hominibus
1759 2428 1781 2456 ο
1812 2417 1952 2473 duos
1990 2415 2089 2472 ad-

484 2533 606 2576 esse
635 2517 861 2588 angelos
893 2533 906 2570 :
951 2514 1173 2578 malum,
1205 2512 1302 2584 qui
1343 2513 1409 2566 ad
1442 2526 1698 2582 perversa
1743 2509 2083 2577 exhortatur,

482 2617 540 2666 et
562 2609 765 2664 bonum
789 2607 882 2678 qui
903 2606 970 2661 ad
997 2605 1201 2677 optima
1227 2618 1455 2674 qumque
1479 2601 1790 2672 persuadet.
1819 2599 2086 2656 Scribitur

481 2701 650 2770 alibi,
679 2699 826 2770 quod
855 2702 1117 2755 assistant
1139 2695 1368 2761 homini,
1402 2693 1516 2750 sive
1543 2694 1596 2749 in
1628 2694 1848 2758 bonam,
1877 2692 1989 2747 sive
2029 2693 2082 2747 in

481 2793 681 2849 malam
713 2800 922 2860 partem
951 2789 1195 2859 duplices
1219 2785 1420 2858 angeli.
1459 2786 1536 2842 De
1564 2785 1721 2842 bonis
1750 2785 1913 2840 etiam
1961 2784 2085 2840 Sal-

479 2897 638 2940 vator
667 2883 954 2950 meminit,
985 2882 1216 2938 dicens:
1247 2879 1438 2951 Angeli
1473 2895 1652 2932 eorum
1686 2894 1886 2950 semper
1909 2876 2082 2931 vident

478 2977 665 3047 {aciem
696 2975 871 3030 Patris
899 2974 1000 3029 mei
1029 2973 1119 3044 qui
1146 2973 1201 3026 in
1230 2970 1373 3026 caelis
1403 2979 1478 3026 est
1509 2971 1528 3042 (
1555 2969 1748 3024 Matth.
1785 2970 1964 3041 xvnt).
1995 2967 2084 3024 Si-

477 3071 588 3128 mul
633 3083 820 3140 quaere
858 3077 1040 3121 utrum
1091 3063 1439 3136 parvulorum
1482 3063 1536 3117 in
1580 3061 1823 3118 Ecclesia
1865 3075 2081 3129 semper

2198 1862 2344 1914 tandt
2377 1871 2431 1914 et
2473 1860 2778 1931 gloriandi,
2805 1878 2871 1918 eo
2901 1863 3047 1934 quod
3079 1863 3462 1932 adversarius,
3493 1867 3644 1922 verbi
3675 1883 3796 1936 gra-

2194 1953 2304 2016 tia,
2366 1952 2529 2022 hujus
2561 1955 2647 2009 vel
2701 1954 2884 2025 illius,
2930 1972 3056 2011 eum
3095 1957 3288 2013 fecerit
3331 1959 3562 2028 principi
3612 1959 3796 2015 saeculi

2192 2043 2355 2113 hujus
2403 2059 2528 2101 esse
2559 2046 2866 2116 subjectum
2898 2063 2995 2118 per
3029 2047 3154 2102 talia
3189 2058 3374 2120 totque
3417 2062 3669 2121 peccata,
3699 2067 3796 2122 per

2192 2135 2300 2192 hoc
2343 2137 2586 2209 illudque
2613 2138 2898 2195 delictum.
2935 2140 3128 2196 Ercnit
3159 2151 3339 2196 autem
3385 2144 3689 2210 interdum,
3736 2155 3793 2200 ut

2190 2229 2237 2284 si
2267 2228 2357 2298 qui
2399 2228 2567 2285 fuerit
2608 2242 2948 2301 praeparatus
2989 2241 3266 2289 armatura
3307 2235 3434 2302 Dei,
3467 2245 3522 2290 et
3545 2252 3611 2292 ex
3641 2239 3787 2294 omni

2191 2332 2346 2394 parte
2377 2338 2438 2379 se
2469 2325 2688 2393 texerit,
2717 2337 2949 2380 conetur
2968 2325 3187 2396 quidem
3219 2326 3566 2382 adversarius
3595 2329 3789 2386 vulnus

2189 2415 2426 2483 inferre,
2483 2415 2579 2471 sed
2631 2416 2942 2473 facultatem
2997 2434 3106 2472 non
3166 2417 3364 2473 habeat
3420 2420 3780 2490 percutiendi.

2188 2506 2419 2578 Semper
2451 2507 2737 2564 nobiscum
2778 2509 3129 2566 adversarius
3174 2509 3441 2579 graditur,
3489 2527 3782 2582 numquam

2187 2615 2288 2655 nos
2315 2600 2556 2668 deserit,
2590 2602 2787 2672 quaerit
2814 2603 3159 2658 occasionem
3192 2602 3509 2658 insidiarum
3532 2643 3547 2669 ,
3579 2605 3622 2659 si
3676 2620 3784 2675 quo

2188 2694 2352 2748 modo
2376 2710 2480 2750 nos
2503 2695 2827 2751 subvertere
2857 2705 3045 2765 queat,
3071 2705 3128 2750 ut
3157 2697 3208 2749 in
3236 2696 3526 2768 principali
3551 2696 3781 2771 [ἡγεμο-

2184 2784 2345 2859 νικῷ]
2377 2787 2563 2843 cordis
2607 2789 2782 2844 nostri
2831 2789 3029 2842 malam
3077 2787 3327 2858 subjiciat
3366 2791 3777 2862 cogitationem.

2188 2881 2412 2946 Quando
2458 2881 2603 2936 vadis
2633 2881 2703 2934 ad
2746 2883 3051 2953 principem.
3089 2883 3348 2949 Quisnam
3393 2883 3498 2941 iste
3527 2886 3780 2955 princeps

2183 2973 2307 3027 est?
2338 2973 2562 3038 Quando
2586 2972 2848 3028 dividebat
2875 2972 3175 3030 Altissimus
3204 2985 3403 3045 gentes,
3429 2977 3640 3047 quando
3665 2976 3779 3031 dis-

2183 3067 2464 3120 seminabat
2495 3065 2636 3136 ﬁlios
2677 3067 2876 3131 Adam,
2910 3069 3090 3123 statuit
3127 3071 3372 3125 terminos
3411 3072 3673 3126 nationum
3701 3089 3781 3128 se-

477 3163 704 3220 videant
729 3161 908 3232 angeli
933 3160 1128 3216 faciem
1155 3158 1356 3225 Patris,
1387 3169 1442 3214 et
1471 3157 1704 3212 aliorum
1747 3155 1924 3226 angeli
1969 3169 2075 3210 non
2105 3162 2154 3228 ο
2184 3157 2412 3211 cundum
2444 3174 2712 3212 numerum
2741 3159 3046 3230 angelorum
3086 3159 3216 3230 Dei,
3262 3172 3307 3216 et
3339 3163 3478 3232 facta
3509 3175 3582 3218 est
3609 3166 3781 3234 portio

475 3257 716 3314 habeant
747 3256 1059 3312 libertatem
1088 3253 1297 3308 vultum
1339 3251 1516 3306 Patris
1547 3249 1870 3306 attendere:
1900 3264 2078 3320 neque

471 3350 617 3408 enim
647 3347 980 3420 sperandum
1006 3355 1113 3412 est,
1137 3345 1382 3401 omnium
1411 3343 1642 3414 angelos
1669 3343 1858 3398 videre
1881 3341 2074 3396 facient

471 3443 655 3502 Patris
672 3442 764 3515 qui
793 3445 846 3498 in
861 3441 1015 3499 caelis
1036 3451 1142 3495 est.
1169 3439 1224 3495 Si
1248 3440 1404 3494 fuero
1431 3437 1500 3493 de
1531 3437 1800 3505 Ecclesia,
1827 3435 2077 3505 quamvis

472 3537 735 3592 minimus
757 3534 883 3601 sim,
910 3533 1076 3589 habet
1099 3532 1406 3587 libertatem
1432 3529 1658 3600 angelus
1679 3543 1837 3585 meus
1855 3538 1910 3584 et
1937 3525 2079 3582 fidu-

471 3632 615 3688 ciam
658 3644 878 3700 semper
903 3627 1093 3683 videre
1130 3625 1325 3680 faciem
1360 3623 1538 3678 Patris
1567 3623 1674 3679 mei
1718 3625 1812 3693 qui
1839 3623 1892 3677 in
1920 3622 2077 3678 caelis

470 3732 575 3779 est.
608 3722 664 3778 Si
707 3727 888 3775 autem
921 3717 1254 3782 forinsecus,
1289 3730 1389 3770 nec
1431 3713 1500 3769 de
1543 3714 1636 3769 illa
1666 3713 1909 3770 Ecclesia
1955 3729 2075 3784 qua:

470 3829 582 3871 non
615 3811 780 3866 habet
810 3809 1082 3865 maculam
1111 3815 1206 3862 aut
1247 3821 1434 3878 rugam
1466 3804 1692 3877 (Ephes.
1719 3804 1798 3876 v),
1829 3815 1921 3861 aut
1945 3805 2074 3875 quid

466 3905 628 3962 istius
665 3901 848 3968 modi,
880 3909 936 3958 et
974 3902 1088 3971 ipsa
1145 3915 1205 3955 re
1255 3899 1459 3967 probor
1491 3899 1705 3954 alienus
1734 3913 1858 3955 esse
1903 3914 1932 3952 a
1981 3897 2075 3953 tali

469 3995 925 4067 congregatione,
970 4009 1079 4049 non
1129 3991 1294 4048 habet
1338 3991 1596 4047 fiduciam
1647 3992 1874 4063 angelus
1923 4006 2073 4046 meus

468 4089 805 4162 respiciendi
833 4087 1044 4142 vultum
1071 4085 1251 4141 Patris
1269 4085 1375 4141 mei
1397 4068 1488 4156 qui
1517 4085 1570 4139 in
1595 4084 1750 4142 ctelis
1771 4093 1877 4141 est.
1900 4083 2071 4152 Quam

470 4183 544 4240 ob
575 4195 796 4237 causam
830 4178 1011 4250 angeli
1045 4193 1149 4249 pro
1187 4177 1346 4232 bonis
1385 4175 1612 4231 solliciti
1649 4183 1806 4242 sunt,
1838 4175 2075 4231 scientes

469 4274 616 4348 quod
639 4275 683 4329 si
709 4288 810 4330 nos
831 4274 971 4329 bene
994 4268 1445 4342 gubernaverint,
1470 4275 1524 4323 et
1546 4267 1611 4322 ad
1643 4266 1876 4322 salutem
1902 4280 2074 4338 usque

465 4367 857 4441 perduxerint,
913 4362 1152 4418 habeant
1199 4360 1362 4416 etiam
1413 4359 1518 4428 ipsi
1566 4357 1820 4414 fiduciam
1847 4357 2073 4412 videndi

468 4458 664 4515 faciem
697 4455 899 4512 Patris.
929 4452 1220 4522 Quomodo
1245 4453 1392 4509 enim
1440 4451 1485 4506 si
1517 4466 1614 4521 per
1642 4465 1831 4506 curam
1879 4466 2071 4506 eorum

2182 3244 2399 3301 Domini
2447 3249 2672 3320 populus
2720 3251 2835 3319 eius
2889 3249 3089 3321 Iacob,
3144 3253 3411 3323 funiculus
3464 3254 3781 3311 htereditatis

2179 3344 2292 3414 ejus
2322 3340 2493 3397 Israel
2519 3342 2539 3416 (
2563 3342 2720 3398 Deut.
2753 3361 2785 3398 x
2811 3344 2853 3415 ).
2888 3344 3057 3417 Igitur
3089 3348 3444 3417 principibus,
3479 3351 3528 3404 id
3550 3359 3654 3416 est,
3682 3367 3777 3406 an-

2178 3433 2318 3503 gelis
2343 3433 2412 3488 ab
2436 3436 2663 3491 exordio
2698 3447 2844 3492 terra
2874 3437 3047 3494 divisa
3075 3448 3179 3495 est.
3214 3441 3405 3497 Daniel
3431 3443 3632 3514 quippe
3661 3459 3778 3499 ma-

2180 3525 2430 3580 nifestius
2472 3542 2610 3597 quos
2644 3528 2858 3601 Moyses
2884 3533 3110 3603 angelos
3139 3535 3474 3604 nominarat,
3509 3537 3780 3609 principes

2179 3632 2301 3672 esse
2333 3625 2590 3689 testatur,
2620 3620 2814 3676 dicens
2848 3639 2862 3677 :
2905 3622 3165 3693 Princeps
3201 3629 3348 3697 regni
3385 3627 3696 3701 Persarum,
3733 3641 3778 3685 et

2177 3713 2418 3783 princeps
2458 3713 2606 3784 regni
2636 3713 2934 3772 Grcecorunt
2957 3759 2972 3785 ,
3019 3728 3068 3772 et
3113 3718 3342 3776 Michael
3372 3722 3610 3792 princeps
3654 3741 3779 3794 gen-

2179 3809 2329 3862 tium.
2363 3809 2427 3863 Et
2455 3810 2829 3882 unusquisque
2855 3825 3100 3868 nostrum
3131 3830 3314 3872 secum
3341 3817 3502 3871 habet
3523 3816 3780 3872 adversa-

2179 3898 2317 3954 rium
2364 3899 2773 3970 cohmrenlem,
2821 3903 2979 3973 cujus
3007 3919 3145 3974 Opus
3183 3917 3268 3962 est
3314 3905 3515 3962 ducere
3563 3923 3662 3962 nos
3707 3909 3773 3962 ad

2178 3991 2477 4062 principem
2500 4033 2516 4058 ,
2548 4002 2606 4050 et
2635 3993 2821 4051 dicere
2852 4013 2866 4050 :
2899 3996 2944 4052 Ο
2973 3997 3251 4069 princeps,
3282 3999 3435 4055 verbi
3465 3999 3661 4070 gratia,
3691 4015 3778 4056 rc-

2175 4086 2265 4154 gni
2294 4083 2608 4155 Persarum,
2643 4085 2750 4143 iste
2777 4087 2868 4158 qui
2897 4088 3086 4144 subter
3112 4099 3231 4144 erat
3263 4090 3377 4157 tibi,
3404 4105 3525 4145 eum
3550 4101 3609 4146 ut
3637 4107 3776 4160 opus

2177 4174 2388 4243 fuerat,
2436 4177 2704 4233 custodiri
2756 4195 2770 4231 :
2819 4179 2998 4234 nullus
3026 4181 3172 4235 enim
3215 4179 3283 4237 de
3314 4181 3540 4252 reliquis
3573 4183 3776 4253 princi-

2176 4269 2338 4340 pibus
2364 4270 2432 4326 ad
2459 4284 2520 4326 se
2561 4269 2736 4341 pctuit
2762 4271 3152 4338 transducere,
3185 4289 3250 4328 ne
3281 4273 3372 4330 ille
3401 4275 3616 4346 quidem
3635 4315 3649 4338 .
3682 4275 3772 4346 qui

2176 4361 2241 4416 ad
2285 4365 2388 4416 hoc
2417 4377 2476 4416 se
2504 4364 2724 4419 venisse
2749 4363 3020 4435 jactabat,
3053 4375 3112 4419 ut
3142 4365 3210 4421 de
3237 4369 3450 4422 cunctis
3481 4366 3776 4423 haeredita-

2175 4454 2317 4510 tibus
2341 4454 2656 4525 Persarum,
2684 4457 2803 4513 sive
2831 4457 3151 4515 Crazcorum
3169 4502 3184 4526 ,
3217 4463 3572 4533 omniumque
3599 4463 3776 4518 natio-

465 4565 522 4613 et
553 4553 878 4610 industriam
920 4550 1068 4606 salus
1113 4548 1426 4605 hominibus
1467 4557 1836 4618 comparatur,
1867 4546 2061 4601 faciem
2088 4556 2144 4618 Ῑ)
2173 4562 2302 4602 num
2331 4559 2548 4617 raperet
2579 4547 2850 4616 homines,
2881 4560 2936 4606 et
2961 4551 3284 4608 haereditate
3307 4553 3402 4609 Dei
3430 4556 3633 4611 faceret
3654 4569 3773 4612 esse

463 4648 638 4721 patris
683 4661 903 4716 semper
927 4640 1223 4698 attendunt
1259 4658 1273 4694 :
1323 4640 1406 4695 sic
1454 4639 1500 4695 si
1543 4655 1642 4711 per
1680 4638 2065 4712 negligentiam

463 4757 655 4801 eorum
690 4741 856 4795 homo
880 4733 1190 4801 corruerit,
1220 4733 1382 4790 etiam
1415 4731 1501 4789 sui
1529 4731 1752 4802 periculi
1784 4747 1903 4787 rem
1948 4745 2070 4787 esse

464 4850 577 4893 non
609 4831 884 4890 nesciunt.
921 4828 992 4885 Et
1019 4827 1163 4883 sicut
1191 4825 1365 4882 bonus
1392 4823 1685 4896 episcopus
1703 4864 1718 4890 ,
1743 4831 1799 4879 et
1828 4823 2069 4893 Optimus

462 4926 730 4986 Ecclesiae
755 4925 1102 4996 dispensator
1133 4919 1239 4978 scit
1273 4919 1360 4974 sui
1391 4918 1572 4974 meriti
1601 4931 1727 4974 esse
1771 4926 1937 4986 atque
1957 4916 2068 4970 vir-

457 5024 590 5080 tutis
612 5065 628 5090 ,
660 5021 710 5076 si
739 5035 870 5076 oves
913 5017 1098 5090 gregis
1128 5013 1232 5072 sibi
1264 5011 1465 5070 crediti
1499 5012 1703 5068 fuerint
1739 5011 2066 5078 custodite,

531 5177 558 5206 ι
599 5167 851 5222 Graecum
891 5161 1032 5216 sacri
1063 5166 1259 5229 textus,
1273 5154 1522 5229 verbum,
1555 5155 1833 5229 κατασύρᾳ
1860 5151 2064 5207 substi-

458 5237 720 5294 tuendum
751 5234 838 5286 hic
861 5231 1114 5287 videatur
1145 5227 1371 5290 Latino,
1403 5227 1610 5296 quippe.

531 5291 829 5361 itivifidetur
861 5303 930 5356 de
971 5299 1239 5354 industria
1288 5291 1574 5352 lectionem
1622 5294 1765 5348 illam
1801 5291 2066 5353 praeferre

457 5378 636 5436 Graeci
674 5375 982 5444 archetypi,
1015 5385 1139 5441 qum
1169 5371 1220 5444 in
1255 5377 1453 5444 neutro
1490 5365 1650 5444 habet
1676 5367 1750 5444 rb_
1778 5361 2011 5444 ἔςχατον
2042 5380 2055 5416 :

456 5433 617 5505 alte-ri
637 5464 758 5521 qua!
772 5447 824 5501 in
845 5433 1672 5521 a'li'is'oc'curritexemplaribus,
1699 5433 2055 5521 rév‘a'qx‘mou.

535 5533 558 5559 ο
600 5508 849 5575 Diximus
894 5528 1055 5584 supra
1109 5511 1176 5566 ad
1229 5510 1414 5584 homil.
1453 5508 1728 5584 23_t‘_ideri
1770 5508 2057 5584 Utzigenem

457 5592 699 5648 sensisse
725 5587 885 5643 bonis
907 5575 1139 5648 tantum,
1165 5580 1475 5650 sanctisque
1495 5578 1626 5650 viris
1646 5575 1934 5650 custodem
1965 5589 2061 5650 an-

457 5642 663 5730 ᾇὲιιίὴ(
683 5642 898 5730 adjnngi
931 5674 943 5708 :
981 5654 1066 5708 hic
1109 5642 1278 5730 multo
1309 5642 1464 5704 alit-er
1493 5647 1632 5703 duos
1659 5646 1859 5730 cuique
1886 5642 2063 5730 homi-

455 5716 590 5788 num
621 5716 930 5798 assignatvos
949 5724 1386 5794 apocryphorum
1414 5733 1636 5790 quoque
1669 5716 1935 5772 librorum
1965 5729 2062 5770 au-

2177 4640 2472 4711 subjectos.
2499 4640 2756 4698 Christus
2785 4643 3048 4701 Dominus
3070 4657 3259 4704 noster
3284 4664 3474 4705 omnes
3498 4651 3772 4720 principes

2171 4731 2334 4796 vicit,
2383 4740 2440 4788 et
2479 4734 2742 4789 terminos
2785 4749 2977 4792 eorum
3027 4740 3338 4804 transiens,
3382 4741 3627 4812 captivos
3678 4759 3773 4813 po-

2173 4825 2335 4895 pulos
2384 4823 2455 4879 ad
2495 4840 2556 4880 se
2587 4826 2863 4882 transtulit
2900 4829 2956 4884 in
3009 4831 3261 4887 salutem.
3309 4832 3376 4888 Et
3407 4844 3461 4888 tu
3501 4834 3571 4890 de
3619 4845 3773 4906 parte

2171 4917 2429 4986 alicujus?
2460 4918 2719 4988 principis
2764 4934 2889 4975 eras
2942 4937 2957 4974 :
3007 4923 3155 4976 venit
3186 4922 3343 4980 lesus
3384 4935 3440 4981 et
3487 4927 3670 4996 rapuit
3719 4937 3773 4984 te

2171 5006 2531 5081 355-356
2556 5008 2625 5064 de
2655 5018 2922 5079 potestate
2949 5027 3228 5082 perversa,
3256 5026 3314 5071 et
3343 5015 3456 5073 Deo
3499 5017 3641 5074 Patri
3672 5019 3771 5076 ob-

2169 5150 2424 5224 ctoritatc
2456 5149 2744 5224 contendit
2775 5171 2791 5224 ς
2818 5161 2875 5208 et
2898 5154 3062 5224 paulo
3086 5155 3312 5214 inferius
3337 5159 3768 5218 luculentissitne

2170 5222 2236 5276 iis
2267 5224 2432 5302 etiam
2457 5223 2548 5292 qui
2580 5222 2650 5302 ab
2673 5222 2918 5302 Ecclesia
2945 5226 3109 5302 alieni
3135 5238 3284 5302 sunt,
3316 5231 3620 5301 assignatas
3650 5249 3772 5302 pro-

2171 5293 2390 5364 nuntiat
2415 5291 2673 5364 cttstodes
2696 5297 2946 5364 angelos,
2967 5299 3094 5353 dum
3124 5315 3220 5355 eos
3241 5291 3317 5355 ait
3337 5291 3456 5356 nori'
3469 5291 3672 5358 audere
3697 5306 3766 5361 ad

2163 5361 2840 5441 cmlestisPatrisfacie'm
2871 5370 3060 5441 oculos
3088 5371 3358 5437 attollere,
3393 5381 3447 5428 et
3467 5387 3564 5441 pro
3591 5374 3767 5430 homi-

2165 5448 2293 5486 num
2329 5432 2431 5486 sibi
2463 5433 2813 5508 subditorum
2853 5439 3062 5508 meritis
3105 5453 3195 5495 aut
3224 5432 3444 5508 semper,
3467 5432 3572 5496 'aut
3609 5461 3761 5498 num.

2163 5517 2348 5572 quam,
2394 5502 2473 5556 vel
2515 5520 2735 5572 parum,
2780 5507 3024 5586 vel_plus
3065 5511 3251 5578 faciem
3295 5502 3395 5586 Hei
3425 5502 3766 5586 contemplari

2165 5587 2359 5643 posse;
2392 5589 2556 5649 ἀυτῇ,
2585 5578 2964 5646 exaggeratio,
3018 5592 3280 5649 quantum
3334 5583 3403 5638 ab
3452 5578 3763 5644 orthodoxa

2166 5645 2440 5699 sententia
2471 5643 2793 5711 abhorreat,
2819 5643 2980 5704 nemo
3011 5643 3118 5705 non
3145 5653 3331 5706 sentit.
