4044 6376
225 325 315 387 297

739 385 756 405 ,
823 327 1272 389 TRANSLATIO
1310 325 1740 385 llOMlLiARUM
1778 326 2098 385 ORIGENIS
2136 326 2205 383 IN
2248 325 2510 385 LL'CAM.
2551 326 2713 384 "0M.
2756 324 2975 387 XXXV.

3401 334 3510 393 998

223 443 353 500 tulit.
395 442 759 500 Adversarius
786 457 921 516 ergo
965 451 1151 501 n08ter
1175 441 1438 508 ambulat,
1468 440 1674 496 ducens
1701 454 1802 495 nos
1826 440 1877 501 A
1906 438 1975 494 de
1995 455 2105 510 quo
2132 439 2261 495 alibi
2284 440 2504 497 dicitur.
2523 441 2593 496 Et
2614 452 2817 498 statuet
2846 458 2977 500 oves
3006 458 3034 498 a
3057 443 3284 514 dextris,
3316 448 3503 504 ltmdos

224 534 280 590 ad
319 534 619 606 principem
650 550 830 591 suum.
866 534 1020 592 Unde
1059 550 1161 607 ego
1189 533 1425 591 credens
1455 534 1636 589 omnia
1663 532 1807 588 Scri-

228 638 488 703 pturarum
521 630 692 684 verba
722 629 926 686 habere
955 628 1247 697 rationem,
1299 644 1407 685 non
1440 638 1570 698 puto
1610 625 1808 682 frustra

224 723 444 797 judicem
478 732 503 760 α
535 722 675 791 apud
706 721 951 789 Grtecos,
991 738 1115 777 cum
1155 721 1391 778 articulo
1422 722 1676 792 positum,
1719 719 1809 790 qui

228 817 605 888 singularitatus
650 814 989 885 significator
1015 824 1134 881 est;
1182 813 1483 885 principem
1535 828 1668 868 vero
1693 813 1811 867 sine

229 909 446 965 articulo
477 908 739 977 scriptum
765 922 888 963 esse
911 907 1250 977 simpliciter.
1282 905 1505 975 Quando
1525 905 1673 959 vadis
1694 920 1812 957 cum

228 1001 507 1057 adversario
530 1008 641 1054 tuo.
672 998 965 1070 Signanter
989 999 1089 1065 ait,
1110 1009 1219 1053 tuo.
1254 998 1436 1068 Neque
1457 997 1598 1052 enim
1621 1010 1813 1051 omnes

231 1095 453 1153 omnium
478 1101 605 1149 sunt
625 1092 951 1162 adversarii,
975 1091 1071 1149 sed
1093 1092 1287 1162 singuli
1317 1091 1561 1162 singulos
1588 1090 1811 1155 habent,

231 1189 307 1263 qui
346 1189 548 1257 ubique
575 1202 674 1244 cos
701 1196 1024 1259 sequantur,
1056 1195 1113 1242 et
1159 1186 1266 1241 sint
1296 1185 1542 1241 comites.
1593 1183 1815 1252 Quando

230 1285 357 1339 radis
379 1299 495 1337 cum
524 1282 825 1336 adversario
857 1292 948 1335 tuo
974 1279 1045 1334 ad
1074 1280 1385 1353 principem.
1416 1278 1534 1333 Non
1567 1293 1688 1333 cum
1720 1293 1814 1332 ar-

232 1376 385 1431 ticulo
427 1375 728 1446 principem
761 1372 965 1443 posuit,
994 1389 1063 1429 ne
1092 1379 1301 1428 eertum
1327 1371 1605 1427 videretur
1631 1379 1818 1427 osten-

235 1468 391 1535 dere;
438 1470 534 1525 sed
579 1469 698 1524 sine
744 1468 995 1533 articulo,
1044 1476 1106 1522 ut
1133 1483 1164 1522 e
1210 1467 1457 1538 pluribus
1489 1482 1654 1520 unum
1694 1481 1817 1522 esse

236 1561 764 1633 monstraret:un
804 1561 943 1633 apud
985 1561 1209 1617 Graecos
1253 1561 1425 1631 magis
1473 1561 1815 1629 intelligitur.

237 1654 606 1725 Unusquisque
656 1656 803 1710 enim
860 1661 1105 1709 nostrum
1160 1668 1271 1711 non
1320 1652 1485 1708 habet
1539 1655 1816 1721 proprium

237 1740 550 1820 principem.
576 1746 678 1816 Qui
700 1745 872 1819 Syrus
895 1757 999 1809 est,
1029 1745 1130 1799 sub
1151 1746 1415 1817 Syrorum
1445 1742 1688 1812 principe
1714 1751 1817 1805 est,

1910 542 2091 588 autem
2127 546 2160 588 a
2200 534 2459 591 sinistris.
2510 534 2582 590 Et
2623 536 2861 590 iterum:
2890 535 2993 604 Qui
3040 539 3306 610 confessus
3352 542 3514 613 fuerit

1911 642 2013 693 me,
2045 628 2327 693 conﬁtebor
2355 637 2403 683 et
2428 644 2523 701 ego
2543 646 2661 683 eum
2688 646 2862 685 coram
2893 630 3054 685 Patre
3079 648 3193 686 meo
3212 635 3300 704 qui
3327 635 3382 689 in
3412 652 3513 691 (ω-

1911 718 1978 774 lis
1999 729 2073 774 est
2093 720 2112 791 (
2132 720 2326 775 .llattlt.
2350 723 2518 793 xxv).
2544 722 2648 788 Qui
2675 734 2856 778 autem
2890 729 3177 795 negaverit
3205 742 3292 783 me
3312 743 3499 784 comm

1913 809 2248 878 hominibus,
2282 812 2496 883 negabo
2515 827 2637 867 enm
2661 828 2846 868 coram
2881 814 3041 871 Patre
3063 831 3187 873 meo
3208 818 3301 887 qui
3327 817 3383 873 in
3404 834 3515 874 cm-

1909 903 1979 959 lis
2026 913 2130 958 est.
2181 902 2389 958 Trahat
2423 911 2477 958 te
2520 904 2586 959 ad
2613 904 2875 972 judicem,
2928 917 2982 963 et
3009 907 3178 978 judex
3225 910 3405 966 tradat
3456 921 3509 967 te

1913 998 2179 1053 exactori.
2206 997 2591 1070 Unusquisque
2630 1007 2876 1055 nostrum
2907 1016 3006 1072 per
3032 1003 3243 1075 singula
3286 1015 3510 1077 peccata

1916 1091 2176 1146 damnum
2204 1092 2463 1155 sustinet,
2498 1101 2550 1148 et
2581 1092 2737 1163 juxta
2767 1095 3085 1164 qualitatem
3129 1101 3512 1173 rationemque

1916 1185 2124 1252 delicti,
2152 1185 2339 1241 damni
2381 1186 2697 1257 magnitudo
2727 1198 3030 1260 reputatur.
3066 1192 3250 1249 Debeo
3294 1195 3513 1267 aliquod

1918 1275 1987 1331 de
2006 1275 2303 1347 Scripturis
2337 1277 2539 1334 afferre
2573 1279 2945 1336 testimonium
2969 1296 3138 1352 super
3157 1285 3356 1343 damno
3381 1289 3520 1344 mul-

1918 1380 2119 1441 ctaque
2161 1371 2430 1440 pecunia).
2459 1372 2615 1428 Alius
2642 1372 2901 1429 damnum
2931 1375 3168 1433 sustinet
3194 1380 3519 1451 quingento-

1920 1480 2041 1520 rum
2070 1464 2442 1535 denariorum,
2474 1477 2527 1521 et
2562 1466 2730 1523 debet
2773 1455 3080 1536 eosfalius
3122 1472 3519 1544 quinquaginta

1920 1555 2159 1611 denariis
2187 1558 2590 1613 condemnatur
2619 1577 2631 1613 :
2661 1575 2785 1631 quae
2810 1575 3021 1616 summa
3056 1563 3326 1621 ambobus
3348 1582 3376 1620 a
3405 1582 3525 1624 crc-

1922 1646 2104 1703 ditore
2130 1649 2478 1706 conceditur.
2503 1650 2672 1706 Porro
2695 1652 2859 1718 alius,
2882 1653 3025 1710 sicut
3053 1654 3338 1728 Scriptura
3362 1659 3521 1716 dicit:

1927 1739 2147 1795 Oblatas
2184 1751 2260 1796 est
2295 1744 2343 1795 ei
2376 1758 2517 1797 unus
2543 1743 2630 1815 qui
2659 1744 2873 1799 debebat
2909 1745 3083 1801 decem
3123 1747 3296 1805 millia
3326 1751 3525 1806 talenta

237 1851 287 1898 et
325 1842 700 1913 unusquisque
726 1838 832 1895 sub
878 1854 977 1893 suo
1008 1838 1253 1907 principe
1297 1837 1474 1904 gentis
1503 1843 1589 1891 est
1615 1854 1629 1888 :
1653 1835 1698 1889 si
1742 1845 1822 1889 ta-
1847 1823 1896 1885 B
1926 1832 2152 1906 (Matth.
2179 1849 2308 1889 xvttl
2329 1832 2372 1906 ),
2404 1835 2595 1892 decem
2635 1836 2878 1894 millibus
2901 1839 3233 1897 talentorum
3267 1844 3525 1900 condem-

239 1949 353 1991 tuen
378 1934 658 2003 hucusque
687 1932 1021 2003 processisse
1053 1946 1138 1984 nte
1163 1929 1391 1998 sufficit,
1428 1938 1481 1984 et
1511 1928 1584 1984 ab
1610 1928 1713 1983 hac
1741 1928 1827 1983 di-

238 2027 541 2097 sputatione
586 2023 655 2079 ad
701 2023 862 2078 aliam
909 2023 1146 2077 transire
1192 2022 1480 2091 majorem,
1509 2029 1570 2075 ut
1598 2030 1827 2075 caeteras

239 2133 449 2188 quoque
489 2124 680 2187 gentes
706 2115 871 2171 etiam
901 2128 1351 2170 commemorem.
1400 2111 1552 2168 Unde
1579 2111 1784 2166 dicitur
1810 2129 1824 2166 :

249 2208 424 2264 Videte
442 2206 614 2263 Israel
632 2206 918 2263 secundum
944 2223 1150 2261 carnem
1180 2206 1198 2277 (
1222 2203 1388 2261 Num.
1417 2220 1476 2260 ιι
1495 2203 1537 2277 ).
1566 2204 1830 2260 Prudenti

244 2304 496 2373 cmpisse,
523 2299 730 2356 dixisse
760 2308 843 2354 est
867 2317 880 2354 :
912 2299 1037 2355 licet
1066 2309 1120 2354 et
1149 2297 1251 2354 hoc
1279 2297 1335 2352 in
1362 2298 1568 2368 pupnlo
1594 2297 1829 2364 euenisse

246 2408 571 2451 sermonem.
603 2392 704 2461 Qui
735 2400 788 2447 te
812 2390 953 2458 vult,
982 2391 1180 2459 inquit.
1205 2389 1411 2445 ducere
1437 2387 1504 2442 ad
1528 2388 1828 2458 principem

242 2501 416 2553 suum,
448 2496 505 2541 et
534 2484 604 2540 ab
641 2483 753 2539 alio
782 2483 1029 2552 principe
1060 2481 1389 2551 conducere,
1423 2480 1645 2551 quando
1679 2480 1833 2537 vadis

243 2594 359 2633 cum
386 2579 704 2633 adversario
736 2587 828 2631 tuo
856 2578 923 2631 ad
953 2576 1280 2646 principem,
1311 2576 1362 2628 in
1391 2575 1474 2627 via
1507 2574 1574 2627 da
1607 2589 1829 2642 operam

244 2679 300 2726 ut
325 2672 573 2727 libereris
592 2671 662 2726 ab
688 2685 775 2725 eo.
803 2669 917 2725 Nisi
943 2669 1092 2724 omni
1115 2666 1296 2723 studio
1315 2666 1675 2729 laboraveris.
1703 2667 1832 2721 dum

240 2764 415 2821 adhuc
440 2766 589 2819 viam
618 2763 823 2832 carpis,
858 2769 1148 2831 antequam
1183 2760 1510 2829 ingrediaris
1538 2759 1604 2815 ad
1630 2760 1838 2830 princi-

244 2874 390 2929 pem,
423 2857 741 2926 priusquam
768 2854 1027 2925 princeps
1057 2852 1235 2908 tradat
1264 2863 1316 2908 te
1339 2851 1510 2921 jndici
1532 2852 1604 2907 ab
1632 2852 1835 2907 adver-

243 2952 390 3007 sario
413 2956 799 3020 praeparatum,
825 2955 1011 3016 postea
1037 2944 1234 2999 frustra
1260 2943 1571 2998 conaberis.
1602 2943 1680 2998 Da
1704 2958 1838 3012 ergo

243 3058 490 3113 operam,
521 3048 581 3094 ut
608 3040 858 3093 libereris
886 3039 955 3092 ab
979 3052 1069 3100 eo,
1094 3036 1208 3090 sive
1237 3050 1267 3089 a
1298 3036 1544 3107 principe
1576 3035 1641 3090 ad
1674 3050 1835 3105 quem

246 3145 299 3190 te
330 3132 493 3189 trahit
523 3130 888 3186 adversarius.
921 3129 993 3183 Da
1027 3142 1251 3197 operam
1296 3137 1354 3182 nt
1383 3128 1586 3183 habeas
1615 3128 1835 3196 sapien-

1929 1936 2108 1980 natur.
2150 1925 2221 1982 Et
2254 1926 2384 1997 quid
2428 1943 2514 1984 me
2574 1943 2802 1985 necesse
2859 1939 2947 1987 est
3012 1932 3171 2003 plura
3234 1938 3530 2008 persequi?

1931 2014 2318 2088 Unusquisque
2358 2033 2457 2088 pro
2480 2017 2745 2089 qualitate
2771 2028 2827 2075 et
2856 2024 3158 2091 quantitate
3182 2028 3418 2096 peccati,
3447 2028 3531 2084 di-

1930 2124 2143 2165 versam
2191 2110 2409 2166 mulcta:
2438 2112 2766 2166 sententiam
2808 2114 3093 2182 expendit.
3124 2116 3183 2176 Si
3227 2133 3422 2189 parum
3450 2130 3538 2178 est

1931 2202 2074 2274 quod
2098 2218 2314 2273 peccas,
2349 2205 2563 2260 ferieris
2598 2204 2799 2261 damno
2835 2208 3052 2274 minuti,
3084 2219 3144 2265 ut
3185 2210 3364 2268 Lucas
3392 2215 3530 2270 scri-

1934 2295 2061 2362 psit,
2106 2304 2165 2349 ut
2213 2310 2345 2349 vero
2394 2295 2702 2364 Matthzeus,
2746 2298 3088 2368 quadrantis.
3144 2301 3532 2361 Verumtamen

1933 2388 2097 2443 etiam
2138 2403 2365 2444 necesse
2393 2398 2478 2443 est
2521 2389 2624 2444 hoc
2665 2389 2844 2460 ipsum
2873 2392 3017 2462 quod
3049 2397 3262 2451 exstitit
3289 2397 3531 2469 debitor,

1935 2483 2170 2538 solvere.
2210 2483 2326 2538 Non
2354 2484 2500 2538 enim
2552 2483 2678 2539 inde
2717 2486 2868 2541 exies
2899 2486 3001 2542 nisi
3034 2499 3088 2543 et
3122 2491 3345 2546 minima
3391 2509 3544 2565 qua:-

1934 2588 2041 2643 que
2086 2575 2435 2643 persolveris.
2468 2575 2572 2644 Qui
2615 2591 2747 2631 vero
2787 2577 2965 2633 fidelis
3005 2591 3111 2648 est,
3153 2584 3309 2640 nullo
3338 2585 3541 2643 damno

1937 2668 2259 2736 percutitur,
2290 2668 2384 2723 sed
2412 2668 2663 2738 quotidie
2689 2670 2893 2726 ditatur
2928 2690 2941 2727 :
2968 2672 2995 2711 δ
3029 2673 3194 2730 Totus
3223 2680 3358 2733 enim
3386 2697 3542 2736 mun-

1937 2759 2038 2813 dus
2071 2759 2434 2832 357-358
2474 2762 2770 2816 divitiarum:
2816 2766 2927 2835 ejus
2956 2776 3052 2820 est.
3098 2766 3341 2840 Inﬁdelis
3365 2784 3541 2828 autem

1939 2866 2032 2903 nec
2050 2849 2255 2903 obolum
2279 2852 2449 2904 liabet.
2471 2851 2625 2907 Alius
2642 2853 2933 2908 damnatur
2954 2857 3202 2929 denario,
3227 2861 3366 2918 alius
3389 2880 3540 2932 mna,

1940 2941 2077 2995 alius
2117 2941 2345 2996 talento.
2399 2943 2463 2996 Et
2502 2944 2766 3012 quaesitor
2798 2945 2957 3013 hujus
2988 2951 3214 3019 negotii,
3260 2955 3354 3023 qui
3388 2972 3541 3011 men-

1940 3046 2001 3086 su
2012 3047 2097 3087 ras
2110 3031 2492 3088 universorum
2516 3036 2729 3090 noverit
2745 3048 3114 3102 peccatorum.
3142 3041 3255 3099 Hoc
3278 3045 3541 3103 delictum

1945 3124 2150 3179 talento
2192 3125 2588 3180 condemnatur
2620 3143 2635 3180 :
2667 3127 2796 3181 illud
2840 3141 3123 3197 peccatum
3157 3136 3415 3192 mulctam
3464 3139 3540 3194 is-

246 3232 401 3294 tiam,
440 3225 734 3297 justitiam,
769 3221 1164 3289 fortitudinem,
1198 3229 1361 3289 atque
1391 3220 1835 3291 temperantiam,
1865 3207 1913 3270 C
1945 3216 2203 3272 tiusmodi
2245 3226 2502 3274 tueretur.
2549 3218 2823 3289 Scriptum
2857 3233 2939 3276 est
2977 3226 3124 3279 enim
3154 3243 3170 3281 :
3203 3228 3336 3283 Cum
3374 3241 3546 3288 autem

246 3334 300 3377 et
326 3334 451 3377 tunc
472 3317 840 3390 complebitur
870 3333 883 3370 :
908 3313 1046 3369 Ecce
1075 3315 1252 3380 homo,
1282 3329 1439 3384 Opera
1465 3316 1580 3387 ejus
1603 3322 1726 3367 ante
1754 3313 1838 3384 fa-

241 3418 375 3470 ciem
402 3430 573 3469 suam.
602 3410 718 3466 Nisi
747 3408 969 3464 dederis
998 3421 1246 3475 Operam,
1273 3420 1379 3460 non
1410 3406 1619 3476 poteris
1647 3404 1842 3460 adver-

241 3507 370 3563 sarii
403 3517 618 3575 paetum
648 3501 966 3571 infringere.
998 3497 1156 3567 cujus
1177 3497 1417 3552 amicitia
1444 3505 1530 3551 est
1560 3495 1615 3550 in
1647 3496 1837 3551 Deum.

248 3601 467 3669 Quando
486 3598 634 3652 vadis
656 3612 774 3649 cum
794 3592 1095 3648 adversario
1116 3600 1208 3646 tuo
1231 3593 1301 3644 ad
1326 3592 1640 3661 principem,
1674 3592 1729 3643 in
1760 3591 1841 3642 uia

243 3693 311 3747 da
333 3689 563 3764 operam.
586 3688 788 3745 Latitat
813 3688 867 3741 in
900 3688 1006 3741 huc
1039 3686 1162 3739 loco
1191 3685 1378 3739 nescio
1406 3682 1558 3753 quid,
1592 3690 1649 3736 et
1669 3696 1843 3737 secre-

242 3796 357 3841 tum
390 3795 495 3848 est,
536 3788 589 3839 in
625 3784 710 3839 via
744 3783 814 3836 da
859 3796 1090 3849 Operam.
1133 3778 1392 3833 Salvator
1433 3778 1547 3831 ait:
1576 3775 1691 3847 Ego
1725 3793 1841 3830 sum

238 3882 348 3944 eia,
371 3882 579 3946 reritas,
610 3887 658 3932 et
690 3877 794 3931 vita
819 3873 1014 3948 (Joan.
1055 3874 1197 3941 xlv).
1232 3871 1289 3926 Si
1328 3869 1553 3926 dederis
1589 3884 1838 3938 operam,

242 3981 303 4026 nt
324 3971 571 4026 libereris
600 3969 670 4022 ab
698 3964 1035 4028 adversario,
1066 3973 1187 4017 esto
1217 3964 1267 4016 in
1292 3962 1379 4015 via
1408 3978 1423 4015 :
1453 3970 1650 4015 etcum
1677 3968 1844 4015 stete-

240 4065 321 4119 ris
363 4063 417 4116 in
447 4078 512 4116 eo
542 4060 632 4130 qni
676 4057 855 4113 dicit:
892 4054 1006 4129 Ego
1043 4070 1157 4107 sum
1186 4052 1292 4117 uia,
1335 4053 1558 4106 stetisse
1588 4066 1699 4105 non
1733 4050 1845 4104 suf-

243 4157 384 4220 ficit,
416 4155 508 4209 sed
535 4154 601 4207 da
630 4166 850 4223 operam
880 4160 939 4205 nt
962 4146 1216 4204 libereris
1244 4145 1315 4202 ab
1343 4145 1684 4201 adversario.
1728 4142 1841 4198 Nisi

241 4245 475 4298 dederis
503 4258 750 4312 operam,
781 4251 839 4294 ut
865 4243 931 4292 ab
958 4236 1281 4292 adversario
1312 4236 1593 4299 libereris,
1624 4250 1744 4305 qua:
1789 4245 1844 4290 te

244 4342 555 4403 sequantur
583 4333 850 4385 ausculta.
893 4329 1083 4383 Trahit
1120 4338 1174 4382 te
1204 4328 1268 4382 ad
1314 4328 1551 4396 judicem
1583 4327 1846 4381 adversa-

241 4429 392 4491 rius,
428 4424 541 4477 sive
572 4424 825 4493 princeps
846 4435 969 4474 cum
1000 4428 1054 4475 te
1075 4422 1377 4487 susceperit
1406 4419 1476 4473 ab
1505 4419 1840 4485 adversario,

243 4519 424 4574 trahit
449 4529 500 4571 te
530 4517 594 4570 ad
620 4514 881 4585 judicem.
914 4513 1085 4580 Quam
1117 4512 1334 4581 elegans
1364 4513 1614 4579 verbum,
1651 4510 1839 4575 trahit,

1943 3311 2174 3382 erupisset
2212 3313 2382 3383 facere
2434 3313 2711 3367 rationem.
2760 3314 3114 3384 Snpputanda
3160 3331 3245 3377 est
3285 3326 3543 3383 omnibus

1944 3404 2105 3457 nobis
2129 3404 2324 3475 gratia.
2358 3404 2473 3459 Non
2502 3417 2586 3460 est
2610 3406 2756 3461 aliud
2789 3417 3002 3480 tempus
3026 3411 3288 3471 facienda:
3315 3419 3545 3476 rationis

1943 3496 2046 3551 nisi
2072 3506 2287 3567 tempus
2309 3497 2516 3566 iudicii,
2544 3499 2764 3568 quando
2787 3500 2998 3573 liquido
3023 3517 3389 3576 cognoscetnr
3413 3513 3545 3583 quid

1943 3591 2100 3645 nobis
2126 3591 2395 3646 creditum
2423 3601 2527 3658 est,
2558 3602 2614 3647 et
2644 3594 2770 3662 quid
2805 3594 2967 3662 lucri,
3001 3599 3203 3669 quidve
3225 3601 3544 3665 detrimenti

1944 3683 2258 3750 fecerimus,
2287 3686 2408 3753 quis
2437 3695 2681 3740 nostrum
2721 3689 2993 3759 acceperit
3019 3707 3222 3762 mnam,
3250 3695 3345 3767 qui
3372 3713 3543 3757 unum

1945 3774 2234 3841 talentum,
2268 3776 2389 3847 quis
2412 3778 2541 3840 duo,
2571 3779 2694 3847 quis
2715 3780 2956 3851 quinque
2986 3781 3214 3852 (Matth.
3238 3787 3409 3863 xxv).
3438 3790 3551 3849 Ne-

1943 3880 2100 3922 cesse
2125 3882 2233 3922 non
2261 3878 2344 3923 est
2373 3873 2528 3938 plura
2568 3870 2832 3938 indicare,
2865 3886 2990 3929 cum
3021 3875 3126 3931 hoc
3171 3877 3224 3933 in
3252 3894 3546 3942 commune

1942 3958 2149 4015 dixisse
2177 3959 2434 4026 snt‘ticiat,
2466 3961 2777 4017 reddituros
2809 3981 2908 4021 nos
2934 3981 3060 4024 esse
3082 3971 3349 4029 rationem
3375 3994 3389 4030 :
3422 3986 3475 4033 et
3496 3980 3543 4034 si

1943 4052 2222 4108 debitores
2270 4053 2481 4108 inventi
2529 4054 2792 4111 fuerimus
2828 4058 2965 4113 lralti
2996 4058 3064 4114 ad
3104 4061 3373 4133 judicem,
3418 4078 3473 4124 et
3517 4084 3546 4125 a

1938 4144 2127 4213 judice
2155 4147 2398 4201 exactori
2435 4147 2595 4201 tradi.
2626 4147 2838 4219 Singuli
2863 4162 3146 4210 exactores
3169 4159 3425 4229 proprios
3450 4160 3549 4216 ha-

1945 4239 2184 4293 bemus:
2229 4239 2408 4295 omnis
2446 4255 2579 4294 vero
2624 4242 2945 4299 multitudo.
2994 4247 3242 4315 pluribus
3289 4252 3543 4321 traditur,

1944 4331 2239 4386 secundum
2274 4333 2323 4386 id
2366 4334 2507 4402 quod
2551 4336 2603 4387 in
2652 4336 2784 4389 Isaia
2819 4338 3081 4408 scriptum
3127 4352 3212 4398 est
3250 4357 3266 4400 :
3303 4344 3545 4419 Populus

1944 4442 2108 4487 meus,
2132 4437 2399 4479 exactores
2421 4430 2580 4481 vestri
2602 4429 2828 4495 rpolfant
2850 4448 2960 4497 eos,
2985 4442 3033 4485 et
3054 4436 3142 4504 qui
3169 4446 3403 4509 potentes
3426 4453 3551 4497 sunt

1948 4519 2281 4571 dominantur
2308 4521 2461 4573 vestri
2492 4519 2664 4588 (lsai.
2695 4537 2754 4576 ιιι
2774 4521 2816 4593 ).
2854 4525 3215 4583 nominantur
3236 4540 3547 4604 exactores,

240 4625 307 4667 ιιι
351 4611 605 4666 ostendat
644 4605 1052 4678 quodammodo
1092 4614 1452 4660 retractantes
1503 4617 1556 4657 et
1594 4606 1842 4657 nolentes
1874 4583 1924 4642 θ
1953 4609 1995 4661 si
2041 4609 2395 4662 debuerimns
2426 4610 2654 4679 aliquid.
2689 4612 2744 4665 Si
2775 4583 2969 4669 autem
3013 4583 3552 4682 habuerimus—litin:

235 4705 311 4760 ad
340 4703 851 4760 condemnationem
877 4697 1017 4753 trahi
1053 4707 1106 4752 et
1133 4698 1212 4752 ire
1232 4692 1519 4767 compelli?
1541 4697 1671 4763 Quis
1696 4697 1840 4749 enim

239 4797 522 4853 homicida
547 4793 766 4850 concito
787 4792 953 4864 gradu
979 4793 1152 4862 pergit
1176 4792 1242 4846 ad
1267 4792 1545 4862 judicem?
1570 4791 1692 4859 quis
1716 4804 1845 4860 gan-

236 4893 387 4946 ciens
415 4890 479 4943 ad
510 4889 1024 4944 condemnationem
1056 4902 1210 4940 suam
1245 4887 1327 4940 ire
1356 4886 1602 4951 festinat,
1650 4894 1702 4939 ct
1738 4899 1842 4939 non

238 4984 456 5039 invitus
486 4979 740 5049 trahitur,
775 4995 839 5034 ac
871 4992 1203 5048 repugnans.
1235 4976 1351 5030 Scit
1382 4978 1526 5031 enim
1555 4990 1615 5031 se
1645 4974 1712 5030 ad
1744 4978 1845 5030 hoc

235 5079 349 5141 ire,
395 5084 452 5129 ut
489 5074 816 5128 sententiam
846 5073 1041 5125 mortis
1069 5068 1322 5138 accipiat.
1368 5066 1448 5121 Ne
1493 5066 1638 5122 forte
1669 5066 1850 5120 trahat

235 5183 297 5225 te
328 5167 398 5222 ad
411 5165 671 5238 judicem.
701 5161 833 5231 Quis
858 5176 1016 5232 putas
1046 5162 1149 5215 iste
1172 5159 1337 5231 jndcx
1370 5158 1490 5214 est?
1521 5157 1636 5227 Ego
1665 5156 1853 5211 nescio

232 5265 414 5319 alium
432 5259 675 5333 judicem
699 5257 815 5312 nisi
831 5255 1117 5311 Dominum
1143 5269 1321 5310 meum
1342 5252 1529 5310 Jesnm
1550 5250 1852 5320 Christum,

319 5478 350 5506 ι
396 5467 539 5522 Duas
566 5461 991 5534 vocnlas._apud
1013 5458 1247 5534 amcos,
1270 5460 1510 5534 itemque
1532 5457 1661 5534 illas
1690 5458 1853 5525 pan'o

222 5546 399 5613 post,
428 5534 569 5609 quod
610 5536 753 5613 apud
799 5529 1035 5613 ϐάρεος-
1057 5533 1223 5602 magis
1263 5529 1700 5613 intelligitttr,_tlc
1752 5545 1855 5581 suo

221 5597 615 5681 hieronymus
634 5597 970 5681 adjunxerit.
997 5605 1091 5681 ljlst
1106 5597 1238 5681 vero
1259 5597 1471 5681 Graece,
1496 5599 1574 5655 ἐπ’
1596 5597 1852 5681 ὄρχρντςπἲ

215 5688 307 5743 ad
342 5673 658 5756 principem,
683 5673 895 5756 absque
926 5677 1157 5729 articulo
1184 5690 1201 5728 :
1225 5684 1276 5727 et
1303 5674 1433 5748 πρὸς
1460 5678 1550 5729 τήν
1578 5676 1753 5745 κριτήν
1777 5673 1859 5723 κ.ὶ

219 5758 257 5819 ὃ
291 5746 660 5834 κριῖής,ἐξιιη
688 5746 943 5834 Μιξξευιθ.
982 5816 995 5834 ἱ
1019 5815 1030 5826 _
1237 5813 1292 5834 Η
1348 5746 1355 5748 ἡ
1521 5824 1533 5834 Ι
1617 5812 1687 5834 ..Α
1739 5766 1773 5834 Α-

306 5812 342 5870 ti
386 5812 619 5891 Sumpta
661 5833 730 5873 ex
768 5815 1194 5874 Proverhiorum
1237 5813 1381 5871 libro
1414 5812 1689 5872 sententia
1736 5823 1861 5888 cap.

541 5911 818 5979 Ριτιιοι.
875 5907 1108 5973 XXVI.

1952 4700 2113 4761 ciam,
2134 4708 2187 4752 et
2212 4700 2387 4752 trante
2411 4699 2582 4754 libera
2609 4702 2933 4771 vixerimus,
2956 4710 3190 4764 servabo
3211 4727 3548 4786 prteceptum

1954 4792 2131 4845 libens
2157 4808 2172 4846 :
2202 4790 2431 4846 Reddite
2458 4793 2695 4847 omnibus
2718 4795 2911 4865 debita,
2936 4800 3022 4851 cui
3059 4801 3333 4871 tributum,
3375 4810 3549 4866 tribu-

1954 4891 2059 4937 tum
2085 4898 2104 4935 :
2137 4881 2221 4935 cui
2252 4881 2508 4951 timorem,
2546 4883 2781 4938 timorem
2817 4901 2837 4939 :
2863 4887 2946 4939 cui
2990 4891 3231 4959 vectigal,
3283 4899 3503 4970 vectigal
3530 4918 3551 4957 :

1952 4973 2037 5028 cui
2063 4972 2334 5040 honorem,
2368 4974 2615 5027 honorem
2640 4973 2828 5042 (Rom.
2863 4976 3019 5047 xm).
3058 4979 3114 5036 Si
3146 4983 3400 5042 omnibus
3427 4993 3551 5045 uni-

1952 5082 2113 5123 versa
2145 5066 2464 5132 reddidero,
2510 5067 2671 5122 venio
2712 5068 2778 5121 ad
2808 5080 3147 5138 exactorem,
3187 5084 3244 5129 et
3275 5076 3546 5151 intrepida

1950 5172 2135 5216 mente
2162 5158 2494 5225 respondeo,
2515 5157 2658 5214 Nihil
2683 5159 2778 5215 tibi
2812 5159 3010 5217 debeo.
3039 5161 3203 5219 Venit
3225 5178 3452 5226 exactor
3481 5177 3549 5229 ad

1952 5252 2386 5323 deposcendum,
2434 5251 2634 5307 resisto
2680 5251 2752 5308 ei.
2783 5250 2912 5308 Scio
2954 5255 3098 5310 enim
3144 5257 3290 5327 quod
3322 5260 3369 5316 si
3409 5262 3545 5320 nihil

1960 5472 2095 5528 xvu,
2120 5466 2247 5529 post
2278 5473 2421 5535 vers.
2454 5459 2509 5524 6,
2532 5461 2883 5535 jnxtagLXX,
2912 5473 3001 5522 τοῦ
3031 5475 3220 5526 πιστοῦ
3249 5467 3415 5535 ὅλοςὸ
3460 5477 3551 5533 κε.

1957 5551 2087 5595 σμος
2113 5538 2215 5587 τῶν
2236 5532 2540 5606 χρημάτων,
2566 5540 2657 5588 τοῦ
2685 5533 2740 5590 δὲ
2758 5539 2983 5593 ἀπίστου
3013 5540 3125 5596 οὐδὲ
3147 5532 3351 5604 ὀϐολός(
3376 5532 3553 5605 Inter-

1962 5605 2599 5681 pretaturliternnymus
2628 5609 2789 5681 epist.
2823 5606 2915 5681 ὅς’),
2959 5610 3025 5681 ad
3056 5614 3362 5681 Paulinum,
3398 5634 3549 5675 num.

1964 5671 2075 5757 10A:
2106 5670 2348 5757 Credenti
2392 5682 2525 5757 (plus
2546 5670 3126 5757 .mundus_diuitiarum
3148 5692 3237 5757 est
3274 5702 3295 5737 .'

1963 5755 2130 5825 autem
2169 5746 2327 5795 etiam
2365 5740 2514 5796 obolo
2541 5742 2755 5816 indiget.
2790 5747 2923 5803 Vide
2947 5766 3069 5822 qua:
3094 5752 3162 5810 ad
3194 5753 3337 5813 hunc
3371 5740 3554 5825 locum

1964 5811 2338 5868 observamus.
