4044 6330
430 350 541 411 299

1681 335 1739 393 S.
1780 327 2055 395 EUSEBII
2092 322 2485 385 BIERONYMI

3623 317 3734 380 500

428 448 693 516 debuero,
722 446 779 504 in
804 459 892 502 me
918 455 1025 500 non
1056 438 1223 497 liabet
1268 438 1622 508 potestatem.
1653 429 1809 501 Quod
1837 430 1883 485 si
1923 428 2023 485 de-
2052 425 2107 489 Α
2131 438 2247 479 eam
2273 439 2292 473 .ο
2317 430 2367 478 et
2393 423 2491 516 qui,
2512 419 2799 516 perdiderit
2837 432 2973 487 eam,
3020 417 3238 475 salvabit
3280 433 3418 474 eam.
3465 417 3733 516 Martyres

431 541 581 598 bitor
608 542 781 607 fuero,
824 537 1005 592 mittet
1048 548 1137 589 me
1166 538 1394 588 exactor
1438 541 1597 585 meus
1634 525 1689 580 in
1719 537 2023 587 carcerem,

432 634 531 689 illo
556 633 748 691 ordine
776 629 867 701 qui
895 625 1189 699 praedictus
1216 632 1323 678 est.
1371 618 1738 679 Adversarius
1762 616 1909 674 enim
1937 629 2025 670 me

434 725 671 782 ducitad
697 722 1021 795 principem,
1068 719 1344 792 princeps,
1378 715 1446 772 ad
1474 714 1739 786 iudicem,
1773 719 1829 768 et
1851 710 2024 782 judex

438 816 613 873 tradet
641 830 730 872 me
756 812 1025 879 exactori,
1071 818 1127 867 et
1165 817 1400 867 exactor
1425 807 1607 862 mittet
1644 805 1700 860 in
1725 814 2026 859 carcerem.

437 912 569 980 Quae
599 920 624 948 ⁸
651 918 738 967 est
774 909 863 965 lex
887 905 1123 964 carceris
1160 902 1355 960 istius?
1398 900 1517 958 Non
1549 898 1803 971 egredior
1832 911 1897 951 ex
1930 908 2024 960 eo,

434 1018 612 1076 neque
638 1017 726 1059 me
751 1009 981 1060 exactor
1005 999 1215 1071 patitur
1243 996 1419 1062 exire,
1448 993 1554 1051 nisi
1592 993 1839 1049 debitum
1865 1003 2029 1045 omne

433 1098 778 1173 persolvere.
822 1094 943 1153 Non
970 1093 1138 1150 habet
1162 1099 1390 1149 exactor
1420 1095 1769 1160 potestatem,
1798 1091 1862 1139 ut
1894 1081 2028 1138 mihi

434 1194 624 1250 saltem
658 1191 1039 1264 quadrantem,
1073 1186 1162 1243 vel
1192 1185 1471 1243 minimam
1500 1182 1815 1259 portionem
1844 1177 2032 1233 valeat

431 1286 760 1353 concedere,
785 1298 926 1341 unus
943 1289 1049 1351 est,
1074 1280 1170 1351 qui
1196 1277 1541 1335 debitoribus
1570 1288 1678 1331 non
1702 1270 2031 1328 habentibus

435 1383 579 1439 unde
608 1380 945 1452 persolvant,
978 1383 1160 1447 potest
1181 1372 1510 1430 concedere.
1542 1368 1795 1432 Accessit,
1828 1364 2025 1436 inquit,

433 1478 503 1533 ad
526 1493 645 1532 eum
672 1492 807 1531 unus
836 1478 929 1546 qui
950 1471 1164 1527 debebat
1190 1470 1500 1541 quingentos
1520 1465 1786 1530 denarios,
1815 1471 1864 1518 et
1890 1459 2031 1514 alius

432 1568 814 1640 quinquaginta
841 1574 929 1621 :et
956 1580 1071 1619 cum
1112 1578 1219 1618 non
1258 1559 1503 1615 haberent
1542 1557 1683 1611 unde
1732 1555 2026 1617 redderent,

433 1660 681 1716 ambobus
708 1659 921 1713 donarit
949 1657 1116 1732 (Luc.-
1149 1655 1285 1725 vtt).
1334 1652 1437 1721 Qui
1475 1651 1724 1712 donavit,
1771 1648 2030 1703 Dominus

434 1761 518 1808 est
539 1771 552 1806 :
577 1752 681 1806 iste
707 1765 842 1806 vero
866 1749 957 1819 qui
981 1757 1206 1804 exactor
1231 1755 1341 1813 est,
1372 1758 1484 1799 non
1514 1750 1600 1798 est
1628 1742 1905 1807 dominus,
1931 1739 2026 1795 sed

2130 524 2388 587 quaerunt
2417 514 2630 570 salvare
2651 514 2887 570 animam
2917 526 3072 567 suam
3107 527 3121 565 :
3155 518 3447 582 propterea
3468 510 3731 581 perdunt,

2129 616 2192 664 ut
2212 607 2425 664 salvent
2460 621 2607 664 eam.
2663 606 2768 674 Qui
2815 618 2949 662 vero
2988 603 3183 658 volunt
3228 603 3446 658 salvere
3493 600 3734 656 animam

2131 716 2305 770 suam,
2340 710 2400 757 ut
2440 716 2548 757 non
2584 700 2819 771 perdant
2854 714 3000 767 eam,
3026 697 3082 753 lii
3106 705 3161 754 et
3191 712 3393 769 corpus
3412 705 3470 752 et
3491 696 3733 751 animam

2129 795 2368 866 perdunt
2439 794 2645 866 pariter
2686 794 2740 848 in
2782 791 3111 864 gehennam.
3173 790 3521 857 Quamobrem
3577 788 3739 843 nolite

2136 889 2313 944 timere
2336 905 2445 954 eos,
2473 888 2573 953 ait,
2602 887 2690 959 qui
2716 894 2935 958 possunt
2955 900 3146 955 corpus
3172 884 3424 948 occidere,
3456 881 3547 937 sed
3565 882 3739 935 timete

2130 982 2301 1053 magis
2329 997 2444 1036 cum
2474 983 2561 1052 qui
2586 988 2752 1052 potest
2783 980 3011 1033 animam
3041 988 3090 1032 et
3107 994 3296 1046 corpus
3324 977 3539 1045 perdere
3566 976 3620 1029 in
3650 990 3737 1049 ge.

2130 1075 2359 1129 hennam
2390 1074 2543 1145 (Luc.
2579 1074 2741 1146 xvtt).
2775 1072 2888 1128 lluc
2912 1072 2978 1126 ad
3008 1072 3374 1142 propositum,
3395 1070 3552 1141 juxta
3582 1070 3736 1125 vires

2131 1170 2334 1241 ingenii
2367 1170 2541 1226 nostri
2602 1170 2849 1225 breviter
2889 1167 3211 1223 dixerimus.
3262 1164 3521 1221 Animalia
3561 1174 3737 1218 autem

2132 1282 2237 1319 non
2264 1265 2449 1337 recipit
2470 1281 2530 1319 ea
2559 1278 2676 1335 quae
2702 1270 2827 1318 sunt
2854 1262 3077 1333 spiritus
3105 1261 3148 1332 (l
3173 1259 3296 1317 Cor.
3320 1258 3379 1331 ll)
3404 1275 3420 1313 :
3444 1269 3500 1316 et
3529 1257 3740 1314 idcirco

2130 1358 2327 1413 salvari
2360 1374 2470 1412 non
2496 1367 2695 1428 potest.
2724 1356 3025 1414 Seminatur
3061 1372 3251 1429 corpus
3280 1354 3528 1419 animale,
3559 1352 3734 1422 surgit

2131 1466 2322 1520 corpus
2354 1450 2591 1521 spiritale
2618 1449 2660 1520 (l
2692 1447 2813 1504 Cor.
2856 1446 2973 1520 xv).
3017 1447 3188 1503 Porro
3231 1446 3323 1518 qui
3355 1445 3595 1500 adliceret
3623 1444 3737 1499 Do-

2131 1544 2301 1607 mino,
2354 1541 2585 1611 spiritus
2611 1556 2756 1597 unus
2785 1539 3048 1596 efﬁcitur.
3077 1539 3133 1596 Si
3155 1553 3289 1609 ergo
3334 1538 3428 1608 qui
3491 1536 3730 1591 Domino

2132 1635 2445 1704 c0pulatur,
2496 1649 2620 1689 cum
2676 1633 2931 1689 animalis
2956 1638 3109 1689 esset
3134 1647 3233 1702 per
3261 1629 3315 1685 id
3347 1633 3401 1685 in
3430 1629 3735 1700 spiritalem

2132 1730 2391 1795 vertitur,
2420 1736 2477 1784 et
2495 1743 2638 1784 unus
2664 1738 2749 1784 est
2771 1727 2998 1798 spiritus
3028 1744 3041 1777 :
3076 1740 3177 1780 nos
3199 1738 3415 1794 quoque
3444 1722 3739 1794 perdamus

426 1859 456 1898 a
486 1844 714 1899 domino
736 1842 807 1896 ad
833 1818 1103 1910 exigenda
1131 1836 1319 1893 debita
1349 1833 1697 1906 prtepositus.
1730 1831 1849 1886 Non
1881 1830 2027 1884 fuisti
2060 1833 2106 1893 B
2133 1823 2372 1878 animam
2420 1830 2686 1885 nostram,
2720 1830 2780 1875 ut.
2808 1820 3157 1876 adhaerentes
3216 1818 3442 1872 Domino
3472 1818 3526 1871 in
3566 1831 3734 1871 unum

434 1934 630 2008 dignus
656 1946 717 1988 ut
759 1932 857 1988 tibi
905 1930 1210 2003 quingenti,
1243 1928 1360 1982 sive
1385 1924 1779 1997 quinquaginta
1821 1921 2032 1978 denarii

431 2027 793 2090 donarentur,
824 2037 927 2077 nec
952 2020 1149 2077 audire
1181 2017 1459 2084 meruisti,
1507 2015 1730 2071 dimissa
1764 2023 1891 2069 sunt
1939 2012 2036 2069 tibi

434 2120 632 2177 delicta
656 2126 746 2173 tua
778 2132 795 2172 :
830 2114 926 2171 sed
951 2112 1188 2168 mitteris
1210 2111 1265 2166 in
1291 2123 1595 2174 carcerem,
1619 2117 1675 2162 et
1696 2106 1770 2162 ibi
1799 2104 2035 2177 exigeris

430 2229 530 2285 per
566 2212 813 2268 laborem
840 2220 894 2285 et
929 2222 1119 2278 opera,
1148 2205 1265 2260 sive
1294 2219 1392 2273 per
1423 2215 1611 2272 poenas
1640 2209 1806 2271 atque
1829 2198 2037 2269 suppli-

431 2282 539 2371 cia,
579 2312 638 2360 et
664 2319 773 2360 non
806 2282 933 2357 inde
964 2300 1122 2355 exies
1148 2296 1253 2351 nisi
1302 2292 1610 2350 reddideris
1649 2290 2032 2362 quadrantem,

431 2400 526 2456 vel
556 2395 921 2454 novissimum
954 2392 1254 2455 minutum,
1298 2385 1446 2458 quod
1473 2384 1501 2424 ι’
1529 2385 1720 2441 Graece
1751 2391 1902 2437 tenue
1924 2381 2033 2436 dici

432 2499 634 2565 potest.
661 2489 891 2544 Peccata
921 2493 1101 2541 autem
1130 2492 1318 2536 nostra
1340 2477 1559 2550 pinguia
1588 2484 1736 2531 sunt.
1767 2472 2035 2531 Scribitur

434 2563 578 2639 enim
619 2602 633 2636 :
681 2578 1042 2634 Incrassatum
1091 2584 1163 2630 est
1221 2587 1311 2626 cor
1367 2569 1545 2643 pepuli
1588 2567 1750 2641 hujus
1797 2563 2032 2637 (Matth.

430 2692 563 2739 xm;
596 2676 710 2728 Act.
749 2667 969 2740 xxvnt).
1003 2667 1110 2722 Aut
1151 2662 1556 2735 comparatione
1583 2660 1836 2731 majoris,
1868 2667 2034 2713 tenue

433 2778 597 2839 atque
636 2763 863 2822 subtile.
913 2762 1116 2817 Beatus
1154 2767 1241 2813 est
1282 2756 1465 2827 igitur,
1518 2753 1754 2822 primum
1802 2751 1894 2818 qui
1923 2764 2031 2804 non

434 2865 651 2931 peccat,
679 2853 922 2911 secundo
951 2860 1010 2906 ut
1033 2851 1087 2904 in
1107 2848 1401 2905 collatione
1426 2844 1626 2916 aliquis
1656 2843 1845 2899 saltem
1868 2850 2034 2897 tenue

438 2960 724 3021 peccatum
760 2947 979 3002 habeat.
1012 2943 1081 2998 Et
1110 2943 1252 2995 inter
1279 2940 1393 3008 ipsa
1421 2951 1636 3009 quoque
1663 2935 1841 2991 tenuia
1868 2943 2034 3004 atque

433 3044 683 3104 Sttblilia,
732 3048 818 3097 est
842 3037 1141 3095 diversitas
1185 3040 1556 3105 peccatorum.
1591 3029 1709 3084 Nisi
1753 3036 1902 3083 esset
1932 3041 2031 3096 pe-

436 3138 597 3193 cunia
626 3131 869 3198 subtilis,
902 3125 1545 3199 numquam-dicerctnr:
1578 3119 1703 3175 Non
1723 3120 1862 3173 aries
1889 3117 2029 3182 inde,

2141 1915 2394 1986 spiritum
2420 1915 2899 1970 transldrmemur.
2926 1914 3032 1969 Sed
3058 1922 3111 1967 et
3142 1913 3209 1967 de
3240 1926 3413 1982 regno
3441 1911 3534 1967 Dei
3561 1910 3736 1966 inter-

2141 2016 2384 2075 rogatus,
2416 2005 2706 2077 reSpondit
2735 2005 2993 2061 Salvator
3029 2004 3324 2059 Pharisaais
3355 2020 3369 2057 :
3406 2002 3628 2072 Quando
3652 2019 3739 2057 ue-

2139 2100 2297 2163 nerit,
2330 2098 2533 2168 inquit,
2557 2114 2661 2151 non
2690 2098 2830 2151 venit
2848 2113 3063 2168 regnum
3087 2096 3187 2150 Dei
3205 2111 3323 2149 cum
3357 2096 3733 2161 observatione,

2139 2207 2304 2261 neque
2328 2191 2534 2253 dicunt,
2562 2207 2677 2244 cccc
2706 2189 2813 2257 hic,
2836 2202 2929 2243 aut
2957 2206 3071 2244 ecce
3106 2190 3196 2243 ibi.
3218 2189 3453 2254 Regnum
3474 2189 3608 2242 enim
3636 2185 3737 2242 Dei

2139 2285 2282 2337 intra
2304 2299 2390 2336 vos
2414 2292 2489 2337 est
2514 2281 2672 2354 (Luc.
2698 2281 2990 2353 xvtt).Non
3023 2280 3279 2336 omnibus
3306 2280 3558 2337 Salvator
3578 2278 3734 2344 dicit,

2139 2391 2359 2445 regnum
2392 2372 2491 2428 Dei
2532 2374 2670 2427 intra
2699 2388 2789 2426 vos
2817 2382 2894 2428 est
2922 2391 2939 2428 :
2968 2372 3235 2444 siquidem
3268 2373 3319 2426 in
3352 2370 3736 2443 peccatoribus

2136 2482 2365 2537 regnum
2396 2468 2603 2537 peccati
2623 2474 2729 2531 est,
2751 2475 2808 2521 et
2833 2467 3045 2537 absque
3075 2467 3182 2521 ulla
3207 2466 3588 2535 ambiguitate,
3641 2472 3737 2521 aut

2143 2574 2367 2630 regnum
2416 2561 2648 2630 peccati,
2707 2569 2801 2615 aut
2854 2576 3081 2632 regnum
3124 2560 3221 2615 Dei
3257 2561 3308 2614 in
3339 2560 3507 2615 corde
3543 2568 3737 2614 nostro

2135 2654 2391 2723 imperat.
2408 2652 2567 2709 Unde
2585 2653 2704 2709 sive
2720 2667 2842 2724 qua:
2863 2654 3107 2721 facimus,
3135 2654 3254 2709 sive
3279 2668 3399 2724 quae
3430 2651 3730 2721 loquimur,

2136 2744 2252 2798 sive
2267 2759 2389 2815 qua:
2413 2745 2741 2814 cogitamus,
2767 2745 3208 2816 contemplemur
3232 2743 3517 2809 attentius,
3540 2751 3738 2797 cttunc

2136 2835 2444 2892 videbimus
2475 2844 2655 2891 utrum
2693 2836 2792 2892 Dei
2817 2837 3113 2908 imperium
3162 2847 3352 2906 regnet
3380 2836 3433 2890 in
3459 2835 3638 2904 nobis,
3668 2849 3737 2889 an

2136 2929 2423 2999 imperium
2472 2929 2825 2986 delictorum.
2878 2931 3051 2998 Quam
3119 2930 3497 2985 diversitatem
3554 2932 3736 2985 sciens

2136 3022 2451 3086 Apostolus,
2482 3023 2744 3093 quosdam
2772 3033 3106 3087 commonet,
3130 3024 3323 3077 dicens
3351 3040 3365 3077 :
3394 3021 3517 3076 Non
3553 3029 3734 3093 regnet

2120 3124 2401 3184 peccatum
2430 3114 2483 3167 in
2516 3114 2724 3168 mortali
2746 3125 2908 3168 vestro
2932 3131 3147 3185 corpore
3175 3113 3350 3181 (Rom.
3378 3113 3480 3185 vt).
3531 3112 3587 3169 Si
3619 3112 3741 3183 quis

434 3229 600 3283 donec
628 3224 818 3280 reddas
846 3221 1180 3276 nouissimum
1205 3216 1573 3286 quadrantem.
1596 3210 1883 3279 Quomodo
1912 3210 2029 3264 sine
2058 3214 2103 3276 C
2137 3218 2385 3263 nostrum
2398 3207 2913 3279 desideratregnum
2937 3208 3055 3271 Dei,
3073 3214 3328 3277 regnatur
3348 3208 3514 3263 abeo.
3544 3206 3740 3276 Siquis

438 3319 671 3391 pecunia
700 3316 910 3371 diceret
934 3310 1294 3367 novissimum
1325 3307 1617 3369 minutum,
1649 3302 1795 3374 quod
1825 3311 1908 3358 cst
1937 3302 2034 3356 de-

438 3413 645 3479 narius,
670 3413 785 3465 sive
811 3420 1088 3471 nummus,
1113 3402 1233 3457 sive
1260 3399 1483 3464 obolus,
1514 3397 1601 3452 vel
1624 3404 1849 3451 statera.
1875 3394 2031 3462 Quod

435 3508 481 3564 si
506 3519 752 3577 magnam
776 3500 1066 3573 pecuniam
1085 3494 1461 3560 debuerimus,
1493 3492 1637 3547 sicut
1666 3490 1756 3544 ille
1780 3492 1869 3561 qui
1902 3489 2037 3544 scti-

436 3604 582 3659 bitur
603 3600 815 3671 .decem
843 3594 1009 3650 millia
1043 3589 1245 3646 talenta
1274 3585 1530 3641 debuisse
1565 3582 1797 3653 (Matth.
1837 3580 2033 3653 xvtn),

440 3702 644 3765 quanto
674 3699 925 3756 tempore
954 3681 1275 3738 claudamur
1298 3676 1353 3731 in
1375 3688 1618 3742 carcere,
1641 3672 1817 3728 donec
1843 3671 2039 3727 redda-

442 3764 567 3843 mus
607 3781 885 3842 debitum,
927 3789 1040 3830 non
1080 3784 1300 3841 possum
1343 3766 1629 3822 manifeste
1661 3764 2035 3834 pronuntiare.

443 3876 504 3933 Si
542 3874 689 3931 enim
721 3870 815 3941 qui
845 3880 1037 3938 parum
1064 3862 1250 3929 debet,
1284 3873 1392 3913 non
1423 3856 1757 3928 egredietur,
1804 3855 1911 3909 nisi
1944 3869 2040 3909 ev-

450 3970 628 4025 solvat
660 3964 928 4020 minntum
955 3956 1314 4027 quadrantem
1343 3969 1356 4006 :
1381 3950 1569 4020 utique
1611 3949 1702 4019 qui
1748 3958 1899 4002 tanto
1941 3945 2039 4000 de-

446 4065 565 4121 bito
601 4058 768 4115 fuerit
794 4051 1065 4109 obnoxius
1095 4047 1306 4103 infinita
1337 4045 1386 4100 ei
1422 4044 1490 4097 ad
1519 4039 1852 4097 reddendum
1886 4038 2043 4095 debi-

449 4166 566 4213 tum
593 4150 795 4207 sarcula
816 4141 1271 4202 numerabuntur.
1293 4137 1639 4205 QuaprOptcr
1655 4144 1678 4173 ο
1700 4132 1893 4188 demus
1913 4145 2044 4201 ope.

454 4265 595 4313 ram,
627 4254 690 4300 ut
714 4244 1013 4299 liberemur
1035 4234 1102 4289 ab
1124 4230 1458 4294 adversario,
1487 4228 1616 4283 dum
1646 4241 1834 4281 sumus
1857 4225 1909 4279 in
1932 4226 2043 4283 via.

453 4353 510 4399 et
534 4342 827 4412 iungamur
871 4330 1100 4387 Domino
1130 4325 1286 4388 .lesu,
1319 4322 1405 4378 cui
1438 4330 1522 4376 est
1561 4320 1733 4391 gloria
1772 4328 1828 4373 et
1877 4318 2044 4387 impc-

450 4438 594 4493 riutn
623 4433 676 4487 in
709 4427 908 4485 saecula
935 4422 1288 4479 saeculorum.
1322 4416 1519 4471 Amen.

766 4540 931 4614 359
954 4567 974 4579 -
998 4535 1162 4608 360
1198 4532 1481 4588 IIOMILIA
1519 4530 1763 4588 XXXVI.

2141 3300 2386 3355 avaritiae
2411 3299 2610 3355 ardore
2639 3300 2932 3367 cruciatur,
2953 3311 3213 3370 regnatur
3227 3299 3296 3353 ab
3320 3299 3571 3354 avaritia.
3598 3297 3733 3352 l’or-

2138 3409 2204 3446 ro
2231 3394 2321 3464 qui
2356 3393 2677 3464 injustitiam
2706 3395 2950 3465 reginam
2991 3394 3180 3460 habet,
3213 3402 3473 3466 regnatur
3530 3393 3598 3449 ab
3646 3407 3739 3449 ea.

2139 3482 2245 3552 Qui
2270 3499 2423 3538 vanrc
2448 3485 2639 3556 gloriae
2665 3485 2966 3541 ambitione
2996 3485 3324 3548 sustollitur.
3339 3494 3535 3556 regnat
3556 3485 3605 3541 ei
3633 3500 3737 3539 au-

2150 3593 2213 3631 ra
2237 3579 2536 3648 popularis.
2569 3579 2669 3647 Qui
2700 3589 2915 3649 moeret,
2941 3579 3032 3651 qui
3054 3579 3254 3651 aliquid
3285 3579 3624 3648 reformidat,
3649 3577 3743 3649 qui

2143 3678 2313 3736 amat,
2328 3672 2417 3740 qui
2433 3670 2739 3738 desiderat,
2756 3671 3024 3741 imperant
3037 3674 3084 3727 ei
3103 3671 3335 3744 singula,
3353 3682 3512 3742 prout
3525 3678 3743 3742 pertur-

2146 3762 2458 3816 bationibus
2489 3764 2659 3817 variis
2681 3764 3017 3833 possidetur.
3046 3766 3179 3834 Qua:
3201 3765 3387 3820 omnia
3409 3780 3745 3835 cognoscen-

2146 3864 2250 3920 tes,
2281 3864 2337 3909 et
2364 3869 2527 3925 quam
2557 3856 2729 3911 multa
2762 3856 2872 3911 sint
2892 3872 3089 3927 genera
3109 3873 3422 3928 regnorum,
3458 3871 3744 3926 surgamus

2148 3961 2549 4018 precemurqne
2571 3946 2768 4012 Deum,
2793 3958 2851 4003 ut
2875 3948 3085 4003 auferat
3110 3964 3138 4003 a
3169 3949 3328 4004 nobis
3378 3962 3607 4017 regnum
3637 3946 3744 3999 ini-

2149 4038 2299 4107 mici,
2324 4048 2379 4094 et
2408 4041 2681 4111 possimus
2710 4040 2813 4095 sub
2842 4055 3010 4109 regno
3034 4054 3160 4096 esse
3198 4040 3291 4095 Dei
3320 4037 3741 4108 omnipotentis,

2153 4130 2207 4185 id
2241 4134 2453 4187 eststh
2480 4147 2650 4204 regno
2669 4132 2969 4201 sapientite,
2999 4132 3167 4201 pacis.
3196 4131 3445 4201 iustitiae,
3475 4130 3744 4195 veritatis,

2148 4237 2271 4292 quae
2296 4232 2495 4278 cuncta
2528 4225 2584 4279 in
2610 4225 2892 4294 unigenito
2925 4223 3019 4278 Dei
3052 4222 3191 4279 Filio
3226 4223 3635 4293 intelliguntur,
3660 4222 3746 4275 cui

2149 4330 2233 4374 est
2258 4319 2435 4390 gloria
2458 4330 2515 4375 et
2546 4320 2838 4390 imperium
2856 4320 2908 4373 in
2928 4319 3128 4374 sarcula
3161 4317 3514 4374 saeculorum.
3539 4318 3737 4372 Amen.

2656 4432 2949 4491 IlOMlLlA
2988 4431 3254 4489 XXXV“.

2190 4551 2267 4605 De
2294 4565 2361 4606 eo
2390 4549 2536 4621 quod
2568 4566 2598 4605 a
2627 4549 2916 4619 discipulis
2967 4549 3153 4618 pullus
3182 4548 3350 4603 asina:
3376 4547 3585 4603 solutus
3606 4557 3708 4604 est.

454 4669 531 4725 De
560 4679 629 4722 eo
653 4657 799 4732 quod
830 4653 1091 4732 scriptum
1124 4655 1209 4703 cst
1236 4668 1249 4700 :
1273 4646 1373 4712 Qui
1396 4645 1617 4732 poluerit
1641 4648 2039 4731 animumsuam
2077 4626 2125 4689 Ῑ)
2220 4643 2444 4699 Lectum
2472 4653 2561 4698 est
2592 4644 2645 4699 in
2676 4640 2975 4710 Evangelia
3018 4639 3319 4694 secundum
3351 4638 3573 4701 Lucam,
3605 4654 3745 4710 quo-

526 4719 749 4795 saluare,
777 4719 957 4796 perdet
990 4738 1121 4787 eam,
1142 4734 1312 4789 usque
1341 4719 1409 4773 ad
1442 4733 1567 4775 eum
1592 4719 1770 4772 locum
1805 4721 1896 4773 ubi
1931 4726 2035 4774 ait:

524 4811 765 4881 Regnum
788 4799 887 4855 Dei
910 4798 1051 4851 intra
1084 4808 1171 4847 ros
1199 4802 1295 4847 est.

450 4908 459 4921 ’
526 4921 631 4989 Qui
651 4912 934 4990 qumsierit,
959 4906 1154 4978 inquit,
1183 4903 1411 4958 animam
1429 4919 1577 4957 suam
1602 4904 1825 4972 saluare,
1864 4911 2039 4976 μοι-(ιρι

528 5092 556 5120 ἰ
595 5078 678 5134 Ex
712 5075 811 5129 hoc
841 5072 972 5125 item
1014 5067 1139 5122 loco
1177 5062 1248 5118 el.
1296 5061 1525 5117 llnetius
1559 5059 1786 5130 colligit,
1830 5076 2053 5133 ριιιτιςςρ

457 5153 772 5223 Origenetu,
809 5135 1591 5223 pcenis.datuttatorurugl‘iuetp
1618 5135 1935 5223 ittlpositttul
1965 5142 2049 5204 iri,

462 5203 944 5282 algltiltia'tt'llutn
986 5212 1038 5263 in
1084 5208 1194 5261 De"
1240 5205 1457 5282 “md”?
1508 5203 1810 5282 aliquamm-
1839 5203 2051 5282 mlum

462 5275 638 5364 neque
660 5289 797 5343 adeo
828 5285 959 5338 alias
986 5292 1147 5364 quam
1171 5275 1729 5364 ptirgatp'r'iaspmgits
1745 5275 2049 5364 admisisse.

668 5342 1015 5431 quamquam
1033 5359 1093 5431 et
1114 5342 1373 5431 stipra'ad
1400 5344 1595 5431 lietuil.
1616 5342 1688 5396 ‘24
1710 5349 2054 5431 ιιιιιιηιιιινυιυ-

682 5415 736 5485 et
762 5415 883 5483 aliis
918 5415 1291 5501 rgtnpluribus
1331 5432 1400 5472 cx
1436 5415 1567 5501 locis
1595 5415 1939 5501 tuapifestum
1966 5438 2052 5476 cr-

466 5486 915 5564 ibri—sieneauius
942 5486 1232 5564 Οΐῖέεηθτῐι
1266 5489 1320 5541 Ῑ¹¹
1352 5486 1653 5564 “um-“i0”?
1671 5487 1743 5564 ile
1769 5502 2052 5555 pmuamm

464 5557 768 5634 internitate
804 5582 955 5623 :non
991 5557 1170 5619 tamen
1200 5557 1563 5634 huuc‘cadeni
1616 5557 1866 5611 laborare
1895 5564 2054 5634 culpa

468 5629 785 5703 contextum
831 5638 1229 5696 existimamus,
1268 5629 1399 5703 quin
1442 5629 1959 5703 potiusecoutrariu
1988 5629 2052 5688 '0‘-

462 5698 710 5773 diem
745 5711 1013 5772 videatur,
1055 5705 1149 5775 qui
1194 5704 1247 5756 in
1288 5698 1414 5768 ejus
1442 5698 2055 5775 tlefcnsionenradduci

459 5764 1012 5861 destinench
1032 5764 1219 5858 ρέηεει
1243 5764 1911 5861 θὲίῗὶῗίίίέἱλέὲἓῗὲὶῖυῗ
1929 5785 2057 5861 e0-

462 5837 696 5931 Sanum
721 5837 1051 5929 parabolatn'
1070 5848 1128 5902 in
1154 5854 1312 5897 suum
1342 5851 1566 5894 sensum
1597 5849 1854 5906 perverse
1880 5837 2058 5900 deter.

2150 4738 2313 4792 modo
2328 4752 2454 4793 cum
2477 4737 2721 4792 venisset
2737 4734 2992 4791 Salvator
3006 4730 3343 4802 Bethphage,
3358 4741 3414 4787 et
3427 4731 3749 4787 Bethaniam

2146 4834 2311 4897 juxta
2337 4839 2579 4886 montem
2610 4828 2832 4893 Oliveti,
2859 4826 3073 4882 miserit
3098 4824 3236 4880 duos
3257 4840 3288 4881 e
3314 4825 3601 4896 discipulis
3614 4825 3747 4893 suis,

2153 4933 2210 4977 ut
2235 4922 2514 4977 solverent
2559 4920 2770 4991 pullum
2814 4918 3003 4986 asinae,
3036 4917 3129 4988 qui
3159 4915 3374 4974 vinctus
3401 4923 3541 4982 erat,
3577 4925 3634 4972 et
3660 4930 3752 4970 su-

2162 5086 2353 5145 quere,
2385 5074 2655 5130 catholico
2687 5074 2801 5130 fere
2841 5086 3006 5129 sensu
3033 5071 3284 5145 exposuit
3316 5088 3328 5127 :
3360 5081 3467 5125 tum
3508 5070 3753 5145 luculen-

2165 5142 2372 5201 tissime
2400 5148 2666 5209 definivit,
2710 5148 3019 5215 graviorum
3056 5143 3344 5199 criminum
3379 5158 3501 5198 rcus
3528 5142 3753 5197 teternis

2165 5218 2499 5273 addicendos
2528 5218 2831 5287 supplicus,
2864 5233 2988 5271 cum
3019 5217 3095 5269 ait
3123 5232 3137 5270 :
3165 5218 3226 5268 Si
3267 5217 3441 5288 magni
3478 5216 3749 5288 pecuniam

2164 5291 2522 5356 debuerimus,
2560 5284 2690 5342 sicut
2732 5290 2825 5341 ille
2852 5290 2941 5357 qui
2968 5290 3224 5342 scribatur
3262 5284 3433 5341 (forem
3470 5284 3635 5338 iutllia
3674 5294 3757 5337 ta-

2164 5362 2301 5412 lenta
2329 5360 2582 5423 debuisse,
2612 5375 2806 5427 quanto
2837 5371 3063 5425 tempore
3099 5357 3412 5411 claudamur
3440 5357 3491 5408 iu
3525 5372 3751 5421 carcere,

2163 5433 2323 5483 donec
2352 5431 2627 5483 reddamus
2656 5431 2905 5491 debitum,
2937 5447 3040 5484 non
3079 5444 3287 5494 possunt
3326 5428 3595 5496 manifeste
3633 5443 3755 5497 pro-

2159 5502 2514 5554 uuntiare.....
2536 5500 2579 5555 U
2589 5504 2723 5565 tique
2737 5504 2825 5569 qui
2850 5510 2993 5554 tanta
3013 5502 3186 5553 debito
3204 5500 3363 5568 fuerit
3379 5497 3650 5569 obnoxius,
3674 5512 3756 5551 trt-

2164 5586 2343 5625 rtxmt
2368 5572 2416 5624 ei
2435 5574 2503 5623 ad
2523 5568 2845 5624 reddendum
2863 5572 3087 5625 debitum
3109 5572 3303 5623 sa'cula
3326 5568 3755 5622 numeralmutur.

2237 5641 2261 5679 δ
2301 5643 2554 5695 Additum
2582 5643 2683 5695 hoc
2706 5657 2920 5710 quoque
2942 5656 3152 5694 comma
3177 5649 3262 5693 est
3281 5640 3378 5710 abs
3402 5638 3754 5710 Hieronymo,

2162 5723 2213 5764 ut
2247 5712 2470 5781 quodin
2492 5713 2674 5768 λεπτὸν
2700 5708 2850 5765 vocis
2871 5713 3016 5763 varia
3046 5708 3442 5780 significatione
3470 5709 3608 5764 ludit
3632 5709 3757 5766 Orio

2159 5780 2365 5855 genus,
2387 5780 2615 5855 Latinus
2653 5785 2825 5855 lector
2847 5791 3255 5855 assequeretur.

2239 5861 2261 5890 ο
2307 5850 2511 5906 Vitiosa
2535 5850 2819 5922 legebatur
2843 5848 3006 5907 antea
3035 5850 3296 5919 debemus,
3323 5864 3426 5922 pro
3443 5848 3642 5909 demus.
