4044 6398
266 552 355 613 501

773 502 1211 608 rnsnsta'rto
1248 546 1689 609 noutLtAttUtt
1725 548 1864 608 ontt

1972 548 2057 610 IIS
2092 550 2163 610 IN
2200 546 2463 611 LUC‘AM.
2504 551 2674 612 IIOM.
2717 550 3010 614 XXXVIII.

3448 553 3559 619 302

265 684 356 742 per
394 681 559 741 quem
586 666 771 724 nullus
818 667 1101 724 hominum
1134 667 1426 739 aliquando
1458 667 1676 725 sederat
1697 667 1849 741 (Luc.
1880 669 1931 730 A
1961 668 2214 726 laudabat
2263 671 2460 727 Deum.
2503 673 2660 741 Quod
2693 672 2959 730 Phariszci
3009 674 3279 745 videntes,
3306 679 3562 738 dicebant

267 758 397 831 xtx).
422 760 578 830 Quod
610 761 833 831 quidem
880 760 1012 815 mihi
1062 760 1282 815 videtur
1311 764 1485 830 magis
1510 762 1577 816 ad
1602 762 1856 815 altiorem

266 852 711 922 intelligentiam,
741 866 904 922 quam
930 833 997 906 ad
1028 852 1338 921 simplicem
1372 852 1656 909 historiam
1688 852 1858 924 perti-

264 959 405 1001 nere.
429 944 632 1000 Asinus
645 947 865 1000 vinctus
888 953 1027 1001 erat.
1056 944 1330 1001 Ubinam?
1351 946 1555 1002 Contra
1577 946 1821 1016 Betbpba
1836 978 1854 990 ο

265 1052 324 1106 ge
348 1046 403 1092 et
431 1036 779 1092 Bethaniam.
836 1037 1105 1107 quibns
1151 1037 1414 1093 Bethania
1466 1038 1857 1110 interpretatur

269 1138 291 1166 ι
314 1128 491 1183 domus
512 1128 838 1194 obedientiam
866 1128 1178 1199 Bethpltnge
1202 1147 1353 1195 vero,
1400 1132 1582 1187 domus
1613 1133 1858 1188 maxilla-

266 1240 370 1277 rnm
393 1240 413 1278 :
438 1222 799 1278 sacerdotalis
838 1222 997 1297 361
1031 1253 1053 1264 -
1078 1223 1237 1296 362
1293 1224 1510 1295 quidam
1540 1225 1719 1281 locus:
1739 1242 1856 1280 ma-

274 1317 404 1371 xilla:
430 1315 577 1372 enim
608 1315 990 1371 sacerdotibus
1018 1317 1308 1378 dabantur.
1330 1319 1470 1372 sicut
1489 1318 1544 1373 in
1571 1319 1692 1389 lege
1720 1335 1860 1390 pra:-

269 1410 484 1480 cipitur.
520 1409 655 1465 Illuc
685 1422 819 1480 ergo
845 1408 934 1463 ubi
953 1409 1282 1478 obediemia,
1312 1409 1399 1465 ubi
1426 1411 1578 1465 locus
1600 1411 1858 1467 sacerdo-

272 1502 406 1557 tibus
428 1501 789 1571 mancipatus,
812 1500 980 1555 mittit
1010 1501 1264 1557 Salvator
1285 1503 1586 1573 discipulos
1610 1518 1762 1570 suos,
1796 1513 1857 1557 ut

270 1593 476 1649 solvant
501 1594 709 1663 pullum
742 1593 917 1649 asina:
943 1608 1107 1663 super
1138 1612 1298 1665 quem
1345 1594 1528 1651 nullus
1575 1595 1856 1653 hominum

270 1686 557 1756 aliquando
599 1686 843 1741 sederat.
898 1684 1071 1740 Porro
1096 1686 1223 1757 quid
1257 1686 1404 1742 aliud
1427 1703 1596 1757 super
1641 1689 1856 1743 asinum

271 1781 457 1836 sedere
481 1788 670 1850 potest
695 1780 898 1850 absque
922 1780 1181 1835 homine?
1204 1780 1343 1836 Volo
1375 1782 1657 1853 paulisper
1672 1798 1861 1838 exem-

275 1872 417 1939 plum
437 1887 675 1937 sumere,
706 1883 762 1924 ut
804 1872 948 1941 quod
978 1871 1224 1926 dicturus
1240 1888 1381 1935 sum,
1408 1874 1580 1941 possit
1608 1873 1857 1946 intelligi.

272 1965 537 2035 Scriptum
566 1972 651 2017 est
678 1964 730 2018 in
762 1962 896 2017 Isaia
925 1981 939 2017 :
977 1962 1116 2017 I’isio
1145 1964 1536 2037 quadrupedum
1565 1965 1617 2019 in
1647 1966 1863 2021 tributa-

275 2058 407 2111 tione
435 2065 482 2111 et
509 2058 750 2128 angustia
776 2054 933 2126 (Isai.
961 2058 1110 2123 xxx),
1129 2064 1183 2110 et
1201 2056 1432 2127 reliqua,
1455 2073 1625 2128 usque
1652 2058 1716 2112 ad
1740 2075 1861 2113 cum
1899 2059 1937 2117 I‘~

273 2152 445 2207 locum
473 2151 664 2206 ubiait
698 2167 713 2206 :
747 2149 869 2204 Non
893 2150 1175 2222 proderunt
1226 2152 1296 2206 eis
1348 2153 1541 2206 divitia:
1596 2153 1860 2223 aspiciam.

274 2243 655 2315 Unusquisque
675 2253 919 2298 nostrum
952 2244 1269 2300 consideret
1292 2252 1526 2313 quantas
1551 2260 1684 2313 Opt‘S
1712 2246 1863 2314 aspi-

270 2335 394 2391 dum
422 2347 551 2391 ante
591 2338 913 2407 portaverit,
944 2346 1175 2406 quantas
1207 2336 1432 2391 divitias
1464 2337 1788 2401 bestiarum,
1811 2348 1867 2393 ct

273 2431 547 2501 quomodo
567 2446 863 2500 numquam
898 2430 1245 2484 rationabilis
1275 2432 1439 2486 homo
1471 2429 1677 2485 sederit
1703 2446 1868 2500 super

271 2524 479 2580 asinum
508 2530 785 2593 nostrum,
817 2537 926 2579 n0n
958 2539 1137 2579 sermo
1161 2523 1352 2596 Moysi,
1383 2540 1489 2579 non
1532 2523 1710 2586 Isaia),
1758 2540 1863 2577 non

269 2616 546 2678 Jeremize,
582 2632 681 2673 nec
700 2616 1039 2683 reliquorum
1070 2616 1317 2671 omnium
1350 2620 1746 2685 prophetarum
1777 2626 1868 2669 :et

272 2710 474 2767 videbit
503 2721 631 2765 tunc
663 2710 874 2765 sedisse
905 2725 1067 2779 super
1096 2725 1195 2764 nos
1225 2725 1534 2764 sermonem
1578 2709 1676 2764 Dei
1704 2719 1870 2775 atque

277 2803 572 2865 rationem,
596 2802 812 2871 quando
846 2804 993 2857 venit
1023 2803 1283 2856 Dominus
1312 2802 1495 2866 .lesus,
1527 2810 1582 2856 et
1609 2802 1871 2870 pra‘ccpit

273 2895 559 2964 discipulis
602 2894 743 2960 suis,
773 2905 833 2949 ut
868 2906 1059 2949 euntes
1086 2895 1366 2949 solverent
1416 2893 1616 2964 pullum
1673 2893 1867 2959 asinm,

272 2989 364 3055 qui
395 2988 544 3058 prius
573 2988 791 3043 vinetus
823 2989 1021 3051 fuerat,
1058 3000 1118 3042 ut
1139 2988 1282 3043 liber
1303 2990 1601 3043 incederet.
1645 2988 1869 3043 Solutus

274 3080 460 3147 itaque
508 3079 696 3151 pullus
744 3078 911 3134 asiam
959 3080 1246 3135 adducitur
1273 3080 1340 3135 ad
1367 3083 1572 3147 Iesum,
1627 3084 1692 3137 ad
1717 3083 1872 3151 cujus

272 3172 608 3227 solutionem
636 3172 861 3227 mittens
917 3172 1215 3243 discipulos
1248 3173 1461 3229 dixerat
1492 3192 1506 3228 :
1538 3174 1600 3231 Si
1629 3177 1743 3246 quis
1785 3191 1872 3230 vos

270 3267 667 3337 interrogaverit
690 3283 849 3336 quare
876 3268 1072 3321 solvitis
1096 3265 1321 3339 pullum,
1371 3268 1526 3324 dicite
1546 3269 1590 3323 ei
1615 3269 1735 3338 quia
1764 3266 1872 3323 Do-

270 3359 446 3413 minus
490 3362 832 3413 necessarium
881 3360 1033 3413 illum
1087 3359 1256 3413 habet.
1292 3360 1441 3415 Multi
1472 3370 1630 3416 erant
1658 3361 1869 3417 domini

1961 757 2232 817 Domino:
2261 760 2510 833 Increpas
2527 780 2634 818 eos.
2663 763 2876 830 Quibus
2907 765 2997 820 ille
3018 767 3301 836 respondit
3332 785 3348 824 ε
3377 770 3439 825 Si
3469 772 3558 826 isti

1958 852 2236 918 tacuerint,
2263 852 2465 925 lapides
2488 853 2789 909 clamabunt
2813 855 3035 928 (Matth.
3059 859 3164 927 tu).
3193 860 3423 923 Quando
3454 876 3557 918 nos

1959 941 2252 1011 loquimur,
2287 942 2498 1012 lapides
2522 942 2690 998 silent
2716 960 2731 1002 :
2762 946 2983 1015 quando
3017 957 3394 1017 nostacemus,
3423 952 3559 1020 lapi-

1958 1035 2055 1089 des
2076 1036 2336 1091 clamant.
2360 1035 2546 1092 Potest
2571 1037 2717 1093 enim
2734 1036 2995 1095 Dominus
3042 1040 3112 1097 de
3141 1041 3411 1114 lapidibus
3438 1046 3559 1102 istis

1960 1130 2225 1185 suscitare
2245 1128 2388 1184 ﬁlios
2406 1126 2657 1187 Abrahm.
2687 1129 2806 1197 Quo
2837 1141 3080 1200 tempore
3100 1151 3199 1190 nos
3218 1137 3552 1193 taeebimus?

1960 1220 2189 1287 Quando
2213 1219 2491 1276 refrixerit
2520 1221 2767 1277 cbaritas
2806 1223 3124 1290 multorum,
3158 1228 3376 1297 quando
3420 1230 3556 1286 illud

1961 1313 2103 1379 quod
2134 1328 2162 1367 a
2194 1312 2482 1369 Salvatorc
2515 1313 2866 1383 prmdicatum
2895 1323 3005 1383 est,
3035 1315 3196 1372 fuerit
3220 1320 3503 1389 impletum
3540 1340 3558 1381 :

1966 1403 2126 1459 Putas
2170 1407 2378 1459 partiens
2435 1402 2611 1460 Filius
2648 1405 2874 1460 hominis
2915 1407 3135 1463 inveniet
3191 1410 3349 1479 ﬁdem
3402 1429 3558 1485 super

1961 1498 2196 1552 terram?
2222 1497 2520 1567 Propterea
2553 1498 2768 1552 Domini
2815 1498 3257 1556 miscricordiam
3288 1501 3560 1572 deprece-

1963 1606 2105 1659 tnur,
2155 1606 2222 1645 ne
2254 1590 2413 1644 nobis
2470 1591 2798 1655 tacentibus,
2852 1592 3066 1662 lapides
3114 1594 3429 1661 clamitent;
3462 1597 3561 1652 sed

1963 1684 2253 1755 loquamur
2289 1693 2344 1739 et
2374 1683 2659 1739 laudemus
2693 1683 2863 1739 Deum
2913 1684 2966 1739 in
3000 1685 3193 1751 Patre,
3244 1698 3300 1742 et
3322 1687 3483 1757 Filio,
3507 1698 3565 1744 et

1963 1776 2167 1846 Spiritu
2190 1786 2379 1831 sancto
2412 1792 2427 1833 :
2456 1775 2545 1831 cui
2566 1785 2651 1832 est
2681 1776 2855 1846 gloria
2880 1786 2938 1832 et
2967 1778 3257 1849 imperium
3289 1781 3342 1835 in
3365 1780 3566 1836 smcula

1965 1868 2311 1923 szrculorum.
2344 1868 2541 1923 Amen.

2436 1981 2723 2039 IIOMILIA
2762 1980 3053 2038 XXXVIII.

1974 2097 2048 2151 De
2073 2112 2142 2152 eo
2168 2095 2313 2174 quod
2344 2099 2604 2174 scriptum
2633 2108 2718 2155 est
2748 2115 2764 2153 :
2790 2097 2921 2174 Cum
2946 2108 3118 2155 autem
3150 2104 3577 2174 ηῃρνορῐηηαιιυ·

2038 2178 2133 2234 set,
2187 2168 2315 2244 vidit
2354 2171 2630 2244 civitatem,
2676 2179 2732 2244 et
2775 2172 2917 2241 ﬂeuit
2944 2188 3101 2240 super
3127 2168 3261 2239 ean},
3292 2168 3462 2244 usque
3493 2175 3562 2229 ad

2038 2252 2161 2313 eum
2192 2238 2381 2313 loch
2394 2241 2488 2313 ubi
2512 2244 2586 2297 ait
2616 2236 2631 2295 ὲ
2665 2236 2832 2313 Ejecit
2853 2236 3026 2296 omnes
3072 2236 3343 2299 vendentes
3371 2236 3573 2300 calamo

2040 2309 2152 2365 bas.
2180 2312 2315 2379 Cap.
2339 2309 2483 2367 XIX.

2040 2424 2170 2477 Cum
2200 2424 2667 2495 appmpinquasset
2718 2423 3017 2480 Jerusalem
3069 2425 3326 2482 Dominus
3374 2437 3572 2497 noster,

1970 2514 2147 2570 videns
2176 2531 2291 2569 eam
2314 2516 2477 2587 ﬂevit,
2504 2528 2553 2568 et
2579 2516 2712 2571 dixit
2742 2534 2761 2571 :
2793 2516 2855 2573 Si
2871 2534 3205 2590 cognosceres
3233 2528 3279 2573 et
3325 2530 3379 2573 tu
3407 2522 3460 2573 in
3488 2522 3580 2575 die

1968 2610 2068 2662 ista
2095 2623 2211 2679 qua:
2238 2609 2308 2662 ad
2349 2626 2525 2679 pacem
2555 2618 2677 2663 sunt
2705 2608 2828 2677 tibi;
2858 2627 2998 2663 nunc
3038 2624 3213 2665 autem
3265 2612 3574 2667 abscondita

1969 2701 2167 2755 suntab
2197 2702 2359 2756 oculis
2381 2703 2503 2769 tuis,
2519 2702 2765 2772 quoniam
2791 2703 2989 2757 venient
3011 2705 3122 2757 dies
3140 2721 3297 2776 super
3313 2715 3378 2772 te,
3398 2715 3443 2759 et
3466 2705 3571 2759 circ

1971 2793 2289 2847 cumdabunt
2319 2804 2366 2847 te
2389 2794 2586 2847 inimici
2615 2796 2690 2847 tui
2717 2793 2875 2849 vallo.
2907 2795 3256 2852 Sacramenta
3288 2808 3415 2852 sunt
3450 2811 3574 2866 qum

1971 2884 2249 2949 dicuntur,
2296 2893 2352 2939 et
2386 2899 2689 2955 speramus,
2704 2886 2980 2956 pandente
2998 2886 3132 2954 Deo,
3161 2890 3377 2957 aperire
3403 2903 3568 2959 posse

1972 2979 2473 3052 363-364quod
2500 2980 2692 3035 latitat.
2716 2980 2953 3037 Primum
2974 2998 3104 3054 ergo
3123 2984 3191 3038 de
3209 2982 3337 3038 ﬂetu
3357 2984 3473 3053 ejus
3489 2984 3576 3039 vi.

1974 3074 2230 3127 deudunt.
2246 3074 2447 3129 Omnes
2469 3074 2828 3131 bcatitudines
2842 3092 2975 3147 quas
2992 3078 3205 3133 locutus
3218 3087 3300 3132 est
3319 3078 3372 3132 in
3394 3077 3576 3133 Evan-

1974 3164 2115 3235 gelio
2151 3163 2331 3233 Jesns,
2364 3183 2463 3222 suo
2488 3168 2662 3222 tirtuat
2688 3169 2959 3240 exemplo,
2983 3178 3039 3226 et
3067 3170 3211 3241 quod
3235 3171 3440 3235 docuit,
3466 3186 3570 3241 pro

1976 3260 2286 3314 testimonio
2315 3259 2714 3329 proltat..Beati,
2735 3260 2931 3332 inquit,
2951 3264 3116 3317 mites.
3140 3263 3272 3317 lIuic
3288 3265 3467 3319 simile
3488 3271 3575 3319 est

1975 3352 2044 3407 de
2074 3352 2388 3422 _semctipso
2419 3373 2433 3408 :
2470 3351 2665 3407 Discite
2718 3371 2751 3407 a
2804 3371 2906 3423 me,
2966 3355 3205 3421 quoniam
3260 3356 3405 3409 mitis
3450 3371 3569 3409 sum

272 3450 435 3521 huius
461 3452 598 3521 pum
618 3450 645 3490 δ
671 3462 959 3519 antequam
990 3452 1240 3507 Salvator
1272 3469 1391 3507 eum
1425 3452 1652 3510 haberet
1681 3469 1868 3510 neces-
1898 3436 1943 3498 C
1979 3443 2202 3518 (Matth.
2233 3447 2331 3520 xt).
2355 3444 2505 3501 Beati
2533 3449 2738 3518 paciﬁci
2764 3466 2783 3507 :
2807 3459 2863 3505 et
2885 3450 3010 3519 quis
3034 3449 3174 3505 alius
3199 3452 3270 3505 ita
3292 3451 3576 3522 paciﬁcus,

269 3546 473 3598 sarium
508 3552 836 3614 :postqnam
868 3559 1001 3598 vero
1041 3543 1137 3598 ille
1190 3544 1361 3608 erepit
1416 3559 1540 3600 esse
1586 3545 1864 3612 dominus,

271 3637 458 3706 plures
489 3635 694 3690 domini
716 3650 837 3691 esse
864 3646 1243 3691 cessaverunt.
1293 3634 1467 3690 Nemo
1495 3636 1639 3691 enim
1686 3646 1868 3707 potest

269 3728 380 3783 Deo
412 3729 621 3782 servire
651 3739 707 3782 et
731 3742 1078 3781 mammonae.
1100 3727 1333 3793 Quando
1363 3727 1587 3783 malitiae
1608 3730 1865 3785 servieri-

268 3834 411 3886 mns,
446 3820 630 3875 multis
683 3834 874 3875 sumus
913 3819 1267 3890 passionibus
1319 3820 1573 3892 vitiisque
1612 3822 1862 3893 subjecti.

270 3914 519 3969 Solvitur
570 3922 699 3986 ergo
756 3914 955 3985 pullus,
1008 3916 1138 3985 quia
1188 3914 1451 3970 Dominus
1499 3917 1865 3972 necessarium

269 4023 396 4063 eum
447 4006 638 4064 habet.
695 4006 802 4063 Vos
832 4008 971 4064 estis
1004 4008 1182 4078 pullus
1213 4008 1401 4074 asituc,
1426 4009 1552 4080 quid
1583 4011 1749 4066 vestri
1778 4010 1867 4066 Fi-

274 4099 381 4154 lius
406 4101 496 4154 Dei
532 4100 908 4154 necessarium
964 4098 1168 4154 habet?
1221 4098 1347 4168 quid
1375 4114 1405 4154 a
1431 4099 1587 4156 vobis
1614 4103 1819 4172 expetit
1843 4102 1867 4157 ?

269 4194 446 4248 salute
490 4203 671 4249 vestra
720 4207 858 4262 opus
886 4192 1067 4259 habet,
1100 4191 1251 4261 cupit
1289 4206 1386 4247 vos
1438 4193 1577 4247 solvi
1628 4196 1863 4251 vinculis

274 4294 649 4354 peccatorum.
680 4282 886 4341 Deinde
914 4284 1394 4354 mittuntdiscipuli
1417 4295 1596 4342 vestes
1627 4302 1754 4342 suas
1775 4302 1867 4343 su—

276 4389 379 4444 per
405 4376 642 4437 asiuum.
679 4384 735 4430 et
785 4376 980 4431 sedere
1030 4377 1238 4431 faciunt
1276 4376 1643 4435 Salvatorem.
1694 4380 1866 4435 Assu-

272 4474 437 4519 munt
486 4479 794 4521 sermonem
826 4467 944 4531 Dei,
976 4477 1032 4521 et
1069 4467 1352 4537 imponunt
1380 4486 1503 4525 eum
1551 4486 1718 4542 super
1743 4473 1865 4527 ani-

268 4571 396 4611 ruas
421 4556 758 4612 auditormn.
788 4556 1047 4615 Vestibus
1075 4570 1366 4631 exuuntur,
1398 4564 1865 4623 substernunteas

265 4651 325 4704 in
357 4649 469 4704 via.
495 4650 674 4721 Super
695 4665 792 4705 nos
814 4660 939 4706 sunt
958 4654 1281 4708 vestimenta
1301 4656 1676 4724 apostolorum
1701 4675 1715 4715 :
1738 4675 1864 4730 ope-

262 4757 327 4797 ra
358 4755 552 4797 eorum
597 4740 760 4809 bona,
796 4754 1113 4800 ornamenta
1173 4756 1358 4801 nostra
1388 4758 1540 4819 sunt,
1592 4751 1783 4807 volunt
1807 4768 1865 4808 a-

1972 3546 2032 3590 ut.
2056 3537 2317 3593 Dominus
2342 3555 2493 3594 meus
2525 3538 2710 3608 Jesus,
2742 3542 2834 3612 qui
2864 3551 2949 3597 est
2978 3557 3078 3613 pax
3108 3551 3315 3608 nostra,
3338 3546 3428 3613 qui
3456 3544 3573 3599 sol-

1972 3631 2049 3685 vit
2077 3631 2439 3700 inimicitiam,
2473 3644 2525 3687 ct
2549 3634 2602 3687 in
2634 3648 2729 3689 sua
2760 3649 2879 3689 cam
2906 3650 3069 3691 carne
3093 3635 3391 3691 destruxit?
3418 3634 3574 3690 Beati

1972 3726 2061 3794 qui
2102 3726 2501 3797 persecutionem
2548 3729 2821 3798 patiuntur
2849 3737 3057 3800 prapter
3072 3729 3355 3800 justitiam.
3405 3728 3577 3785 Nemo

1974 3816 2053 3872 :ic
2086 3819 2524 3887 persecutionem
2567 3834 2760 3890 passus
2805 3830 2892 3874 est
2923 3829 3144 3890 propter
3174 3820 3465 3890 justitiam,
3516 3834 3578 3877 ut

1976 3909 2235 3965 Dominus
2278 3910 2463 3979 Jesns,
2496 3912 2585 3982 qui
2620 3929 2716 3981 pro
2764 3914 3004 3982 peccatis
3033 3915 3237 3969 nostris
3282 3914 3578 3970 cruciﬁxum

1970 4010 2074 4057 est.
2098 4003 2301 4060 Omnes
2331 4005 2494 4076 igitur
2516 4004 2881 4061 beatitudines
2912 4008 2963 4062 in
2989 4006 3282 4077 semetipso
3311 4007 3577 4063 Dominus

1973 4093 2237 4151 Ostendit.
2270 4094 2353 4150 Ad
2399 4112 2559 4165 quam
2589 4097 3000 4153 similitudinem
3058 4100 3223 4154 etiam
3261 4099 3395 4154 illud
3428 4104 3572 4168 qUt-d

1969 4188 2207 4255 dixerat,
2240 4186 2389 4243 Beati
2435 4192 2638 4259 ﬂentes,
2684 4190 2803 4260 ipse
2840 4190 3014 4261 ﬂevit,
3045 4200 3106 4246 ut
3153 4192 3312 4262 hujus
3355 4209 3576 4265 quoque

1977 4282 2330 4340 beatitudinis
2352 4283 2564 4355 jacerct
2592 4285 2964 4341 fundamenta.
2990 4285 3168 4342 Flevit
3193 4297 3374 4342 autem
3407 4302 3574 4357 super

1967 4375 2291 4445 Jerusalem,
2315 4376 2505 4433 dicens
2531 4395 2544 4432 :
2570 4376 2631 4433 Si
2654 4378 2975 4451 wgnorisses
2999 4389 3048 4433 et
3072 4388 3126 4432 tu
3150 4380 3204 4433 in
3226 4380 3311 4435 die
3334 4382 3431 4433 ista
3455 4396 3573 4451 qna!

1969 4470 2240 4542 adparent
2268 4480 2389 4523 sunt
2421 4470 2538 4536 tibi,
2588 4487 2724 4525 nunc
2768 4480 2941 4525 autent
2988 4472 3295 4527 abscondita
3339 4482 3457 4527 sunt
3504 4474 3568 4528 ab

1969 4566 2129 4617 oculis
2158 4564 2278 4628 tuis,
2327 4573 2381 4618 et
2407 4565 2636 4633 reliqua,
2666 4581 2837 4636 usque
2866 4565 2932 4618 ad
2960 4580 3080 4620 cum
3111 4567 3290 4622 locum
3321 4569 3411 4623 ubi
3441 4568 3515 4622 ait
3546 4585 3561 4623 :

1970 4657 2049 4711 Eo
2079 4657 2216 4728 quod
2244 4674 2346 4711 non
2377 4659 2671 4726 cognoveris
2700 4669 2896 4729 tempus
2924 4659 3232 4713 uisitationis
3264 4671 3385 4717 tute.
3416 4662 3569 4717 Dicat

1970 4749 2167 4821 aliquis
2189 4750 2498 4803 auditorum
2528 4769 2541 4805 :
2576 4749 2861 4804 Manifesta
2894 4762 3020 4805 sunt
3049 4769 3169 4821 qum
3198 4754 3474 4823 dicuntur,
3510 4766 3567 4810 ct

260 4837 472 4906 postoli
509 4834 825 4891 indumenta
858 4853 953 4890 sua
980 4838 1177 4892 calcari
1211 4856 1239 4891 a
1272 4838 1446 4896 nobis.
1478 4841 1543 4896 Et
1565 4852 1757 4899 revera
1775 4860 1860 4899 so-
1890 4822 1942 4883 D
1971 4857 2138 4912 opere
2163 4840 2438 4911 completa
2468 4840 2535 4894 de
2552 4838 2871 4895 Jerusalem.
2897 4839 3423 4900 Cireumdediteniut
3443 4861 3564 4901 eam

264 4928 416 4982 Intus
456 4942 484 4981 a
512 4929 796 4998 discipulis
827 4930 1039 4995 asinus,
1071 4939 1126 4983 et
1156 4940 1381 5000 portans
1410 4930 1618 5001 Iesum,
1674 4935 1864 4992 incidit

259 5037 432 5091 super
458 5024 778 5079 vestimenta
798 5023 1425 5095 apostolorum,quando
1444 5027 1750 5086 doctrinam
1772 5047 1865 5088 co.

256 5130 390 5170 rum
416 5117 660 5171 imitatur
692 5128 744 5171 ct
765 5121 954 5171 vitam.
981 5117 1117 5185 Quis
1150 5128 1396 5174 nostrum
1419 5123 1490 5176 ita
1523 5121 1716 5179 beatus
1757 5136 1863 5197 est,

261 5218 328 5262 ut
351 5207 541 5265 sedeat
563 5224 732 5277 super
764 5211 913 5263 illum
942 5210 1142 5265 Jesus‘!
1173 5211 1271 5279 Qui
1312 5213 1568 5283 quamdiu
1594 5215 1647 5271 in
1681 5230 1866 5276 monte

258 5303 394 5367 fuit,
427 5316 548 5356 cum
600 5304 715 5357 suis
770 5303 1041 5370 apostolis
1091 5304 1451 5360 morabatur:
1484 5309 1707 5378 quando
1735 5327 1864 5367 vero

254 5395 435 5463 φωνὴ
457 5393 664 5449 vicinus
683 5406 806 5449 esse
832 5392 1151 5461 descensui,
1185 5402 1296 5449 tum
1327 5401 1566 5453 occurrit
1603 5402 1652 5455 ei
1706 5404 1863 5459 turba

251 5489 614 5558 pOpulorum.
668 5487 725 5543 Si
764 5502 869 5542 noo
901 5487 1146 5541 venisset
1187 5488 1252 5541 ad
1287 5488 1636 5559 descensum,
1685 5511 1791 5551 non
1815 5500 1864 5553 ei

251 5590 482 5650 poterat
533 5594 837 5634 occurrere
886 5577 1201 5633 multitudo.
1250 5578 1563 5649 Descendit,
1619 5585 1867 5657 seditque

248 5686 434 5744 super
462 5672 668 5744 pullum
694 5671 883 5738 asiam,
919 5678 975 5724 et
1003 5667 1181 5725 omnis
1206 5670 1443 5742 papulas
1466 5689 1602 5731 voce
1627 5691 1866 5733 consona

338 5834 365 5873 ά
406 5832 809 5889 Conierlihros
833 5830 1146 5903 Nominum,
1197 5840 1253 5889 et
1298 5848 1423 5903 qua:
1452 5834 1517 5889 ad
1542 5835 1733 5890 harant
1767 5852 1861 5891 vo-

230 5924 391 5967 .cum
425 5906 792 5979 etytno‘l‘ogias
821 5919 922 5957 nos
950 5902 1858 5979 animadvertimds,rllieronymtts

241 5996 374 6039 non
405 5972 574 6033 semel
599 5973 924 6045 Bethphage,
957 5972 1138 6029 villam
1176 5977 1575 6033 sacerdotalinm
1616 5972 1861 6036 ma'azilla-

234 6068 376 6114 rstm
407 6049 823 6119 interpretatur.

1968 4935 2246 4990 Romanus
2278 4937 2576 4998 exercitus,
2610 4943 2664 4988 et
2691 4935 2759 4987 ad
2792 4934 3219 4991 internecionem
3254 4954 3424 5008 usque
3464 4955 3562 4993 va-s

1967 5028 2151 5095 Stavit,
2182 5036 2500 5097 tempusque
2524 5024 2702 5079 veniet
2723 5026 2938 5094 quando
2972 5028 3104 5097 lapis
3135 5044 3299 5098 super
3329 5031 3562 5100 lapidem

1969 5136 2076 5174 non
2107 5119 2442 5187 relinquetur
2466 5132 2629 5186 super
2654 5129 2797 5171 eam.
2845 5115 2962 5171 Non
2998 5134 3138 5189 nego
3168 5129 3224 5174 et
3267 5121 3415 5176 illam
3442 5128 3564 5193 qui.

1970 5212 2092 5267 dein
2123 5211 2424 5266 JernSaEem
2484 5220 2705 5278 propter
2752 5208 3111 5264 habitatorum
3161 5212 3363 5267 scelera
3394 5213 3564 5272 fuisse

1969 5304 2326 5367 destructum,
2350 5300 2447 5356 sed
2472 5315 2657 5371 quer
2679 5298 2725 5354 si
2750 5309 2804 5353 et
2827 5300 2892 5354 ad
2924 5299 3061 5356 hanc
3086 5311 3324 5357 nostram
3344 5305 3566 5360 Jerusa-

1967 5398 2072 5453 lem
2098 5398 2254 5452 ﬂetus
2283 5396 2383 5451 iste
2411 5397 2700 5466 pertineat.
2729 5393 2840 5449 Nos
2866 5394 3009 5450 enim
3039 5408 3226 5451 sumus
3251 5398 3561 5455 Jerusalem

1968 5507 2088 5559 quae
2111 5489 2360 5554 deﬂetur,
2386 5488 2474 5559 qui
2503 5486 2659 5543 nobis
2681 5486 2928 5541 videmur
2949 5489 3197 5541 intuitum
3223 5488 3425 5545 habere
3447 5506 3561 5546 ma.

1964 5585 2163 5654 jorem.
2193 5580 2348 5650 Quod
2379 5585 2424 5635 si
2456 5589 2581 5650 post
2617 5578 2877 5651 mysteria
2907 5578 3173 5644 veritatis,
3208 5590 3328 5650 post
3354 5596 3565 5637 sermo-

1972 5692 2093 5734 nem
2124 5675 2427 5747 EVangelii,
2463 5679 2587 5744 post
2611 5672 2913 5728 doctrinam
2940 5671 3221 5740 Ecclesitc,
3253 5684 3374 5744 post
3402 5676 3566 5732 visio.

2039 5834 2416 5908 bril'lecolettda
2468 5834 2629 5908 hujus
2661 5835 2765 5891 loci
2806 5833 3223 5908 llieronymiana
3270 5840 3546 5908 expositio

1966 5908 2021 5963 in
2046 5907 2433 5980 Comment._in
2463 5905 2796 5974 Matthmum,
2844 5921 2968 5979 quae
3014 5905 3202 5962 iisdem
3230 5905 3389 5980 plane
3420 5926 3551 5973 con.

1969 5980 2169 6035 texitur
2214 5977 2487 6035 sensibus.
