4044 6328
412 365 524 426 303

1659 356 1720 418 S.
1761 355 2036 419 EUSEBII
2074 348 2466 415 BIERONYMI

3609 346 3716 410 301

418 498 547 540 nem
571 487 1034 538 sacramentorum
1062 476 1203 548 ejus,
1227 475 1424 547 aliquis
1450 488 1483 531 e
1503 473 1664 531 nobis
1688 474 2013 544 peccaverit,
2041 474 2095 537 Α
2193 471 2366 539 1111110,
2407 467 2655 548 mulieris
2686 466 2811 548 ejus
2837 482 2959 542 qum
2979 473 3199 548 septem
3237 466 3387 548 viros
3416 468 3636 548 habuit;
3662 480 3718 528 et

422 576 704 646 plangitur
749 581 910 642 atque
964 572 1144 627 ﬂetur.
1178 570 1351 626 Nemo
1387 569 1537 626 enim
1590 568 1809 641 gentilis
1837 568 2019 634 lletur,

424 668 524 722 sed
554 668 645 722 ille
672 667 761 736 qui
793 666 890 718 fuit
920 663 987 717 de
1013 662 1338 726 Jerusalem,
1369 663 1510 730 quod
1531 672 1650 732 post
1675 669 1895 731 peccata
1916 662 2026 717 cir-

422 760 688 813 cumdant
714 773 834 811 eam
863 756 1087 823 inimici,
1131 755 1425 810 contraria:
1471 755 1726 810 videlicet
1753 753 2025 809 fortitudi-

424 865 547 914 nes,
583 850 815 916 Spiritus
846 863 1099 916 nequam,
1131 857 1186 901 et
1214 848 1512 901 immittunt
1541 849 1597 901 in
1628 847 1858 903 circuitu
1906 846 2024 915 ejus

423 943 647 1001 vallum.
680 951 731 992 et
757 940 1047 994 obsideant
1071 953 1214 1004 eam,
1248 949 1305 994 et
1335 938 1569 1008 lapidem
1598 953 1762 1009 super
1789 937 2022 1004 lapidem

420 1050 532 1088 non
563 1033 876 1101 relinquant
905 1049 918 1084 :
962 1032 1200 1086 maxime
1225 1033 1270 1085 si
1304 1041 1429 1101 post
1470 1032 1693 1086 multam
1740 1030 2028 1085 continen-

421 1126 574 1190 tiam,
609 1134 733 1193 post
779 1126 989 1193 aliquot
1041 1138 1214 1179 annos
1242 1125 1513 1178 castitatis
1555 1125 1731 1178 victus
1760 1123 1883 1194 quis
1911 1121 2027 1177 fue-

422 1217 518 1283 rit,
542 1216 1049 1284 blandiruentisque
1075 1217 1256 1270 carnis
1284 1215 1498 1270 illectus
1527 1216 1841 1285 patientiam
1875 1215 2029 1285 pudi-

426 1308 723 1376 citiamque
768 1306 1036 1360 amiserit.
1096 1307 1153 1361 Si
1202 1306 1372 1360 lueris
1426 1306 1747 1371 fornicatus,
1794 1308 2027 1377 lapidem

429 1413 598 1467 super
631 1399 865 1465 lapidem
901 1412 1006 1451 non
1037 1398 1342 1466 relinquent
1368 1411 1531 1468 Super
1578 1409 1648 1453 le.
1690 1397 1779 1453 Ait
1806 1399 1948 1454 enim
1974 1400 2026 1453 in

434 1491 543 1543 alio
574 1490 698 1544 loco
730 1507 743 1543 :
780 1489 901 1543 Non
931 1491 1242 1543 recordabar
1268 1490 1498 1560 priorum
1509 1492 1836 1561 justitinrum
1867 1493 1979 1563 ejus
2010 1506 2030 1546 :

428 1583 485 1635 in
516 1595 727 1654 peccato
755 1599 870 1637 suo.
904 1582 957 1634 in
994 1598 1094 1649 quo
1125 1582 1471 1650 deprehensus
1499 1581 1680 1651 fuerit,
1712 1582 1766 1635 in
1811 1582 1923 1654 ipso
1942 1583 2032 1652 ju-

429 1675 612 1728 11110ὺο
642 1692 761 1727 eum
787 1674 1005 1739 (lfzeclt.
1039 1673 1249 1740 sxvutt).
1296 1673 1419 1727 11ωο
1446 1684 1528 1727 est
1561 1690 1690 1743 ergo
1718 1690 1838 1744 qua:
1866 1674 2031 1728 deﬂe-

429 1776 521 1820 tur
550 1765 876 1821 Jerusalem.
915 1764 1046 1818 Post
1073 1779 1194 1834 quae
1222 1764 1423 1819 dicitur
1453 1782 1466 1819 :
1496 1762 1772 1838 Ingressus
1801 1775 1875 1819 est
1907 1774 2033 1818 tent-

426 1859 590 1929 plum.
627 1857 779 1923 Quod
817 1873 930 1909 cum
955 1856 1136 1926 fuisset
1162 1856 1446 1925 ingressus,
1493 1857 1645 1927 ejecit
1671 1873 1755 1910 eos
1784 1857 1875 1927 qui
1913 1871 2035 1910 ven-

433 1947 625 2001 debant
672 1946 958 2001 columbas.
1027 1945 1144 2001 Non
1200 1946 1365 2014 ejecit
1412 1955 1683 2014 ementes,
1737 1949 1824 2017 qui
1884 1948 2027 2003 cnim

428 2050 637 2100 emunt.
668 2049 724 2094 et
744 2040 885 2109 quod
907 2040 1141 2093 emerint
1162 2039 1462 2108 possident.
1491 2038 1615 2092 Illos
1631 2038 1788 2108 ejecit
1813 2038 2033 2094 11010111-

427 2133 522 2204 plo
549 2134 725 2188 Patris
751 2133 936 2195 Jesus,
970 2133 1061 2202 qui
1091 2131 1330 2187 vendunt
1350 2142 1405 2186 et
1446 2132 1707 2200 abjiciuut
1740 2133 1883 2203 quod
1935 2133 2033 2188 lia-

432 2225 701 2292 buerant,
755 2226 808 2281 in
840 2224 1254 2279 similitudinem
1308 2226 1449 2278 illius
1477 2225 1737 2280 luxuriosi
1791 2227 1911 2292 lilii,
1942 2226 2031 2296 qtti

433 2318 793 2373 substantiam
826 2331 979 2370 suam
1010 2317 1222 2384 accepit
1248 2332 1276 2368 a
1308 2325 1487 2387 putre,
1533 2327 1589 2371 et
1619 2318 1872 2372 universa
1914 2333 2035 2386 per-

429 2411 568 2465 didit
594 2410 761 2465 nimie
805 2408 1045 2474 potando
1074 2407 1228 2480 (Luc.
1262 2410 1378 2479 xv).
1410 2408 1466 2465 Si
1501 2410 1625 2478 quis
1664 2425 1800 2481 ergo
1826 2410 2031 2477 vendit,

429 2502 676 2572 ejicitur,
713 2502 982 2570 pm‘cipue
1002 2500 1050 2554 si
1081 2502 1351 2555 vendebat
1372 2500 1670 2556 columbas.
1699 2501 1879 2569 Quare
1898 2502 2037 2557 alias

429 2609 560 2650 aves
590 2610 699 2649 non
730 2593 911 2663 posuit
941 2594 1045 2648 nisi
1084 2594 1404 2649 columbas?
1436 2593 1551 2649 lloc
1572 2594 1772 2650 animal
1795 2596 2031 2667 simplex

431 2699 536 2755 est,
565 2696 620 2742 ct
650 2686 935 2741 decorum.
968 2684 1182 2741 Vereor
1213 2703 1279 2740 ne
1309 2697 1358 2740 et
1385 2686 1437 2740 in
1475 2687 1632 2741 nobis
1666 2687 1855 2743 vitium
1881 2689 2037 2745 istius

431 2780 581 2836 modi
615 2778 1077 2849 deprehendatur.
1107 2780 1163 2834 Si
1192 2779 1335 2833 enim
1368 2795 1429 2834 ea
1471 2796 1594 2848 qua:
1624 2779 1758 2836 mibi
1788 2796 1817 2834 a
1847 2792 2036 2837 sancto

430 2873 639 2944 Spiritu
672 2874 910 2927 revelata
940 2879 1091 2936 sunt,
1115 2882 1170 2927 et
1199 2871 1432 2940 credita,
1468 2883 1526 2925 ut
1558 2872 1610 2926 in
1652 2872 1844 2942 vulgus
1871 2870 2034 2929 01101·-

432 2980 577 3031 rem,
613 2965 785 3035 pretio
812 2962 1132 3029 vendidero,
1165 2974 1218 3018 et
1247 2965 1454 3034 absque
1483 2964 1739 3020 mercede
1784 2979 1891 3020 non
1934 2965 2035 3020 do-

435 3072 630 3124 cuero,
655 3055 783 3125 quid
814 3054 959 3110 aliud
990 3053 1153 3124 facio,
1188 3054 1291 3110 nisi
1320 3056 1623 3120 columbas,
1660 3055 1711 3109 id
1737 3067 1843 3125 est,
1866 3056 2039 3125 Spij'i-

430 3157 548 3203 tum
580 3157 828 3204 sanctum
875 3146 1086 3202 vendo?
1129 3149 1300 3214 Quem
1330 3161 1453 3201 cum
1488 3145 1806 3211 vendidero,
1845 3146 2039 3216 ejieior

2194 558 2385 669 aurséis
2413 541 2738 669 dtit’i‘ettario
2756 557 2917 614 quem
2948 542 3053 598 sibi
3077 541 3513 613 Salvatorjussit
3531 552 3720 599 osten-

2236 630 2271 668 1.
2343 628 2431 669 an.
2569 653 2584 668 .

2236 630 2271 668 1.
2298 628 2431 683 uap.
2470 628 2584 669 χλ.

2197 738 2294 795 Est
2317 738 2542 794 hteresis
2568 736 2622 794 in
2652 736 2875 804 Judzeis,
2907 741 3030 809 quae
3049 737 3251 794 dicitur
3271 737 3716 805 Sadducteurum,

2127 829 2245 887 lucc
2272 833 2728 886 resurrectionem
2760 840 3096 884 mortuorum
3128 837 3313 900 negat,
3340 838 3398 886 et
3427 838 3581 901 putat
3610 829 3726 884 aui-

2127 938 2270 979 mam
2322 922 2548 977 interire
2587 936 2710 976 eum
2741 935 2996 991 corpore,
3030 935 3132 977 nec
3158 930 3283 992 post
3309 930 3538 978 mortem
3588 922 3724 976 ultra

2127 1013 2428 1082 respirare.
2478 1010 2643 1081 igitur
2678 1013 3035 1083 quotationem
3078 1011 3312 1067 Domino
3363 1021 3724 1084 proponente,

2129 1113 2558 1173 composuerunt
2611 1104 2846 1160 tabulam
2900 1105 3145 1161 mulieris
3192 1114 3403 1175 septem
3462 1105 3725 1169 virorum,

2129 1210 2250 1266 qua:
2296 1204 2420 1265 post
2469 1195 2700 1265 primum
2750 1195 2925 1249 virum
2957 1195 3025 1251 ad
3055 1196 3489 1252 resuscitandum
3539 1213 3726 1251 semen

2131 1285 2332 1354 prioris
2360 1286 2591 1341 alterum
2620 1286 2837 1343 duxerit
2864 1304 2878 1341 :
2926 1303 3035 1357 quo
3074 1297 3312 1358 mortuo,
3346 1289 3565 1345 tertium
3595 1306 3730 1357 quo-

2131 1393 2260 1449 que,
2287 1387 2339 1434 et
2369 1394 2585 1433 rursum
2616 1389 2867 1449 quartum
2900 1396 2914 1433 :
2944 1390 3105 1450 atque
3136 1382 3192 1436 in
3220 1381 3362 1437 hunc
3389 1381 3611 1438 modum
3661 1380 3727 1436 ad

2132 1472 2428 1541 septimmn
2479 1487 2651 1541 usque
2695 1483 3038 1542 pervenerat.
3070 1473 3343 1540 Quaeritur
3391 1490 3524 1544 ergo
3554 1474 3608 1528 in
3644 1490 3733 1531 re-

2132 1566 2472 1621 surrectione
2504 1577 2866 1633 mortuorum,
2904 1569 3025 1637 quis
3052 1584 3172 1623 eam
3201 1568 3305 1623 sibi
3329 1583 3361 1625 e
3381 1580 3591 1640 septem
3619 1568 3731 1625 fra-

2133 1659 2307 1715 tribus
2338 1662 2406 1714 sit
2434 1661 2809 1716 vindicaturus
2828 1677 3079 1717 uxorem.
3104 1661 3221 1718 lloc
3239 1671 3422 1719 autem
3447 1662 3731 1732 problema

2136 1753 2458 1809 insidiantes
2488 1753 2670 1809 verbis
2704 1754 3033 1819 Salvatoris.
3062 1769 3129 1811 eo
3161 1765 3405 1825 tempore
3435 1770 3734 1825 proposue-

2063 1857 2293 1923 Brunt.
2343 1862 2452 1917 quo
2502 1862 2627 1904 eum
2675 1848 2926 1904 viderant
2970 1849 3041 1904 de
3085 1848 3490 1904 resurrectione
3538 1848 3740 1905 docere

2133 1940 2452 2011 discipulos.
2481 1940 2688 2009 Quibus
2710 1942 3051 2012 respondens
3078 1942 3330 1999 Salvator
3354 1942 3428 1998 ait
3453 1961 3467 1998 :
3504 1941 3734 2006 Erratis,

2133 2035 2416 2088 nescientes
2440 2035 2763 2107 Scriptttras,
2786 2050 2953 2106 neque
2979 2037 3217 2089 virtutem
3247 2035 3365 2090 Dei.
3387 2035 3450 2090 In
3476 2051 3733 2091 resurrec-

2137 2127 2275 2181 tione
2297 2128 2433 2180 enim
2474 2138 2791 2182 mortuorum
2817 2144 2981 2200 neque
3008 2130 3219 2197 nubent,
3269 2146 3431 2201 neque
3460 2129 3737 2195 nubentur,

2133 2217 2224 2271 sed
2246 2227 2393 2272 erunt
2416 2219 2546 2271 sicut
2566 2220 2738 2289 angeli
2758 2218 2813 2273 in
2840 2217 3006 2275 stetis.
3048 2220 3147 2287 Qui
3176 2229 3340 2275 erunt
3367 2221 3504 2275 sicut
3534 2219 3737 2287 angeli,

2136 2310 2328 2381 utique
2364 2318 2389 2348 ο
2417 2309 2600 2379 angeli
2650 2320 2832 2365 erunt.
2882 2310 3167 2382 Simulque
3212 2310 3550 2379 discendum,
3596 2310 3739 2379 quod

2134 2402 2315 2473 angeli
2340 2401 2618 2457 connubia
2655 2416 2763 2457 11011
2799 2402 3057 2458 habeant.
3091 2403 3186 2458 llic
3214 2419 3344 2459 vero
3372 2402 3459 2459 ubi
3487 2417 3656 2466 mors,
3688 2412 3745 2458 et

2136 2497 2362 2565 nuptize,
2395 2507 2450 2550 et
2480 2495 2646 2551 liberi
2693 2498 2993 2552 necessarii
3040 2505 3169 2553 sunt
3200 2514 3215 2552 :
3248 2496 3334 2551 tibi
3380 2497 3742 2560 immortales.

2139 2605 2239 2644 nec
2267 2590 2526 2659 coniugio
2563 2604 2703 2661 opus
2747 2600 2864 2657 est,
2913 2604 3014 2647 nec
3058 2590 3203 2645 ﬁliis.
3248 2590 3557 2660 Prononam
3607 2591 3743 2646 1111111

2137 2683 2497 2754 quaestionem
2537 2683 2695 2738 valde
2720 2683 3032 2749 molestam,
3064 2689 3123 2737 et
3148 2698 3268 2753 qua:
3296 2697 3405 2737 non
3434 2681 3596 2738 facile
3626 2682 3744 2738 sol-

2138 2775 2306 2843 vitur,
2341 2790 2407 2829 es
2452 2790 2691 2846 persona
2718 2791 2932 2844 eorum,
2964 2776 3053 2847 qui
3082 2776 3470 2831 studiosissimi
3499 2776 3748 2847 Scriptu-

2139 2883 2318 2923 rarum
2344 2876 2490 2934 sunt,
2520 2879 2574 2924 et
2607 2868 2697 2924 dic
2724 2884 2790 2924 ac
2816 2879 2975 2924 nocte
3018 2868 3355 2924 meditantur
3380 2868 3432 2922 in
3466 2868 3608 2940 Lege
3638 2869 3746 2925 Do-

2140 2960 2272 3015 mini
2296 2959 2417 3033 (Ps.
2440 2962 2504 3031 t).
2529 2959 2654 3021 Ubi.
2680 2961 2956 3030 inquiunt,
2979 2960 3243 3031 scriptum
3264 2971 3349 3014 est
3372 2979 3386 3014 :
3420 2960 3555 3029 Quia
3586 2978 3748 3029 neque

2140 3050 2352 3115 nubent.
2386 3069 2548 3118 neque
2595 3051 2896 3108 nubentur?
2936 3052 3071 3107 Tam
3119 3062 3276 3108 vetus
3329 3068 3490 3122 quam
3547 3069 3745 3108 novum

2140 3140 2551 3197 Testanentum
2602 3144 2867 3198 memoria
2898 3158 2963 3198 ac
2990 3154 3175 3198 mente
3224 3144 3582 3214 perlustrans,
3614 3161 3747 3201 nus-

434 3242 506 3298 de
539 3242 744 3312 templo
797 3241 915 3297 Dei.
948 3240 1293 3310 Quapropter
1344 3255 1603 3311 rogemus
1639 3240 1947 3311 Dominum,
1982 3252 2043 3297 ut
2068 3246 2112 3310 ρ
2143 3248 2308 3303 quam
2336 3234 2560 3289 memini
2592 3235 2703 3289 tale
2746 3235 2876 3306 quid
2926 3236 3184 3293 relatum.
3216 3236 3370 3305 Quod
3400 3238 3445 3292 si
3494 3240 3631 3293 forte
3661 3252 3747 3293 me

436 3351 630 3391 omnes
656 3348 905 3391 emamus
931 3335 1110 3405 potius
1132 3348 1290 3403 quam
1314 3333 1633 3389 vendamus.
1666 3333 1724 3390 Si
1755 3334 1900 3389 enim
1934 3350 2040 3390 non

434 3426 869 3493 vendiderimus,
920 3425 1306 3496 cognoscimus
1334 3435 1391 3480 et
1417 3426 1763 3497 intelligimus
1809 3428 2041 3483 salutem

441 3531 732 3575 nostram:
762 3518 1002 3588 alioquin
1035 3518 1243 3572 inimici
1285 3517 1701 3573 circumdabunt
1729 3520 1914 3575 urbem
1947 3536 2047 3577 11οο

444 3621 638 3669 stram.
664 3612 819 3678 Quod
848 3610 895 3665 si
920 3609 1088 3664 semel
1123 3625 1222 3663 nos
1251 3609 1524 3665 exercitus
1550 3609 1765 3666 bostilis
1787 3612 2042 3680 cinxerit,

441 3705 718 3778 lacrymas
745 3704 842 3759 Dei
889 3717 996 3758 non
1030 3704 1380 3758 merebimur.
1415 3702 1712 3774 Surgamus
1746 3721 1878 3776 ergo
1906 3706 2047 3762 dilu-

441 3798 591 3863 culo,
620 3807 675 3851 et
697 3795 1053 3850 obsecremus
1077 3794 1386 3863 Dominum,
1415 3803 1474 3849 ut
1495 3796 1695 3851 saltem
1731 3798 1900 3852 micas
1924 3814 2047 3868 qua:

443 3887 514 3942 de
542 3902 729 3941 mensa
779 3886 897 3953 ejus
934 3885 1153 3952 cadunt,
1190 3884 1478 3940 comedere
1507 3870 1797 3955 possimtts.
1826 3888 2048 3946 Miratur

441 3976 726 4048 Scriptura
759 3977 1005 4043 reginam
1052 3975 1195 4031 Salsa
1237 3977 1453 4031 venisse
1484 3978 1553 4031 ab
1610 3989 1856 4035 extremo
1887 3988 2047 4036 terra:

442 4071 636 4124 audire
684 4067 1008 4137 sapientiam
1056 4069 1411 4124 Salomonis:
1458 4085 1581 4140 1111111
1642 4086 1767 4128 cum
1822 4071 2051 4130 vidisset

440 4161 767 4232 prandium,
802 4170 857 4214 et
913 4160 1332 4229 supellectilem,
1391 4173 1447 4217 et
1496 4164 1795 4220 ministeria
1853 4166 2049 4222 domus

445 4252 590 4323 ejus,
622 4252 924 4320 obstupuit,
954 4260 1011 4306 et
1034 4262 1145 4308 tota
1175 4252 1228 4306 in
1262 4254 1522 4308 miraculo
1551 4252 1651 4311 fuit
1692 4254 1785 4328 (lli
1810 4256 1940 4331 Reg.
1968 4259 2044 4328 χ).

444 4344 557 4400 Nos
605 4343 650 4397 si
705 4351 883 4398 tantas
916 4344 1126 4397 Domini
1164 4343 1337 4397 nostri
1365 4358 1519 4415 opes,
1555 4353 1757 4405 tantam
1784 4352 2053 4405 sertnunis

450 4436 873 4506 supellectilem,
904 4445 961 4491 et
1003 4434 1387 4490 abundantiam
1421 4437 1791 4493 doctrinarum
1836 4455 1941 4494 non
1989 4442 2049 4495 li-

445 4526 642 4583 benter
664 4526 1069 4595 amplectimur,
1098 4527 1143 4580 si
1174 4541 1279 4579 non
1312 4526 1654 4583 comedimus
1680 4544 1872 4598 panem
1903 4534 2047 4598 vitae,

2148 3326 2307 3394 fallit,
2364 3329 2455 3399 qui
2505 3328 2631 3400 plus
2660 3329 2817 3384 novit
2865 3328 3078 3384 dat-eat.
3109 3329 3367 3385 Libenter
3411 3329 3562 3385 disco
3603 3330 3746 3401 quod

2147 3419 2355 3474 nescio.
2392 3417 2499 3475 Sed
2528 3428 2785 3491 quantum
2818 3435 2922 3491 ego
2969 3422 3256 3488 existimo,
3304 3436 3406 3477 nec
3451 3422 3504 3478 in
3553 3424 3745 3490 veteri,

2146 3526 2249 3567 nec
2278 3512 2333 3565 in
2385 3526 2527 3566 novo
2572 3513 2937 3569 instrumento
2984 3514 3279 3585 quidquam
3331 3517 3440 3570 tale
3486 3516 3743 3586 reperiet.

2145 3602 2336 3658 Omnis
2353 3616 2484 3673 ergo
2509 3616 2696 3658 eorum
2712 3618 2870 3659 error
2899 3607 2967 3659 de
2995 3605 3332 3675 prophetica,
3357 3621 3519 3677 quam
3541 3622 3646 3661 non
3666 3606 3750 3661 iu-

2148 3695 2414 3766 telligunt,
2442 3695 2675 3751 lectione
2689 3697 2928 3752 surrexit
2945 3713 2960 3751 :
2980 3713 3011 3752 e
3032 3697 3230 3768 quibus
3251 3697 3381 3753 illud
3405 3708 3490 3753 est
3503 3697 3555 3753 iu
3575 3695 3714 3753 Isaia
3733 3714 3748 3753 :

2147 3786 2296 3843 Lecti
2321 3790 2419 3843 mei
2450 3806 2550 3843 non
2574 3788 2833 3845 habebunt
2859 3788 3045 3846 liberos
3067 3791 3123 3845 in
3149 3791 3562 3846 maledictionem
3593 3790 3747 3862 (lsai.

2148 3881 2294 3949 va).
2327 3879 2395 3935 Et
2427 3881 2481 3935 itt
2514 3879 2939 3938 Deuteronomio
2966 3883 3020 3938 in
3051 3883 3558 3939 benedictionibus:
3584 3882 3750 3938 Bene-

2149 3970 2276 4025 dicti
2302 3971 2401 4040 lilii
2441 3973 2573 4027 uteri
2609 3972 2688 4028 tui
2732 3971 2914 4047 (Deut.
2959 3974 3180 4046 xxvm).
3207 3974 3276 4030 Et
3304 3983 3496 4046 putant
3526 3976 3641 4029 luce
3671 3977 3752 4029 lu-

2151 4068 2269 4116 tura
2326 4064 2377 4117 io
2429 4066 2859 4134 resurrectione,
2914 4081 3021 4122 non
3053 4065 3422 4137 intelligentes
3473 4068 3754 4137 spiritales

2152 4155 2565 4213 benedictioues
2585 4173 2709 4214 esse
2738 4158 3048 4230 prmdictas.
3080 4157 3280 4213 Paulus
3308 4158 3458 4214 enim
3485 4173 3579 4215 vas
3608 4160 3755 4214 elec-

2152 4249 2341 4315 tionis,
2375 4266 2565 4305 omncs
2598 4253 2697 4307 bas
2750 4251 3175 4319 benedictiones,
3220 4268 3343 4322 quae
3378 4260 3654 4323 ponuntur
3701 4253 3753 4308 in

2152 4337 2316 4408 Lege,
2345 4338 2662 4408 spiritaliter
2710 4341 3105 4413 interpretans,
3158 4352 3211 4396 et
3249 4340 3433 4397 sciens
3483 4358 3589 4397 non
3632 4356 3757 4398 esse

2151 4432 2421 4497 carnales,
2470 4431 2535 4486 ad
2590 4431 2857 4504 Ephesios
2906 4435 3148 4502 loquitur
3180 4449 3197 4488 :
3227 4431 3545 4487 Benedictus
3587 4431 3753 4503 Deus,

2155 4532 2203 4577 rt
2259 4521 2421 4578 Pater
2460 4522 2679 4579 Domini
2726 4526 2891 4581 nostri
2923 4524 3049 4580 Jesn
3107 4524 3336 4589 Christi,
3365 4527 3457 4596 qui
3501 4526 3761 4582 benedixit

443 4618 494 4674 si
521 4633 629 4673 non
656 4612 919 4672 carnibus
937 4616 1138 4671 Christi
1166 4617 1454 4680 vescimur,
1479 4628 1744 4674 etcruore
1771 4631 2043 4691 potamus,
2079 4624 2124 4684 |)
2152 4632 2243 4671 nos
2273 4617 2328 4669 in
2370 4616 2513 4671 omni
2560 4616 2913 4671 benedictione
2939 4617 3191 4688 spiritali,
3221 4632 3338 4670 cum
3367 4634 3399 4671 a
3430 4618 3650 4672 mortuis
3678 4633 3763 4672 re-

443 4713 491 4767 si
517 4711 920 4767 contemnimus
950 4709 1121 4780 dapes
1142 4709 1442 4765 Salvatoris
1472 4714 1667 4779 nostri,
1698 4714 1841 4771 scire
1877 4714 2045 4770 delic-

443 4818 568 4859 mus
607 4802 752 4873 quod
786 4802 986 4858 habeat
1030 4801 1193 4868 Deus,
1226 4813 1280 4857 et
1311 4802 1722 4874 benignitatem,
1753 4816 1807 4861 et
1836 4809 2049 4861 severi-

442 4904 633 4954 tatem.
678 4896 722 4952 Ε
768 4897 967 4967 quibus
997 4896 1381 4965 benignitatem
1412 4896 1532 4967 ejus
1563 4898 1733 4969 [uagis
1766 4914 1925 4956 orare
1954 4901 2050 4954 dc-

440 4988 657 5051 bemus.
688 4990 740 5043 in
772 4988 996 5043 Christo
1025 4988 1155 5044 .lesu
1187 4988 1415 5043 Domino
1443 4999 1632 5045 nostro
1663 5008 1675 5045 :
1709 4992 1795 5046 cui
1823 5002 1907 5047 est
1934 4992 2050 5062 glo-

442 5085 522 5139 ria
550 5093 604 5139 et
633 5082 921 5153 imperium
947 5082 1000 5135 in
1032 5080 1232 5136 sa-cula
1260 5081 1611 5137 sa'culorum.
1640 5085 1839 5140 Amen.

764 5235 1122 5311 335-363
1159 5232 1443 5291 HOMILIA
1474 5235 1723 5293 χχχιχ.

440 5355 517 5413 De
533 5355 838 5428 quaestione
854 5350 1313 5417 Sadducteorum,
1333 5364 1495 5422 quam
1525 5362 1922 5422 proposuerant
1949 5353 2050 5409 Do-

512 5549 541 5579 ι
565 5535 709 5605 Quin
739 5530 1076 5616 econtrario,
1110 5539 1472 5653 0111101011οω
1502 5530 1724 5587 erudite
1757 5538 1911 5584 notat
1936 5528 2065 5586 Hic-

512 5622 708 5653 nvmus
751 5610 916 5653 emsl.
972 5618 1054 5653 to.
1088 5603 1153 5653 ad
1234 5602 1553 5653 lteudoram.
1600 5619 1655 5653 11.
1704 5603 1740 5653 2
1769 5618 1783 5653 :
1814 5600 2059 5653 Quando-

436 5600 708 5681 ronymus
751 5603 916 5681 epist.
963 5601 1054 5666 75,
1088 5603 1153 5654 ad
1183 5600 1553 5681 Theodoram,
1600 5619 1655 5656 11.
1814 5600 2059 5681 Quando,

443 5670 592 5745 dicii,
619 5670 800 5743 neque
826 5674 1054 5738 nubent,
1089 5685 1267 5738 neque
1299 5670 1598 5745 nuLenIur,
1629 5672 1720 5745 sed
1746 5680 1897 5726 erunt
1922 5673 2066 5728 sicut

441 5742 625 5810 angeli
656 5742 719 5800 in,
740 5759 827 5799 cm
856 5745 923 5803 is,
956 5757 1056 5792 non
1090 5751 1301 5799 natura.
1354 5750 1402 5792 et
1454 5742 2065 5810 substantiaJcorporum

442 5791 1324 5909 insidiantismanus
1348 5791 1907 5883 naniamtnsn;
1923 5791 2065 5869 sua;

2148 4717 2416 4780 surgentes
2439 4718 2686 4763 teternam
2704 4709 3074 4765 beatitudinem
3094 4722 3526 4775 consequeremur
3538 4708 3757 4783 (Ephes.

2155 4802 2220 4872 t).
2252 4801 2359 4858 Sed
2389 4813 2440 4858 et
2464 4802 2520 4857 in
2549 4803 2773 4873 psalmis
2800 4804 2982 4859 simile
3007 4802 3136 4873 quid
3168 4803 3536 4875 reperientes,
3567 4804 3760 4861 eodem

2156 4892 2415 4948 labuntur
2444 4908 2660 4950 errore.
2692 4892 2861 4960 Uxor,
2911 4894 3109 4965 inquit,
3143 4903 3233 4948 tua
3269 4895 3403 4949 sicut
3445 4896 3561 4951 uitis
3597 4896 3763 4950 abun-

2157 4984 2289 5039 dans
2309 4985 2361 5038 in
2386 4984 2631 5040 lateribus
2653 4987 2840 5040 domus
2865 4995 2988 5053 tute,
3021 4987 3121 5053 ﬁlii
3145 4987 3224 5041 tui
3252 4988 3388 5042 sicut
3426 4987 3640 5043 novella
3667 4985 3767 5042 oli-

2153 5091 2332 5130 varum
2364 5076 2416 5130 in
2442 5076 2667 5130 circuitu
2693 5093 2888 5131 mensa:
2917 5088 3020 5132 tua:
3050 5076 3175 5151 (Ps.
3206 5080 3440 5149 cum),
3477 5093 3651 5151 usque
3696 5078 3764 5133 ad

2153 5186 2276 5227 cum
2307 5170 2484 5226 locum
2507 5170 2597 5224 ubi
2625 5169 2701 5225 ait
2729 5187 2745 5225 :
2773 5169 3060 5226 Benedicat
3088 5183 3136 5227 te
3167 5169 3422 5227 Dominus
3445 5188 3511 5226 ea:
3536 5170 3691 5238 Sion,
3718 5180 3766 5224 et

2151 5265 2328 5319 videas
2360 5280 2475 5336 qnte
2502 5263 2638 5318 bona
2663 5275 2780 5321 sunt
2808 5263 3123 5321 Jerusalem.
3155 5265 3304 5337 Ergo
3329 5281 3456 5322 cum
3501 5265 3768 5320 instructa

2158 5355 2319 5412 luerit
2352 5356 2682 5426 Jerusalem,
2710 5367 2766 5414 et
2793 5358 3098 5414 instaurata
3151 5358 3206 5413 in
3231 5359 3512 5430 antiquum
3539 5366 3766 5425 statum,

2170 5536 2417 5612 scriptum
2447 5545 2541 5603 est,
2590 5550 2747 5612 erunt
2790 5541 2987 5612 angeli,
3017 5541 3132 5606 sed,
3164 5541 3305 5597 sicut
3332 5540 3507 5612 angeli
3540 5557 3554 5594 :
3583 5541 3675 5595 ubi
3698 5544 3770 5598 si-

2170 5604 2414 5684 militudo
2435 5610 2778 5684 promittitur,
2803 5604 2991 5684 reritas
3022 5604 3324 5684 denegatur.
3360 5604 3555 5677 Erunt,
3576 5613 3768 5683 inquit,

2170 5682 2306 5731 sicut
2339 5680 2539 5747 angeli.
2567 5679 2621 5730 id
2652 5691 2747 5747 est,
2779 5682 2974 5735 similes
3000 5679 3305 5747 angelorum
3327 5698 3348 5737 :
3388 5695 3511 5747 ergo
3538 5679 3770 5739 homines

2171 5764 2280 5822 esse
2309 5723 2689 5822 ttottrdt'sittettt.
2715 5723 2990 5822 Steterunt
3021 5723 3208 5806 mimis
3254 5768 3402 5822 stupe
3438 5723 3572 5808 limis
3600 5723 3769 5814 haec;

2172 5816 2426 5893 Origcnis
2452 5828 2822 5875 commentum
2847 5820 2908 5881 S.
2934 5821 3131 5885 doctor
3146 5816 3368 5887 refellit.
