4044 6344
1824 49 2456 61 ’—__——-

398 269 508 331 505
955 274 1396 339 TRANSLATIO
1431 281 1871 340 HOMILIARUM
1908 281 2237 341 ORIGENIS
2273 283 2343 340 IN
2378 283 2638 343 LUCAM.
2680 285 2848 341 IlOll.
2892 286 3142 345 XXXIX.
3605 295 3715 353 306

400 400 529 445 tunc
559 391 779 448 visurus
806 403 891 450 est
920 394 1058 451 bona
1087 412 1208 466 quae
1252 398 1535 469 Scriptura
1587 409 1998 456 commemorat.
2032 408 2081 467 Α
2107 414 2215 468 quo
2244 397 2296 453 in
2330 399 2583 456 Matthteo
2611 401 2871 457 scribitur
2894 401 3150 459 denarius
3172 404 3393 476 (Matth.
3427 424 3563 474 χιιι,
3583 413 3701 480 l9).

398 482 500 552 Qui
531 483 854 553 spiritaliter
900 486 1214 558 intelligunt
1252 489 1582 558 Jerusalem,
1611 493 1762 550 etde
1806 508 1871 550 ea
1898 494 1978 549 dic

2116 491 2279 554 Quem
2306 509 2426 545 cum
2451 495 2748 565 accepisset,
2781 495 2857 549 ait
2886 510 2906 549 :
2927 493 3091 568 Cujus
3135 498 3470 569 scriptionem
3496 502 3648 554 habet
3676 506 3703 557 ί)

396 578 580 632 sciunt
606 594 730 645 qua:
771 579 1012 636 caelestis
1061 591 1167 650 est,
1194 598 1316 654 qum
1346 601 1562 641 sursum
1619 596 1723 652 est,
1755 604 1876 657 qua:
1922 599 2009 644 est
2115 585 2216 651 Qui
2245 586 2630 656 respuitdentes,
2680 588 2965 643 diaerunt:
3008 588 3247 644 Ctesaris.
3302 591 3382 644 At!
3426 608 3555 661 quos
3584 609 3705 647 rur-

397 679 576 726 mater
606 681 794 727 nostra
815 670 962 745 (Gal.
997 674 1072 733 iv)
1099 691 1116 733 :
1140 676 1404 733 videbunt
1426 678 1564 734 bona
1589 680 1761 746 illius,
1789 680 1858 736 de
1886 680 2007 750 qui-
2108 693 2262 742 sum;
2286 678 2486 733 reddite
2512 696 2653 750 ergo,
2698 679 2893 747 inquit,
2923 696 3039 751 qua:
3066 690 3190 734 sunt
3233 681 3455 736 (lunaris
3476 680 3696 751 Carsat'i,

397 763 502 820 bus
530 780 680 836 saepe
702 766 967 833 diximus,
1000 777 1055 824 et
1102 767 1158 824 id
1185 770 1330 841 quod
1377 787 1520 828 nunc
1565 771 1634 828 de
1666 772 1873 843 psalmo
1903 788 2003 843 po-
2107 779 2155 823 et
2181 780 2429 840 qutesunt
2460 769 2554 825 Dei
2580 769 2713 826 Deo.
2740 772 2981 840 Quorum
3005 776 3449 842 consequentiam
3471 785 3527 829 et
3554 775 3696 830 Pau-

397 856 610 913 suimus
642 876 655 911 :
704 857 851 915 Uxor
887 872 979 915 tua
1007 862 1139 916 sicut
1172 864 1289 919 vitis
1334 866 1606 920 abundans
1650 867 1706 921 in
1753 865 2003 923 lateribus
2106 862 2193 917 lus
2240 862 2452 919 locutus
2478 874 2584 929 est,
2609 864 2796 920 dicens
2829 881 2842 917 :
2880 864 3028 919 Sicut
3052 866 3370 938 portavimus
3420 868 3697 939 imaginem

394 951 579 1004 domus
603 958 730 1016 tute,
763 952 859 1016 [itii
891 953 966 1007 tui
989 955 1121 1009 sicut
1166 956 1380 1011 novella:
1409 956 1661 1013 olivarum
1701 961 1755 1014 in
1785 960 1978 1015 circuit:

2103 954 2292 1025 clinici,
2351 965 2615 1025 portemus
2649 965 2701 1009 et
2749 957 3028 1027 imaginem
3084 957 3303 1013 ctelestis
3337 959 3377 1028 (l
3428 957 3551 1014 Cor.
3581 960 3697 1031 xv).

400 1058 594 1100 meum
653 1056 775 1100 tute.
832 1045 962 1114 Qua:
1029 1048 1217 1103 omnia
1279 1051 1636 1121 corporaliter
1690 1052 1978 1124 intelligen‘

2100 1047 2255 1116 Quod
2286 1063 2420 1119 ergo
2445 1048 2522 1103 ait
2552 1066 2567 1103 :
2597 1047 2822 1103 Reddite
2868 1064 2986 1120 quae
3033 1058 3154 1103 sunt
3201 1048 3422 1104 thsuris
3479 1048 3697 1118 Caesari,

398 1135 542 1189 tibus
592 1134 944 1206 Sadducmis,
978 1147 1005 1176 ³
1061 1140 1153 1209 qui
1207 1150 1364 1197 erant
1412 1143 1591 1212 portio
1640 1143 1994 1210 Judaaorum,
2101 1136 2207 1195 hoc
2227 1137 2397 1194 dicit:
2431 1138 2699 1209 Deponite
2726 1154 3013 1209 personam
3059 1139 3256 1203 choiei,
3307 1140 3529 1206 abjicite
3561 1143 3699 1195 ima.

396 1227 752 1301 εδει-366
778 1229 914 1285 dicit
930 1230 1214 1287 Salvator:
1236 1231 1463 1289 Νεεείιίε
1482 1233 1805 1305 Scriptura,
1836 1251 1998 1305 neque
2097 1229 2278 1300 ginem
2306 1239 2601 1297 terrenam,
2634 1239 2696 1285 ut
2732 1231 2953 1300 possitis
2983 1231 3141 1285 vobis
3203 1247 3492 1299 perstinam
3524 1235 3694 1288 caele-

397 1320 631 1373 oirtutcm
661 1320 778 1397 Dei.
807 1322 937 1377 llaec
966 1322 1035 1379 de
1053 1326 1558 1397 quaestione,quam
1576 1327 1864 1382 Sadducmi
1886 1327 1993 1383 Do-
2095 1321 2198 1378 stis
2228 1322 2597 1393 imponentes,
2628 1324 2858 1380 reddere
2880 1339 3001 1395 quae
3026 1333 3154 1377 sunt
3192 1324 3286 1378 Dei
3318 1323 3452 1379 Deo.
3480 1325 3699 1395 Repetit

394 1409 545 1464 mino
574 1396 1001 1481 proposuerunt,
1022 1413 1261 1470 breviter
1280 1396 1428 1471 dicta
1453 1415 1584 1471 sint.
1600 1416 1771 1472 Porro
1790 1417 1819 1455 ιι
1845 1418 1992 1488 quod
2095 1428 2197 1470 nos
2227 1413 2390 1469 Deus.
2418 1415 2684 1483 Quidnam
2715 1417 2918 1485 repetit
2945 1417 2968 1470 Ἰ
2995 1415 3141 1484 Lege
3168 1418 3388 1487 Moysen
3411 1433 3425 1469 :
3462 1416 3529 1469 Et
3561 1435 3696 1470 nunc

390 1501 660 1572 adjectum
688 1513 776 1559 est
798 1505 870 1560 de
916 1505 1155 1577 imagine
1183 1507 1441 1576 Caesaris,
1473 1510 1641 1566 etiam
1692 1527 1860 1582 super
1887 1511 1990 1569 hoc
2091 1506 2220 1575 quid
2242 1504 2496 1562 Dominus
2523 1510 2761 1579 repetita
2791 1510 2881 1562 te?
2905 1517 2960 1564 et
2988 1510 3197 1577 reliqua
3215 1526 3337 1579 qua:
3366 1523 3691 1581 sequuntur.

391 1596 657 1653 debemus
677 1614 845 1666 pauca
877 1601 1275 1672 perstringere.
1301 1602 1503 1658 Putant
1554 1604 1772 1676 quidam
1802 1621 1833 1660 a
1863 1604 1986 1662 Sal-

389 1700 579 1746 vatore
601 1691 807 1747 dictum
830 1706 954 1749 esse
980 1693 1330 1761 simpliciter:
1354 1695 1579 1752 Reddite
1601 1714 1718 1769 quia
1731 1707 1854 1753 sunt
1873 1697 1986 1754 Cte-

2091 1597 2338 1653 Postulat
2377 1602 2539 1669 igitur
2561 1616 2589 1652 a
2623 1599 2785 1655 nobis
2838 1601 3002 1668 Deus,
3053 1611 3108 1656 et
3159 1603 3527 1673 deprecatur,
3589 1623 3697 1659 non

2088 1690 2212 1760 quia
2271 1692 2639 1747 necessnrium
2675 1692 2838 1747 habet
2867 1693 3097 1763 aliquid,
3144 1703 3205 1749 ut
3258 1695 3308 1749 ei
3338 1695 3686 1750 tribuamus:

386 1781 777 1850 Mdgcmari,
811 1784 863 1840 ίιι
892 1796 994 1852 (ξε-,ι¹
1030 1785 1294 1843 tributum
1345 1788 1556 1845 πεααίιε
1576 1790 1722 1861 (μιοά
1749 1791 1981 1847 ἀεικής,
2013 1794 2063 1855 Β
2090 1782 2328 1851 postulat
2346 1792 2403 1838 et
2431 1794 2715 1853 pnstquam
2757 1783 2810 1839 ei
2841 1783 3177 1850 dederimus,
3208 1784 3443 1855 idipsum
3486 1788 3690 1841 tribuat

384 1872 517 1940 Quis
542 1875 686 1929 enim
735 1888 982 1931 nostrum
1025 1877 1097 1934 de
1147 1878 1368 1935 tributis
1418 1880 1714 1938 reddendis
1778 1882 1983 1940 Caesari

387 1966 717 2023 contradicit
736 1967 761 2022 2
783 1968 958 2024 liabet
989 1970 1152 2040 igitur
1176 1971 1330 2026 locus
1358 1973 1615 2043 quiddam
1639 1975 1855 2047 mystici
1896 1985 1981 2032 at-

383 2072 491 2129 que
539 2058 761 2115 secreti.
814 2060 947 2116 Dure
993 2072 1121 2119 sunt
1176 2064 1441 2135 imagines
1495 2064 1731 2122 hominis
1763 2110 1779 2136 ,
1819 2084 1981 2125 uuam

384 2164 544 2218 quam
589 2151 799 2221 accepit
838 2166 871 2206 a
913 2152 1027 2209 Deo
1064 2152 1240 2210 factus
1286 2154 1344 2210 iu
1386 2156 1656 2228 principio
1683 2199 1700 2225 ,
1734 2161 1879 2215 sicut
1927 2160 1982 2216 in

382 2240 584 2297 Genesi
617 2243 881 2313 scriptum
914 2254 1041 2302 est:
1077 2245 1246 2302 quta
1282 2248 1560 2322 imaginem
1600 2259 1650 2305 et
1674 2251 1981 2308 similitudi-

381 2352 500 2390 nem
547 2335 650 2392 Dei
680 2337 835 2409 (Gen.
882 2337 964 2410 l);
997 2340 1169 2395 altera
1224 2341 1402 2397 clinici
1433 2381 1451 2409 ,
1508 2342 1562 2398 id
1610 2353 1714 2405 est.
1751 2347 1975 2416 terreni,

380 2439 666 2500 postquam
728 2442 950 2502 propter
1001 2433 1429 2489 iuobedientiam
1481 2445 1647 2505 atque
1696 2448 1976 2508 peccatum

378 2520 587 2591 ejectus
606 2523 675 2578 de
706 2524 957 2592 paradiso
995 2528 1292 2592 assumpsit
1318 2543 1463 2593 eam,
1496 2528 1759 2600 principis
1790 2533 1978 2589 saeculi

378 2612 543 2685 hujus
581 2630 778 2672 suasus
815 2616 1111 2674 illecebris.
1161 2618 1319 2675 Sicut
1356 2619 1502 2677 enim
1537 2637 1789 2677 nummus
1817 2632 1979 2693 atque

381 2706 639 2763 denarius
669 2708 835 2766 habet
861 2712 1156 2782 imaginem
1208 2713 1601 2783 imperatorum
1634 2716 1865 2781 mundi;
1897 2718 1977 2773 sic

378 2800 471 2871 qui
500 2800 629 2855 facit
657 2816 822 2871 opera
872 2802 1102 2859 rectoris
1129 2804 1482 2860 tenebrarum
1514 2807 1765 2873 istarum,
1797 2817 1981 2876 portat

376 2890 671 2959 imaginem
714 2893 833 2960 ejus
859 2893 1016 2965 cujus
1047 2894 1212 2951 habet
1248 2911 1461 2964 opera;
1505 2912 1669 2966 quam
1713 2900 1978 2971 praecepit

376 2979 540 3038 Jesus
577 2998 702 3039 esse
731 2985 1063 3042 reddendam
1086 2996 1143 3044 et
1165 2987 1557 3058 projieiendam
1596 2989 1667 3045 de
1692 2991 1842 3046 vultu
1875 3007 1975 3047 uo.

377 3083 517 3140 stro,
548 3076 1040 3149 assumendamque
1069 3070 1189 3135 eam
1232 3079 1544 3151 imaginem,
1568 3081 1720 3152 juxta
1750 3097 1914 3154 quam
1942 3100 1975 3140 a
2036 3144 2043 3150 ,

2090 1875 2146 1929 iu
2175 1874 2430 1930 salutem.
2464 1875 2618 1941 Quod
2649 1886 2705 1930 ut
2749 1877 3090 1932 tuauil‘estius
3134 1881 3245 1946 liat,
3283 1895 3479 1947 ponam
3538 1896 3697 1947 para-

2087 1964 2268 2021 bolam
2304 1982 2576 2022 ulnarum.
2604 1968 2707 2035 Qui
2734 1984 2897 2022 unam
2945 1980 3235 2040 acceperat
3280 1986 3488 2036 mnam,
3517 1980 3573 2025 et.
3604 1974 3686 2027 le—

2084 2070 2241 2117 cerat
2267 2063 2458 2118 decem
2497 2079 2512 2128 ;
2538 2072 2594 2118 et
2618 2062 2817 2119 obtulit
2863 2064 3115 2129 Domino,
3144 2080 3176 2118 a
3208 2080 3313 2133 quo
3341 2066 3441 2119 sibi
3473 2066 3681 2120 credita

2085 2168 2210 2209 mna
2242 2155 2447 2226 fuerat,
2465 2157 2675 2225 accepit
2702 2165 2761 2211 et
2806 2155 2971 2211 aliam
3000 2172 3161 2227 quam
3195 2166 3351 2211 antea
3384 2176 3490 2212 non
3527 2160 3692 2215 habe-

2084 2244 2196 2299 bat.
2219 2246 2369 2300 illius
2392 2250 2538 2303 enim
2565 2247 2881 2318 mnam,qui
2911 2264 3019 2303 non
3052 2248 3515 2318 multiplicaverat
3536 2252 3685 2320 quod

2082 2338 2314 2407 accepit,
2350 2337 2505 2405 jubet
2529 2339 2789 2395 Dominus
2834 2338 3062 2405 auferri,
3094 2349 3149 2393 et
3186 2340 3305 2394 duri
3331 2343 3379 2395 ei
3420 2342 3513 2409 qui
3543 2343 3683 2395 alias

2083 2431 2266 2487 habet.
2295 2431 2513 2499 Tollite,
2546 2433 2742 2504 inquit,
2768 2449 2964 2498 mnam,
2990 2443 3039 2486 et
3065 2433 3185 2487 date
3218 2434 3264 2486 ei
3300 2434 3390 2503 qui
3415 2433 3565 2487 habet
3592 2435 3684 2488 de-

2081 2539 2188 2577 cem
2230 2541 2400 2580 muas.
2418 2526 2596 2597 Atque
2647 2526 2700 2580 iu
2748 2524 2893 2581 hunc
2944 2525 3165 2580 modum
3210 2541 3335 2595 qua:
3363 2526 3679 2595 dederimus

2084 2615 2227 2681 Deo,
2261 2616 2419 2672 nobis
2453 2632 2518 2672 ea
2563 2618 2679 2687 ipsa
2706 2618 2958 2672 restituet
2982 2631 3104 2671 cum
3149 2616 3233 2670 bis
3261 2633 3384 2686 qua:
3413 2629 3543 2672 ante
3573 2632 3680 2671 non

2083 2708 2466 2765 habueramus.
2492 2709 2669 2778 Exigit
2692 2718 2746 2764 et
2774 2709 3069 2779 postulata
3100 2708 3257 2764 nobis
3295 2708 3460 2775 Deus,
3495 2719 3554 2763 ut
3584 2710 3678 2764 lia-

2081 2803 2207 2857 beat
2235 2802 2580 2857 occasionem
2611 2800 2873 2867 donandi,
2898 2809 2957 2854 ut
2986 2801 3088 2870 ipsi
3122 2801 3324 2855 tribuat
3363 2801 3454 2871 qui
3485 2816 3678 2870 eroga-

2082 2893 2182 2949 vit.
2211 2893 2385 2964 Ipsius
2415 2894 2561 2948 enim
2592 2894 2770 2961 gratia
2802 2892 3076 2962 duplicata
3109 2902 3193 2947 est.
3235 2908 3382 2959 tuna,
3412 2904 3466 2947 et
3485 2893 3681 2963 dignus

2080 2986 2385 3057 quibusque
2409 2986 2532 3056 plus
2554 2987 2746 3041 datum
2786 2995 2874 3041 est
2896 3001 3057 3056 quam
3085 2988 3403 3053 spctabant.
3430 2989 3681 3054 Quapro-

2082 3088 2202 3147 pter
2231 3088 2519 3147 surgentes
2553 3092 2780 3132 oremus
2804 3077 2997 3142 Deum,
3026 3086 3089 3131 ut
3115 3076 3265 3145 dsgni
3284 3077 3457 3130 simus
3480 3076 3681 3131 olferre

385 3167 657 3239 principio
681 3169 748 3225 ad
771 3170 1176 3228 similitudinem
1198 3172 1298 3230 Dei
1326 3173 1533 3228 conditi
1559 3189 1771 3231 sumus.
1804 3180 1980 3246 Atque
2004 3177 2051 3239 C
2082 3174 2136 3229 ei
2168 3189 2391 3228 munera
2413 3189 2536 3243 qua:
2574 3172 2730 3228 nobis
2752 3174 3023 3239 restituat,
3052 3182 3106 3227 et
3154 3187 3253 3240 pro
3281 3174 3516 3227 terrenis
3563 3188 3679 3229 eo:-

380 3263 455 3316 ita
488 3264 571 3328 lit,
628 3274 681 3315 ιιι
734 3280 853 3334 quae
891 3265 1123 3321 Caesaris
1149 3266 1300 3332 sunt,
1347 3265 1575 3333 Caesari,
1620 3276 1678 3323 et
1704 3282 1826 3338 quae
1856 3269 1971 3336 Dei,

376 3356 669 3413 reddamus
693 3357 825 3414 Deo.
859 3358 1151 3428 Ostettdite,
1182 3358 1377 3431 inquit,
1403 3359 1529 3414 mihi
1556 3376 1845 3415 uuutmum.
1871 3361 1977 3417 Pro

452 3554 478 3583 ⁸
503 3544 789 3616 Nonnullis
818 3554 942 3612 post
967 3544 1230 3599 Dallmum
1259 3544 1410 3601 visus
1453 3552 1538 3601 est
1565 3546 1826 3616 Origenes
1857 3546 1974 3601 exi-

374 3617 598 3673 stimare
645 3614 750 3669 hoc
805 3616 948 3679 loco,
996 3615 1323 3671 Sadducseos
1366 3627 1524 3687 (quos
1567 3614 1803 3681 constat,
1853 3618 1971 3684 ipso

376 3689 687 3754 neutiquam
716 3687 1007 3751 dillitente,
1032 3688 1181 3742 solos
1198 3687 1397 3758 Moysis
1421 3687 1593 3742 libros
1619 3691 1670 3741 iu
1692 3704 1969 3743 sacrarum

375 3759 783 3826 Scripturarnm
809 3772 1034 3813 censum
1075 3758 1384 3827 admisisse)
1417 3759 1697 3828 prophetis
1726 3773 1968 3829 quoque,

372 3841 429 3882 et
459 3829 677 3885 malmis
704 3832 953 3884 eamdem
982 3829 1236 3884 tribuisse
1262 3833 1673 3893 auctoritatem;
1698 3830 1967 3891 siquidem

373 3899 528 3955 Isaia:
553 3914 662 3957 1.."
694 3908 748 3954 et
781 3899 970 3963 psalmi
1016 3915 1198 3955 cum
1232 3901 1567 3963 testimonia,
1597 3917 1719 3968 qua:
1761 3901 1965 3970 laudat,

374 3970 531 4025 abiis
560 3970 722 4026 tradit
740 3970 1102 4039 corporaliter
1127 3970 1423 4036 intellecta,
1456 3971 1614 4038 cujus
1646 3972 1967 4033 ignorantia:

374 4057 406 4095 a
434 4040 720 4098 S-ulvatore
745 4051 1094 4098 accusantur.
1129 4041 1327 4096 Verum
1374 4043 1476 4097 etsi
1530 4042 1845 4097 dederimus
1895 4042 1968 4097 ita

374 4113 519 4168 hunc
540 4111 808 4184 superiori
854 4121 1170 4169 contextum
1220 4114 1453 4181 lnerere,
1508 4124 1583 4180 ut,
1618 4129 1738 4185 qua:
1787 4113 1972 4169 laudat

2082 3263 2246 3319 lestia
2274 3264 2553 3334 largiatur,
2578 3265 2634 3320 in
2655 3263 2878 3319 Christo
2906 3262 3060 3324 Jesu.
3090 3265 3176 3317 cui
3200 3272 3287 3319 est
3306 3265 3478 3334 gloria
3501 3273 3557 3319 et
3578 3265 3679 3319 itu-

2079 3360 2290 3433 perium
2322 3360 2378 3413 iu
2409 3359 2608 3414 saecula
2635 3357 2988 3413 saeculorum.
3024 3358 3222 3412 Amen.

2076 3545 2361 3615 Origenes.
2394 3544 2675 3616 propheta:
2720 3560 2783 3598 ac
2837 3543 3052 3598 Davidis
3097 3543 3259 3616 verba
3310 3559 3594 3613 perperam
3641 3564 3674 3601 a

2076 3615 2622 3672 Saddncmisdiceret
2651 3626 2895 3684 accepta,
2945 3632 3049 3669 non
3085 3615 3207 3669 hinc
3238 3624 3419 3669 tamen
3447 3617 3674 3684 colligas

2073 3690 2312 3742 sensisse
2341 3688 2491 3742 illum
2533 3702 2629 3742 eos
2676 3688 2842 3742 libum
2874 3703 2902 3738 a
2947 3686 3263 3742 Satlducaeis
3294 3689 3350 3741 iu
3397 3686 3673 3742 (Iunonem

2074 3758 2475 3827 Scripturaruut
2529 3761 2747 3812 relatos.
2806 3756 2988 3812 Potuit
3039 3775 3166 3811 vero
3214 3758 3344 3811 illud
3395 3757 3675 3812 dumtaxat

2080 3830 2479 3884 Ileuternuomii
2534 3844 2710 3883 xxvm
2762 3830 3152 3896 testimonium,
3183 3828 3330 3899 quod
3383 3827 3568 3899 utique
3617 3840 3675 3885 et

2075 3900 2360 3957 Sadduetei
2393 3900 2717 3969 reciperent,
2748 3902 3077 3967 respexisse.

2143 3970 2171 4009 δ
2205 3973 2430 4045 Lectum
2462 3981 2619 4027 antea
2660 3986 2795 4041 qute,
2822 3971 3108 4028 inanil'esto
3138 3987 3347 4040 errore,
3382 3989 3480 4045 pro
3505 3972 3667 4042 quod,

2072 4051 2165 4114 apt
2182 4043 2333 4114 quia.
