4028 6356
1670 142 1733 197 S.
1775 141 2046 198 EUSEBII
2084 141 2472 198 IIIERONYMI

410 246 3705 305 Μ

1021 412 1168 527 ε.
1242 407 1975 527 EUSEBII
2049 412 3131 531 EIERONYMI

1518 630 2087 696 STRIDONENSIS
2127 632 2624 697 PRESBYTER!

1171 812 1198 842 ⁸
1225 813 2969 963 COMMENTARIOBUM

511 1203 1915 1369 EPISTOLAM
2037 1046 2370 1364 1:U)
2503 1202 3630 1376 GALATAS

1719 1468 2029 1552 LIBRI
2103 1471 2436 1555 TRES.

1635 1758 2507 1879 PROLOGUS.

493 2123 854 2198 367368
881 2120 1044 2176 Paulli
1094 2118 1387 2176 admOdum
1428 2118 1548 2176 dies
1592 2127 1740 2188 sunt,
1773 2116 1803 2159 ιι
1824 2133 1890 2175 ex
1913 2132 2022 2190 quo
2047 2119 2098 2181 Α
2125 2118 2459 2184 auctoritas;
2492 2119 2590 2177 sed
2617 2122 2970 2183 examinabat
2998 2125 3204 2191 omnia,
3235 2134 3292 2183 et
3322 2126 3503 2199 sagaci
3534 2138 3723 2187 mente

429 2217 721 2290 epistolam
760 2212 915 2269 Pauli
943 2212 1010 2268 ad
1064 2211 1442 2269 Philemonem
1497 2210 1913 2282 interpretatus,
1954 2209 2025 2266 ad

426 2312 653 2371 Galatas
684 2306 1151 2373 transcenderam,
1182 2306 1374 2362 multis
1406 2315 1710 2362 retrorsum
1758 2306 1812 2361 in
1844 2305 2026 2361 medio

425 2405 814 2478 praetermissis
842 2420 859 2471 ;
910 2413 966 2459 et
995 2416 1126 2458 ecce
1177 2401 1359 2457 subito
1390 2400 1591 2456 litterae
1620 2399 1754 2455 mihi
1783 2400 1852 2454 de
1880 2398 2028 2455 Urbe

428 2500 613 2555 allatae
669 2505 844 2564 sunt,
898 2495 1211 2551 nuntiantes
1236 2503 1293 2551 et
1347 2493 1603 2549 Albinam
1653 2492 2026 2548 venerabilem

426 2607 591 2647 anum
645 2587 957 2661 prtesentire
1013 2586 1233 2643 Domini
1290 2584 1560 2643 redditum
1596 2629 1611 2654 ,
1669 2592 1727 2640 et
1781 2592 2026 2639 sanctam

433 2684 754 2743 Marcellam
804 2682 998 2739 matris
1041 2680 1407 2739 contubernio
1453 2678 1770 2734 destitutam
1798 2719 1813 2745 ,
1856 2680 2028 2749 magis

428 2790 577 2847 nunc
605 2783 870 2841 vestrum,
894 2786 929 2827 o
956 2770 1122 2825 Paula
1156 2777 1212 2824 et
1245 2768 1622 2836 Eustochium,
1647 2767 1898 2839 ﬂagitare
1940 2784 2029 2824 so-

431 2869 645 2925 latium.
664 2867 732 2921 Et
761 2864 886 2936 quia
908 2862 1013 2919 hoc
1042 2860 1261 2918 interim
1285 2860 1402 2916 ﬁeri
1433 2877 1541 2916 non
1571 2871 1773 2931 petest,
1805 2870 2030 2932 propter

431 2958 660 3032 grandia
691 2956 860 3012 maris
886 2956 942 3011 in
986 2953 1169 3011 medio
1215 2954 1390 3025 spatia
1438 2963 1603 3025 atque
1631 2963 1919 3021 terrarum,
1946 2969 2031 3010 re-

431 3061 601 3124 pente
631 3051 828 3106 vulnus
853 3052 1178 3119 impressum
1231 3048 1427 3105 saltem
1477 3048 1887 3118 Seriptnrarum
1915 3048 2033 3104 vel-

431 3147 544 3203 lem
569 3161 765 3203 curare
786 3143 1174 3201 medicamine.
1191 3142 1318 3201 Scio
1337 3141 1592 3216 equidem
1618 3144 1876 3200 ardorem
1889 3144 2028 3215 ejus,

434 3240 553 3298 scio
610 3239 797 3305 fidem,
825 3253 988 3310 quam
1017 3237 1295 3293 ﬂammam
1326 3251 1545 3308 semper
1570 3236 1769 3293 habeat
1824 3236 1881 3291 in
1937 3251 2030 3306 pe-

432 3343 613 3403 ctore,
645 3345 905 3402 superare
930 3344 1144 3396 sexum,
1174 3328 1425 3386 oblivisci
1455 3328 1713 3397 hominis,
1740 3336 1796 3384 et
1818 3327 2032 3383 divino-

431 3441 557 3484 rum
588 3425 927 3480 voluminum
959 3435 1219 3494 tympano
1257 3430 1644 3494 concrepante,
1678 3421 1901 3476 rubrum
1931 3419 2032 3474 hu-

2127 2212 2385 2268 uuiversa
2416 2214 2701 2283 pensabat,
2737 2225 2796 2271 ut
2823 2232 2910 2272 me
2958 2218 3223 2275 sentirem
3259 2236 3366 2276 non
3399 2231 3506 2276 tam
3557 2222 3731 2278 disci-

2134 2303 2312 2373 pulam
2368 2304 2593 2372 habere,
2652 2322 2813 2378 quam
2863 2309 3127 2379 judicem.
3160 2312 3346 2383 Itaque
3387 2314 3533 2379 quod
3563 2324 3621 2370 et
3649 2317 3730 2372 illi

2129 2395 2343 2451 absenti
2368 2406 2680 2466 pergratum
2718 2397 2857 2463 fore,
2890 2410 2946 2455 et
2979 2402 3135 2458 vobis
3161 2419 3281 2473 qua:
3319 2404 3373 2459 in
3406 2407 3726 2474 pr:esentia-

2128 2503 2248 2544 rum
2277 2489 2432 2558 estis,
2458 2488 2591 2545 utile
2613 2491 2893 2560 existimo,
2918 2494 3215 2563 aggrediar
3242 2511 3382 2568 opus
3403 2497 3731 2555 intentatum

2128 2592 2257 2638 ante
2301 2599 2390 2638 me
2435 2583 2634 2654 lingua:
2673 2593 2877 2642 nostra:
2922 2588 3315 2658 scriptoribus,
3367 2603 3424 2648 et
3469 2607 3499 2647 a
3526 2591 3734 2649 Graecis

2129 2690 2347 2747 quoque
2410 2675 2546 2747 ipsis
2603 2677 2695 2733 vix
2746 2680 2956 2749 paucis,
3019 2690 3080 2737 ut
3119 2682 3201 2739 rei
3230 2684 3485 2753 poscebat
3552 2684 3734 2756 digni-

2133 2778 2217 2824 tas
2258 2812 2274 2835 ,
2343 2780 2686 2839 usurpatum.
2714 2769 2837 2826 Non
2879 2771 3027 2844 quod
3092 2774 3338 2844 ignorem
3396 2773 3587 2832 Caium
3617 2778 3733 2834 illa-

2132 2862 2298 2936 369
2323 2892 2350 2903 -
2375 2863 2543 2935 3'10
2590 2866 2729 2925 rium
2774 2863 3136 2936 Victorinum,
3186 2868 3278 2938 qui
3319 2868 3534 2936 Romae,
3573 2880 3596 2908 α
3645 2887 3738 2928 me

2135 2970 2327 3026 puero,
2348 2956 2679 3013 rhetoricam
2695 2957 2905 3026 docuit,
2936 2959 3176 3017 edidisse
3198 2958 3639 3019 Commentarios
3672 2965 3725 3020 in

2139 3046 2489 3117 Apostolum;
2504 3049 2603 3105 sed
2616 3050 2765 3121 quod
2775 3062 3075 3122 occupatus
3089 3053 3181 3111 ille
3194 3055 3499 3112 eruditione
3510 3057 3737 3114 saecula-

2136 3140 2275 3195 rium
2293 3141 2623 3209 litterarum,
2646 3141 2964 3214 Scripturas
2977 3147 3201 3200 omnino
3221 3143 3250 3185 ἀ
3270 3157 3490 3203 sanctas
3516 3149 3737 3219 ignora.

2136 3233 2307 3289 verit:
2335 3243 2389 3289 et
2418 3248 2580 3290 nemo
2598 3236 2793 3306 possit,
2813 3237 3064 3306 quamvis
3087 3237 3374 3307 eloquens,
3394 3239 3465 3295 de
3494 3256 3561 3296 eo
3592 3241 3737 3298 bene

2137 3326 2418 3397 disputare
2440 3366 2454 3391 ,
2488 3327 2633 3395 quod
2675 3328 2909 3384 neseiat.
2956 3329 3100 3397 Quid
3131 3339 3153 3367 θ
3190 3330 3375 3400 igitur,
3404 3346 3507 3401 ego
3533 3333 3737 3389 stultus

2137 3430 2230 3473 aut
2258 3418 2623 3486 temerarius,
2655 3420 2747 3489 qui
2772 3419 2824 3473 id
2873 3421 3138 3489 pollicear
3180 3423 3325 3492 quod
3376 3423 3465 3477 ille
3491 3439 3599 3478 non
3632 3441 3728 3494 po-

428 3520 520 3592 jus
565 3520 751 3576 saeculi
801 3518 1029 3588 pelagus
1072 3514 1447 3571 transfretare.
1476 3511 1640 3569 Certe
1683 3527 1808 3567 cum
1838 3511 2029 3567 Roma:
2058 3514 2106 3573 B
2132 3513 2272 3567 iuit?
2301 3512 2544 3567 Minime.
2574 3510 2718 3578 Quin
2756 3511 2937 3580 potius
2971 3511 2991 3553 τ
3023 3513 3080 3568 in
3108 3529 3200 3581 eo,
3243 3524 3302 3570 ut
3329 3515 3464 3570 mihi
3507 3515 3720 3583 videor,

432 3628 637 3681 essem,
668 3624 960 3681 numquam
1010 3618 1118 3663 tam
1164 3605 1362 3662 festina
1410 3619 1498 3661 me
1552 3602 1707 3669 vidit,
1736 3612 1928 3657 utnon
1959 3602 2029 3657 de

433 3705 734 3777 Scripturis
775 3699 978 3771 aliquid
1034 3700 1415 3770 interrogaret.
1455 3692 1642 3766 Neque
1689 3710 1821 3751 vero
1876 3709 2033 3755 more

431 3795 801 3868 Pythagorico
837 3789 1097 3861 quidquid
1147 3787 1560 3858 respondeam,
1614 3795 1825 3841 rectum
1871 3796 2031 3856 puta-

432 3888 528 3946 bat
562 3905 575 3942 :
610 3902 711 3942 nec
739 3884 854 3940 sine
882 3882 1093 3939 ratione
1112 3879 1466 3953 praeiudicata
1496 3878 1640 3951 apud
1661 3894 1784 3935 eam
1812 3879 2033 3936 valebat

507 4104 534 4130 η
565 4093 741 4147 Hosce
762 4090 816 4145 in
864 4088 1156 4159 epistolam
1195 4086 1263 4143 ad
1294 4087 1513 4144 Galatas
1558 4087 2025 4159 Commentarios,

432 4172 578 4221 utet
625 4169 1023 4223 consequentes
1072 4159 1125 4214 in
1178 4160 1414 4232 reliquas
1460 4169 1569 4215 tres
1615 4160 1684 4232 ad
1737 4159 2023 4232 Ephesios,

433 4236 638 4299 Titum,
696 4250 761 4288 ac
806 4232 1183 4288 Philemonem
1238 4231 1519 4299 exegimus
1576 4230 1644 4286 ad
1694 4231 1858 4286 trium
1889 4230 2024 4288 mss.

433 4306 826 4373 exemplarium
878 4301 1035 4356 (idem
1056 4346 1069 4370 ,
1100 4317 1268 4356 unum
1300 4301 1602 4356 Palatinum
1633 4317 1860 4357 numero
1890 4319 2029 4373 prte-

434 4387 683 4434 notatnm
735 4374 842 4431 ’540
890 4375 1077 4445 probae
1106 4373 1444 4445 antiqujtatis
1489 4383 1545 4429 et
1595 4373 2028 4445 notzezduoque

432 4450 538 4504 alia
587 4443 1056 4510 Cisterciensium,
1109 4461 1229 4514 quae
1280 4444 1468 4499 Romae
1511 4455 1616 4512 est,
1652 4443 2022 4512 bibliothecae,

432 4521 563 4575 olim
596 4517 960 4573 Nonantulaui
1014 4516 1352 4583 monasterii,
1387 4530 1616 4585 quorum
1645 4516 1872 4571 alterunt
1922 4518 2025 4573 sub

432 4606 661 4647 numero
684 4597 939 4644 censetur
968 4588 1055 4651 6|,
1084 4586 1318 4640 alterum
1350 4602 1573 4639 numero
1598 4597 1748 4642 caret
1773 4602 1784 4638 :
1812 4594 2026 4642 utrum-

430 4672 744 4734 que‘autem
777 4657 1160 4734 emendatione
1189 4672 1253 4734 ac
1292 4666 1560 4712 vetustate
1604 4668 1887 4734 prrestans.
1916 4658 2026 4714 Nec

431 4728 774 4799 Rabbanum,
809 4729 899 4798 qui
953 4728 1279 4802 to_tidem__de
1337 4744 1492 4783 more
1526 4729 1726 4802 verbis
1757 4730 2024 4802 Hierony-

432 4820 576 4859 mum
608 4797 917 4872 descripsit,
933 4799 1156 4872 suisque
1169 4797 1589 4872 Commentariis
1614 4799 1867 4870 intexuit,
1886 4797 2026 4870 prte-

433 4870 1109 4937 termisimusisiquidem
1173 4870 1314 4924 haud
1361 4886 1486 4925 raro
1539 4870 1681 4925 inter
1739 4872 2021 4926 innumera

674 4952 847 4999 scatet
873 4918 1092 5016 menda,
1128 4941 1410 4996 meliorem
1454 4942 1758 5016 lectionem
1780 4958 1851 5016 _e\'
1881 4946 2023 5016 auti-
2052 4918 2097 4980 (ἶ

428 5013 731 5087 quissimis,
745 5015 944 5087 quibus
961 5013 1498 5087 utebatur,_t_-._xe_mpla
1508 5013 1657 5087 ribus
1675 5013 1896 5087 profert.
1918 5015 2022 5087 De-

428 5084 597 5159 nique
626 5102 695 5141 ex
722 5086 885 5159 editis
916 5086 1216 5159 rarioribus
1244 5084 2022 5159 libi;i:,‘Col0niensemeditio-

430 5154 801 5216 ne-mJoannis
829 5156 1079 5227 Gymnici
1129 5171 1273 5209 anno
1307 5154 1435 5210 l55l
1464 5170 1573 5209 non
1604 5156 1805 5211 frustra
1830 5166 2022 5211 contu-

432 5232 613 5287 timus.

504 5300 530 5338 ι)
558 5300 765 5367 Nostri,
795 5308 851 5354 et
874 5311 1010 5369 quos
1042 5296 1225 5352 laudat
1264 5297 1512 5352 Martian.
1546 5297 1700 5365 Mss.,
1731 5297 1870 5367 quod
1912 5299 2024 5371 epi-

424 5370 635 5439 solam,
665 5381 769 5427 elc.

501 5454 522 5481 ο
563 5447 738 5499 Antea
770 5451 864 5496 aut
895 5440 1032 5498 falso
1055 5482 1069 5507 ,
1096 5451 1191 5495 aut
1236 5441 1583 5496 incommodo
1613 5456 1781 5496 sensu
1813 5442 2021 5513 legeba-

423 5525 533 5576 ιοετ,
565 5515 653 5584 qui
679 5514 862 5569 Roma:
907 5530 1096 5583 pueros
1126 5513 1443 5567 rhetoricam
1473 5513 1672 5578 docuit,
1718 5515 1802 5567 vel
1831 5558 1845 5581 ,
1880 5523 1938 5567 ut
1964 5514 2019 5570 in

422 5596 635 5654 mquot
679 5586 843 5639 etiam
872 5598 1002 5640 mss.
1043 5584 1294 5642 invenire
1322 5594 1435 5651 est,
1462 5584 1551 5654 qui
1572 5585 1757 5640 Roma:
1789 5600 1868 5638 me
1894 5602 2020 5652 puc-

421 5668 541 5732 υη
568 5653 879 5712 rhetoricam
919 5657 1131 5726 docuit,
1186 5656 1272 5715 vel
1322 5656 1597 5728 denique,
1633 5655 1815 5712 Roma:
1859 5671 1941 5710 me
1986 5673 2019 5711 a

2132 3604 2342 3660 cautior
2369 3614 2530 3674 atque
2557 3603 2824 3669 timidior,
2867 3606 3012 3681 quod
3054 3606 3484 3665 imbecillitatem
3525 3610 3722 3666 virium

2135 3712 2378 3752 mearqu
2420 3695 2664 3753 sentiens
2684 3741 2699 3766 ,
2729 3697 2982 3768 Origenis
3007 3698 3446 3761 Commentarios
3477 3718 3598 3758 sum
3626 3719 3715 3760 se-

2132 3797 2309 3845 cutus.
2352 3787 2582 3857 Scripsit
2609 3788 2760 3844 enim
2786 3788 2881 3844 ille
2931 3790 3017 3847 vir
3055 3791 3111 3846 in
3144 3791 3434 3862 epistolam
3471 3791 3626 3849 Pauli
3657 3794 3727 3849 ad

2135 3882 2354 3939 Gala-as
2390 3880 2632 3954 quinque
2662 3891 2687 3930 ε
2728 3882 2950 3954 proprie
2990 3883 3297 3953 volumina,
3354 3893 3412 3940 et
3456 3884 3730 3941 decimum

2138 4110 2318 4159 puero,
2344 4103 2450 4149 etc.
2488 4093 2685 4148 Veram
2719 4092 3011 4162 lectionem
3041 4105 3142 4144 nos
3189 4090 3564 4162 restituitnus,
3597 4109 3731 4162 sup-

2136 4166 2309 4234 petias
2336 4164 2549 4223 ferente
2581 4180 2691 4218 uno
2734 4160 3089 4234 Ci~teroiensi
3137 4159 3730 4234 mssalteroqueL‘ln-

2136 4232 2399 4305 hiacensi,
2434 4251 2600 4300 quem
2627 4235 2678 4289 in
2703 4234 2983 4288 Adiit-udis
3002 4232 3119 4303 ipse
3147 4232 3331 4305 laudat
3354 4233 3530 4305 editor
3558 4233 3735 4289 Bene-

2134 4302 2392 4363 dictinus.
2436 4306 2621 4380 Neque
2665 4322 2797 4359 vero
2834 4302 3173 4380 Victorinum
3210 4302 3419 4380 audivit
3463 4305 3736 4380 Hierony-

2139 4395 2259 4432 mus
2286 4420 2300 4443 ,
2348 4394 2524 4448 neque
2555 4377 2788 4432 fortasse
2832 4392 2932 4448 per
2953 4375 3268 4448 infantilem
3300 4375 3478 4448 adhuc
3507 4375 3732 4433 aetatem

2140 4451 2334 4517 potuit.
2387 4443 2556 4517 llujns
2600 4449 2719 4516 ipse
2766 4443 2848 4502 rei
2894 4446 3190 4516 fideiussor
3236 4448 3289 4517 in
3334 4443 3608 4500 Chronico
3647 4461 3742 4504 est.

2130 4515 2199 4575 ad
2228 4536 2426 4575 annum
2458 4515 2564 4575 358
2583 4561 2597 4583 ,
2628 4515 2733 4575 dubi
2762 4522 2876 4573 ait:
2921 4515 3216 4572 Victorinus
3242 4515 3445 4584 rhetor,
3475 4528 3522 4571 et
3546 4517 3734 4573 Dona-

2129 4593 2620 4665 tusigrammaticus
2673 4600 2974 4665 praeceptor
3018 4604 3178 4665 meus
3207 4589 3337 4665 (non
3384 4603 3739 4665 prteceptores

2130 4658 2274 4725 mei,’
2318 4663 2555 4732 plurium
2615 4658 2875 4730 numero)
2931 4658 3113 4714 Roma:
3158 4660 3390 4783 insignes
3443 4659 3732 4717 habentur.

2130 4733 2396 4783 Cattertnn
2429 4735 2553 4783 vide
2596 4741 2654 4783 et
2697 4731 2893 4783 librum
2923 4732 2992 4783 de
3031 4730 3177 4783 Viris
3221 4728 3261 4783 ll
3291 4730 3556 4783 ustribus.
3602 4747 3732 4783 can-

2128 4728 2396 4789 (liciarum
2429 4735 2553 4788 \‘itle
2596 4741 2654 4788 et
2697 4728 2893 4787 liht'uttt
2923 4732 2992 4787 de
3031 4730 3177 4785 Viris
3221 4728 3556 4798 lliustribus,
3602 4747 3737 4804 cap.

2131 4804 2255 4875 10!,
2289 4818 2344 4860 et
2374 4821 2496 4875 quae
2527 4806 2599 4859 ibi
2623 4814 2971 4858 annotamus.

2201 4873 2228 4913 ἀ
2270 4870 2469 4930 Voconi
2496 4884 2701 4929 sanctas
2732 4875 3013 4929 Palatinus
3046 4886 3149 4927 ms.
3180 4870 3381 4926 nescit.

2204 4956 2226 4985 ε
2269 4947 2707 5015 Consequentetn
2737 4945 2931 5015 viginti
2964 4946 3075 5015 fere
3104 4957 3360 5015 versuum
3393 4943 3730 5014 pericopen,

2130 5017 2183 5071 in
2224 5018 2308 5073 sui
2359 5014 2767 5072 excusationem
2808 5014 3012 5071 recitat
3055 5014 3115 5070 S.
3162 5014 3380 5087 Doctor,
3414 5018 3729 5087 ingeritqne

2130 5091 2429 5157 Augustino
2458 5087 2686 5155 epistola
2717 5089 2770 5141 in
2814 5095 2998 5157 nostra
3031 5085 3350 5157 recensione
3382 5087 3484 5141 “2
3504 5132 3519 5153 ,
3553 5103 3608 5142 η.
3629 5085 3673 5143 ῖί
3702 5109 3717 5145 :

2130 5158 2401 5223 Primum,
2451 5160 2661 5227 inquit,
2719 5156 3034 5228 respondeo,
3096 5156 3332 5211 debuisse
3381 5159 3724 5224 prudentiam

2127 5240 2271 5285 tuam
2299 5230 2730 5301 Prwfutitmcula:
2755 5229 3507 5301 (Σοηυηεηιανὶρνιιηιγηζεοηιηι
3538 5233 3736 5285 menti-

2128 5302 2263 5357 nisse
2292 5299 2509 5356 dicentis
2536 5318 2600 5357 ea:
2621 5317 2845 5373 persona
2890 5317 3045 5356 mea:
3088 5299 3230 5366 Quid
3255 5299 3438 5371 igitur,
3469 5316 3561 5373 ego
3588 5302 3743 5356 stul-

2128 5384 2228 5437 tus,
2259 5386 2363 5430 61C.

2200 5444 2219 5485 ί
2262 5447 2321 5501 In
2351 5446 2523 5501 Palat.
2561 5462 2663 5499 ms.
2696 5461 2709 5498 :
2744 5444 2884 5510 Quin
2913 5444 3109 5515 potius,
3140 5455 3198 5498 ut
3225 5443 3353 5499 mihi
3383 5443 3738 5512 videor,cau-

2124 5518 2225 5572 tior
2251 5527 2409 5590 atque
2435 5518 2687 5585 timidior,
2716 5518 2805 5590 qui
2824 5516 3252 5590 imbecillitatem,
3287 5526 3400 5573 etc.

2195 5600 2220 5639 8
2263 5587 2435 5647 Antea
2462 5599 2602 5658 erat,
2628 5589 2865 5659 prapria,
2910 5587 3090 5644 minus
3112 5598 3281 5645 recte.

3574 5664 3584 5728 i
