4044 6338
427 280 532 339 ⁸509

998 264 1647 329 COMMENTARIORUM
1683 264 1753 323 ΙΝ
1791 262 2184 323 EPISTOLAM
2221 262 2316 320 AD
2353 258 2677 319 ΕΛΕΑΤΑὸ
2714 257 3102 317 PROLOGUS.

3616 257 3722 316 ’5ιο

425 394 759 451 Stromatum
802 406 1028 446 suorum
1067 390 1267 444 librum
1296 385 1619 443 commatico
1647 396 1815 453 super
1836 381 2024 452 expla-
2050 383 2107 445 Α
2130 378 2604 450 scrupulositatem
2634 377 2913 444 ciborum,
2943 385 3001 433 et
3036 391 3136 448 per
3162 375 3282 433 dies
3304 375 3551 447 singulos
3576 374 3729 433 lava-

423 486 642 543 natione
685 482 807 553 ejus
849 496 1106 538 sermone
1141 478 1436 549 complevit
1486 494 1501 531 :
1547 475 1837 531 Tractatus
1883 489 2020 544 quo-

424 593 531 651 que
557 576 775 640 varios,
811 584 867 631 et
898 574 1166 643 Excerpta
1189 613 1205 636 ,
1237 586 1362 643 qua:
1403 569 1486 624 vel
1518 568 1633 623 sola
1666 566 1876 640 possint
1906 564 2017 639 [ΑΙ.

424 668 674 743 possent}
721 668 996 732 sufficere,
1045 664 1373 735 composuit.
1428 659 1801 717 Praetermitto
1852 657 2018 730 Didy-

423 777 593 825 mum,
627 758 905 813 videntem
956 772 1135 811 meum
1162 797 1178 823 ,
1212 763 1270 809 et
1299 751 1670 808 Laodicenum
1714 748 2018 821 (Apollina-

424 851 563 922 rem)
583 850 651 905 de
671 847 911 903 Ecclesia
938 861 1112 917 nuper
1132 858 1433 915 egressum,
1456 853 1512 898 et
1531 841 1907 897 Alexandrum
1929 856 2019 895 ve-

426 954 604 998 terem
646 939 965 995 baereticum
992 980 1006 1003 ,
1043 936 1339 992 Eusebium
1388 950 1607 1007 quoque
1657 933 2017 1003 Emesenum,

431 1048 485 1092 et
509 1034 860 1091 Theodorum
908 1032 1290 1097 Heracleoten,
1343 1031 1434 1101 qui
1480 1039 1534 1085 ct
1582 1029 1685 1099 ipsi
1724 1029 2019 1084 nonnullos

426 1144 590 1198 super
620 1128 724 1181 hac
754 1143 816 1180 re
856 1124 1350 1180 Contmentariolos
1398 1120 1507 1195 [AL
1555 1121 2018 1195 Commentarios]

423 1221 779 1290 reliquerunt.
808 1220 850 1273 E
873 1219 1074 1288 quibus
1114 1218 1160 1273 si
1193 1219 1276 1274 vel
1305 1233 1474 1289 pauca
1513 1217 1891 1295 decerperem,
1924 1218 2020 1274 lie-

422 1323 502 1371 ret
530 1302 733 1383 aliquid
767 1308 915 1382 quod
945 1326 1056 1365 non
1082 1311 1299 1379 penitus
1328 1319 1800 1367 contemneretur.
1833 1311 2019 1380 Itaque

425 1415 479 1460 ut
503 1403 837 1473 simpliciter
865 1401 1063 1472 fatear,
1105 1402 1213 1473 legi
1242 1402 1359 1458 haec
1389 1402 1572 1457 omnia
1594 1443 1609 1469 ,
1640 1412 1694 1457 et
1746 1404 1801 1455 itt
1837 1412 2019 1458 mente

417 1512 538 1554 mea
571 1496 815 1567 plurima
844 1510 1214 1562 coacervans,
1262 1495 1446 1551 accito
1474 1496 1714 1563 notario,
1749 1495 1834 1550 vel
1865 1510 2016 1562 mea,

419 1589 507 1645 vel
535 1588 715 1644 aliena
767 1587 993 1654 dictavi,
1028 1603 1132 1643 nec
1178 1585 1429 1654 ordinis,
1476 1603 1582 1643 nec
1611 1588 1906 1644 verborum
1936 1592 2019 1645 in-

416 1683 657 1750 terdum,
687 1698 793 1738 nec
837 1697 1100 1738 sensuum
1131 1691 1158 1719 ι
1188 1681 1513 1738 memoriam
1565 1693 1867 1738 retentans.
1898 1683 2017 1739 Jam

2126 489 2217 529 cra
2250 474 2443 529 iterum
2471 469 2799 529 sordidanda
2824 512 2840 539 ,
2872 469 3230 544 371—372
3260 468 3432 540 gratia
3464 468 3714 540 Evange-

2127 565 2188 621 lii
2218 565 2553 638 subrepente
2584 578 2831 621 cessasse
2856 604 2872 631 ,
2901 578 3063 634 quam
3095 577 3203 619 non
3231 560 3457 634 sanguis
3486 559 3726 618 victima~

2121 676 2281 726 rum,
2312 660 2409 716 sed
2455 658 2590 715 ﬁdes
2636 659 2835 714 anima:
2882 656 3156 714 credentis
3207 657 3485 727 impleret.
3518 654 3722 712 Verum

2121 752 2249 806 alibi
2280 768 2383 821 pro
2414 763 2590 823 parte,
2622 761 2676 807 et
2720 760 2781 806 ut
2830 765 2890 807 se
2935 750 3082 806 aliud
3115 750 3295 822 agenti
3327 750 3444 805 haec
3486 750 3722 819 quaestio

2122 844 2436 908 obtulerat,
2465 861 2529 899 ex
2564 844 2737 899 latere
2766 841 3103 913 disputatum
3134 852 3217 897 est
3239 884 3254 909 ,
3306 850 3364 897 et
3409 856 3549 912 pene
3592 857 3721 912 per-

2122 937 2394 992 strictum.
2429 936 2490 993 ln
2514 937 2599 991 his
2630 946 2812 992 autem
2863 935 3095 1000 duabus,
3129 944 3191 991 ut
3237 934 3399 1002 dixi,
3429 933 3719 1005 Epistolis,

2121 1028 2442 1100 specialiter
2506 1028 2746 1100 antiqua:
2813 1029 2947 1100 legis
3016 1030 3274 1096 cessatio,
3321 1037 3379 1083 et
3427 1044 3585 1085 nova:
3643 1029 3727 1083 iu-

2123 1126 2403 1181 troduetio
2472 1126 2810 1181 continetur.
2861 1124 2969 1180 Sed
3034 1124 3104 1179 ad
3151 1123 3375 1179 Galatas
3431 1123 3535 1178 hoc
3597 1139 3726 1193 pro-

2124 1219 2305 1292 prium
2332 1217 2516 1283 habet,
2539 1217 2686 1289 quod
2718 1233 2826 1272 non
2857 1217 3048 1272 scribit
3073 1215 3143 1270 ad
3175 1230 3272 1270 eos
3301 1215 3392 1285 qui
3425 1231 3491 1270 ex
3519 1214 3723 1270 Judaris

2122 1312 2176 1367 in
2206 1310 2482 1366 Christum
2516 1310 2901 1378 crediderant,
2934 1319 2989 1362 et
3034 1320 3289 1378 paternas
3321 1308 3584 1375 putabant
3612 1322 3720 1364 cte-

2123 1406 2399 1461 remonias
2427 1401 2801 1461 observandas
2835 1420 2845 1455 :
2892 1400 2989 1457 sed
3025 1400 3095 1455 ad
3126 1414 3224 1456 eos
3252 1397 3346 1470 qui
3376 1416 3442 1454 ex
3471 1398 3725 1469 gentibus

2124 1498 2288 1552 tidem
2319 1496 2602 1567 Evangelii
2656 1504 3014 1566 receperant,
3050 1502 3105 1549 et
3134 1507 3351 1547 rursum
3382 1500 3531 1548 retro
3559 1491 3720 1562 lapsi,

2123 1589 2486 1661 quorumdam
2536 1588 2751 1644 fuerant
2800 1586 3128 1643 auctoritate
3157 1584 3441 1653 deterriti,
3472 1598 3724 1640 asseren-

2123 1683 2259 1736 tium
2290 1682 2509 1737 Petrum
2542 1697 2761 1753 quoque
2804 1689 2859 1736 et
2884 1680 3154 1737 Jacobum
3177 1722 3192 1747 ,
3226 1685 3285 1734 et
3332 1686 3473 1733 totas
3520 1675 3723 1733 Judaaaa

423 1776 650 1833 Domini
685 1785 902 1831 tantum
935 1775 1332 1832 misericordia:
1363 1785 1485 1845 est,
1536 1792 1605 1833 ne
1648 1794 1747 1848 per
1795 1770 2437 1849 imperi-BEcclcsiaS.
2500 1770 2857 1841 Evnllgcliuln
2930 1769 3139 1824 Christi
3188 1784 3312 1824 cum
3375 1768 3495 1838 lege
3550 1766 3722 1825 veleri

427 1872 559 1928 tiam
588 1881 834 1927 nostram
863 1871 932 1927 ab
961 1871 1085 1926 aliis
1116 1870 1255 1926 bene
1286 1870 1432 1926 dicta
1462 1872 1803 1942 dispeream,
1822 1883 1876 1928 et
1905 1889 2014 1928 non

419 1962 672 2035 placeant
706 1963 850 2018 inter
878 1972 1206 2029 extraneos,
1239 1979 1361 2033 qua:
1395 1964 1612 2032 placent
1658 1964 1804 2019 inter
1855 1980 2011 2021 suos.

418 2056 815 2127 Argumentum
862 2056 1049 2127 itaque
1086 2055 1349 2125 Epistolte
1380 2056 1544 2128 hujus
1587 2058 1828 2114 breviter
1864 2074 2017 2115 com-

417 2146 786 2218 prehendens,
816 2145 844 2185 δ
874 2146 977 2201 hac
1006 2146 1331 2218 praefatione
1358 2164 1709 2218 eotnmoneo,
1743 2159 1804 2207 ut
1825 2152 2013 2208 sciatis

414 2241 658 2297 eamdem
686 2256 809 2296 esse
837 2240 1124 2296 materiam
1167 2250 1223 2297 et
1251 2242 1515 2312 Epistula:
1542 2242 1701 2297 Pauli
1748 2245 1814 2300 ad
1842 2243 2008 2301 Gala-

413 2341 520 2401 tas,
548 2342 601 2388 et
632 2348 755 2403 quae
783 2331 851 2386 ad
904 2332 1181 2388 Romanos
1228 2334 1431 2402 scripta
1461 2341 1566 2389 est.
1612 2334 1721 2390 Sed
1772 2334 1880 2392 hoc
1910 2336 2012 2392 dif-

410 2420 561 2478 ferre
595 2422 739 2477 inter
785 2431 1098 2493 utramque,
1145 2422 1294 2493 quod
1335 2423 1392 2479 in
1423 2423 1513 2479 illa
1544 2424 1723 2481 altiori
1761 2440 1924 2482 sensu
1954 2437 2012 2484 et

412 2514 865 2586 profundioribus
895 2532 1025 2569 usus
1073 2526 1158 2571 est
1206 2520 1579 2589 argumentis,
1612 2518 1702 2576 hic
1746 2522 1905 2592 quasi
1938 2523 2005 2579 ad

408 2623 505 2664 eos
528 2608 801 2673 scribens,
837 2608 910 2663 de
958 2609 1158 2679 quibus
1207 2612 1261 2665 in
1307 2612 1774 2682 consequentibus
1801 2616 1877 2670 ait
1911 2631 1924 2668 :
1962 2615 2008 2669 0

406 2702 653 2758 insensati
681 2699 888 2757 Galatae
909 2719 929 2758 :
962 2703 1028 2759 Et
1065 2721 1079 2757 :
1135 2704 1227 2761 Sic
1276 2705 1575 2779 insipientes
1608 2708 1732 2763 estis
1754 2750 1769 2776 ,
1822 2709 1917 2764 tali
1946 2724 2007 2766 se

406 2809 662 2852 sermone
712 2796 1036 2854 moderatus
1082 2807 1192 2866 est,
1244 2799 1392 2870 quod
1443 2801 1755 2872 increparet
1798 2806 2004 2874 potius,

404 2903 566 2960 quam
600 2886 828 2943 doceret
862 2907 876 2943 :
928 2900 984 2945 et
1027 2906 1187 2961 quem
1218 2902 1441 2963 possent
1472 2894 1627 2949 stulti
1674 2895 2000 2965 intelligere,

401 2989 462 3036 ut
489 2995 815 3037 communes
843 2982 1172 3048 sententias,
1208 2984 1487 3038 communi
1537 2986 1788 3041 oratione
1835 2989 2003 3043 vesti-

401 3084 507 3139 ret,
538 3084 595 3131 et
636 3090 775 3145 quos
822 3075 966 3131 ratio
1014 3075 1249 3132 suadere
1301 3094 1410 3133 non
1444 3087 1681 3147 poterat,
1712 3092 2000 3137 revocaret

2119 1867 2429 1921 miscuiSse.
2467 1866 2644 1936 Ipsum
2676 1865 2839 1919 etiam
2874 1863 3096 1918 Paulum
3144 1862 3287 1918 aliud
3321 1865 3373 1916 in
3419 1861 3606 1917 Judma
3637 1860 3720 1916 fa-

2118 1975 2271 2028 cere,
2300 1960 2448 2014 aliud
2481 1959 2797 2015 nationibus
2829 1957 3130 2029 praedicare
3163 1975 3177 2011 :
3224 1968 3279 2013 et
3310 1956 3509 2012 frustra
3539 1972 3636 2014 eos
3662 1957 3715 2012 in

2116 2053 2446 2110 Crucilixum
2500 2054 2748 2122 credere,
2805 2052 2850 2108 si
2908 2053 2961 2107 id
3020 2051 3404 2122 negligendum
3456 2060 3718 2121 putarent

2114 2146 2260 2218 quod
2310 2146 2697 2217 Apostolorum
2738 2143 2766 2181 ἀ
2815 2145 3090 2216 principes
3133 2143 3516 2199 observarent.
3571 2142 3717 2211 Qua-

2115 2240 2363 2297 mobrem
2412 2241 2485 2296 ita
2527 2250 2685 2295 caute
2730 2240 2871 2295 inter
2902 2249 3191 2306 utrumque
3221 2247 3277 2293 et
3320 2236 3532 2293 medius
3562 2238 3716 2294 ince—

2112 2335 2211 2403 dit,
2246 2346 2300 2390 ut
2326 2350 2429 2391 nec
2471 2333 2754 2404 Evangelii
2785 2335 2977 2403 prodat
3005 2331 3242 2404 gratiam
3268 2372 3284 2398 ,
3316 2346 3543 2403 pressus
3575 2346 3715 2401 pon-

2111 2430 2245 2485 dere
2294 2438 2349 2484 et
2399 2428 2729 2484 auctoritate
2786 2426 3077 2496 majorum,
3132 2440 3232 2479 nec
3275 2423 3712 2495 praecessoribus

2110 2524 2269 2580 faciat
2304 2523 2581 2594 injuriam,
2617 2521 2744 2577 dum
2794 2534 3042 2576 assertor
3090 2528 3175 2575 est
3216 2519 3407 2591 gratiae
3441 2518 3710 2591 :oblique

2109 2632 2238 2673 vero
2263 2627 2320 2672 et
2348 2616 2504 2686 quasi
2555 2630 2652 2686 per
2701 2613 2988 2670 cuniculos
3037 2613 3279 2669 latenter
3320 2611 3618 2667 incedens:
3652 2619 3713 2665 ut

2108 2708 2217 2782 [ΑΙ.
2252 2708 2328 2783 et]
2360 2709 2581 2765 Petrum
2611 2708 2810 2764 doceat
2857 2723 2957 2779 pro
2986 2709 3279 2763 commissa
3326 2706 3431 2761 sibi
3465 2706 3707 2763 circum-

2105 2802 2330 2857 cisiuttis
2359 2802 2523 2871 plebe
2549 2801 2756 2868 facere,
2784 2814 2854 2857 ne
2878 2799 2947 2854 ab
2971 2798 3196 2869 antiquo
3224 2809 3454 2868 repente
3488 2798 3701 2853 vivendi

2104 2911 2257 2951 more
2287 2896 2620 2962 desciscens,
2670 2896 2725 2950 in
2752 2908 2971 2949 crucem
3022 2892 3397 2949 scandalizata
3439 2906 3552 2951 non
3582 2908 3707 2951 cre-

2103 2991 2301 3057 deret,
2381 2998 2437 3045 et
2503 2989 2607 3044 sibi
2684 2986 3075 3057 praedicatione
3137 2986 3382 3058 gentium
3450 2987 3701 3054 credita,

2107 3096 2373 3156 czequum
2430 3098 2555 3140 esse
2609 3083 2661 3139 id
2715 3098 2812 3153 pro
2872 3083 3105 3137 veritate
3168 3081 3496 3153 defendere,
3558 3083 3700 3155 quod

399 3167 721 3223 auctoritas.
764 3167 955 3225 Nullus
981 3168 1203 3241 quidem
1226 3170 1476 3241 Apostoli
1503 3186 1686 3228 sermo
1716 3184 1822 3241 est,
1860 3187 1882 3213 ο
1909 3177 1994 3233 vel
2027 3160 2074 3225 C
2104 3177 2244 3231 alios
2299 3191 2404 3249 pro
2457 3176 2869 3247 dispensatione
2923 3174 3229 3230 simularet.
3286 3174 3447 3244 Quod
3500 3191 3704 3246 nequa-

400 3276 497 3333 per
521 3261 849 3334 Epistolam,
881 3261 968 3320 vel
1016 3268 1336 3335 praesentis,
1371 3264 1425 3320 in
1470 3282 1579 3337 quo
1627 3282 1736 3322 non
1782 3269 1999 3326 laboret

396 3353 595 3413 docere
618 3359 861 3429 antiqua
905 3357 1075 3430 Legis
1100 3373 1269 3413 onera
1297 3359 1571 3429 deposita,
1604 3369 1659 3417 et
1685 3364 1871 3418 omnia
1901 3363 1991 3419 illa

395 3464 519 3519 quas
549 3449 603 3506 in
632 3451 776 3522 typis
824 3461 883 3507 et
928 3451 1257 3522 imaginibus
1300 3465 1728 3524 pra‘cesserunt,
1785 3455 1837 3511 id
1884 3468 1989 3525 est,

394 3540 568 3599 otium
609 3542 861 3609 sabbati,
905 3542 1339 3599 circumcisiouis
1391 3544 1677 3615 injuriam,
1720 3547 1992 3604 Kalenda-

394 3650 515 3692 rum
546 3646 602 3695 et
643 3637 809 3693 trium
840 3653 939 3709 per
982 3652 1184 3694 annum
1238 3637 1645 3695 solemnitatum
1694 3655 1988 3712 recursus,

469 3852 494 3881 ⁸
535 3843 593 3900 In
624 3845 846 3902 laudata
875 3846 944 3922 ad
986 3844 1351 3922 Augustinum,
1394 3848 1557 3922 epist.
1586 3849 1819 3922 brevius
1851 3869 1873 3922 ι.
1899 3870 1991 3908 nec

394 3930 636 3970 sensuum
666 3934 879 3972 memor.
903 3916 1025 3971 Jum
1057 3917 1265 3971 Domini
1286 3919 1664 3974 misericordia:
1684 3931 1781 3985 est,
1804 3916 1915 3978 etc.

465 3984 494 4025 ιι
536 3986 708 4062 Palat.
738 4004 841 4043 ms.
871 3990 967 4062 [ioc
1004 3990 1311 4060 prwfutioue
1358 4006 1656 4062 commoneo
1680 4009 1700 4047 :
1742 3984 1797 4047 et
1824 4011 1985 4062 mox,

397 4060 668 4114 materiam
686 4060 946 4127 epistolae,
982 4062 1189 4128 absque
1218 4071 1266 4114 et
1298 4061 1515 4130 cepula.

470 4140 492 4205 9
537 4131 684 4205 Idem
717 4132 887 4205 Palat.
917 4132 1115 4197 codex,
1167 4148 1338 4186 sermo
1384 4143 1487 4194 est.
1530 4134 1608 4187 uel
1650 4134 1901 4204 epistola,
1935 4137 1990 4189 in

396 4203 496 4269 quo
522 4218 625 4256 non
659 4203 876 4268 laboret,
909 4216 1044 4268 etc.,
1071 4206 1359 4272 cxpuuctis
1392 4204 1691 4274 intcrjectis
1744 4206 1985 4273 voculis,

397 4274 494 4344 ret,
523 4283 578 4344 et
604 4275 891 4344 prmeutis.

470 4340 498 4379 ἀ
538 4340 712 4399 Penes
754 4346 1034 4401 Rabanum
1075 4346 1270 4400 minori
1324 4361 1585 4414 numero,
1618 4348 1862 4420 princeps
1903 4353 1993 4404 ob-

396 4422 643 4470 servaret.

472 4494 496 4522 °
536 4485 770 4541 Palatin.
829 4504 957 4554 ms.,
1017 4506 1217 4561 aequum
1269 4499 1399 4546 esset
1444 4507 1536 4561 pro
1569 4492 1784 4547 veritate
1811 4492 1993 4564 defen-

397 4552 537 4619 dere.
567 4564 669 4612 etc.
721 4595 745 4616 .

476 4626 503 4705 ξ.
537 4628 649 4683 Cur
679 4630 999 4705 Bataneotes
1043 4634 1111 4686 ab
1144 4633 1477 4705 Hieronymo
1524 4634 1865 4705 Porphyrius
1893 4649 1990 4702 ap-

396 4699 655 4781 pelknur,
699 4702 791 4757 diu
835 4703 1175 4781 multumque
1206 4715 1292 4758 est
1345 4699 1488 4775 «ἰηιυὰ
1520 4699 1731 4781 certani
1763 4699 1983 4760 eruditi.

399 4768 655 4840 Plerique
695 4783 876 4827 autem
922 4776 976 4828 in
1016 4768 1135 4830 eam
1167 4768 1492 4831 concessere
1534 4775 1877 4841 opinionem,
1932 4788 1989 4830 ut

398 4843 720 4897 Vocabulum
748 4846 924 4913 ipsum
958 4846 1159 4900 cubare
1190 4849 1241 4902 in
1276 4848 1471 4900 mendo
1497 4846 1746 4901 arbitrati
1773 4847 1907 4907 sint,
1933 4858 1986 4901 et

397 4922 497 4985 pro
542 4926 642 4967 suo
690 4920 925 4985 quisque
972 4918 1191 4981 ingenio
1232 4919 1616 4973 contendi-rint
1669 4918 1983 4973 emendare.

396 4980 751 5062 Sirmondus,
792 4980 965 5062 epist.
1013 4980 1240 5057 quadam
1291 4991 1358 5045 ad
1410 4989 1748 5045 llolstenium
1775 5030 1790 5055 ,
1823 4989 1988 5062 βαλα-

396 5060 584 5113 νεώτην
630 5058 1049 5130 rescribendum
1101 5064 1371 5126 Ctiltjccu,
1415 5062 1570 5127 cujus
1598 5062 1749 5115 verbi
1776 5058 1988 5130 signiti-

397 5135 584 5208 catt-ti.
634 5128 825 5208 ili-(‘5‘,-
854 5132 1073 5208 urdiu’io,
1126 5132 1743 5208 peruersumpffectatus,
1792 5128 1989 5208 bisque

396 5197 627 5275 similia,
661 5199 733 5252 ab
777 5197 1252 5275 ejAttsjphtlosuplti
1300 5197 1546 5258 moribus
1591 5221 1697 5256 non
1755 5197 1985 5258 abludit.

395 5264 625 5349 Minime
651 5264 1111 5349 v‘erq'llolsteuio
1135 5264 1233 5340 ipsi
1268 5275 1575 5349 conjectura
1614 5275 1732 5329 haec
1764 5274 1989 5341 placuit,

393 5341 485 5414 qui
524 5341 715 5414 maluit
755 5343 1054 5414 βιῠθάνατῡς
1107 5348 1332 5412 reponi,
1361 5347 1502 5413 quod
1557 5348 1607 5398 in
1656 5347 1897 5413 antiquis
1929 5346 1992 5399 li-

393 5405 949 5489 b.ris,__Biotlta'niotes,
982 5419 1098 5470 sive
1126 5405 1449 5489 BSt/tunicata
1481 5417 1739 5486 St't'ipllltli
1776 5405 1994 5485 reperc-

399 5483 496 5557 l‘il.
531 5483 649 5557 illic
670 5499 888 5557 quoque
920 5489 1240 5539 vocabulum
1273 5487 1573 5557 Purpbyrio
1598 5483 1855 5555 quadrat,
1895 5489 1995 5541 im-

400 5552 493 5632 pjo
537 5552 743 5632 homini
772 5552 889 5632 ,Aﬁ‘et
918 5558 1001 5632 cui
1026 5559 1262 5612 violenta
1290 5552 1480 5632 inerte
1508 5552 1635 5632 vita
1663 5558 1990 5632 eriperetur,

404 5617 748 5697 dignissimo.
777 5617 914 5681 Aliis
952 5629 1129 5697 placet
1156 5627 1337 5683 natale
1361 5628 1478 5695 ejus
1508 5630 1687 5697 solum
1719 5617 1994 5696 d'enotari',

404 5684 702 5769 Bataneam
730 5684 1139 5769 scilicet'Syriaa
1176 5684 1489 5769 oppidum,
1513 5696 1583 5769 de
1621 5684 1995 5769 quoStepba;

408 5767 517 5817 nus
556 5760 781 5835 Byzant.
815 5760 1075 5843 loquitur,
1124 5760 1421 5842 Tyriorum
1454 5760 1989 5832 'iacile'coloniam:

2099 3285 2260 3341 qu-un
2317 3268 2629 3340 intelligens
2684 3266 2703 3306 ί
2756 3268 3083 3324 Bataneotes
3133 3277 3190 3323 et
3244 3268 3550 3324 sceleratus
3608 3269 3700 3325 ille

2100 3360 2458 3433 Porphyrius,
2511 3360 2566 3415 in
2616 3361 2792 3430 primo
2824 3358 3010 3430 operis
3040 3358 3124 3413 sui
3166 3357 3464 3414 adversum
3504 3373 3606 3415 nos
3636 3360 3703 3417 li-

2098 3454 2236 3519 bro,
2269 3453 2490 3508 Petrum
2546 3467 2576 3505 a
2634 3451 2803 3506 Paulo
2852 3448 3206 3519 objecitcsse
3249 3451 3693 3521 reprehensum,

2095 3545 2239 3617 quod
2264 3560 2369 3599 non
2401 3551 2554 3599 recto
2580 3543 2716 3613 pede
2737 3540 3016 3598 incederet
3041 3539 3109 3596 ad
3138 3541 3644 3612 evangelizandum
3676 3561 3691 3599 :

2096 3643 2284 3698 volens
2312 3650 2367 3696 et
2394 3639 2472 3695 illi
2500 3638 2765 3694 maculam
2796 3636 3003 3693 erroris
3034 3635 3256 3692 inurere
3277 3675 3293 3703 ,
3321 3645 3378 3692 et
3404 3638 3530 3694 huic
3570 3655 3697 3710 pro.

2097 3869 2268 3924 quare
2308 3858 2365 3908 et
2402 3851 2626 3924 civitate
2651 3849 2889 3924 donatus
2928 3863 2962 3905 a
2987 3848 3170 3924 Tyriis
3209 3836 3561 3924 Porphyrius
3577 3828 3696 3907 m2?

2098 3920 2207 3991 rit,
2262 3922 2703 3995 quandoquidem
2758 3920 2995 3995 Tyrium
3028 3920 3203 3995 vulgo
3250 3920 3533 3995 exstitisse
3558 3937 3686 3995 eum

2101 3991 2327 4050 tradunt
2354 3991 2664 4065 Euna’pius,
2709 4002 2765 4048 et
2798 3991 2999 4047 Plotini
3028 3991 3181 4061 Vita,
3207 4006 3329 4061 cap.
3359 3991 3415 4065 7.
3446 3994 3693 4065 Denique

2097 4070 2277 4121 visum
2319 4076 2405 4122 est
2448 4067 2607 4132 aliis,
2656 4064 3004 4120 Bataneotem
3061 4077 3160 4132 per
3208 4064 3514 4119 convicium
3540 4064 3684 4129 diei.

2098 4139 2241 4208 quod
2276 4147 2556 4209 taurorum
2583 4137 2756 4209 instar
2800 4137 3135 4209 βατανεωτῶν
3176 4136 3404 4209 λρθιυιεο
3447 4151 3584 4191 ausu
3635 4138 3688 4192 in

2099 4206 2378 4265 Christum
2403 4208 2630 4279 ejusque
2652 4206 2821 4279 iidem
2848 4207 3234 4279 insut‘reserit.
3256 4210 3434 4276 Atque
3448 4222 3549 4276 ego
3568 4209 3692 4279 qui-

2099 4280 2244 4347 dem,
2295 4291 2357 4337 ut
2395 4276 2589 4336 sedulo
2631 4278 2832 4342 dicam,
2864 4278 3075 4333 duabus
3106 4276 3256 4332 hisce
3276 4276 3607 4345 conjecturis
3636 4278 3691 4335 in

2098 4369 2266 4407 unam
2293 4352 2498 4422 junctis
2516 4394 2530 4415 ,
2557 4350 2769 4422 sibique
2792 4350 3033 4422 invicem
3048 4348 3478 4422 suffragantibus
3510 4350 3687 4405 liben-

2102 4424 2209 4478 tius
2235 4420 2515 4478 adcedmn.
2551 4420 2739 4492 Neque
2779 4422 2923 4475 enim
2970 4420 3168 4474 adduci
3210 4433 3464 4490 possum,
3494 4429 3556 4475 ut
3582 4436 3685 4492 pu-

2101 4504 2235 4562 tem,
2263 4495 2381 4549 vitii
2402 4492 2606 4564 aliquid
2631 4492 2893 4548 vocabulo
2915 4492 3228 4564 inplevisse,
3258 4500 3687 4564 c‘orruptumque

2099 4565 2449 4619 librariorum
2474 4561 2627 4635 culpa
2644 4578 2882 4635 Lnomen.
2930 4561 3066 4617 Nam
3093 4574 3150 4635 et
3189 4578 3218 4615 a
3260 4561 3685 4635 Chrysostomo,

2096 4635 2288 4690 homil.
2320 4636 2354 4689 6
2403 4638 2453 4688 in
2489 4634 2505 4688 Ι
2535 4636 2602 4690 ad
2631 4632 2885 4689 Corinth.
2923 4633 3247 4701 Epistolam,
3290 4632 3437 4688 etab
3463 4638 3686 4690 Anasta-

2094 4706 2177 4760 sio
2200 4706 2411 4760 Sinaita
2441 4708 2491 4759 in
2516 4706 2738 4773 liodego
2762 4747 2778 4770 ,
2808 4704 2894 4759 ubi
2924 4705 3278 4759 Severianum
3304 4705 3458 4773 quasi
3481 4721 3683 4761 novum

2094 4776 2821 4849 Porphyriumperstringit,
2866 4777 3197 4849 βατανεὰπης
3240 4776 3588 4849 appellatur:
3630 4786 3689 4849 et

2094 4848 2365 4918 siquidem
2399 4847 2531 4902 velis
2582 4846 3101 4918 iaISOSAiniexutica
3143 4861 3275 4900 voce
3326 4847 3685 4918 describenda

2093 4915 2322 4973 Latinos
2352 4933 2715 4972 amanuenses
2755 4915 2808 4970 in
2844 4917 3173 4987 Hieronymo
3200 4957 3216 4981 ,
3265 4916 3495 4987 idipsum
3528 4927 3584 4972 et
3614 4916 3685 4973 de

2094 4989 2404 5044 vernaculis
2475 4989 2678 5044 Cramis
2733 4997 2923 5057 putare
2985 4986 3467 5057 necesseibabeas
3517 5002 3689 5056 penes

2090 5060 2568 5134 Chrysostomutu,
2608 5068 2664 5113 et
2686 5058 2952 5134 Smaitam
2976 5096 2993 5123 ,
3025 5056 3168 5127 quod
3202 5056 3272 5110 ab
3294 5058 3442 5134 omni
3478 5059 3686 5114 verita-

2095 5136 2163 5188 tis
2194 5127 2382 5202 specie
2426 5131 2693 5186 abhorret
2744 5130 2979 5184 immane
3027 5127 3448 5202 qttatttttm._Sic
3498 5139 3684 5186 autem

2094 5199 2369 5267 existimo,
2403 5204 2625 5272 quando
2651 5203 2841 5273 patriae
2872 5216 3068 5273 nomen
3092 5203 3145 5273 in
3171 5199 3521 5273 maledictum
3545 5216 3681 5256 con-

2095 5285 2347 5345 torquere
2369 5269 2463 5344 per
2486 5269 2772 5344 ipsius'met
2794 5275 2943 5328 vocis
2966 5271 3325 5345 significatum
3349 5269 3404 5325 in
3429 5282 3681 5345 promptu

2095 5343 2235 5413 erat,
2268 5348 2341 5401 ita
2372 5343 2745 5410 Bataueotem,
2796 5360 2919 5399 cunt
2953 5345 3020 5397 ab
3070 5344 3435 5412 llierouymo,
3466 5349 3582 5397 tum
3612 5343 3687 5398 ab

2095 5420 2215 5473 aliis
2237 5419 2594 5485 scriptoribus
2623 5416 2954 5487 appellatum
2997 5414 3357 5487 Porphyrium
3383 5453 3399 5479 ,
3432 5423 3489 5467 ut
3511 5415 3683 5487 magis

2095 5489 2322 5558 impium
2354 5500 2519 5559 atque
2551 5485 2760 5544 effreno
2794 5488 3027 5542 hominis
3056 5486 3353 5559 ingenium
3376 5485 3684 5559 exprobrat

2096 5555 2237 5615 rent.
2288 5555 2442 5615 lluic'
2473 5562 2585 5615 fere
2627 5561 2903 5629 geminum
2934 5557 3067 5613 illud
3100 5564 3215 5629 est,
3247 5555 3390 5629 quod
3420 5555 3583 5626 epist.
3614 5556 3685 5612 ad

2094 5632 2544 5701 Ctesiphontem,
2569 5626 2695 5696 1513,
2729 5639 2913 5701 noster
2954 5628 3241 5701 Evagrium
3274 5626 3560 5701 Ponticum
3585 5642 3682 5701 vo-

2095 5712 2184 5757 cat
2211 5697 2676 5775 llyperiboritam,
2704 5700 2851 5775 quod
2876 5708 2981 5771 est,
3005 5697 3170 5771 super
3198 5697 3432 5756 Iberitas
3454 5700 3678 5772 popula-

2091 5786 2187 5835 res
2210 5773 2338 5836 suos
2359 5773 2585 5832 malum.
