4028 6360
366 291 471 356 5H
1611 304 1671 361 S.
1714 304 1982 365 EUSEBII
2020 308 2408 370 lllERONYMl
3555 326 3664 385 3l2

368 414 655 510 cacitatis,
698 422 757 473 et
798 416 854 510 in
902 430 1196 510 commune
1243 416 1356 510 ﬁcti
1393 416 1665 510 (dogmatis
1705 434 1969 480 accusare
1998 432 2044 490 Α
2075 425 2355 499 tingimus,
2379 437 2434 483 et
2461 429 2514 484 in
2559 430 2676 487 suis
2703 431 2837 488 locis
2877 434 3092 504 plenius
3115 452 3505 510 exsequemur.
3549 442 3659 500 Sed

370 508 767 603 mendacium.
790 508 927 603 dum
960 509 1108 563 inter
1164 523 1243 603 εθέ
1274 509 1644 603 EAcclesiarum
1693 512 1963 584 principes
2067 518 2179 587 jam
2214 530 2429 589 tempus
2463 532 2579 588 est,
2606 530 2665 578 ut
2691 524 2865 593 ipsius
2894 529 3142 598 Apostoli
3173 508 3336 586 verba
3378 546 3662 603 ponentes,

366 595 687 668 discrepent
710 598 820 672 [ΑΙ.
843 597 1266 672 discreparent].
1295 599 1429 668 Quae
1459 601 1678 673 quidem
1710 614 1765 658 et
1787 620 1952 675 nunc,

369 694 660 750 orantibus
689 694 845 749 vobis
868 737 881 759 ,
907 694 1104 749 leviter
1132 712 1241 766 quo
1274 712 1439 751 sensu
1468 698 1583 753 sint
1625 699 1798 764 dieta,
1830 716 1966 756 con-

2071 610 2282 684 siugula
2304 629 2534 687 quaeque
2558 615 2879 685 pandamus.

359 834 3648 879 Μ

1429 950 1911 1058 LIBER
1981 948 2613 1066 PRIMUS.

440 1253 598 1328 (Cap.
618 1253 897 1312 l.—Vers.
928 1254 1010 1327 l.)
1038 1256 1202 1328 373
1235 1253 1432 1311 Paulus
1454 1255 1750 1326 apostolus,
1782 1267 1887 1306 non
1907 1251 1972 1304 ab

367 1347 687 1416 hominibus,
715 1365 877 1420 neque
899 1364 993 1419 per
1017 1348 1278 1403 hominem
1302 1365 1321 1403 :
1348 1348 1438 1403 sed
1484 1364 1577 1418 per
1602 1344 1785 1400 Iesum
1821 1341 1972 1398 Chri-

364 1449 503 1496 stum
527 1448 578 1496 et
600 1440 770 1497 Deum
800 1441 1010 1496 Patrem
1031 1484 1045 1509 ,
1091 1443 1180 1513 qui
1218 1441 1491 1498 suscitavit
1513 1456 1630 1495 eum
1659 1457 1694 1493 a
1725 1438 1971 1493 mortuis.

370 1533 491 1591 Non
521 1534 781 1604 superbe,
814 1544 873 1590 ut
892 1534 1115 1606 quidam
1142 1544 1357 1607 putant,
1385 1533 1482 1590 sed
1505 1533 1834 1599 necessarie,
1878 1546 1974 1585 nc-

369 1641 479 1720 que
500 1625 571 1682 ab
598 1625 908 1682 hominibus
929 1672 944 1695 ,
976 1643 1151 1698 neque
1182 1643 1281 1698 per
1310 1625 1626 1720 hominem,
1653 1640 1713 1720 se
1737 1624 1972 1692 Aposto-
2007 1661 2050 1720 Β

370 1718 484 1775 lum
528 1734 654 1776 esse
703 1720 958 1792 proponit
995 1738 1009 1775 :
1047 1721 1141 1777 sed
1184 1737 1280 1790 per
1329 1722 1515 1778 Jesum
1560 1717 1875 1784 Christum,
1918 1726 1975 1773 et

372 1811 544 1869 Deum
576 1812 816 1882 Patrem,
843 1823 901 1869 ut
938 1831 1034 1871 eos
1063 1815 1155 1887 qui
1200 1814 1431 1870 Paulum
1476 1823 1628 1869 extra
1682 1811 1974 1869 duodecim

371 1906 662 1977 apostolos
687 1908 1054 1974 ventilabant,
1095 1916 1149 1964 et
1186 1908 1370 1965 nescio
1396 1907 1542 1963 unde
1567 1906 1749 1962 subito
1779 1921 1975 1976 proru-

369 1997 520 2069 pisse
540 2037 558 2067 ,
587 1997 670 2055 vel
716 2013 746 2052 a
781 1999 1085 2069 majoribus
1111 1999 1422 2055 ordinatum
1450 2008 1476 2036 ι
1502 1998 1842 2064 astruebant,
1873 1997 1976 2054 hac

370 2090 695 2147 auctoritate
724 2090 1104 2147 confunderet.
1150 2092 1335 2146 Potest
1377 2102 1564 2146 autem
1591 2100 1647 2145 et
1674 2090 1890 2160 oblique
1918 2089 1972 2143 in

369 2181 593 2241 Petrum
616 2193 673 2241 et
716 2188 770 2240 in
819 2194 1054 2241 creteros
1095 2186 1301 2242 dictum
1337 2184 1543 2256 accipi,
1581 2184 1726 2255 quod
1756 2198 1862 2239 non
1906 2183 1976 2238 ab

372 2276 637 2347 apostolis
665 2277 717 2333 ei
762 2278 833 2333 sit
884 2278 1143 2334 traditum
1196 2279 1552 2349 Erungelium
1588 2296 1600 2332 :
1631 2277 1727 2333 sed
1757 2276 1826 2331 al)
1858 2277 1976 2347 ipso

372 2367 504 2425 Jesu
531 2367 767 2436 Christo,
792 2370 880 2441 qui
916 2383 970 2427 et
999 2370 1122 2425 illos
1149 2372 1424 2442 apostolos
1454 2371 1715 2439 elegerat.
1743 2369 1858 2425 Hoc
1880 2385 1975 2423 au-

375 2471 486 2517 tem
517 2471 690 2518 totum
724 2463 847 2519 ideo
875 2483 884 2529 ε
910 2474 1230 2534 rzeparatur,
1258 2474 1493 2518 utnemo
1523 2462 1624 2517 sibi
1656 2470 1843 2517 contra
1875 2461 1977 2516 Lc-

376 2554 462 2627 gis
486 2570 651 2611 onera
681 2570 780 2625 pro
824 2555 1096 2623 Evangelii
1125 2555 1297 2626 gratia
1326 2552 1648 2623 diSputauti,
1681 2552 1858 2624 possit
1882 2569 1979 2623 op-

377 2663 587 2718 ponere
618 2647 754 2704 :sed
782 2647 976 2703 Petrus
1006 2647 1113 2704 hoc
1141 2648 1300 2712 dixit,
1331 2647 1427 2702 sed
1452 2646 1687 2717 apostoli
1720 2646 1821 2701 hoc
1866 2656 1973 2702 sta-

378 2748 634 2806 tuerunt,
698 2738 794 2795 sed
851 2756 1215 2810 praecessores
1266 2741 1338 2795 lui
1391 2739 1540 2795 aliud
1593 2740 1974 2796 decreverunt.

379 2833 534 2901 Quod
577 2833 793 2903 quidem
844 2836 894 2888 in
946 2835 1333 2906 sequentibus,
1369 2850 1515 2890 nunc
1563 2833 1719 2905 quasi
1760 2834 1978 2890 occulto

380 2942 640 2984 sermone
680 2927 988 2999 praeludens
1012 2973 1026 2998 ,
1068 2928 1412 2985 manifestius
1453 2929 1612 2996 facit;
1644 2928 1773 2985 dum
1800 2930 1869 2983 ab
1899 2929 1978 2983 eis

2078 1261 2286 1309 esse-et
2323 1257 2603 1326 apostolos
2628 1268 2683 1316 et
2711 1261 3027 1333 praphetas.
3061 1263 3216 1321 Unde
3248 1275 3302 1321 et
3348 1281 3676 1337 nos-passu.

2080 1360 2201 1401 mus
2233 1347 2547 1422 intelligere
2574 1354 2841 1410 Joannem
2873 1373 3090 1427 quoque
3118 1358 3414 1429 Baptistam
3454 1372 3509 1417 et
3540 1377 3673 1434 pro-

2082 1439 2296 1507 phetam
2335 1452 2390 1500 et
2443 1449 2752 1516 apostolum
2795 1450 3219 1520 appellandum,
3277 1452 3548 1523 siquidem
3596 1456 3675 1511 ait

2079 1530 2400 1602 Scriptura:
2435 1534 2561 1590 Fuit
2588 1537 2744 1593 homo
2785 1540 2979 1615 missus
3005 1557 3038 1594 a
3066 1541 3198 1608 Deo,
3229 1544 3311 1596 cui
3351 1559 3537 1598 nomen
3563 1553 3673 1600 erat

2078 1621 2308 1678 Joannes
2329 1624 2513 1698 (Joan.
2547 1644 2596 1692 ι,
2627 1629 2706 1702 6).
2757 1630 2827 1685 Ει
2881 1633 2936 1686 in
2992 1631 3237 1703 Epistula
3293 1632 3362 1688 ad
3413 1634 3673 1691 Hebraeos

2079 1712 2270 1785 (Hebr.
2312 1715 2395 1786 tu)
2438 1728 2729 1790 propterea
2786 1721 3013 1777 Paulum
3062 1723 3221 1779 solita
3279 1727 3676 1783 consuetudine

2079 1819 2179 1859 nec
2226 1822 2424 1863 nomen
2482 1824 2680 1879 suum,
2715 1826 2816 1867 nec
2850 1814 3086 1882 aposroli
3111 1814 3437 1872 vocabulum
3468 1832 3678 1888 praepo-

2077 1898 2292 1967 suisse,
2335 1899 2460 1969 quia
2508 1901 2577 1957 de
2614 1899 2837 1958 Christo
2887 1916 3007 1961 erat
3049 1906 3295 1962 dicturus
3342 1925 3357 1961 :
3413 1908 3677 1965 [labentes

2078 2006 2203 2063 ergo
2224 1991 2516 2064 principem
2543 1997 2890 2067 sacerdotum,
2936 2007 2988 2052 et
3016 1998 3313 2071 apostolum
3339 2002 3676 2070 confessionis

2076 2091 2269 2138 nostra:
2292 2081 2503 2151 Iesum;
2534 2102 2632 2141 nec
2662 2087 2832 2144 fuisse
2871 2104 3196 2160 congruunt,
3224 2102 3287 2149 ut
3306 2093 3397 2149 ubi
3427 2093 3679 2153 Christus

2076 2173 2363 2244 apostolus
2389 2174 2654 2232 dicendus
2679 2188 2829 2247 erat,
2863 2180 2935 2235 ibi
2964 2184 3129 2237 etiam
3161 2183 3359 2239 Paulus
3397 2187 3679 2248 apostolus

2077 2276 2398 2336 poneretur.
2423 2269 2669 2335 Quatuor
2688 2281 2871 2329 autem
2900 2289 3102 2345 genera
3132 2277 3504 2346 apostolorum
3527 2286 3672 2336 sunt.

2078 2362 2293 2431 Unum,
2324 2365 2469 2436 quod
2507 2382 2683 2438 neque
2733 2368 2805 2423 ab
2851 2368 3166 2426 hominibus
3213 2382 3299 2427 est
3322 2412 3337 2437 ,
3368 2388 3545 2441 neque
3579 2388 3676 2442 per

2081 2457 2388 2523 hominem,
2445 2458 2544 2513 sed
2584 2474 2681 2529 per
2717 2459 2902 2515 Jesum
2934 2462 3241 2529 Christum,
3265 2472 3322 2519 et
3359 2464 3526 2520 Deum
3573 2465 3677 2521 Pa-

2081 2557 2256 2617 trem;
2289 2551 2459 2620 aliud,
2490 2553 2635 2623 quod
2667 2571 2696 2607 ει
2729 2554 2841 2610 Deo
2862 2556 3082 2626 quidem
3104 2567 3219 2624 est;
3246 2558 3344 2615 sed
3373 2574 3468 2627 per
3492 2559 3680 2617 homi-

2081 2660 2238 2713 nem;
2273 2644 2489 2702 tertium
2514 2691 2529 2716 ,
2560 2649 2704 2720 quod
2751 2650 2821 2706 ab
2846 2650 3103 2720 homine,
3137 2670 3244 2710 non
3275 2669 3304 2708 a
3337 2655 3482 2722 Deo;
3514 2671 3680 2727 quar-

2081 2747 2217 2805 tum,
2248 2739 2393 2810 quod
2424 2757 2601 2811 neque
2625 2757 2656 2796 a
2686 2742 2823 2807 Deo,
2848 2760 3023 2815 neque
3047 2762 3143 2816 per
3173 2746 3478 2813 hominem,
3506 2763 3683 2818 neque

2080 2830 2150 2884 ab
2184 2830 2428 2897 homine,
2462 2833 2561 2887 sed
2589 2849 2623 2890 a
2649 2837 2963 2906 semetipso.
3018 2837 3095 2894 De
3141 2838 3319 2908 primo
3355 2855 3560 2911 genere
3584 2856 3685 2911 po-

2085 2930 2191 2977 test
2216 2937 2340 2979 esse
2368 2922 2556 2990 IsalJS,
2583 2927 2883 2998 cauerique
2906 2928 3205 2999 prophetae,
3237 2939 3295 2985 et
3322 2931 3440 3002 ipse
3466 2940 3659 3004 aposto

379 3020 474 3091 qui
497 3020 749 3075 videntur
769 3036 893 3075 csse
920 3020 1151 3090 aliquid,
1176 3021 1310 3077 nihil
1341 3022 1393 3076 in
1416 3036 1475 3076 se
1504 3021 1764 3076 ca'llulutn
1787 3021 1975 3089 refert,
2007 3045 2054 3109 ο
2086 3015 2169 3071 lus
2198 3015 2419 3083 Paulus.
2453 3019 2545 3089 qui
2578 3035 2756 3090 neque
2788 3020 2858 3075 ab
2887 3020 3222 3093 horninibus,
3256 3038 3434 3093 neque
3465 3038 3564 3093 per
3589 3023 3687 3079 ho-

381 3123 439 3171 et
467 3112 572 3185 ipsi
601 3113 767 3169 Petro
795 3114 847 3169 in
871 3114 1068 3170 faciem
1101 3115 1373 3172 restitisse
1394 3130 1455 3170 se
1479 3115 1673 3173 scribit
1694 3156 1709 3183 ,
1740 3115 1890 3170 nulla
1919 3130 1980 3171 se

382 3206 571 3263 dicens
599 3206 933 3264 necessitate
961 3208 1327 3279 compulsum,
1360 3216 1420 3263 ut
1444 3208 1720 3280 hypocrisi
1757 3208 1982 3264 cederet

381 3300 720 3357 Judaeorum.
746 3301 901 3369 Quod
924 3302 969 3358 si
1000 3303 1355 3359 temerarium
1387 3302 1712 3373 quibusdam
1744 3301 1977 3370 videtur,

383 3408 510 3450 eum
531 3403 724 3451 contra
748 3395 1323 3467 apostolos,quamvis
1337 3396 1574 3462 occulte,
1598 3397 1838 3451 locutum
1858 3397 1979 3465 ;qui

382 3484 789 3559 Jerosolymam
838 3488 1044 3544 idcirco
1089 3489 1402 3559 perrexerit
1447 3486 1558 3559 [ΔΙ.
1604 3486 1975 3559 perrexerat],

382 3585 444 3633 ut
464 3594 590 3633 cum
616 3579 697 3633 eis
723 3577 1005 3633 conferret
1029 3578 1404 3649 Evangelium,
1425 3594 1493 3632 ne
1515 3578 1655 3632 forte
1675 3579 1729 3632 in
1751 3592 1981 3633 vacuum

383 3680 656 3738 curreret,
686 3681 780 3724 aut
806 3671 1163 3734 cucurrisset,
1184 3670 1277 3724 illo
1305 3667 1720 3739 intelligentiam
1751 3668 1982 3725 transfe-

384 3773 571 3816 ramus
617 3776 631 3813 :
687 3758 870 3829 Usque
922 3759 1083 3812 hodie
1129 3756 1158 3796 ι)
1206 3774 1237 3814 a
1290 3757 1616 3829 patriarchis
1666 3759 1978 3813 Judmoruut

387 3849 665 3919 apostolos
694 3849 872 3914 mitti,
906 3865 936 3905 a
976 3850 1176 3919 quibus
1207 3851 1373 3904 etiam
1419 3859 1547 3904 tunc
1586 3866 1710 3906 reor
1760 3850 1982 3906 Galatas

391 3942 725 4012 depravntos
775 3942 974 4014 chctu
1029 3944 1325 3998 observare
1371 3942 1639 4012 cmpisse,
1698 3942 1787 3997 vel
1835 3951 1983 3999 certe

386 4036 526 4089 alios
556 4034 622 4089 dc
652 4033 857 4093 Judmis
896 4034 1252 4091 credentibus
1283 4033 1335 4088 in
1368 4033 1645 4090 Christum
1675 4036 1984 4103 perrexiSse

391 4124 695 4191 Calatiam,
728 4126 822 4197 qui
859 4134 1176 4182 assererent
1203 4125 1424 4181 Petrum
1452 4140 1671 4195 quoque
1699 4126 1981 4194 apostolo-

389 4231 512 4274 rum
554 4217 879 4289 principem,
907 4227 962 4274 et
990 4216 1252 4275 Jacohum
1286 4215 1512 4272 fratrem
1550 4216 1794 4287 Domini,
1826 4215 1985 4288 Legis

392 4312 752 4367 cwremonias
781 4312 1080 4368 custodire.
1124 4312 1206 4368 Ad
1238 4312 1643 4368 distinctionem
1674 4314 1858 4383 itaque
1885 4332 1984 4370 eo-

2086 3109 2321 3179 minem,
2362 3109 2459 3165 sed
2497 3127 2530 3166 a
2569 3111 2683 3168 Deo
2711 3112 2872 3168 Patre
2900 3113 3199 3172 ettlhristo
3229 3118 3430 3173 missus
3467 3129 3573 3174 εει.
3607 3117 3686 3173 De

2085 3202 2361 3272 secundo,
2391 3202 2553 3260 Jesus
2581 3205 2727 3261 filius
2758 3204 2939 3274 Nave,
2970 3208 3062 3277 qui
3106 3223 3138 3263 a
3184 3208 3299 3264 Deo
3343 3210 3562 3280 quidem
3599 3219 3686 3266 est

2082 3295 2363 3363 apostolus
2397 3298 2767 3361 constitutus,
2795 3298 2894 3353 sed
2943 3314 3039 3369 per
3077 3300 3391 3367 hominem,
3434 3303 3680 3375 Moysen.

2083 3385 2326 3442 Tertium
2358 3404 2530 3458 genus
2558 3399 2680 3457 est,
2720 3405 2844 3444 cum
2889 3388 3169 3445 ltominum
3213 3392 3374 3464 375
3415 3392 3600 3449 favore
3629 3402 3686 3450 et

2083 3478 2260 3533 studio
2294 3478 2491 3549 aliquis
2522 3479 2821 3535 ordinatur.
2857 3480 2928 3536 Ut
2970 3498 3113 3538 nunc
3140 3485 3387 3539 videmus
3413 3484 3686 3557 plurimos

2083 3586 2191 3626 non
2216 3570 2312 3626 Dei
2335 3571 2563 3640 judicio,
2594 3572 2693 3629 sed
2722 3572 3009 3643 redempto
3032 3574 3220 3633 favore
3249 3577 3393 3647 vulgi
3421 3579 3472 3632 in
3503 3594 3686 3633 sacer-

2083 3663 2286 3718 dotium
2318 3664 2623 3735 subrogari.
2653 3667 2921 3734 Quartum
2948 3675 3035 3722 est
3076 3668 3683 3740 pseudoprOphetarum

2083 3763 2140 3809 et
2167 3755 2751 3827 pseudoapostolorum
2771 3799 2785 3821 ,
2814 3758 2882 3813 de
2907 3759 3106 3830 quibus
3129 3761 3413 3830 apostolus
3444 3776 3457 3814 :
3484 3759 3683 3818 Istius-

2082 3848 2257 3912 modi,
2320 3848 2528 3919 inquit,
2583 3853 3043 3922 pseudoapostoli,
3092 3855 3319 3926 operarii
3369 3855 3683 3927 iniquitatis,

2084 3943 2517 4013 transﬁgurantes
2555 3962 2609 4000 se
2645 3947 2698 4000 in
2741 3949 3001 4020 apostolos
3035 3947 3259 4015 Christi,
3295 3950 3386 4021 qui
3430 3950 3609 4005 dicunt
3648 3964 3670 4005 :

2089 4034 2217 4090 Ηιεσ
2249 4036 2373 4090 dicit
2400 4035 2654 4094 Dominus
2677 4055 2697 4094 :
2719 4048 2764 4093 et
2790 4038 3043 4094 Dominus
3066 4055 3172 4094 non
3194 4042 3333 4096 misit
3361 4057 3446 4096 eos
3471 4041 3543 4115 (ll
3557 4041 3680 4099 Cor.

2086 4144 2144 4196 x,
2175 4127 2286 4197 i3).
2326 4128 2524 4185 Verum
2556 4146 2666 4187 non
2708 4133 2834 4187 talis
2870 4133 3154 4203 apostolus
3192 4132 3434 4202 Paulus,
3461 4135 3554 4206 qui
3583 4150 3684 4191 ne-

2087 4236 2193 4291 que
2224 4221 2295 4275 ab
2326 4221 2638 4278 hominibus
2658 4264 2674 4291 ,
2717 4239 2896 4296 neque
2922 4239 3022 4295 per
3057 4224 3368 4292 hominem,
3391 4226 3489 4283 sed
3515 4242 3546 4281 a
3574 4227 3685 4284 Deo

2088 4311 2254 4368 Patre
2284 4328 2380 4382 per
2405 4314 2593 4370 lesum
2629 4316 2902 4371 Christum
2940 4318 3143 4373 missus
3175 4326 3281 4374 est.
3313 4317 3399 4374 Ex
3434 4334 3545 4390 quo
3582 4335 3684 4390 ap-

387 4417 513 4459 rum
541 4403 639 4473 qui
666 4402 955 4458 mittuntur
988 4403 1058 4458 ab
1100 4404 1432 4474 hominibus,
1468 4413 1523 4460 et
1552 4405 1669 4473 sui,
1695 4404 1861 4479 374I
1892 4407 1985 4478 qui
2012 4423 2068 4484 ι)
2093 4408 2369 4478 probatur,
2397 4408 2631 4466 Ebiouis
2657 4420 2714 4465 et
2734 4409 2954 4467 Pltotini
2984 4410 3151 4467 etiam
3180 4411 3308 4468 hinc
3336 4411 3565 4470 barcsis
3593 4428 3685 4470 re-

388 4497 464 4555 sit
483 4498 683 4556 missus
705 4516 735 4556 a
763 4499 1005 4567 Christo,
1036 4502 1142 4556 tale
1170 4502 1401 4572 sumpsit
1427 4501 1710 4558 exordium
1742 4519 1757 4556 :
1783 4499 1986 4557 Paulus

386 4592 689 4667 apostolus,
736 4610 842 4648 non
885 4594 951 4649 ab
993 4593 1318 4659 hominibus,
1365 4611 1529 4665 neque
1569 4612 1659 4668 per
1703 4596 1984 4651 hominem.

386 4686 686 4757 Apostolus
717 4697 925 4754 autem,
958 4689 1062 4744 hoc
1092 4697 1193 4754 est,
1232 4690 1444 4755 missus,
1476 4689 1829 4745 Hebraeorum
1862 4704 1987 4759 pro-

386 4780 509 4851 prie
535 4779 863 4837 vocabulum
893 4787 1009 4844 est,
1036 4780 1180 4849 quod
1215 4779 1360 4836 Silas
1405 4778 1515 4853 (Al.
1540 4778 1734 4852 Silai],
1766 4796 1985 4852 quoque

388 4881 585 4941 sonat,
610 4873 700 4929 cui
728 4888 759 4927 a
791 4871 1058 4928 mittendo
1085 4873 1254 4931 missi.
1294 4887 1488 4928 nomen
1529 4872 1845 4944 impositum
1875 4882 1981 4930 est.

385 4965 558 5023 Aiunt
584 4965 798 5021 llebrzei
824 4964 967 5021 inter
995 4965 1146 5035 ipsos
1174 4981 1392 5036 quinque
1419 4965 1715 5036 prophetas
1736 5007 1751 5032 ,
1776 4973 1833 5022 et
1857 4980 1985 5021 san-

383 5070 505 5118 ctos
541 5061 692 5117 viros
739 5076 862 5117 esse
911 5060 1173 5130 quosdam
1196 5102 1209 5121 ,
1234 5060 1323 5130 qui
1364 5069 1421 5115 et
1457 5059 1740 5130 prophetat
1767 5070 1822 5115 et
1849 5076 1983 5130 apo-

382 5153 509 5209 stoli
536 5154 680 5220 sint,
711 5152 849 5207 alios
872 5168 1002 5207 vero
1028 5152 1119 5221 qui
1148 5163 1356 5207 tantum
1398 5151 1701 5221 prophetae.
1738 5152 1985 5223 Denique

382 5245 634 5318 lloyseu,
656 5247 744 5300 cui
769 5246 1004 5300 dicitur:
1034 5245 1100 5300 Et
1130 5265 1223 5319 cgo
1251 5246 1449 5300 mittam
1476 5256 1524 5300 te
1548 5246 1618 5301 ad
1651 5246 1985 5303 Pharaonem

385 5340 585 5413 (Exod.
640 5356 720 5404 ιιι.
778 5342 878 5409 lt),
929 5341 1057 5412 ll);
1091 5353 1145 5396 et
1174 5341 1294 5409 ipse
1331 5342 1661 5409 reSpondeat
1702 5357 1716 5394 :
1761 5340 1987 5397 Provide

380 5433 544 5491 alium
570 5452 723 5506 quem
772 5436 947 5490 mittas
979 5451 998 5489 :
1030 5436 1096 5491 Et
1123 5434 1341 5500 Isaiam,
1392 5435 1476 5490 cui
1512 5434 1752 5505 loquitur
1796 5437 1938 5490 Deus
1971 5453 1984 5488 :

384 5524 549 5592 Quem
560 5527 759 5583 mittam
773 5538 820 5582 et
838 5529 952 5597 quis
972 5528 1063 5582 ibit
1077 5527 1145 5581 ad
1168 5528 1422 5600 pupulum
1443 5527 1773 5599 istum(lsai.
1799 5544 1875 5594 vt,
1894 5528 1987 5595 8)?

452 5671 497 5736 ζ
517 5662 774 5736 verbum,
808 5667 1133 5736 astruebanr,
1173 5677 1227 5723 et
1258 5666 1417 5736 paulo
1447 5665 1768 5736 inferius,se
1796 5666 1982 5721 scribit

383 5730 436 5786 in
465 5732 700 5787 Palatio.
730 5734 858 5789 cod.
885 5730 1297 5793 desiderantur.

460 5800 486 5844 ι’
528 5800 603 5857 De
629 5803 937 5858 Jutlmorum
980 5823 1074 5877 per
1108 5810 1222 5864 hmc
1255 5820 1498 5881 tempora
1524 5807 1865 5881 patriarchis,
1901 5818 1980 5864 at-

2089 4501 2397 4569 tundenda,
2453 4504 2596 4575 quod
2648 4503 2914 4560 Dominus
2944 4513 3132 4561 noster
3180 4504 3342 4562 Jesus
3393 4504 3685 4574 Christus,

2091 4594 2236 4651 Deus
2259 4596 2332 4651 sit
2360 4612 2375 4649 :
2400 4595 2530 4652 dum
2551 4596 2848 4668 Apostolus
2867 4596 2993 4668 quia
3018 4611 3049 4650 a
3075 4595 3304 4654 Christo
3317 4592 3386 4653 a'd
3417 4596 3685 4668 praedica-

2092 4688 2297 4745 tionem
2324 4688 2601 4757 Evangelii
2628 4688 2832 4744 missus
2869 4695 2986 4757 est,
3024 4695 3185 4759 negat
3211 4701 3275 4744 se
3305 4688 3533 4745 missum
3562 4703 3689 4747 esse

2088 4783 2160 4839 ab
2189 4781 2434 4838 homine.
2480 4781 2801 4852 Subrepunt
2854 4780 2958 4837 hoc
2998 4779 3119 4836 loco
3166 4788 3382 4836 caeterte
3413 4781 3685 4851 haereses,

2088 4891 2210 4947 quae
2242 4874 2538 4945 putativam
2582 4872 2791 4931 Christi
2817 4887 3039 4929 carnem
3075 4869 3430 4928 vendicantes
3452 4912 3468 4938 ,
3515 4871 3686 4928 Deum

2090 4968 2243 5023 aiunt
2266 4966 2549 5023 Christum
2571 4980 2717 5030 esse,
2750 4981 2857 5021 non
2887 4962 3189 5020 hominem.
3217 4963 3438 5020 Necnon
3463 4972 3521 5020 et
3547 4979 3685 5020 nova

2091 5058 2348 5126 haeresis,
2390 5073 2510 5130 quas
2544 5056 2891 5113 dimidiatam
2921 5055 3127 5112 Christi
3168 5057 3364 5112 asserit
3401 5056 3689 5127 dispensa-

2087 5153 2504 5222 tionem.Atque
2524 5150 2599 5204 ita
2623 5149 2885 5205 Ecclesia:
2914 5148 3049 5205 fides
3080 5149 3221 5204 inter
3247 5159 3398 5205 tanta
3425 5147 3683 5206 falsorum

2088 5246 2402 5315 dogmatum
2434 5243 2717 5314 naufragia
2745 5243 3061 5310 constituta,
3086 5243 3137 5298 si
3157 5234 3436 5299 Christum
3454 5243 3686 5300 fateatur

2090 5339 2199 5413 [ΑΙ.
2231 5337 2519 5411 fateretur]
2547 5338 2846 5404 hominem,
2878 5337 3052 5393 Ebion
3085 5338 3460 5410 Photinusque
3485 5339 3684 5394 subre-

2091 5442 2227 5503 punt
2252 5449 2266 5487 :
2290 5432 2337 5488 si
2370 5433 2539 5488 Deum
2566 5447 2691 5488 esse
2710 5430 3078 5499 contenderit,
3097 5430 3518 5497 Mauiclueus,et
3546 5429 3690 5486 Mar-

2088 5528 2234 5594 cion,
2252 5527 2456 5584 novelli
2477 5526 2749 5600 dogmatis
2766 5539 2788 5568 ε
2803 5537 2997 5583 auctor
3011 5526 3302 5582 ebulliunt.
3319 5525 3376 5581 In
3394 5541 3650 5581 commun

2128 5681 2194 5722 ne
2222 5665 2484 5735 apostolis
2509 5666 2816 5723 luculenter
2840 5667 2901 5723 P.
2933 5665 3262 5722 Bacchinius
3293 5664 3516 5720 disserit
3540 5662 3684 5720 libro

2085 5682 2154 5797 de
2182 5738 2556 5795 Erelesiastic.
2580 5738 2866 5797 Metronol.

2124 5756 2154 5793 e
2182 5738 2556 5795 Erelesiastic.
2580 5738 2866 5806 Metropol.

2159 5821 2182 5849 ο
2227 5810 2341 5865 Ι).ιο
2373 5825 2506 5864 mss.
2537 5809 2739 5863 habent
2760 5809 2991 5877 plurium
3021 5823 3271 5869 numero,
3306 5816 3559 5869 auctores.
