4044 6312
313 265 443 327 315

876 267 1529 325 COMMENTARIORUM
1569 265 1634 323 IN
1675 265 2063 326 EPISTULA)!
2102 271 2195 327 AD
2233 270 2559 330 GALATAS
2593 270 2722 328 LIB.
2767 270 2810 330 Ι.
2850 271 3006 328 CAP.
3048 269 3089 327 Ι.

3523 264 3630 329 δη

323 385 517 456 itaque
541 384 786 447 audiam,
815 382 1090 437 Christum
1115 392 1168 436 et
1199 382 1370 435 Deum
1403 396 1524 436 esse
1551 390 1605 434 et
1630 379 1928 433 hominem.
1963 384 2012 440 Α
2038 384 2230 436 serrula
2257 382 2590 437 sa'crtlorum.
2621 385 2798 438 Amen.
2842 383 3028 454 Neque
3068 382 3239 440 Filius
3269 397 3328 439 se
3353 382 3501 438 dedit
3535 396 3634 452 pro

322 476 454 530 Non
507 477 653 546 quod
707 477 847 528 alius
900 475 1044 529 Dens
1092 475 1190 539 sit,
1223 476 1442 528 clulius
1476 474 1640 527 homo
1668 490 1684 526 :
1716 474 1810 526 sed
1840 473 1932 543 qui

321 568 482 624 Deus
523 585 742 638 semper
781 578 928 631 erat,
974 569 1135 622 homo
1167 569 1235 621 oh
1276 579 1518 621 nostrain
1550 570 1781 622 salutem
1811 584 1932 624 esse

325 662 590 731 dignatus
615 670 716 715 est.
753 661 1049 715 Sciendum
1079 677 1290 730 quoque
1315 661 1364 714 in
1401 660 1693 713 Marcionis
1729 671 1751 695 ιι
1785 662 1932 729 Apo-

323 755 485 810 stolo
522 771 630 810 non
661 769 788 809 esse
827 753 1120 819 seriptnm,
1147 765 1191 805 et
1226 771 1314 818 per
1349 752 1513 805 Deum
1545 751 1755 805 l’atrem
1779 793 1793 814 ,
1832 768 1926 804 vu-

326 847 503 902 lcntis
530 861 807 915 exponere
834 845 1111 899 Christum
1145 862 1250 897 non
1286 861 1312 894 ει
1350 845 1460 898 υυυ
1487 845 1676 910 Patre,
1707 843 1800 896 sed
1837 859 1932 912 per

327 939 692 1008 semetipsum
714 938 1051 1002 suscitatam,
1071 949 1127 991 ιιι
1152 947 1237 991 est
1264 938 1392 991 illud
1422 958 1434 991 :
1463 937 1658 992 Solrite
1684 938 1931 1003 templum

330 1031 463 1095 hoc,
506 1040 553 1084 et
578 1047 671 1101 ego
717 1031 769 1084 in
812 1031 986 1084 triduo
1023 1030 1287 1084 suscitabo
1333 1030 1465 1084 illud
1497 1028 1676 1100 (Joan.
1712 1045 1779 1097 ti,
1816 1028 1929 1100 19).

333 1124 564 1180 Necnon
593 1133 647 1179 et
665 1123 788 1178 alibi
817 1141 828 1177 :
859 1123 1026 1178 Nemo
1053 1123 1191 1178 tollit
1210 1125 1438 1178 animam
1464 1141 1625 1177 meam
1651 1141 1684 1177 a
1712 1140 1821 1188 me;
1842 1123 1932 1178 sed

333 1234 435 1287 ego
457 1233 590 1286 pono
610 1233 721 1270 eam
744 1234 774 1268 (ι
803 1217 1016 1287 incipio.
1048 1215 1363 1271 Polestatem
1389 1218 1548 1270 habeo
1571 1217 1797 1286 ponendi
1817 1233 1933 1270 eam

333 1318 388 1362 et
418 1325 621 1363 rursum
645 1317 950 1379 potestatem
993 1308 1157 1362 habeo
1193 1310 1431 1363 sumendi
1469 1309 1611 1363 illam
1639 1307 1827 1377 (Ibid.,
1861 1324 1928 1373 ι,

333 1402 452 1472 i3).

408 1494 604 1568 (Vers.
654 1495 847 1566 ‘2.)Et
897 1497 989 1565 qui
1050 1512 1248 1549 mecum
1301 1506 1422 1550 sunt
1487 1512 1660 1551 omnes
1713 1498 1931 1566 fratres,

330 1587 586 1643 Ecclesiis
624 1586 744 1660 [AL
803 1588 1079 1658 Ecclesiw]
1115 1587 1359 1643 Calatiw.
1420 1589 1476 1644 lit
1535 1589 1657 1643 aliis
1717 1587 1933 1657 Episto-

330 1681 442 1746 lis,
489 1682 822 1746 Sosthenes,
878 1690 933 1736 et
991 1681 1279 1745 SiIVanus,
1324 1681 1593 1735 interdum
1644 1692 1698 1735 et
1748 1681 1936 1736 Timo-

333 1774 513 1830 thzeus
553 1775 604 1828 in
647 1775 878 1829 csordio
927 1785 1322 1846 praeponuntur
1371 1793 1382 1828 :

327 1870 459 1938 quia
521 1869 830 1923 necessaria
883 1880 1002 1924 erat
1037 1869 1336 1924 auctoritas
1384 1869 1772 1938 plurimorum,
1817 1884 1933 1922 mrt-

335 1961 487 2013 uium
520 1960 747 2013 fratrum
802 1975 1000 2014 nomen
1059 1964 1379 2016 assumitur.
1433 1961 1532 2028 Qui
1591 1971 1645 2014 et
1687 1961 1784 2030 ipsi
1820 1962 1930 2014 for-

332 2060 480 2109 sitan
535 2071 599 2109 εκ
650 2055 1071 2110 circumcisione
1121 2067 1316 2125 erant,
1368 2066 1422 2110 et
1479 2072 1509 2109 a
1551 2055 1764 2109 Calatis
1820 2071 1928 2109 non

330 2148 499 2220 376
540 2149 880 2214 contemptui
935 2148 1298 2203 ducebantur.
1369 2149 1668 2203 Plurimum
1730 2149 1930 2217 quippe

331 2241 464 2296 facit
509 2241 576 2295 ad
627 2241 880 2309 pupulum
929 2241 1352 2311 corrigendum,
1413 2243 1706 2294 tnullormn
1740 2243 1790 2294 in
1823 2257 1928 2296 una

333 2348 396 2386 re
421 2336 687 2386 sententia
731 2341 894 2401 atque
929 2348 1256 2387 consensus.
1303 2332 1458 2400 Quod
1484 2345 1665 2387 autem
1694 2333 1790 2399 ait,
1827 2332 1930 2386 Ec-

333 2427 504 2480 clesiis
535 2425 778 2492 Galatia’;
805 2439 858 2481 et
884 2426 987 2482 hoc
1017 2426 1315 2482 notandum
1338 2429 1460 2498 quia
1497 2428 1581 2482 hic
1613 2439 1820 2482 tantum
1844 2444 1930 2498 ge-

330 2520 596 2572 neraliter
637 2535 742 2572 non
787 2517 856 2574 ad
889 2535 1048 2573 tinam
1091 2519 1392 2574 Ecclesiam
1424 2521 1588 2573 unius
1615 2521 1787 2586 urbis,
1831 2520 1925 2574 sed

328 2611 398 2662 ad
442 2611 609 2664 totius
655 2611 950 2678 provinciae
991 2612 1196 2665 scribat
1227 2611 1532 2678 Ecclesias,
1564 2622 1621 2666 et
1653 2613 1927 2667 Eetrlesias

328 2709 528 2766 vocet,
580 2716 714 2771 quas
765 2712 952 2770 postea
989 2717 1177 2756 errore
1207 2703 1768 2772 argnatdi-pravatas.
1841 2704 1922 2758 Ex

323 2808 436 2863 quo
483 2793 813 2847 noscendum
846 2793 1136 2862 dupliciter
1178 2792 1478 2848 Ecclesiam
1518 2810 1678 2862 posse
1703 2795 1836 2857 diei,
1866 2803 1926 2848 et

325 2901 448 2938 eam
495 2901 616 2955 qua:
649 2901 755 2938 non
789 2885 986 2938 habeat
1014 2886 1284 2940 maculam
1315 2897 1404 2938 aut
1442 2901 1629 2955 rugam
1657 2930 1672 2954 ,
1711 2899 1764 2939 et
1796 2903 1925 2941 vere

325 2994 528 3048 corpus
579 2979 777 3033 tihristi
825 2979 914 3042 sit,
960 2991 1013 3033 et
1060 2995 1180 3035 eam
1223 2995 1346 3049 quae
1379 2983 1431 3032 in
1462 2981 1665 3034 Christi
1705 2983 1924 3036 nomine

327 3071 535 3140 absque
584 3071 758 3140 plenis
806 3072 1174 3142 perfectisque
1220 3072 1510 3126 virtutibus
1557 3083 1924 3144 congregetur

2039 479 2277 542 peccatis
2305 479 2507 532 llOSll‘iS
2531 479 2737 547 absque
2769 480 3052 532 voluntate
3082 477 3290 540 Patris,
3326 491 3503 546 neque
3534 476 3635 529 Pa-

2036 577 2117 622 ter
2145 571 2364 623 tradidit
2406 569 2598 624 Filium
2645 571 2764 624 sine
2796 569 2914 624 Filii
2950 572 3258 633 voluntate;
3288 570 3381 622 sed
3409 570 3524 621 haec
3553 573 3637 621 est

2036 665 2290 718 voluntas
2321 664 2473 729 Filii,
2505 663 2842 719 voluntatem
2874 663 3049 718 Patris
3081 663 3306 730 implere
3339 672 3396 716 ut
3418 662 3531 732 ipse
3561 663 3636 716 lo-

2033 759 2215 827 quitur
2245 760 2296 812 in
2327 760 2565 828 psalmo:
2618 757 2686 813 Ut
2708 759 2932 828 facerem
2955 758 3269 811 voluntatem
3294 765 3458 819 tuam,
3491 752 3634 808 Deus

2035 869 2196 916 utens,
2223 852 2362 904 volui
2385 851 2559 922 (Psal.
2585 867 2778 915 χχιιι,
2796 850 2875 921 9).
2907 851 3136 906 Deditse
3157 859 3334 903 autem
3357 847 3545 912 Filius,
3578 854 3636 900 ut

2033 941 2356 1010 injustiiiazn
2399 957 2519 1010 qua:
2548 950 2668 996 erat
2709 941 2762 994 iit
2796 940 2982 1004 nobis,
3008 939 3213 1010 justitia
3252 939 3368 1009 ipse
3411 937 3638 991 subver-

2038 1042 2191 1088 teret.
2223 1033 2383 1104 377
2411 1031 2663 1088 Tradidit
2709 1047 2768 1086 se
2807 1031 3074 1100 sapientia
3103 1071 3118 1098 ,
3175 1039 3234 1086 ut
3264 1029 3631 1098 insipientiam

2035 1133 2390 1196 expugnaret.
2411 1123 2686 1180 Sanctitas
2710 1133 2763 1176 et
2789 1123 3048 1177 fortitudo
3075 1138 3134 1178 se
3161 1123 3377 1188 obtulit,
3401 1134 3452 1175 ut
3477 1135 3634 1192 Spur-

2035 1217 2244 1283 citiam,
2274 1216 2302 1255 δ
2327 1219 2814 1286 infirmitatemque
2848 1216 3075 1270 deleret.
3106 1214 3283 1286 Atque
3309 1217 3377 1269 ita
3409 1229 3513 1270 non
3543 1229 3636 1269 so-

2035 1313 2146 1368 lum
2173 1315 2224 1367 in
2248 1312 2430 1368 futuro
2456 1311 2660 1368 steculo
2682 1313 2838 1381 juxta
2864 1312 3188 1382 promissam
3205 1324 3356 1378 spem
3379 1325 3484 1379 qna
3507 1323 3633 1364 cre-

2035 1409 2240 1471 dimus.
2272 1407 2368 1462 sed
2395 1408 2558 1462 etiam
2589 1406 2677 1462 hic
2717 1407 2785 1460 de
2813 1404 3070 1475 praesenti
3089 1403 3290 1457 saeculo
3313 1416 3413 1456 nos
3435 1400 3635 1456 libera-

2035 1501 2149 1557 vit:
2181 1501 2312 1556 duin
2341 1499 2673 1555 commortui
2703 1497 2948 1562 Christo,
2984 1496 3443 1565 trattsliguramur
3467 1497 3519 1547 in
3541 1506 3639 1547 no-

2039 1598 2259 1652 vitatem
2291 1609 2510 1660 sensus,
2541 1605 2595 1648 et
2623 1609 2729 1647 non
2754 1606 2946 1647 sumus
2973 1591 3041 1645 de
3071 1590 3174 1644 hoc
3205 1587 3441 1650 mumlo,
3471 1601 3502 1639 a
3527 1599 3636 1656 quo

2039 1690 2232 1746 merito
2260 1705 2357 1744 nec
2383 1703 2654 1742 amamur.
2676 1686 2954 1752 Qua-ritur
2980 1682 3252 1755 quomodo
3277 1694 3515 1751 praesens
3532 1694 3636 1734 sa:-

1432 1775 1484 1829 Ῐιι
1538 1775 1636 1828 hac
1687 1784 1928 1841 ῑίηιίυιην
1964 1766 2010 1826 Β
2036 1785 2216 1840 culntn
2259 1783 2466 1838 malmn
2515 1783 2721 1836 dictum
2763 1781 2855 1834 sit.
2897 1781 3091 1834 Solent
3130 1777 3335 1846 quippe
3389 1772 3634 1829 hmretici

2039 1879 2167 1933 hinc
2192 1891 2392 1946 capere
2423 1874 2766 1936 occasiones,
2798 1872 3042 1927 ntalimn
3077 1869 3211 1924 locis
3247 1880 3302 1922 et
3334 1866 3496 1920 futuri
3525 1880 3630 1920 sa:-

2035 1971 2168 2037 enli,
2201 1970 2366 2024 alium
2401 1968 2751 2024 tenebrarum
2769 1976 2825 2020 et
2850 1964 3137 2034 praesentis
3165 1969 3411 2014 asserunt
3437 1957 3631 2014 condi-

2036 2073 2232 2116 torem.
2263 2060 2372 2115 Nos
2400 2067 2582 2113 autem
2604 2058 2674 2111 dit
2695 2057 2856 2120 imus,
2885 2072 2992 2108 non
3020 2066 3126 2107 tam
3152 2052 3628 2119 stertilumipsum,

2033 2155 2174 2226 quod
2204 2155 2294 2210 die
2317 2171 2378 2209 ac
2405 2163 2589 2214 nocte.
2623 2151 2780 2205 annis
2797 2149 2970 2204 currit
2998 2158 3054 2203 et
3095 2146 3405 2210 mensibus,
3437 2142 3629 2214 appel-

2033 2250 2129 2304 lari
2155 2249 2376 2314 malum,
2406 2263 2565 2310 quam
2596 2247 2900 2319 ὁμωνύμως.
2925 2259 2988 2297 ea
3018 2259 3138 2312 qua:
3166 2241 3220 2295 in
3244 2239 3447 2294 sa‘cnlo
3469 2238 3629 2293 flant:

2031 2341 2306 2410 quomodo
2351 2340 2606 2394 sullici-re
2643 2337 2842 2391 dii-itur
2877 2335 2984 2390 diei
3011 2333 3217 2387 malitia
3262 2347 3357 2384 sua
3389 2328 3626 2403 (Matth.

2035 2450 2087 2488 Vl
2112 2433 2130 2504 )
2156 2453 2167 2487 :
2195 2444 2250 2486 et
2278 2433 2396 2488 dies
2427 2431 2599 2486 Jaeob
2628 2430 2825 2484 modici
2855 2445 2980 2483 esse
3012 2429 3327 2481 siribuntur
3357 2435 3411 2479 et
3458 2424 3634 2493 pessi-

2030 2529 2103 2584 mi
2149 2528 2368 2599 (Genes.
2403 2529 2606 2596 XLVII).
2639 2525 2756 2580 Non
2803 2540 2912 2594 quo
2941 2523 3180 2593 spatium
3225 2517 3526 2589 temporis,
3575 2517 3629 2572 in

2029 2640 2138 2694 quo
2169 2623 2296 2676 vixit
2321 2622 2515 2684 Jaeoli,
2553 2620 2753 2674 malum
2785 2617 2970 2680 fuerit,
3000 2615 3094 2671 sed
3123 2630 3233 2683 quo
3262 2629 3324 2669 ea
3355 2627 3474 2680 qua:
3503 2627 3626 2665 sus-

2031 2717 2209 2782 tinuit,
2246 2732 2338 2784 per
2369 2713 2516 2768 varia
2548 2729 2672 2766 eum
2703 2711 3049 2767 exercuerim
3079 2716 3433 2764 lentamenta.
3464 2703 3633 2760 Deni-

2027 2826 2135 2879 que
2179 2826 2246 2864 eo
2276 2820 2518 2876 tempore
2546 2823 2654 2876 quo
2685 2807 2776 2860 ille
2807 2819 2905 2874 pro
2941 2802 3265 2872 coniugibus
3306 2799 3585 2855 serviebat
3611 2843 3626 2868 ,

2027 2910 2083 2954 i-t
2114 2900 2298 2955 multis
2321 2899 2744 2954 conflictabatur
2771 2895 3039 2965 angustiis
3062 2892 3227 2965 (Gen.
3255 2908 3376 2947 uti
3399 2890 3452 2963 ),
3484 2890 3630 2948 Esau

2029 2993 2082 3047 in
2117 2996 2302 3062 requie
2327 3001 2464 3058 erat,
2490 3003 2655 3059 atque
2687 2990 2760 3044 ita
2787 2988 2927 3044 idem
2951 2987 3217 3054 temporis
3247 2987 3508 3054 Spatium,
3532 2983 3627 3040 alii

2029 3086 2250 3148 bonum,
2286 3084 2374 3137 alii
2402 3085 2599 3136 malum
2628 3081 2755 3147 fuit;
2792 3095 2891 3135 nec
2912 3079 3175 3148 scriptum
3195 3087 3342 3132 esset
3364 3076 3417 3131 in
3441 3075 3630 3131 Eccle-

327 3163 544 3236 (Ephgs.
580 3167 656 3235 v).
718 3166 1000 3231 Quomodo
1026 3166 1300 3233 Sapientes
1331 3166 1580 3219 bifariam
1610 3181 1923 3234 nuncupan-

2036 3179 2195 3231 siaste
2231 3194 2241 3229 :
2280 3175 2361 3228 Ne
2382 3176 2579 3228 dixeris
2607 3175 2728 3240 quia
2756 3172 2868 3226 dies
2887 3172 2986 3224 mei
3015 3171 3212 3238 priores
3239 3167 3365 3241 [AL
3387 3165 3626 3240 pejores]

331 3269 436 3324 tur,
486 3267 594 3314 tam
641 3258 692 3312 hi
745 3259 834 3328 qui
881 3269 1006 3312 sunt
1055 3258 1232 3328 plena:
1279 3257 1638 3328 perfectmque
1681 3259 1920 3328 virtutis,

330 3365 490 3419 quam
544 3351 618 3404 illi
667 3351 758 3413 qui
791 3350 1087 3416 incipiunt,
1143 3362 1196 3403 et
1229 3352 1280 3402 in
1309 3349 1556 3418 profectu
1585 3351 1745 3418 positi
1773 3361 1919 3404 sunt.

333 3442 406 3497 De
448 3442 708 3511 perlectis
735 3443 971 3496 dicitur:
1027 3441 1232 3495 Mittam
1264 3443 1316 3495 in
1355 3459 1440 3494 vos
1466 3451 1724 3513 sapientes
1766 3441 1922 3512 (Luc.

338 3552 412 3600 st,
442 3536 559 3607 49).
602 3537 680 3592 De
711 3536 1094 3605 insipientibus
1122 3554 1134 3590 :
1187 3537 1360 3606 Argue
1388 3536 1706 3605 sapientem,
1732 3545 1777 3590 et
1803 3535 1927 3589 dili-

333 3642 412 3706 get
441 3643 489 3687 te
536 3633 722 3704 (Prov.
749 3649 860 3697 vttt,
896 3631 976 3702 9).
1035 3632 1136 3699 Qui
1182 3634 1327 3685 enim
1373 3632 1546 3702 plena:
1574 3646 1924 3686 consumma-

337 3735 510 3795 tuique
558 3726 778 3779 virtutis
819 3734 922 3792 est,
969 3726 1318 3796 correptione
1344 3743 1452 3781 non
1487 3725 1708 3795 indiget.
1766 3726 1926 3780 Juxta

338 3817 478 3872 hunc
525 3833 746 3872 sensum
793 3817 860 3871 de
905 3817 1121 3872 ca-teris
1164 3832 1380 3886 quoque
1410 3816 1704 3872 virtutibus
1729 3817 1928 3870 intelli-

336 3912 568 3982 gendum
597 3929 610 3964 :
663 3911 808 3980 quod
855 3911 1066 3966 scilicet
1097 3909 1258 3965 fortis
1286 3923 1339 3965 et
1367 3911 1626 3979 prudens,
1663 3911 1801 3980 pius,
1836 3926 1928 3966 ca-

339 4015 452 4058 stos
476 4047 491 4070 ,
519 4003 702 4074 justus
729 4045 744 4071 ,
777 4013 830 4059 et
859 4015 1169 4074 temperans
1193 4045 1208 4070 ,
1244 4004 1514 4061 interdum
1539 4005 1722 4076 plene,
1758 4006 1930 4061 inter-

340 4097 461 4152 dum
484 4098 713 4154 abusive
739 4100 1100 4168 accipiantur.

410 4192 589 4263 (Vers.
622 4193 704 4263 5.)
731 4191 913 4247 Gratia
941 4194 1080 4247 vobis
1104 4235 1119 4260 ,
1154 4203 1200 4246 et
1221 4211 1325 4265 ρης
1345 4211 1376 4247 a
1409 4194 1514 4248 Deo
1538 4194 1719 4263 Patre,
1745 4205 1789 4250 et
1817 4196 1929 4250 Do-

345 4290 480 4336 mino
503 4295 674 4338 nostro
697 4287 822 4340 Jesu
848 4285 1075 4341 Christo.
1140 4287 1258 4343 Non
1285 4297 1343 4341 ut
1373 4289 1425 4342 in
1474 4289 1687 4343 carteris
1719 4289 1934 4358 Episto-

347 4378 432 4445 lis,
467 4380 555 4434 Dei
588 4380 758 4436 Patris
788 4391 842 4434 et
872 4381 1088 4436 Domini
1115 4382 1289 4436 nostri
1309 4381 1434 4436 Jesu
1464 4381 1665 4437 Christi
1695 4383 1928 4453 gratiam

347 4473 493 4544 ponit
517 4515 530 4540 ,
565 4485 618 4528 et
646 4490 834 4544 pacem
861 4519 874 4542 ,
933 4491 1030 4544 per
1058 4491 1193 4543 quas
1218 4475 1426 4545 absque
1457 4491 1682 4544 operum
1708 4475 1927 4545 merito,

344 4578 398 4622 et
441 4579 662 4638 peccata
708 4569 864 4623 nobis
900 4584 1161 4624 concessa
1195 4576 1326 4622 sunt
1349 4569 1596 4637 pristina,
1633 4578 1686 4623 et
1714 4584 1814 4638 pax
1850 4570 1932 4622 in-

345 4659 490 4714 dulta
518 4672 640 4731 post
664 4663 880 4716 veniam
908 4679 922 4714 :
971 4662 1064 4716 sed
1111 4661 1403 4731 prudenter
1426 4661 1536 4731 jam
1568 4677 1786 4716 causam
1819 4667 1934 4731 agit

347 4755 630 4809 adiersnm
659 4769 754 4809 eos
783 4755 872 4826 qui
919 4755 1130 4808 fuerant
1170 4770 1208 4821 a_
1232 4754 1375 4822 Lege
1417 4755 1677 4822 prteventi
1705 4799 1719 4822 ,
1751 4765 1805 4810 et
1840 4772 1937 4824 pti-

349 4847 528 4902 tabant
563 4863 623 4902 se
647 4863 807 4916 posse
829 4863 893 4901 ex
927 4849 1186 4916 operibus
1208 4846 1524 4916 jostilicari,
1556 4857 1613 4902 ut
1637 4849 1846 4902 scirent
1874 4863 1936 4904 se

349 4944 517 4997 salvos
531 4942 698 5012 gratia
710 4985 722 5005 ,
739 4944 790 4995 in
809 4959 876 4996 eo
890 4958 1175 5012 persevera
1185 4959 1240 4994 re
1254 4943 1454 4997 debere
1467 4944 1610 5012 quod
1627 4954 1928 5010 eruperant.

414 5036 702 5107 (\'ers.4.)
759 5037 859 5102 Qui
886 5037 1025 5089 dedit
1066 5038 1395 5110 semetipsum
1436 5054 1530 5110 pro
1581 5041 1802 5110 peccatis
1841 5057 1936 5093 no-

351 5132 495 5193 stris,
531 5140 586 5182 ut
616 5132 837 5199 eriperet
864 5147 954 5184 nos
981 5129 1044 5184 de
1078 5130 1316 5198 pra'senti
1343 5129 1538 5183 swculo
1563 5132 1722 5190 malo,
1749 5147 1936 5184 secun-

352 5223 467 5278 dum
497 5225 816 5278 uoluntatem
849 5223 946 5277 Dei
976 5235 1021 5276 et
1051 5222 1224 5276 Putris
1251 5225 1433 5288 uestri,
1469 5224 1554 5275 cui
1584 5234 1658 5275 est
1685 5225 1852 5294 gloria
1884 5227 1935 5280 in

413 5367 444 5397 ι
479 5360 537 5415 In
557 5359 677 5413 aliis
707 5359 880 5430 libris.
905 5358 1233 5430 Apostolico.
1259 5358 1319 5430 lit
1349 5372 1501 5430 vero.
1535 5359 1751 5412 caeteris
1777 5373 1932 5430 repn-

353 5432 502 5485 tllJllS
547 5431 799 5484 omnibus
851 5429 1147 5496 Scriptura:
1181 5429 1364 5492 libris,
1403 5429 1538 5481 duos
1587 5440 1793 5483 tantum
1825 5429 1936 5482 suis

354 5522 379 5556 c
401 5503 825 5557 -mmendaverat
857 5501 1090 5554 MarciOu
1112 5542 1125 5561 ,
1170 5517 1398 5568 quorum
1428 5503 1566 5554 alter
1598 5499 1934 5570 Evnngclium

356 5585 463 5626 eat
496 5573 668 5635 Luca,
721 5573 858 5626 aiter
904 5572 1262 5636 Apostolicus,
1309 5572 1421 5622 sive
1468 5569 1781 5631 Apostolus,
1828 5587 1934 5638 quo

359 5645 534 5698 decem
575 5645 727 5696 1).·ιι1ι
765 5643 1020 5707 Epistoli-
1063 5642 1227 5696 variis
1259 5657 1286 5692 τι
1314 5658 1374 5694 se
1406 5644 1581 5712 intetp
1607 5641 1935 5695 rilztiitinilms

362 5716 665 5769 d-forinata:
740 5714 1179 5766 continebantur.
1231 5714 1506 5765 Videndns
1566 5712 1934 5765 'l‘crtnlitanus

362 5785 449 5842 lib.
481 5787 530 5853 l,
561 5797 754 5842 contra
781 5788 923 5839 hunc
955 5785 1392 5852 h.ei-esiarcham,
1425 5799 1548 5856 cap.
1580 5788 1626 5851 l,
1652 5793 1706 5838 et
1738 5784 1830 5836 lib.
1858 5797 1932 5848 iv,

2027 3280 2172 3324 erant
2197 3271 2312 3323 boni
2343 3285 2499 3340 super
2527 3268 2652 3320 istos
2677 3268 2695 3337 (
2723 3264 2923 3318 Eccles.
2953 3279 3048 3328 vit,
3086 3264 3144 3316 Η
3172 3264 3228 3328 ),
3268 3261 3371 3314 ιιίςί
3403 3261 3470 3313 ad
3504 3259 3622 3314 dis-

2027 3365 2232 3417 t-rimen
2311 3363 2596 3414 malorum.
2682 3358 2835 3412 Unde
2899 3355 3141 3410 Joannes
3213 3353 3291 3407 ait
3337 3368 3352 3407 :
3396 3350 3627 3408 Mundus

2027 3457 2192 3510 omnis
2217 3456 2266 3507 in
2283 3451 2510 3522 maligno
2533 3451 2733 3523 positus
2755 3457 2829 3504 est
2850 3449 2866 3516 (
2897 3445 3086 3502 IJoan.
3108 3460 3160 3508 v,
3189 3443 3255 3500 l9
3277 3442 3316 3514 ).
3344 3442 3458 3498 Non
3483 3441 3632 3512 quod

2033 3547 2263 3602 tiittndus
2309 3548 2425 3612 ip.-.e
2471 3543 2542 3596 sit
2583 3543 2789 3603 malus,
2841 3538 2936 3594 sed
2969 3536 3112 3607 quod
3147 3534 3292 3590 mala
3317 3534 3391 3606 (iu
3423 3531 3630 3588 mundo

2031 3644 2157 3696 fiant
2181 3639 2594 3701 abhominihus,
2631 3633 3012 3690 Mauducemus
3043 3639 3090 3684 et
3113 3630 3370 3687 bibamus.
3395 3627 3629 3683 dicenti-

2032 3736 2128 3788 l.us
2151 3775 2164 3796 ,
2214 3749 2328 3785 Cras
2371 3733 2508 3785 enim
2551 3730 2836 3781 morientur
2878 3724 3054 3794 (Isai.
3089 3737 3218 3787 uti,
3260 3721 3324 3774 Π
3423 3721 3485 3774 Et
3513 3720 3630 3789 ipse

2032 3825 2324 3896 Apostolus
2354 3837 2369 3875 :
2401 3821 2567 3892 378
2594 3819 2946 3882 Redimentes,
2981 3817 3156 3884 inquit
3177 3856 3192 3880 ,
3227 3822 3430 3882 tentpus
3457 3826 3475 3863 :
3505 3810 3634 3878 quia

2031 3920 2138 3972 dies
2161 3917 2282 3970 mali
2309 3926 2432 3969 sunt
2464 3913 2704 3988 (Ephes.
2736 3928 2790 3977 ν,
2822 3911 2956 3983 16).
2984 3909 3321 3963 infamantur
3349 3912 3406 3960 et
3425 3904 3628 3975 saltus,

2029 4027 2150 4066 cuin
2187 4009 2487 4062 latrociniis
2517 4007 2656 4076 pleni
2689 4013 2818 4060 sunt
2838 4049 2851 4072 ,
2887 4018 2996 4057 non
3027 4016 3136 4070 quo
3179 4009 3325 4054 terra
3354 4007 3546 4068 peccet
3575 4004 3632 4052 et

2031 4106 2213 4167 silvai,
2269 4101 2364 4156 sed
2414 4117 2521 4169 quo
2589 4097 2868 4153 infamiam
2921 4093 3198 4148 homicidii
3241 4091 3360 4146 loca
3411 4103 3632 4160 quoque

2036 4200 2320 4254 traxerint.
2367 4198 2708 4252 Detestamur
2771 4204 2827 4251 et
2870 4193 3107 4263 gladium
3138 4233 3153 4258 ,
3199 4206 3309 4262 quo
3359 4189 3632 4244 humanus

2033 4294 2235 4347 cll'nsns
2262 4302 2344 4346 e..t
2374 4306 2536 4346 cruor
2557 4331 2569 4351 ,
2601 4297 2656 4342 et
2684 4288 2910 4344 calicem
2952 4288 3005 4342 in
3037 4301 3147 4358 quo
3174 4299 3448 4340 venenum
3481 4295 3622 4338 tem-

2037 4394 2280 4455 peratum
2305 4394 2407 4447 est,
2440 4397 2545 4435 non
2570 4380 2761 4450 gladii,
2784 4379 3078 4445 calicisque
3097 4387 3352 4447 peccato;
3371 4372 3468 4430 sed
3487 4371 3634 4443 quod

2037 4478 2220 4531 odium
2265 4485 2578 4530 mercantur
2617 4471 2692 4527 illi
2723 4471 2813 4539 qui
2863 4470 2948 4524 his
2979 4469 3120 4524 male
3162 4467 3245 4522 usi
3276 4474 3423 4521 sunt.
3472 4463 3551 4520 lla
3580 4471 3638 4519 et

2037 4569 2326 4629 sa-culum,
2370 4565 2512 4634 quod
2569 4577 2653 4618 est
2698 4564 2932 4632 spatium
2991 4571 3330 4628 temporum,
3384 4573 3490 4613 non
3538 4571 3639 4628 per

2037 4664 2411 4730 ευιιιιξιὶιιςιιηι,
2439 4670 2530 4712 aut
2559 4659 2784 4724 bonum,
2811 4664 2904 4711 aut
2927 4656 3128 4710 malum
3161 4661 3267 4720 est,
3297 4653 3394 4708 sed
3419 4667 3516 4722 per
3537 4667 3636 4706 eos

2039 4757 2131 4825 qui
2164 4755 2214 4808 in
2247 4753 2342 4807 illo
2373 4763 2494 4804 sunt
2522 4793 2534 4814 ,
2570 4758 2661 4804 aut
2685 4752 2886 4804 bonum
2932 4747 3241 4816 appellatur
3270 4754 3362 4798 aut
3411 4745 3638 4800 malum.

2041 4855 2380 4918 Quapropter
2431 4843 2702 4899 Valentini
2748 4843 3115 4898 deliramettla
3167 4849 3222 4896 et
3264 4839 3458 4894 fabulae
3499 4853 3635 4892 con-

2043 4941 2294 4996 lt‘lllltt'ntl
2317 4959 2344 4989 ιι
2397 4950 2554 5003 sunt,
2590 4937 2678 5008 qui
2731 4935 2947 5006 triginta
2992 4938 3180 4994 αἰῶνας
3213 4944 3233 4970 ε
3265 4946 3430 4997 suos.
3475 4945 3540 4984 ex
3571 4943 3638 4983 eo

2038 5037 2180 5107 quod
2215 5036 2264 5089 in
2293 5032 2592 5100 Seripturis
2615 5029 2814 5085 saecula
2849 5032 3128 5100 legantur,
3169 5025 3408 5090 affinxit,
3447 5021 3638 5078 dicens

2042 5146 2135 5185 eos
2167 5143 2288 5182 esse
2319 5125 2574 5180 animalia
2603 5165 2617 5186 ,
2663 5132 2720 5177 et
2766 5139 2864 5193 per
2894 5120 3199 5192 quadradas
3240 5127 3294 5174 et
3316 5117 3593 5188 ogdoadas
3619 5157 3636 5183 ,

2039 5219 2274 5276 decadas
2303 5231 2524 5288 quoque
2555 5225 2610 5270 et
2632 5214 2981 5270 duodecadas
3001 5255 3016 5281 ,
3067 5221 3148 5268 tot
3175 5210 3417 5268 edidisse
3444 5221 3640 5264 nume-

2047 5370 2167 5412 cap.
2196 5353 2248 5417 4,
2279 5367 2379 5404 nec
2412 5365 2515 5402 n0n
2541 5351 2599 5403 S.
2637 5347 2989 5417 Epiphanius,
3021 5343 3212 5417 haeresi
3239 5342 3331 5397 42.

2117 5410 2142 5462 ί)
2169 5410 2483 5477 Amovimns
2513 5421 2638 5472 hinc
2671 5410 2932 5482 verbum,
2963 5416 3258 5479 inscitiam,
3302 5410 3447 5482 quod
3473 5424 3633 5464 vaca-

2048 5497 2170 5551 lmt.
2228 5505 2279 5543 et
2311 5495 2480 5545 nostri
2516 5506 2645 5544 mss.
2674 5491 2896 5558 ipseque
2918 5481 3059 5541 olim
3092 5481 3385 5558 Rabbanus
3417 5481 3635 5549 ignora-

2047 5576 2189 5620 innt.
2230 5565 2344 5619 Mos
2396 5578 2534 5616 unus
2565 5557 2826 5625 Palatin.,
2864 5560 3021 5628 juxta
3061 5557 3354 5629 promissa,
3397 5568 3644 5623 spesque,

2043 5656 2173 5710 (μηδ
2200 5637 2477 5688 credimus.

2121 5722 2140 5748 τ
2178 5710 2292 5762 Duo
2332 5722 2462 5759 mss.
2521 5704 2735 5776 triginta
2771 5716 2950 5762 aeouas
2997 5716 3089 5752 suo
3144 5714 3297 5751 sensu
3328 5741 3339 5758 ,
3398 5692 3537 5766 quod
3588 5694 3645 5750 in

2045 5782 2132 5836 Sc;
2151 5779 2358 5851 iptnt'is,
2384 5788 2494 5832 etc.
