4028 6362
427 179 537 243 515

1694 184 1755 240 S.
1792 181 2065 240 EUSEBII
2101 182 2486 240 lllERONYMl

3619 192 3726 250 516

417 308 521 356 ros
549 297 898 368 seculorum,
932 306 1067 371 quot
1090 284 1285 356 En'eia
1313 306 1340 336 ι
1364 295 1512 356 fetus
1531 296 1768 370 scropha
1800 312 2026 369 genera-
2053 300 2109 363 Α
2130 307 2218 355 cat
2236 340 2250 364 ,
2283 299 2377 356 ubi
2405 314 2536 356 vero
2561 301 2683 357 sine
2712 316 2811 357 νιν
2835 301 3095 359 scribitur
3119 314 3141 344 ο
3164 320 3366 363 annum
3393 309 3730 380 quinquage-

426 393 524 450 vit.
555 393 920 464 Qum-cadum
948 408 1165 465 quoque
1188 392 1318 465 quid
1349 394 1426 449 sit
1445 393 1591 449 inter
1617 392 1882 450 saeculum
1903 436 1918 461 ,
1970 403 2030 451 et

426 489 690 546 saeculum
719 489 928 557 saeculi,
957 490 1080 545 sive
1108 488 1312 545 saecula
1341 488 1693 555 saeculorum,
1721 499 1777 545 et
1809 489 1901 546 ubi
1933 504 2030 560 pro

430 581 585 638 brevi
619 581 879 650 temporis
905 581 1086 651 spatio
1106 622 1122 649 ,
1156 581 1246 636 ubi
1276 595 1375 651 pro
1411 580 1722 637 aiternitate
1746 592 1986 652 ponatur
2011 598 2027 639 :

430 673 557 746 quia
582 674 635 729 in
668 673 900 729 Hebraeo
925 672 1209 741 saeculum,
1242 672 1295 729 id
1319 683 1421 743 est,
1446 671 1476 713 δ
1501 688 1647 729 οιιιι
1681 672 1703 746 (
1717 657 1912 744 D'Tiy),
1939 674 2031 729 ubi

431 781 537 823 νιν
562 766 801 823 litteram
834 765 1062 838 positam
1092 766 1381 833 habuerit,
1414 766 1773 823 aeternitatem
1819 766 2027 838 signiti-

508 905 533 934 ⁸
560 896 619 953 In
646 896 769 971 aliis
799 897 977 971 libris,
1007 908 1131 971 quo!
1152 900 1207 953 in
1236 898 1433 962 xEnea,
1465 899 1577 967 vel,
1601 903 1652 953 in
1683 898 1912 955 xEneide
1951 902 2032 971 fe-

436 976 540 1045 tus,
575 980 683 1045 etc.
712 968 1068 1045 [Votissimu'm
1095 986 1279 1045 porro
1308 973 1450 1042 apud
1483 972 1800 1045 Virgilium,
1844 968 2028 1027 lib.’nt

436 1038 707 1098 JEneidus
736 1041 926 1095 Heleni
951 1038 1263 1097 vaticinium
1294 1061 1307 1097 :

507 1110 750 1187 Quoreis
772 1113 954 1187 ingens
984 1116 1188 1187 inuenta
1220 1116 1313 1187 sub
1344 1114 1550 1170 ilicibus
1577 1132 1667 1171 nos

511 1180 754 1259 Triginta
773 1180 1004 1259 capitum
1026 1184 1158 1248 fetus
1182 1185 1337 1241 enixa
1358 1187 1556 1259 jacebit
1576 1228 1591 1250 ,

514 1253 646 1310 Alba
674 1254 788 1310 solo
826 1253 1109 1320 recubans,
1157 1258 1263 1311 albi
1304 1253 1498 1312 circum
1542 1259 1698 1315 ubera
1729 1264 1867 1326 nati,
1921 1270 2028 1318 etc.

437 1341 581 1396 quos
603 1341 797 1383 versos
815 1327 980 1383 etiam
1010 1329 1112 1383 sub
1138 1331 1322 1385 octavi
1350 1330 1475 1385 libri
1508 1332 1723 1386 initium
1757 1335 1985 1404 replicat
2014 1377 2028 1401 ,

514 1417 543 1458 δ
573 1418 781 1499 Vitiose
801 1421 1101 1492 scripserat
1128 1407 1668 1494 Martianmus-n‘nn,
1687 1441 1810 1482 cum
1832 1427 2031 1499 Aleph,

444 1526 544 1582 pro
570 1496 730 1578 ὢν.

520 1594 543 1621 ο
574 1584 992 1663 Arguunthune
1018 1587 1475 1663 commentarium
1516 1588 1830 1663 Hieronymi
1861 1591 2037 1659 scrip-

443 1662 593 1710 tores
651 1657 879 1733 nuperi,
931 1657 1238 1733 pr;t_'..~crtitn
1286 1657 1792 1733 itnpcritiiclerici,
1839 1657 2034 1733 quibus

447 1728 790 1802 respondere
824 1728 1139 1797 compulsus
1180 1746 1300 1802 sum
1333 1728 1387 1785 in
1436 1732 1822 1802 prolegomeno
1856 1728 2032 1789 tertio

445 1798 579 1877 torni
600 1798 641 1854 Il
662 1800 921 1877 editionis
951 1813 1175 1857 nostrae.
1208 1798 1695 1859 Videsis'nostram
1719 1806 1795 1860 ibi
1808 1818 2041 1877 respon-

449 1868 686 1924 sicttrm.
714 1871 892 1927 ΜΑιιτ.

518 1934 554 2014 ιιᾲ
577 1942 888 2014 Hieronymi
917 1944 1231 1999 observatio
1255 1944 1444 2001 isthsec
1462 1946 1531 2001 de
1549 1948 1700 2002 varia
1725 1948 1877 2003 vocis
1902 1947 2041 2002 alam

450 2012 748 2086 scriptione
768 2012 794 2077 ,ἡ
812 2025 975 2084 atque
999 2016 1137 2070 adeo
1174 2015 1487 2086 signiﬁcatu
1514 2018 1698 2074 tristes
1724 2019 2040 2075 criticorum

451 2084 653 2157 ferulas
689 2101 797 2140 non
826 2086 1036 2157 ell‘ugit,
1087 2097 1141 2142 et
1188 2084 1510 2157 cumprimis
1538 2088 1765 2145 Joannis
1802 2091 2037 2157 Clerici,

449 2155 544 2222 qui
570 2155 1243 2230 iamosum‘Qu'iestionum
1264 2155 1814 2230 Hieronymianarum
1836 2155 2035 2215 librum

451 2227 977 2296 conscribendilbinc
997 2244 1182 2285 ansam
1201 2231 1448 2299 arripuit.
1468 2227 1824 2287 Conclamant
1849 2233 2039 2287 lalsam

452 2312 575 2354 esse
605 2315 730 2354 cum
756 2301 875 2371 ipso
904 2300 1317 2357 Deuteronomii
1340 2302 1615 2371 exemplo,
1640 2303 1786 2374 quod
1813 2303 1997 2359 laudat
2024 2349 2038 2371 ,

451 2389 543 2463 ubi
574 2374 713 2456 βίην
742 2393 901 2463 plene
924 2394 1204 2460 scribitur,
1245 2410 1368 2451 cum
1397 2411 1465 2451 cx
1487 2396 1715 2451 aliorum
1744 2396 2042 2452 cititatione

454 2462 706 2537 locorum
726 2462 753 2529 ,’
771 2482 876 2518 non
906 2480 1037 2521 sane
1062 2472 1267 2537 exiguo
1305 2482 1564 2534 numero,
1612 2469 1664 2522 in
1702 2469 1897 2535 quibus
1938 2484 2040 2524 vox

452 2534 546 2588 illa
582 2536 738 2602 plene
766 2539 1004 2592 occurrit
1028 2577 1043 2600 ,
1087 2534 1200 2593 sive
1219 2554 1344 2593 cum
1371 2556 1493 2605 ean,
1527 2555 1626 2595 nec
1659 2550 1841 2594 tamen
1873 2541 1945 2593 ibi
1975 2541 2044 2595 de

459 2608 764 2662 aeternitate
806 2609 1025 2677 proprie
1054 2609 1197 2665 dicta
1237 2624 1423 2667 sermo
1448 2620 1535 2666 est
1567 2628 1581 2663 :
1610 2611 1815 2667 deinde
1848 2611 2046 2666 Habbi-

460 2677 597 2756 nica:
616 2679 932 2756 subtilitatis
956 2682 1225 2745 incusant,
1249 2681 1588 2756 incuriazque
1609 2682 1672 2756 in
1689 2682 2039 2756 llieronymn,

458 2747 552 2816 qui
580 2761 611 2801 a
639 2749 826 2805 Judan
854 2761 1189 2823 przeccpture
1218 2752 1321 2807 sibi
1352 2747 1531 2807 fucum
1563 2754 1677 2809 ﬁeri
1711 2754 1775 2808 sit
1811 2747 1999 2820 passus
2024 2747 2038 2819 ζ

460 2834 563 2894 nec
590 2835 803 2876 sacrum
832 2824 1081 2878 codicem
1111 2825 1226 2878 suis
1256 2824 1376 2890 ipse
1399 2825 1574 2878 oculis
1607 2827 1903 2894 usurparit.
1932 2825 2045 2882 Nec

457 2890 811 2974 ignoramus,
844 2894 1062 2974 quid_in
1092 2897 1265 2974 sancti
1288 2895 1463 2950 Patris
1489 2890 1858 2974 defensionem
1886 2913 1961 2964 rei
1983 2912 2045 2952 o-

460 2964 624 3017 situm
673 2964 934 3020 hactenus
981 2965 1143 3022 fuerit
1172 2985 1183 3020 :
1216 2982 1322 3022 non
1373 2982 1492 3022 eam
1543 2968 1713 3024 videri
1753 2970 1873 3035 ejus
1919 2984 2042 3023 esse

460 3045 697 3109 mentem
719 3077 735 3100 ,
767 3044 822 3109 ιιι
852 3041 1104 3092 omnibus
1151 3038 1446 3109 Scriptura:
1475 3037 1608 3095 locis
1636 3082 1650 3107 ,
1686 3041 1879 3109 quibus
1930 3055 2040 3094 vox

460 3104 556 3161 illa
586 3105 702 3159 sive
734 3107 916 3176 plene.
949 3121 1005 3162 at
1035 3104 1401 3173 voc:int,sive
1432 3126 1539 3164 non
1578 3104 1734 3178 plene
1766 3111 2040 3170 descripta
2066 3111 2113 3174 C

464 3179 743 3252 occurrit,
789 3179 1074 3252 distinctio
1112 3182 1199 3235 illa
1225 3183 1361 3237 varii
1394 3182 1732 3252 signiliratns
1778 3184 1847 3236 sit
1888 3183 2044 3236 adbi-

463 3246 660 3316 benda,
692 3252 787 3305 sed
815 3251 1025 3309 duobus
1057 3251 1211 3309 hisce
1254 3246 1566 3319 dumtaiat,
1599 3253 1773 3309 Exodi
1815 3254 2043 3320 scilicet,

457 3333 523 3374 ac
546 3320 970 3392 Deuteronomii,
987 3340 1124 3396 quos
1144 3325 1197 3380 in
1222 3325 1530 3395 exemplum
1558 3324 1799 3381 adducit.
1822 3324 1891 3380 Et
1913 3341 2045 3380 sane

462 3414 663 3487 prioris
703 3416 964 3486 prepositi
998 3416 1096 3473 loci
1127 3400 1243 3483 ὡν
1268 3414 1477 3487 absque
1507 3434 1607 3470 vau
1653 3417 1915 3487 scriptum
1946 3415 2046 3472 ho-

463 3484 687 3540 dieuum
733 3484 957 3558 superat
981 3489 1036 3543 in
1080 3488 1356 3543 Hebraicis
1386 3484 1552 3543 libris
1580 3505 1593 3541 :
1623 3484 1851 3542 alterius
1882 3504 2045 3552 vero,

461 3558 683 3613 tametsi
714 3559 872 3625 plene
898 3574 1043 3614 nunc
1066 3559 1343 3625 scribitur,
1374 3558 1429 3612 in
1451 3576 1517 3613 eo
1538 3574 1646 3628 quo
1687 3558 2048 3629 Hieronymus

463 3629 761 3699 exemplari
783 3631 1057 3699 utebatur,
1088 3646 1189 3683 vau
1220 3630 1491 3684 defecisse
1522 3645 1619 3697 par
1648 3631 1720 3682 sit
1739 3629 1949 3697 Opinari
1980 3644 2047 3684 ex

463 3699 751 3768 ipsiusmet
780 3700 1114 3755 testimonio.
1150 3700 1340 3753 Ausim
1395 3714 1527 3753 vero
1556 3714 1660 3769 ego
1698 3699 2048 3753 Ctmlidentis-

462 3772 603 3825 sime
627 3773 977 3840 pronuntiare
1008 3770 1067 3827 S.
1097 3769 1273 3824 Patris
1304 3777 1541 3823 mentem
1561 3814 1575 3837 ,
1617 3770 1841 3838 ipsaque
1881 3770 2046 3825 verba

464 3839 750 3910 perspecta
773 3841 1030 3897 habuisse
1053 3841 1313 3895 hactenus
1340 3839 1609 3897 neminem
1630 3881 1647 3906 ,
1679 3841 1820 3910 quod
1851 3840 2046 3901 mirum

466 3911 638 3979 magis
664 3912 736 3966 sit
767 3922 889 3977 post
910 3921 1193 3981 tantopere
1217 3921 1472 3966 vexatum
1495 3927 1524 3966 a
1555 3912 1842 3966 doctorum
1867 3911 2046 3966 homi-

465 3997 594 4037 num
620 3983 850 4053 ingeniis
876 3984 1073 4038 locum.
1100 3982 1303 4053 Nempe
1324 3986 1394 4037 ita
1420 3983 1695 4053 accipiunt
1721 3984 1831 4050 pari
1855 3997 2049 4037 omnes

465 4064 736 4106 Consensn
758 4095 772 4118 ,
820 4066 878 4108 ut
910 4054 1196 4120 utrumque
1240 4052 1551 4119 cxctnplnm
1581 4052 1756 4108 eidem
1791 4054 2049 4108 inserviat

464 4125 782 4194 proposito,
815 4127 995 4179 brevis
1020 4124 1277 4180 videlicet
1308 4126 1573 4192 temporis
1599 4141 1695 4192 per
1723 4141 1821 4177 υιιιι
1868 4124 2049 4179 deli-c-

466 4205 581 4250 tum
613 4210 675 4251 ea
703 4198 756 4249 in
789 4212 923 4252 voce
947 4196 1385 4258 demonstrandi,
1410 4196 1721 4262 factumque
1744 4194 1888 4260 inde,
1924 4212 2046 4250 cum

466 4264 558 4320 ille
591 4269 895 4336 oppositum
932 4269 1091 4336 plane
1120 4268 1334 4329 doceat,
1368 4280 1426 4321 ut
1458 4268 1592 4320 falso
1623 4282 1687 4321 ac
1716 4276 1924 4321 tetnet'c
1955 4267 2047 4321 alii

465 4339 804 4406 accusarint,
851 4348 907 4393 et
946 4338 1037 4410 qui
1081 4339 1215 4392 tueri
1262 4339 1438 4410 conati
1486 4345 1649 4410 sunt,
1701 4337 2048 4410 supposititio

463 4410 640 4463 errori
672 4410 923 4464 miseram
953 4407 1331 4477 exceptionem
1356 4408 1695 4463 adhiberent.
1728 4407 1853 4463 Vult
1874 4425 2047 4464 enun-

462 4493 612 4554 vero
638 4480 1005 4554 Hieronymus
1036 4481 1208 4535 hocce
1238 4482 1412 4554 altern
1446 4480 1849 4554 Deuteronomii
1896 4492 2048 4534 [Crll-
2078 4493 2126 4554 υ

462 4550 652 4606 moniu
686 4550 940 4622 perpetui
973 4555 1233 4622 temporis
1262 4550 1518 4621 pra-ferre
1548 4552 1878 4621 exemplum,
1903 4554 2048 4623 quod

463 4644 628 4716 plena
652 4628 791 4711 :55:
811 4661 945 4702 vore
968 4646 1284 4710 denotetnr,
1310 4645 1563 4714 quodque
1583 4644 1751 4711 priori
1777 4646 1853 4699 illi
1875 4646 2054 4702 Exodi

467 4732 538 4771 ex
572 4717 803 4772 adverso
837 4718 1184 4785 rt~5punde.tt,
1209 4718 1297 4770 ubi
1332 4734 1425 4784 per
1450 4734 1545 4769 rau
1578 4717 1851 4770 defectum
1887 4718 2054 4770 breve

464 4788 724 4857 spatium,
750 4790 865 4844 sive
892 4788 1374 4859 qttinquagesimns
1405 4804 1581 4842 annus
1602 4789 1939 4856 designatur.
1992 4788 2048 4841 id

465 4869 523 4914 ut
546 4859 865 4929 planissimo
883 4868 1120 4927 coastet,
1146 4872 1353 4913 tantum
1382 4861 1780 4926 animadverte,
1804 4860 1912 4913 duo
1943 4860 2047 4913 sibi

465 4932 811 5002 proposuisse
854 4932 911 4989 S.
946 4933 1236 4987 Ductorem
1269 4932 1336 4986 de
1387 4932 1524 4986 olom
1566 4945 1702 4985 voce
1742 4945 1805 4984 ac
1842 4931 2049 5000 signiti-

464 5010 585 5057 cattt
650 5019 716 5058 ex
770 5005 1174 5071 Scripturarnm
1236 5002 1559 5057 testimoniis
1628 5002 2049 5056 demonstranda

464 5074 744 5142 conceptis
779 5077 994 5137 verbis.
1041 5075 1272 5128 alterum
1302 5090 1318 5127 :
1355 5072 1455 5129 Ubi
1494 5089 1589 5142 pro
1624 5073 1761 5126 brevi
1808 5073 2051 5140 temporis

461 5146 655 5212 spatio,
700 5145 933 5201 alterum
966 5163 984 5201 :
1018 5145 1119 5200 Ubi
1160 5163 1252 5206 pro
1292 5146 1578 5198 wtcrnitate
1609 5152 1850 5210 ponatur.
1883 5144 2053 5212 Igitur

462 5232 588 5271 cum
616 5215 766 5282 prius
798 5219 1108 5286 exemplum
1142 5216 1358 5281 brevis,
1409 5218 1524 5269 sive
1553 5216 1757 5268 detinui
1791 5224 2054 5282 temporis

464 5288 637 5342 Exodi
678 5288 988 5342 testimonio
1036 5288 1386 5353 ntonstrarit,
1443 5292 1712 5355 posterius
1768 5288 1933 5341 hocce
1983 5302 2047 5340 ex

464 5359 890 5413 Denteronomio
922 5361 1149 5429 petitum
1169 5402 1183 5425 ,
1233 5357 1376 5429 quod
1406 5369 1624 5412 il'lCI‘llllB
1651 5357 1952 5412 durationis
1981 5360 2052 5429 sit

461 5437 615 5493 nota,
639 5437 696 5482 et
722 5428 1128 5496 revera’sentit,
1164 5441 1219 5485 et
1254 5428 1325 5485 ex
1368 5432 1631 5485 orationis
1659 5430 1773 5499 ipsa
1802 5430 1947 5483 serie
1982 5428 2050 5482 ad
2080 5440 2085 5445 '

460 5501 729 5570 propositi
755 5502 840 5556 sui
870 5513 1076 5570 partem
1103 5505 1332 5558 alteram
1356 5502 1709 5569 explendam.
1746 5500 1929 5555 dicere
1956 5516 2053 5553 ne-

463 5585 621 5643 cesse
645 5570 848 5627 habuit.
874 5574 1025 5643 Quod
1052 5591 1183 5631 vero
1214 5576 1285 5628 ita
1308 5573 1878 5639 scrttietts,vcrissittte
1899 5571 2051 5625 dixe-

463 5641 572 5717 rit,
626 5656 727 5717 nec
782 5641 987 5717 sentire
1031 5646 1198 5717 aliter
1254 5655 1465 5717 posset,
1529 5662 1617 5702 res
1660 5646 1860 5697 clamat
1895 5643 2047 5717 ipsa.

462 5709 923 5785 Ammonitarum,
943 5709 1414 5788 Moabitaruinque
1450 5709 1727 5788 prohibita
1752 5730 1786 5769 ιι
1815 5709 2051 5785 publicis

2131 393 2349 460 simum,
2377 408 2541 465 quem
2568 394 2644 450 illi
2664 394 2956 451 Jubilzeum
2983 407 3207 453 vocant.
3233 399 3313 455 Ob
3343 401 3483 458 hanc
3504 416 3726 459 causam

2133 499 2188 542 et
2215 487 2309 543 ille
2335 487 2598 543 Hebraeus
2617 489 2709 559 qui
2734 499 2959 561 propter
2989 506 3214 546 uxorem
3235 501 3293 547 et
3314 492 3517 550 liberos
3540 508 3728 550 amans

2135 580 2423 636 Dominum
2453 596 2610 636 suum
2643 598 2776 637 aure
2807 592 3067 653 pertunsa
3105 578 3335 641 servitio
3369 586 3689 657 subiugatur
3712 629 3728 655 ,

2130 671 2337 727 servire
2377 672 2601 742 iubetur
2635 674 2687 729 in
2718 676 2979 732 swculum
3012 674 3235 746 (Exod.
3258 693 3347 732 xxt
3372 677 3390 745 )
3411 720 3426 743 ,
3474 678 3577 733 hoc
3606 684 3690 734 est
3713 719 3729 744 ,

2135 780 2308 835 usque
2336 765 2401 820 ad
2448 782 2647 822 annum
2673 770 2805 839 quin
2828 769 3207 841 luagesimum.
3242 766 3270 806 ά
3297 770 3363 825 Et
3396 769 3649 827 Moabitze
3677 779 3731 828 et

2133 899 2187 955 in
2203 901 2414 977 populo
2436 902 2531 958 Dei
2564 903 2758 977 ciliciis
2781 904 2835 959 in
2867 913 3134 977 internum
3166 922 3302 977 gens
3335 908 3437 964 fuit
3461 926 3476 972 ;
3502 925 3603 964 nec
3618 909 3730 964 alio

2134 972 2342 1052 referri
2371 990 2534 1041 quam
2576 975 2647 1029 ad
2695 976 2958 1052 temporis
2989 972 3384 1052 perennitatem
3417 980 3730 1052 signiﬁcan-

2132 1042 2257 1118 dam
2291 1044 2505 1118 illorum
2551 1042 2859 1118 exemplum
2889 1042 3085 1117 patuit.
3118 1050 3310 1106 Statim
3359 1042 3729 1118 ipsa'incorrit

2132 1113 2187 1170 in
2220 1116 2430 1180 oculos,
2459 1132 2619 1185 quam
2652 1113 2768 1173 fere
2796 1119 2864 1174 de
2888 1113 3059 1175 verbo
3090 1121 3271 1174 laiidat
3293 1122 3351 1175 S.
3373 1113 3554 1189 Pater,
3587 1124 3732 1177 sacri

2135 1196 2317 1259 textus
2360 1190 2629 1243 sententia
2664 1208 2676 1243 :
2711 1191 3032 1246 Ammonites
3062 1202 3110 1246 et
3153 1192 3410 1249 Moabitae
3439 1195 3592 1248 etiam
3618 1205 3734 1259 post

2136 1257 2387 1329 decimam
2429 1261 2814 1329 generationem
2867 1280 2968 1317 non
3021 1264 3288 1317 intrabunt
3340 1268 3393 1318 in
3444 1257 3733 1320 Ecclesiam

2140 1328 2354 1383 Domini
2394 1328 2446 1405 in
2476 1339 2747 1405 meritum.
2789 1333 2854 1387 Et
2890 1352 2900 1386 :
2939 1332 3060 1387 Non
3094 1335 3258 1405 facies
3283 1335 3355 1388 eis
3388 1352 3566 1403 parem
3588 1377 3603 1402 ,
3638 1352 3733 1390 nec

2137 1403 2449 1478 qttwras__eis
2478 1403 2611 1456 bona
2646 1406 2845 1478 cunctis
2884 1405 3064 1460 diebus
3096 1403 3217 1459 ὐἱιίε
3240 1415 3344 1460 tua:
3371 1408 3427 1461 in
3454 1408 3733 1478 sempiter-

2139 1488 2283 1548 num.
2310 1471 2530 1548 Clamat
2568 1483 2631 1548 ct
2669 1477 2780 1548 ipsa
2810 1518 2825 1538 .
2877 1492 3037 1545 quam
3089 1484 3396 1548 totoiurget
3430 1471 3731 1545 contextu,

2139 1542 2353 1609 phrasis
2383 1542 2634 1619 llebraici
2659 1542 2947 1619 archetipi.
2967 1557 3021 1602 et
3045 1542 3387 1616 scriptiofad
3413 1564 3574 1619 quam
3601 1542 3728 1619 pro;

2137 1625 2316 1678 vocat,
2350 1615 2503 1681 plena
2536 1618 2706 1673 semel
2731 1627 2893 1688 atque
2922 1620 3117 1673 iterum
3165 1615 3227 1673 in
3256 1615 3515 1675 munibus
3552 1615 3729 1687 libris,

2061 1729 2111 1792 Β
2137 1689 2386 1771 05W
2403 1748 2417 1772 ,
2442 1715 2498 1763 et
2525 1692 2698 1773 5:31:57
2717 1695 2960 1801 Tui-33
2983 1720 3040 1764 ut
3068 1722 3436 1766 commentum
3471 1711 3543 1766 sit
3575 1711 3735 1782 plane

2144 1799 2374 1858 inutile.
2418 1800 2674 1870 nullaque
2720 1799 2906 1856 nixum
2952 1802 3334 1868 probabilitate
3373 1802 3688 1858 existimare
3715 1846 3731 1869 ,

2142 1870 2285 1945 quod
2316 1870 2369 1924 in
2403 1886 2476 1945 eo_
2496 1888 2590 1945 non
2621 1873 2904 1937 deﬁceret,
2952 1888 3061 1945 quo
3091 1876 3149 1928 S.
3188 1876 3386 1928 Doctor
3428 1874 3735 1943 exemplari

2144 1941 2414 2015 utebatur.
2445 1942 2585 2010 Quid
2624 1945 2768 2011 quod
2798 1941 3242 2009 ipsant'videatttr
3271 1946 3570 2015 Scriptura:
3598 1941 3738 2002 sen-

2144 2012 2370 2089 tentiam
2429 2028 2759 2089 cxaggerare
2801 2016 3207 2089 Hieronymus?
3253 2012 3416 2089 Certe
3473 2019 3617 2084 quod
3659 2019 3739 2073 ait

2145 2083 2344 2157 illoscs,
2375 2100 2541 2154 neque
2567 2096 2680 2157 post
2708 2086 2979 2151 decimam,
3007 2083 3127 2156 ille,
3163 2104 3323 2157 usque
3343 2086 3411 2139 ad
3433 2083 3665 2156 quintam
3686 2098 3737 2142 et

2143 2154 2391 2227 decimam
2419 2154 2799 2226 generationem
2852 2154 3148 2223 protendit.
3196 2154 3381 2227 Neque
3420 2154 3550 2211 vero
3585 2157 3733 2226 quod

2143 2224 2249 2281 hoc
2277 2224 2447 2280 utitur
2484 2227 2766 2291 adverbio.
2816 2245 2976 2296 usque
3026 2230 3116 2292 ml,
3163 2224 3408 2298 sequitur
3458 2239 3516 2281 ut
3545 2224 3734 2297 postea

2145 2312 2241 2351 eos
2270 2298 2635 2370 admittendus
2668 2300 2896 2369 populus
2929 2301 3149 2370 putarit,
3178 2301 3273 2354 srd
3300 2302 3455 2366 juxta
3483 2299 3735 2369 Scriptu-

2142 2383 2324 2440 rarnm
2344 2367 2563 2440 idioma,
2590 2367 2732 2439 quod
2755 2379 2810 2424 et
2832 2367 3122 2440 iittmqttain
3151 2371 3326 2432 ﬁeret,
3348 2380 3392 2423 et
3416 2367 3735 2440 factumne»

2143 2439 2208 2492 sit
2238 2439 2484 2495 ostendit.
2511 2442 2662 2495 Adde
2677 2442 2819 2511 quod
2838 2443 3146 2513 quindecim
3169 2439 3579 2510 generationes,
3604 2459 3740 2508 quu-

2143 2525 2266 2565 rum
2300 2525 2360 2565 se
2396 2527 2729 2581 unaquaque
2769 2514 2836 2567 ad
2887 2515 3239 2580 Septuaginta
3287 2528 3463 2583 coque
3503 2513 3738 2582 amplius

2144 2594 2319 2654 annos
2338 2597 2403 2637 ex
2425 2584 2829 2651 Scripturarnm
2855 2585 3275 2648 consuetudine,
3309 2585 3588 2654 ipsiusque
3610 2600 3741 2653 sup-

2146 2652 2426 2727 putatione
2455 2654 2767 2727 liieronymi
2795 2655 2847 2709 in
2878 2671 2999 2723 cap.
3023 2672 3174 2710 xxvr.
3210 2652 3512 2709 Ezechielis
3541 2652 3737 2711 exten-

2143 2723 2243 2793 dit,
2289 2723 2542 2796 millenos
2583 2723 2684 2780 una
2724 2727 2888 2781 simul
2920 2742 3091 2781 annos
3123 2735 3478 2796 exsuperant.
3520 2727 3584 2781 Et
3622 2726 3739 2795 qui,

2144 2810 2300 2864 rogo,
2342 2794 2446 2850 hoc
2475 2798 2648 2866 potuit
2686 2814 2787 2868 pro
2827 2799 2975 2851 brevi
3026 2797 3213 2852 haberi
3267 2794 3528 2867 temporis
3577 2794 3745 2852 inter-

2144 2868 2317 2929 νιιιιο,
2370 2884 2472 2922 nec
2501 2885 2600 2938 pro
2633 2870 2778 2924 brevi
2828 2870 3001 2931 ἁπλῶς
3037 2877 3284 2935 tantum,
3325 2871 3420 2923 s~d
3458 2869 3646 2924 habito
3673 2869 3744 2923 ad

2143 2939 2533 3010 quinquaginta
2567 2956 2741 2995 annos
2772 2952 3047 3008 respectu,
3082 2952 3141 2993 ut
3168 2942 3348 2994 simile
3378 2950 3433 2995 et
3461 2957 3741 3010 genitntnn

2143 3009 2359 3064 Jubilmi
2396 3013 2571 3083 spatio
2603 3014 2708 3065 sit?
2740 3013 2990 3068 Proiecto
3017 3028 3117 3080 qua
3146 3012 3363 3067 tandem
3394 3009 3634 3080 exparte
3657 3012 3743 3065 lo-

2145 3095 2269 3135 cum
2301 3082 2462 3137 istnm
2510 3085 2809 3154 expendas,
2854 3085 3036 3138 mirari
3080 3100 3184 3136 non
3211 3084 3455 3143 desinas.
3504 3084 3747 3151 putnis~e

2148 3165 2585 3224 praeconceptam
2619 3154 2898 3209 hominum
2929 3155 3246 3224 opinionem
3277 3155 3343 3207 ad
3380 3154 3540 3221 plane
3565 3168 3744 3221 oppo-

2147 3224 2308 3278 situm
2346 3226 2456 3291 illi,
2487 3242 2650 3295 quem
2683 3227 2971 3282 verissime
3006 3232 3201 3279 auctor
3233 3224 3577 3294 prtelerebat,
3619 3238 3751 3278 Sen-

2147 3309 2264 3349 sum
2296 3295 2643 3364 detorquere.

2223 3366 2428 3435 Ecquid
2471 3381 2603 3421 vcro
2645 3368 2751 3421 erit
2796 3366 2975 3435 pretii.
3021 3364 3068 3418 si
3116 3364 3321 3419 erroris
3367 3379 3563 3421 causas
3603 3364 3751 3420 indi-

2148 3451 2367 3500 cavero,
2411 3452 2739 3506 sensumque
2772 3440 2829 3490 S.
2881 3435 3058 3490 Patris
3093 3435 3162 3489 ab
3195 3436 3418 3490 immani
3447 3450 3555 3505 qua
3591 3436 3753 3491 labu-

2149 3518 2233 3577 rat
2263 3508 2512 3561 laxatura
2548 3508 2874 3562 restituam?
2934 3506 3354 3577 Utbrevissime
3393 3508 3593 3573 dicam,
3623 3524 3751 3577 quae

2149 3576 2274 3630 huic
2301 3578 2454 3631 alteri
2484 3579 2739 3647 exemplo
2770 3576 3122 3646 subiungitur
3151 3579 3394 3633 clausula
3418 3594 3437 3633 :
3468 3579 3607 3645 Quia
3633 3576 3748 3633 om-

2150 3650 2230 3721 nis
2256 3648 2389 3702 dura
2413 3649 2643 3702 conditio
2667 3648 2883 3704 Jubilazi
2906 3647 3203 3721 solvebatur
3230 3653 3477 3717 adventu,
3500 3650 3645 3721 quod
3678 3651 3754 3707 ad

2148 3718 2268 3787 ejus
2297 3734 2403 3773 una
2428 3721 2571 3775 serie
2596 3735 2815 3775 sensum
2846 3719 3043 3775 referri
3070 3722 3350 3776 videretur
3374 3763 3389 3786 ,
3434 3718 3548 3776 tota
3590 3737 3753 3775 erro-

2146 3790 2225 3844 ris
2263 3792 2481 3847 occasio
2525 3790 2645 3847 fuit.
2700 3792 2894 3846 l’eccat
2938 3806 3073 3847 vero
3114 3791 3399 3849 manifesta
3446 3793 3754 3850 scribarum

2149 3859 2496 3931 trajectione,
2528 3863 2905 3933 movendaque
2937 3862 3058 3916 loco
3088 3873 3193 3929 est,
3226 3873 3279 3918 et
3311 3865 3475 3933 priori
3515 3865 3754 3921 subnec-

2152 3933 2316 4005 tenda
2355 3936 2607 4003 exemplo
2649 3944 2774 3988 ante
2821 3932 2933 3988 tres
2983 3932 3098 3988 fere
3151 3932 3345 3990 versus
3390 3945 3512 4005 post
3559 3935 3754 4002 verba,

2150 4001 2247 4077 hoc
2276 4012 2355 4058 est
2395 4001 2555 4076 usque
2590 4006 2660 4059 ad
2709 4022 2918 4077 annum
2938 4001 3441 4077 quinquagesimum.
3490 4001 3755 4076 Equidem

2154 4074 2380 4144 hujusce
2402 4074 2766 4132 restitutionis
2800 4076 3152 4144 lidejussores
3170 4074 3339 4130 inanti
3366 4074 3574 4133 exarati
3598 4079 3754 4144 libri,

2151 4156 2245 4199 aut
2288 4148 2490 4217 vulgati
2534 4148 2669 4202 nulli
2719 4159 3049 4219 suppetunt,
3084 4148 3150 4202 iis
3184 4160 3367 4203 tatnen
3414 4151 3758 4219 argumentis

2152 4225 2359 4271 certant
2411 4219 2758 4282 evincamus,
2814 4228 2874 4272 ut
2923 4218 3055 4291 nihil
3106 4220 3175 4271 sit
3226 4219 3377 4273 dubii
3451 4218 3756 4291 reliquum,

2153 4302 2324 4364 eaque
2366 4306 2474 4364 una
2507 4290 2638 4345 nulli
2679 4291 2915 4364 amplius
2947 4289 3236 4344 calumnia:
3277 4289 3760 4364 llicronyntigtex-

2155 4367 2239 4414 tus
2271 4361 2538 4416 obnoxius
2563 4364 2653 4428 sit,
2683 4364 2827 4416 nulla
2864 4360 3227 4429 impostcrum
3257 4360 3581 4417 delensione
3613 4362 3758 4418 indi-

2154 4441 2301 4498 geat.
2359 4432 2453 4486 Est
2498 4442 2679 4487 autem
2727 4444 2781 4486 et
2829 4433 2876 4486 id
2931 4448 3103 4501 genus
3159 4433 3245 4486 hic
3297 4434 3399 4488 loci
3449 4434 3756 4490 scribarum

2152 4501 2359 4571 lapsus,
2397 4505 2539 4573 quod
2585 4503 2637 4558 in
2684 4504 2921 4573 antiquis
2967 4503 3246 4558 codicibus
3298 4507 3497 4571 passim
3553 4521 3758 4560 usuve-

2165 4578 2265 4647 nit,
2308 4574 2436 4629 dum
2483 4577 2566 4631 vel
2615 4577 2685 4630 ab
2737 4586 2979 4647 auctore,
3036 4585 3092 4627 ut
3140 4575 3501 4647 Ilii-rmiymns
3545 4578 3641 4639 ait,
3700 4577 3757 4631 in

2161 4643 2325 4700 latere
2365 4647 2656 4716 descripta,
2697 4647 2781 4700 vel
2820 4646 2889 4701 ab
2926 4643 3359 4701 atnauuensibus
3385 4653 3755 4717 prartermlssa

2162 4719 2327 4773 verba
2374 4727 2537 4787 atque
2582 4720 2649 4772 ad
2692 4716 2812 4771 libri
2856 4731 3010 4769 oram
3055 4726 3351 4782 annotata,
3388 4716 3752 4788 postmodum

2160 4788 2301 4842 alius
2344 4789 2397 4842 in
2443 4797 2651 4843 textum
2704 4789 2955 4842 illaturus
2991 4788 3305 4856 imprudens
3351 4804 3456 4843 non
3502 4804 3601 4843 suo
3630 4790 3753 4845 loco

2158 4861 2360 4930 posuit.
2408 4859 2609 4915 Verum
2664 4858 2782 4913 haec
2834 4858 2994 4912 facile
3041 4859 3380 4912 evidentium
3431 4873 3751 4930 argumenta

2157 4938 2307 5002 sunt.
2340 4929 2524 4985 Primo
2570 4930 2637 4985 ad
2666 4931 2927 4986 Moabitas
2957 4938 3121 5002 atque
3150 4929 3516 4993 Ammonitas,
3559 4933 3654 5002 qui
3684 4948 3753 4986 ex

2157 4999 2346 5073 Judaea
2382 5011 2544 5071 gente
2570 5018 2680 5057 non
2704 5010 2880 5073 erant,
2921 5001 3071 5054 nullo
3100 5003 3262 5056 modo
3288 5003 3558 5057 Jubilzeus
3579 4999 3759 5073 perti-

2159 5072 2360 5144 nebat,
2412 5087 2513 5144 nec
2562 5072 2885 5142 pertinuisse
2930 5089 3180 5139 umquam
3229 5076 3443 5141 potuit:
3486 5072 3758 5144 stulteque

2158 5143 2300 5198 adeo
2329 5142 2587 5213 pericope
2629 5144 2718 5198 illa
2752 5144 2817 5196 ad
2863 5144 3090 5210 populos
3120 5144 3423 5211 reieratur,
3462 5145 3554 5215 qui
3589 5142 3757 5201 ab‘iis

2158 5214 2403 5269 moribus
2443 5214 2811 5270 abhorrebant
2844 5214 3078 5269 immane
3107 5229 3393 5284 qnantttnt.
3436 5215 3757 5271 Econtrario

2160 5285 2478 5357 Hebrmnm,
2502 5295 2558 5341 et
2583 5286 2801 5356 proprie
2834 5288 3225 5341 nianumissum
3255 5296 3481 5355 spectat,
3512 5289 3605 5357 qui
3634 5302 3756 5341 cer-

2160 5366 2215 5427 to
2266 5356 2499 5411 consilto
2549 5357 2856 5414 libertatein
2910 5373 3060 5411 suam
3104 5359 3423 5427 abjudicans
3462 5356 3543 5412 ob
3573 5357 3756 5413 nx0ris

2158 5426 2508 5497 ﬁliorumque
2551 5444 2791 5485 amorem
2820 5472 2834 5496 ,
2885 5441 2939 5481 ut
2987 5426 3361 5485 babeslﬂxirdi
3413 5445 3502 5485 χιιι
3528 5472 3543 5495 ,
3586 5430 3648 5493 5,
3687 5429 3751 5494 6,

2159 5514 2293 5554 aure
2326 5500 2596 5566 perforata
2627 5503 2835 5557 servire
2874 5500 3095 5569 jubctur
3124 5501 3179 5554 in
3210 5501 3453 5555 εατιιιιιηι
3474 5541 3488 5565 ,
3517 5503 3619 5556 hoc
3647 5508 3752 5564 est,

2159 5572 2225 5625 ad
2252 5570 2541 5627 .lnbilamm
2574 5589 2766 5643 usque,
2800 5571 2922 5627 sive
2957 5587 3127 5643 prope
3156 5572 3321 5626 fuerit
3350 5574 3395 5626 is
3415 5587 3611 5635 annus,
3643 5572 3754 5624 sive

2160 5645 2390 5698 multum
2432 5641 2687 5701 abfuerit.
2731 5642 2983 5698 Secundo
3011 5641 3751 5712 Jubilmusquinquagesimo

2159 5730 2378 5785 quoque
2402 5730 2547 5773 anno
2578 5715 2917 5782 recurrcbat,
2949 5723 3367 5786 Opportuneque
3399 5715 3610 5771 ιιυιπωι
3639 5726 3753 5766 δοιά
