  <div class='ocr_page' id='page_1' title='image "/cluster/home/n/w/nwhite01/storage/ocr_20150623/26/uva.x000826568/166.png"; bbox 0 0 4028 6314; ppageno 0'>
   <div class='ocr_carea' id='block_1_1' title="bbox 233 131 343 196">
    <p class='ocr_par' dir='ltr' id='par_1_1' title="bbox 233 131 343 196">
     <span class='ocr_line' id='line_1_1' title="bbox 233 131 343 196; baseline -0.036 0"><span class='ocrx_word' id='word_1_1' title='bbox 233 131 343 196; x_wconf 73' lang='grc'><strong>317</strong></span> 
     </span>
    </p>
   </div>
   <div class='ocr_carea' id='block_1_2' title="bbox 751 134 1828 202">
    <p class='ocr_par' dir='ltr' id='par_1_2' title="bbox 751 134 1828 202">
     <span class='ocr_line' id='line_1_2' title="bbox 751 134 1828 202; baseline 0.004 -11"><span class='ocrx_word' id='word_1_2' title='bbox 751 134 1405 195; x_wconf 72' lang='lat' dir='ltr'><strong>COMMENTARlORUM</strong></span> <span class='ocrx_word' id='word_1_3' title='bbox 1443 135 1512 194; x_wconf 84' lang='grc' dir='ltr'><strong>ΙΝ</strong></span> <span class='ocrx_word' id='word_1_4' title='bbox 1549 137 1828 202; x_wconf 72' lang='grc' dir='ltr'><strong>Εριδτοι</strong></span> 
     </span>
    </p>
   </div>
   <div class='ocr_carea' id='block_1_3' title="bbox 1936 134 2996 202">
    <p class='ocr_par' dir='ltr' id='par_1_3' title="bbox 1936 138 2996 200">
     <span class='ocr_line' id='line_1_3' title="bbox 1936 138 2996 200; baseline -0.002 -2"><span class='ocrx_word' id='word_1_5' title='bbox 1936 141 1944 198; x_wconf 90' lang='grc'>[</span> <span class='ocrx_word' id='word_1_6' title='bbox 1981 139 2076 198; x_wconf 86' lang='lat' dir='ltr'><strong>AD</strong></span> <span class='ocrx_word' id='word_1_7' title='bbox 2115 138 2446 200; x_wconf 79' lang='lat' dir='ltr'><strong>GALATAS</strong></span> <span class='ocrx_word' id='word_1_8' title='bbox 2482 138 2628 199; x_wconf 86' lang='lat' dir='ltr'><strong>LIB.</strong></span> <span class='ocrx_word' id='word_1_9' title='bbox 2668 139 2711 199; x_wconf 83' lang='grc' dir='ltr'><strong>Ι.</strong></span> <span class='ocrx_word' id='word_1_10' title='bbox 2752 139 2910 199; x_wconf 80' lang='lat' dir='ltr'><strong>CAP.</strong></span> <span class='ocrx_word' id='word_1_11' title='bbox 2947 139 2996 198; x_wconf 79' lang='grc' dir='ltr'><strong>Ι.</strong></span> 
     </span>
    </p>
   </div>
   <div class='ocr_carea' id='block_1_4' title="bbox 3439 145 3548 206">
    <p class='ocr_par' dir='ltr' id='par_1_4' title="bbox 3439 145 3548 206">
     <span class='ocr_line' id='line_1_4' title="bbox 3439 145 3548 206; baseline 0 0"><span class='ocrx_word' id='word_1_12' title='bbox 3439 145 3548 206; x_wconf 67' lang='grc'><strong>⁸18</strong></span> 
     </span>
    </p>
   </div>
   <div class='ocr_carea' id='block_1_5' title="bbox 236 247 3546 326">
    <p class='ocr_par' dir='ltr' id='par_1_5' title="bbox 236 247 3546 326">
     <span class='ocr_line' id='line_1_5' title="bbox 236 247 3546 326; baseline 0.002 -19"><span class='ocrx_word' id='word_1_13' title='bbox 236 247 606 323; x_wconf 74' lang='lat' dir='ltr'><strong>Ammonitte(</strong></span> <span class='ocrx_word' id='word_1_14' title='bbox 624 247 761 305; x_wconf 86' lang='lat' dir='ltr'><strong>Deut</strong></span> <span class='ocrx_word' id='word_1_15' title='bbox 789 248 1104 325; x_wconf 79' lang='lat' dir='ltr'><strong>xxnt),non</strong></span> <span class='ocrx_word' id='word_1_16' title='bbox 1126 251 1504 323; x_wconf 87' lang='lat' dir='ltr'><strong>ingrediuntur</strong></span> <span class='ocrx_word' id='word_1_17' title='bbox 1522 251 1828 308; x_wconf 85' lang='lat' dir='ltr'><strong>Eeclesiam</strong></span> <span class='ocrx_word' id='word_1_18' title='bbox 1855 254 1906 316; x_wconf 79' lang='grc' dir='ltr'>Α</span> <span class='ocrx_word' id='word_1_19' title='bbox 1935 251 2134 321; x_wconf 67' lang='grc' dir='ltr'>ιιιωιιε,</span> <span class='ocrx_word' id='word_1_20' title='bbox 2191 269 2358 325; x_wconf 86' lang='lat' dir='ltr'><strong>quem</strong></span> <span class='ocrx_word' id='word_1_21' title='bbox 2409 251 2731 326; x_wconf 77' lang='lat' dir='ltr'><strong>disperdidit</strong></span> <span class='ocrx_word' id='word_1_22' title='bbox 2784 252 3050 311; x_wconf 81' lang='lat' dir='ltr'><strong>Dominus</strong></span> <span class='ocrx_word' id='word_1_23' title='bbox 3079 269 3111 312; x_wconf 90' lang='lat' dir='ltr'><strong>a</strong></span> <span class='ocrx_word' id='word_1_24' title='bbox 3137 255 3280 314; x_wconf 78' lang='lat' dir='ltr'><strong>facie</strong></span> <span class='ocrx_word' id='word_1_25' title='bbox 3309 257 3546 322; x_wconf 77' lang='lat' dir='ltr'><strong>ﬁliorum</strong></span> 
     </span>
    </p>
   </div>
   <div class='ocr_carea' id='block_1_6' title="bbox 235 343 1836 420">
    <p class='ocr_par' dir='ltr' id='par_1_6' title="bbox 235 343 1836 420">
     <span class='ocr_line' id='line_1_6' title="bbox 235 343 1836 420; baseline 0.001 -20"><span class='ocrx_word' id='word_1_26' title='bbox 235 346 403 420; x_wconf 77' lang='lat'><strong>379</strong></span> <span class='ocrx_word' id='word_1_27' title='bbox 425 344 670 413; x_wconf 87' lang='lat' dir='ltr'><strong>Domini,</strong></span> <span class='ocrx_word' id='word_1_28' title='bbox 701 357 874 414; x_wconf 89' lang='lat' dir='ltr'><strong>usque</strong></span> <span class='ocrx_word' id='word_1_29' title='bbox 905 343 971 399; x_wconf 90' lang='lat' dir='ltr'><strong>ad</strong></span> <span class='ocrx_word' id='word_1_30' title='bbox 1001 345 1245 415; x_wconf 77' lang='lat' dir='ltr'><strong>quintam</strong></span> <span class='ocrx_word' id='word_1_31' title='bbox 1275 351 1332 400; x_wconf 89' lang='lat' dir='ltr'><strong>et</strong></span> <span class='ocrx_word' id='word_1_32' title='bbox 1370 343 1636 400; x_wconf 85' lang='lat' dir='ltr'><strong>decimam</strong></span> <span class='ocrx_word' id='word_1_33' title='bbox 1667 361 1836 417; x_wconf 86' lang='lat' dir='ltr'><strong>gene-</strong></span> 
     </span>
    </p>
   </div>
   <div class='ocr_carea' id='block_1_7' title="bbox 233 436 1834 508">
    <p class='ocr_par' dir='ltr' id='par_1_7' title="bbox 233 436 1834 508">
     <span class='ocr_line' id='line_1_7' title="bbox 233 436 1834 508; baseline 0.001 -15"><span class='ocrx_word' id='word_1_34' title='bbox 233 438 545 502; x_wconf 85' lang='lat' dir='ltr'><strong>rationem,</strong></span> <span class='ocrx_word' id='word_1_35' title='bbox 584 445 642 492; x_wconf 89' lang='lat' dir='ltr'><strong>et</strong></span> <span class='ocrx_word' id='word_1_36' title='bbox 671 448 847 508; x_wconf 89' lang='lat' dir='ltr'><strong>usque</strong></span> <span class='ocrx_word' id='word_1_37' title='bbox 879 436 932 490; x_wconf 91' lang='lat' dir='ltr'><strong>in</strong></span> <span class='ocrx_word' id='word_1_38' title='bbox 969 437 1225 492; x_wconf 67' lang='lat' dir='ltr'><strong>saeculum</strong></span> <span class='ocrx_word' id='word_1_39' title='bbox 1260 455 1274 492; x_wconf 87' lang='lat'><strong>:</strong></span> <span class='ocrx_word' id='word_1_40' title='bbox 1306 437 1440 506; x_wconf 91' lang='lat' dir='ltr'><strong>Quia</strong></span> <span class='ocrx_word' id='word_1_41' title='bbox 1487 437 1666 493; x_wconf 88' lang='lat' dir='ltr'><strong>omnis</strong></span> <span class='ocrx_word' id='word_1_42' title='bbox 1697 438 1834 494; x_wconf 87' lang='lat' dir='ltr'><strong>dura</strong></span> 
     </span>
    </p>
   </div>
   <div class='ocr_carea' id='block_1_8' title="bbox 235 525 1836 598">
    <p class='ocr_par' dir='ltr' id='par_1_8' title="bbox 235 525 1836 598">
     <span class='ocr_line' id='line_1_8' title="bbox 235 525 1836 598; baseline 0 -12"><span class='ocrx_word' id='word_1_43' title='bbox 235 529 480 586; x_wconf 89' lang='lat' dir='ltr'><strong>conditio</strong></span> <span class='ocrx_word' id='word_1_44' title='bbox 504 525 724 586; x_wconf 77' lang='lat' dir='ltr'><strong>Jubihei</strong></span> <span class='ocrx_word' id='word_1_45' title='bbox 763 527 1085 585; x_wconf 74' lang='lat' dir='ltr'><strong>solvebatur</strong></span> <span class='ocrx_word' id='word_1_46' title='bbox 1107 528 1364 584; x_wconf 89' lang='lat' dir='ltr'><strong>adventu.</strong></span> <span class='ocrx_word' id='word_1_47' title='bbox 1395 527 1625 598; x_wconf 84' lang='lat' dir='ltr'><strong>Quidam</strong></span> <span class='ocrx_word' id='word_1_48' title='bbox 1648 529 1836 586; x_wconf 88' lang='lat' dir='ltr'><strong>dicunt</strong></span> 
     </span>
    </p>
   </div>
   <div class='ocr_carea' id='block_1_9' title="bbox 236 622 1832 695">
    <p class='ocr_par' dir='ltr' id='par_1_9' title="bbox 236 622 1832 695">
     <span class='ocr_line' id='line_1_9' title="bbox 236 622 1832 695; baseline 0 -16"><span class='ocrx_word' id='word_1_49' title='bbox 236 624 488 680; x_wconf 89' lang='lat' dir='ltr'><strong>eumdem</strong></span> <span class='ocrx_word' id='word_1_50' title='bbox 517 637 641 680; x_wconf 89' lang='lat' dir='ltr'><strong>esse</strong></span> <span class='ocrx_word' id='word_1_51' title='bbox 675 633 896 679; x_wconf 85' lang='lat' dir='ltr'><strong>sensum</strong></span> <span class='ocrx_word' id='word_1_52' title='bbox 927 622 981 678; x_wconf 91' lang='lat' dir='ltr'><strong>lu</strong></span> <span class='ocrx_word' id='word_1_53' title='bbox 1009 622 1231 679; x_wconf 68' lang='lat' dir='ltr'><strong>smculis</strong></span> <span class='ocrx_word' id='word_1_54' title='bbox 1259 623 1584 679; x_wconf 60' lang='lat' dir='ltr'><strong>surculorum</strong></span> <span class='ocrx_word' id='word_1_55' title='bbox 1610 665 1626 691; x_wconf 93' lang='lat'><strong>,</strong></span> <span class='ocrx_word' id='word_1_56' title='bbox 1673 639 1832 695; x_wconf 86' lang='lat' dir='ltr'><strong>quem</strong></span> 
     </span>
    </p>
   </div>
   <div class='ocr_carea' id='block_1_10' title="bbox 235 713 1835 786">
    <p class='ocr_par' dir='ltr' id='par_1_10' title="bbox 235 713 1835 786">
     <span class='ocr_line' id='line_1_10' title="bbox 235 713 1835 786; baseline 0.001 -16"><span class='ocrx_word' id='word_1_57' title='bbox 235 716 291 772; x_wconf 89' lang='lat' dir='ltr'><strong>in</strong></span> <span class='ocrx_word' id='word_1_58' title='bbox 320 715 525 772; x_wconf 78' lang='lat' dir='ltr'><strong>sanctis</strong></span> <span class='ocrx_word' id='word_1_59' title='bbox 565 725 900 781; x_wconf 88' lang='lat' dir='ltr'><strong>sanctorum,</strong></span> <span class='ocrx_word' id='word_1_60' title='bbox 931 715 984 770; x_wconf 92' lang='lat' dir='ltr'><strong>in</strong></span> <span class='ocrx_word' id='word_1_61' title='bbox 1005 714 1164 770; x_wconf 69' lang='lat' dir='ltr'><strong>caelis</strong></span> <span class='ocrx_word' id='word_1_62' title='bbox 1186 713 1475 782; x_wconf 80' lang='lat' dir='ltr'><strong>ccelorum,</strong></span> <span class='ocrx_word' id='word_1_63' title='bbox 1497 715 1552 770; x_wconf 90' lang='lat' dir='ltr'><strong>in</strong></span> <span class='ocrx_word' id='word_1_64' title='bbox 1577 715 1835 786; x_wconf 81' lang='lat' dir='ltr'><strong>operibus</strong></span> 
     </span>
    </p>
   </div>
   <div class='ocr_carea' id='block_1_11' title="bbox 234 807 1838 882">
    <p class='ocr_par' dir='ltr' id='par_1_11' title="bbox 234 807 1838 882">
     <span class='ocr_line' id='line_1_11' title="bbox 234 807 1838 882; baseline 0.001 -18"><span class='ocrx_word' id='word_1_65' title='bbox 234 825 462 879; x_wconf 84' lang='lat' dir='ltr'><strong>operum</strong></span> <span class='ocrx_word' id='word_1_66' title='bbox 489 853 505 876; x_wconf 86' lang='lat'><strong>,</strong></span> <span class='ocrx_word' id='word_1_67' title='bbox 562 811 616 865; x_wconf 91' lang='lat' dir='ltr'><strong>in</strong></span> <span class='ocrx_word' id='word_1_68' title='bbox 656 807 897 865; x_wconf 78' lang='lat' dir='ltr'><strong>Canticis</strong></span> <span class='ocrx_word' id='word_1_69' title='bbox 925 809 1266 865; x_wconf 88' lang='lat' dir='ltr'><strong>canticorum</strong></span> <span class='ocrx_word' id='word_1_70' title='bbox 1293 827 1306 863; x_wconf 93' lang='lat'><strong>:</strong></span> <span class='ocrx_word' id='word_1_71' title='bbox 1351 819 1406 865; x_wconf 90' lang='lat' dir='ltr'><strong>et</strong></span> <span class='ocrx_word' id='word_1_72' title='bbox 1439 823 1601 882; x_wconf 87' lang='lat' dir='ltr'><strong>quam</strong></span> <span class='ocrx_word' id='word_1_73' title='bbox 1634 809 1838 866; x_wconf 84' lang='lat' dir='ltr'><strong>habent</strong></span> 
     </span>
    </p>
   </div>
   <div class='ocr_carea' id='block_1_12' title="bbox 236 899 1832 974">
    <p class='ocr_par' dir='ltr' id='par_1_12' title="bbox 236 899 1832 974">
     <span class='ocr_line' id='line_1_12' title="bbox 236 899 1832 974; baseline -0.001 -17"><span class='ocrx_word' id='word_1_74' title='bbox 236 899 602 959; x_wconf 77' lang='lat' dir='ltr'><strong>diﬂ&#39;erentiam</strong></span> <span class='ocrx_word' id='word_1_75' title='bbox 620 901 743 958; x_wconf 72' lang='grc' dir='ltr'><strong>εωιί</strong></span> <span class='ocrx_word' id='word_1_76' title='bbox 763 901 832 957; x_wconf 87' lang='lat' dir='ltr'><strong>ad</strong></span> <span class='ocrx_word' id='word_1_77' title='bbox 849 915 964 968; x_wconf 89' lang='lat' dir='ltr'><strong>eos,</strong></span> <span class='ocrx_word' id='word_1_78' title='bbox 989 916 1220 974; x_wconf 88' lang='lat' dir='ltr'><strong>quorum</strong></span> <span class='ocrx_word' id='word_1_79' title='bbox 1242 901 1368 959; x_wconf 63' lang='grc' dir='ltr'>ειειὶ</span> <span class='ocrx_word' id='word_1_80' title='bbox 1387 911 1536 972; x_wconf 84' lang='lat' dir='ltr'><strong>sunt,</strong></span> <span class='ocrx_word' id='word_1_81' title='bbox 1553 906 1608 958; x_wconf 87' lang='lat' dir='ltr'><strong>et</strong></span> <span class='ocrx_word' id='word_1_82' title='bbox 1625 915 1832 970; x_wconf 88' lang='lat' dir='ltr'><strong>sancta,</strong></span> 
     </span>
    </p>
   </div>
   <div class='ocr_carea' id='block_1_13' title="bbox 237 993 1838 1068">
    <p class='ocr_par' dir='ltr' id='par_1_13' title="bbox 237 993 1838 1068">
     <span class='ocr_line' id='line_1_13' title="bbox 237 993 1838 1068; baseline -0.001 -18"><span class='ocrx_word' id='word_1_83' title='bbox 237 1011 364 1068; x_wconf 63' lang='lat' dir='ltr'><strong>quae</strong></span> <span class='ocrx_word' id='word_1_84' title='bbox 408 1004 722 1052; x_wconf 87' lang='lat' dir='ltr'><strong>sanctorum</strong></span> <span class='ocrx_word' id='word_1_85' title='bbox 765 993 1174 1065; x_wconf 85' lang='lat' dir='ltr'><strong>comparatione</strong></span> <span class='ocrx_word' id='word_1_86' title='bbox 1235 1003 1360 1050; x_wconf 91' lang='lat' dir='ltr'><strong>sunt</strong></span> <span class='ocrx_word' id='word_1_87' title='bbox 1417 997 1692 1051; x_wconf 84' lang='lat' dir='ltr'><strong>sanctiora</strong></span> <span class='ocrx_word' id='word_1_88' title='bbox 1719 1039 1734 1060; x_wconf 88' lang='lat'><strong>,</strong></span> <span class='ocrx_word' id='word_1_89' title='bbox 1783 1001 1838 1050; x_wconf 86' lang='lat' dir='ltr'><strong>et</strong></span> 
     </span>
    </p>
   </div>
   <div class='ocr_carea' id='block_1_14' title="bbox 237 1077 1839 1159">
    <p class='ocr_par' dir='ltr' id='par_1_14' title="bbox 237 1077 1839 1159">
     <span class='ocr_line' id='line_1_14' title="bbox 237 1077 1839 1159; baseline 0 -17"><span class='ocrx_word' id='word_1_90' title='bbox 237 1103 432 1159; x_wconf 83' lang='lat' dir='ltr'><strong>opera,</strong></span> <span class='ocrx_word' id='word_1_91' title='bbox 462 1103 585 1159; x_wconf 70' lang='lat' dir='ltr'><strong>qum</strong></span> <span class='ocrx_word' id='word_1_92' title='bbox 611 1101 831 1159; x_wconf 87' lang='lat' dir='ltr'><strong>operum</strong></span> <span class='ocrx_word' id='word_1_93' title='bbox 859 1086 1179 1158; x_wconf 84' lang='lat' dir='ltr'><strong>praelatione</strong></span> <span class='ocrx_word' id='word_1_94' title='bbox 1202 1077 1429 1143; x_wconf 77' lang='lat' dir='ltr'><strong>meliora</strong></span> <span class='ocrx_word' id='word_1_95' title='bbox 1450 1098 1598 1156; x_wconf 90' lang='lat' dir='ltr'><strong>sunt,</strong></span> <span class='ocrx_word' id='word_1_96' title='bbox 1621 1095 1678 1142; x_wconf 87' lang='lat' dir='ltr'><strong>et</strong></span> <span class='ocrx_word' id='word_1_97' title='bbox 1697 1084 1839 1142; x_wconf 90' lang='lat' dir='ltr'><strong>Cau-</strong></span> 
     </span>
    </p>
   </div>
   <div class='ocr_carea' id='block_1_15' title="bbox 239 1179 1838 1253">
    <p class='ocr_par' dir='ltr' id='par_1_15' title="bbox 239 1179 1838 1253">
     <span class='ocr_line' id='line_1_15' title="bbox 239 1179 1838 1253; baseline -0.003 -15"><span class='ocrx_word' id='word_1_98' title='bbox 239 1183 344 1238; x_wconf 89' lang='lat' dir='ltr'><strong>tica</strong></span> <span class='ocrx_word' id='word_1_99' title='bbox 367 1223 382 1248; x_wconf 91' lang='lat'><strong>,</strong></span> <span class='ocrx_word' id='word_1_100' title='bbox 429 1197 551 1253; x_wconf 73' lang='lat' dir='ltr'><strong>qua:</strong></span> <span class='ocrx_word' id='word_1_101' title='bbox 583 1182 721 1236; x_wconf 88' lang='lat' dir='ltr'><strong>inter</strong></span> <span class='ocrx_word' id='word_1_102' title='bbox 749 1179 975 1236; x_wconf 85' lang='lat' dir='ltr'><strong>Cantica</strong></span> <span class='ocrx_word' id='word_1_103' title='bbox 1005 1179 1256 1235; x_wconf 86' lang='lat' dir='ltr'><strong>universa</strong></span> <span class='ocrx_word' id='word_1_104' title='bbox 1286 1180 1610 1250; x_wconf 70' lang='lat' dir='ltr'><strong>prrecellunt</strong></span> <span class='ocrx_word' id='word_1_105' title='bbox 1642 1199 1657 1235; x_wconf 92' lang='lat'><strong>:</strong></span> <span class='ocrx_word' id='word_1_106' title='bbox 1691 1194 1838 1234; x_wconf 85' lang='lat' dir='ltr'><strong>eam-</strong></span> 
     </span>
    </p>
   </div>
   <div class='ocr_carea' id='block_1_16' title="bbox 237 1273 1838 1344">
    <p class='ocr_par' dir='ltr' id='par_1_16' title="bbox 237 1273 1838 1344">
     <span class='ocr_line' id='line_1_16' title="bbox 237 1273 1838 1344; baseline -0.001 -12"><span class='ocrx_word' id='word_1_107' title='bbox 237 1276 362 1332; x_wconf 86' lang='lat' dir='ltr'><strong>dam</strong></span> <span class='ocrx_word' id='word_1_108' title='bbox 394 1275 598 1332; x_wconf 84' lang='lat' dir='ltr'><strong>habere</strong></span> <span class='ocrx_word' id='word_1_109' title='bbox 623 1286 678 1333; x_wconf 87' lang='lat' dir='ltr'><strong>et</strong></span> <span class='ocrx_word' id='word_1_110' title='bbox 706 1275 966 1333; x_wconf 58' lang='lat' dir='ltr'><strong>sacculum</strong></span> <span class='ocrx_word' id='word_1_111' title='bbox 993 1318 1008 1344; x_wconf 92' lang='lat'><strong>,</strong></span> <span class='ocrx_word' id='word_1_112' title='bbox 1040 1291 1160 1344; x_wconf 64' lang='lat' dir='ltr'><strong>qua)</strong></span> <span class='ocrx_word' id='word_1_113' title='bbox 1189 1275 1521 1330; x_wconf 76' lang='lat' dir='ltr'><strong>saeculorum</strong></span> <span class='ocrx_word' id='word_1_114' title='bbox 1545 1273 1838 1330; x_wconf 85' lang='lat' dir='ltr'><strong>collatione</strong></span> 
     </span>
    </p>
   </div>
   <div class='ocr_carea' id='block_1_17' title="bbox 236 1367 1834 1440">
    <p class='ocr_par' dir='ltr' id='par_1_17' title="bbox 236 1367 1834 1440">
     <span class='ocr_line' id='line_1_17' title="bbox 236 1367 1834 1440; baseline -0.002 -15"><span class='ocrx_word' id='word_1_115' title='bbox 236 1379 361 1426; x_wconf 89' lang='lat' dir='ltr'><strong>sunt</strong></span> <span class='ocrx_word' id='word_1_116' title='bbox 384 1369 612 1426; x_wconf 60' lang='lat' dir='ltr'><strong>sareula.</strong></span> <span class='ocrx_word' id='word_1_117' title='bbox 636 1367 888 1425; x_wconf 82' lang='lat' dir='ltr'><strong>Praesens</strong></span> <span class='ocrx_word' id='word_1_118' title='bbox 915 1367 1102 1440; x_wconf 86' lang='lat' dir='ltr'><strong>itaque</strong></span> <span class='ocrx_word' id='word_1_119' title='bbox 1124 1367 1384 1424; x_wconf 69' lang='lat' dir='ltr'><strong>sacculum</strong></span> <span class='ocrx_word' id='word_1_120' title='bbox 1408 1367 1480 1422; x_wconf 89' lang='lat' dir='ltr'><strong>ita</strong></span> <span class='ocrx_word' id='word_1_121' title='bbox 1503 1367 1834 1434; x_wconf 88' lang='lat' dir='ltr'><strong>cdisserunt,</strong></span> 
     </span>
    </p>
   </div>
   <div class='ocr_carea' id='block_1_18' title="bbox 233 1459 1836 1531">
    <p class='ocr_par' dir='ltr' id='par_1_18' title="bbox 233 1459 1836 1531">
     <span class='ocr_line' id='line_1_18' title="bbox 233 1459 1836 1531; baseline -0.002 -12"><span class='ocrx_word' id='word_1_122' title='bbox 233 1471 300 1519; x_wconf 90' lang='lat' dir='ltr'><strong>ut</strong></span> <span class='ocrx_word' id='word_1_123' title='bbox 330 1459 516 1517; x_wconf 89' lang='lat' dir='ltr'><strong>dicant</strong></span> <span class='ocrx_word' id='word_1_124' title='bbox 551 1475 620 1518; x_wconf 84' lang='lat' dir='ltr'><strong>ex</strong></span> <span class='ocrx_word' id='word_1_125' title='bbox 653 1475 720 1516; x_wconf 91' lang='lat' dir='ltr'><strong>eo</strong></span> <span class='ocrx_word' id='word_1_126' title='bbox 761 1471 1012 1531; x_wconf 88' lang='lat' dir='ltr'><strong>tempore</strong></span> <span class='ocrx_word' id='word_1_127' title='bbox 1060 1459 1191 1516; x_wconf 90' lang='lat' dir='ltr'><strong>illud</strong></span> <span class='ocrx_word' id='word_1_128' title='bbox 1223 1475 1348 1516; x_wconf 88' lang='lat' dir='ltr'><strong>esse</strong></span> <span class='ocrx_word' id='word_1_129' title='bbox 1395 1459 1796 1516; x_wconf 89' lang='lat' dir='ltr'><strong>numerandum</strong></span> <span class='ocrx_word' id='word_1_130' title='bbox 1818 1501 1836 1530; x_wconf 91' lang='lat'><strong>,</strong></span> 
     </span>
    </p>
   </div>
   <div class='ocr_carea' id='block_1_19' title="bbox 235 1553 1837 1626">
    <p class='ocr_par' dir='ltr' id='par_1_19' title="bbox 235 1553 1837 1626">
     <span class='ocr_line' id='line_1_19' title="bbox 235 1553 1837 1626; baseline -0.001 -17"><span class='ocrx_word' id='word_1_131' title='bbox 235 1568 303 1609; x_wconf 80' lang='lat' dir='ltr'><strong>ex</strong></span> <span class='ocrx_word' id='word_1_132' title='bbox 327 1567 435 1626; x_wconf 89' lang='lat' dir='ltr'><strong>quo</strong></span> <span class='ocrx_word' id='word_1_133' title='bbox 454 1553 654 1610; x_wconf 65' lang='lat' dir='ltr'><strong>caelum</strong></span> <span class='ocrx_word' id='word_1_134' title='bbox 672 1562 728 1608; x_wconf 90' lang='lat' dir='ltr'><strong>et</strong></span> <span class='ocrx_word' id='word_1_135' title='bbox 757 1560 900 1608; x_wconf 89' lang='lat' dir='ltr'><strong>terra</strong></span> <span class='ocrx_word' id='word_1_136' title='bbox 924 1560 1050 1608; x_wconf 89' lang='lat' dir='ltr'><strong>sunt</strong></span> <span class='ocrx_word' id='word_1_137' title='bbox 1075 1553 1314 1618; x_wconf 87' lang='lat' dir='ltr'><strong>condita,</strong></span> <span class='ocrx_word' id='word_1_138' title='bbox 1339 1563 1392 1607; x_wconf 91' lang='lat' dir='ltr'><strong>et</strong></span> <span class='ocrx_word' id='word_1_139' title='bbox 1414 1567 1640 1608; x_wconf 89' lang='lat' dir='ltr'><strong>currere</strong></span> <span class='ocrx_word' id='word_1_140' title='bbox 1667 1567 1837 1622; x_wconf 89' lang='lat' dir='ltr'><strong>usque</strong></span> 
     </span>
    </p>
   </div>
   <div class='ocr_carea' id='block_1_20' title="bbox 1939 343 3548 422">
    <p class='ocr_par' dir='ltr' id='par_1_20' title="bbox 1939 343 3548 422">
     <span class='ocr_line' id='line_1_20' title="bbox 1939 343 3548 422; baseline 0.005 -23"><span class='ocrx_word' id='word_1_141' title='bbox 1939 343 2120 402; x_wconf 88' lang='lat' dir='ltr'><strong>fsrael.</strong></span> <span class='ocrx_word' id='word_1_142' title='bbox 2153 345 2260 403; x_wconf 87' lang='lat' dir='ltr'><strong>Sed</strong></span> <span class='ocrx_word' id='word_1_143' title='bbox 2288 362 2410 403; x_wconf 91' lang='lat' dir='ltr'><strong>cum</strong></span> <span class='ocrx_word' id='word_1_144' title='bbox 2442 348 2514 402; x_wconf 88' lang='lat' dir='ltr'><strong>sit</strong></span> <span class='ocrx_word' id='word_1_145' title='bbox 2543 356 2772 418; x_wconf 89' lang='lat' dir='ltr'><strong>utraque</strong></span> <span class='ocrx_word' id='word_1_146' title='bbox 2806 347 3110 420; x_wconf 90' lang='lat' dir='ltr'><strong>translatio,</strong></span> <span class='ocrx_word' id='word_1_147' title='bbox 3157 348 3252 406; x_wconf 86' lang='lat' dir='ltr'><strong>illa</strong></span> <span class='ocrx_word' id='word_1_148' title='bbox 3298 351 3394 407; x_wconf 82' lang='lat' dir='ltr'><strong>Dei</strong></span> <span class='ocrx_word' id='word_1_149' title='bbox 3440 361 3548 422; x_wconf 88' lang='lat' dir='ltr'><strong>est,</strong></span> 
     </span>
    </p>
   </div>
   <div class='ocr_carea' id='block_1_21' title="bbox 1938 433 3547 513">
    <p class='ocr_par' dir='ltr' id='par_1_21' title="bbox 1938 433 3547 513">
     <span class='ocr_line' id='line_1_21' title="bbox 1938 433 3547 513; baseline 0.006 -21"><span class='ocrx_word' id='word_1_150' title='bbox 1938 438 2054 494; x_wconf 59' lang='lat' dir='ltr'><strong>hsce</strong></span> <span class='ocrx_word' id='word_1_151' title='bbox 2081 438 2309 494; x_wconf 88' lang='lat' dir='ltr'><strong>diaboli.</strong></span> <span class='ocrx_word' id='word_1_152' title='bbox 2343 439 2446 510; x_wconf 88' lang='lat' dir='ltr'><strong>Qui</strong></span> <span class='ocrx_word' id='word_1_153' title='bbox 2479 439 2808 496; x_wconf 82' lang='lat' dir='ltr'><strong>transfertur</strong></span> <span class='ocrx_word' id='word_1_154' title='bbox 2851 455 2882 496; x_wconf 92' lang='lat' dir='ltr'><strong>a</strong></span> <span class='ocrx_word' id='word_1_155' title='bbox 2930 437 3062 510; x_wconf 88' lang='lat' dir='ltr'><strong>Deo,</strong></span> <span class='ocrx_word' id='word_1_156' title='bbox 3114 456 3221 498; x_wconf 90' lang='lat' dir='ltr'><strong>non</strong></span> <span class='ocrx_word' id='word_1_157' title='bbox 3269 433 3547 513; x_wconf 84' lang='lat' dir='ltr'><strong>invenitur</strong></span> 
     </span>
    </p>
   </div>
   <div class='ocr_carea' id='block_1_22' title="bbox 1937 531 3544 608">
    <p class='ocr_par' dir='ltr' id='par_1_22' title="bbox 1937 531 3544 608">
     <span class='ocr_line' id='line_1_22' title="bbox 1937 531 3544 608; baseline 0.006 -21"><span class='ocrx_word' id='word_1_158' title='bbox 1937 531 2005 587; x_wconf 91' lang='lat' dir='ltr'><strong>ab</strong></span> <span class='ocrx_word' id='word_1_159' title='bbox 2037 531 2272 589; x_wconf 87' lang='lat' dir='ltr'><strong>inimicis</strong></span> <span class='ocrx_word' id='word_1_160' title='bbox 2299 534 2447 589; x_wconf 85' lang='lat' dir='ltr'><strong>suis:</strong></span> <span class='ocrx_word' id='word_1_161' title='bbox 2483 537 2584 590; x_wconf 84' lang='lat' dir='ltr'><strong>‘nec</strong></span> <span class='ocrx_word' id='word_1_162' title='bbox 2611 533 2662 590; x_wconf 91' lang='lat' dir='ltr'><strong>ei</strong></span> <span class='ocrx_word' id='word_1_163' title='bbox 2695 544 2874 604; x_wconf 86' lang='lat' dir='ltr'><strong>potest</strong></span> <span class='ocrx_word' id='word_1_164' title='bbox 2901 532 3197 592; x_wconf 84' lang='lat' dir='ltr'><strong>insidiator</strong></span> <span class='ocrx_word' id='word_1_165' title='bbox 3247 536 3544 608; x_wconf 79' lang='lat' dir='ltr'><strong>obrepere.</strong></span> 
     </span>
    </p>
   </div>
   <div class='ocr_carea' id='block_1_23' title="bbox 1937 621 3546 700">
    <p class='ocr_par' dir='ltr' id='par_1_23' title="bbox 1937 621 3546 700">
     <span class='ocr_line' id='line_1_23' title="bbox 1937 621 3546 700; baseline 0.007 -19"><span class='ocrx_word' id='word_1_166' title='bbox 1937 623 2053 682; x_wconf 85' lang='lat' dir='ltr'><strong>lloc</strong></span> <span class='ocrx_word' id='word_1_167' title='bbox 2079 627 2278 698; x_wconf 87' lang='lat' dir='ltr'><strong>quippe</strong></span> <span class='ocrx_word' id='word_1_168' title='bbox 2301 621 2608 700; x_wconf 79' lang='lat' dir='ltr'><strong>significare</strong></span> <span class='ocrx_word' id='word_1_169' title='bbox 2631 627 2863 696; x_wconf 76' lang='lat' dir='ltr'><strong>aestimo,</strong></span> <span class='ocrx_word' id='word_1_170' title='bbox 2915 639 2966 684; x_wconf 88' lang='lat' dir='ltr'><strong>et</strong></span> <span class='ocrx_word' id='word_1_171' title='bbox 3012 646 3118 684; x_wconf 83' lang='lat' dir='ltr'><strong>non</strong></span> <span class='ocrx_word' id='word_1_172' title='bbox 3163 629 3546 698; x_wconf 72' lang='lat' dir='ltr'><strong>inveniebatur.</strong></span> 
     </span>
    </p>
   </div>
   <div class='ocr_carea' id='block_1_24' title="bbox 1937 719 3552 790">
    <p class='ocr_par' dir='ltr' id='par_1_24' title="bbox 1937 719 3552 790">
     <span class='ocr_line' id='line_1_24' title="bbox 1937 719 3552 790; baseline 0.008 -16"><span class='ocrx_word' id='word_1_173' title='bbox 1937 719 2036 788; x_wconf 90' lang='lat' dir='ltr'><strong>Qui</strong></span> <span class='ocrx_word' id='word_1_174' title='bbox 2085 736 2218 778; x_wconf 86' lang='lat' dir='ltr'><strong>vero</strong></span> <span class='ocrx_word' id='word_1_175' title='bbox 2269 721 2602 779; x_wconf 85' lang='lat' dir='ltr'><strong>transfertur</strong></span> <span class='ocrx_word' id='word_1_176' title='bbox 2645 735 2674 778; x_wconf 89' lang='lat' dir='ltr'><strong>a</strong></span> <span class='ocrx_word' id='word_1_177' title='bbox 2719 721 2964 790; x_wconf 82' lang='lat' dir='ltr'><strong>diabolo,</strong></span> <span class='ocrx_word' id='word_1_178' title='bbox 2995 720 3048 782; x_wconf 88' lang='lat' dir='ltr'><strong>in</strong></span> <span class='ocrx_word' id='word_1_179' title='bbox 3081 719 3187 780; x_wconf 88' lang='lat' dir='ltr'><strong>hoc</strong></span> <span class='ocrx_word' id='word_1_180' title='bbox 3216 727 3552 787; x_wconf 78' lang='lat' dir='ltr'><strong>transfertur</strong></span> 
     </span>
    </p>
   </div>
   <div class='ocr_carea' id='block_1_25' title="bbox 1938 811 3546 894">
    <p class='ocr_par' dir='ltr' id='par_1_25' title="bbox 1938 811 3546 894">
     <span class='ocr_line' id='line_1_25' title="bbox 1938 811 3546 894; baseline 0.01 -30"><span class='ocrx_word' id='word_1_181' title='bbox 1938 811 2078 884; x_wconf 87' lang='lat' dir='ltr'><strong>quod</strong></span> <span class='ocrx_word' id='word_1_182' title='bbox 2109 815 2326 871; x_wconf 83' lang='lat' dir='ltr'><strong>videtur</strong></span> <span class='ocrx_word' id='word_1_183' title='bbox 2353 829 2498 884; x_wconf 88' lang='lat' dir='ltr'><strong>esse,</strong></span> <span class='ocrx_word' id='word_1_184' title='bbox 2531 814 2628 871; x_wconf 90' lang='lat' dir='ltr'><strong>sed</strong></span> <span class='ocrx_word' id='word_1_185' title='bbox 2676 831 2787 872; x_wconf 91' lang='lat' dir='ltr'><strong>non</strong></span> <span class='ocrx_word' id='word_1_186' title='bbox 2833 825 2938 872; x_wconf 88' lang='lat' dir='ltr'><strong>est.</strong></span> <span class='ocrx_word' id='word_1_187' title='bbox 2989 815 3278 890; x_wconf 80' lang='lat' dir='ltr'><strong>Sapientes</strong></span> <span class='ocrx_word' id='word_1_188' title='bbox 3325 835 3546 894; x_wconf 89' lang='lat' dir='ltr'><strong>quoque</strong></span> 
     </span>
    </p>
   </div>
   <div class='ocr_carea' id='block_1_26' title="bbox 1937 905 3543 988">
    <p class='ocr_par' dir='ltr' id='par_1_26' title="bbox 1937 905 3543 988">
     <span class='ocr_line' id='line_1_26' title="bbox 1937 905 3543 988; baseline 0.006 -29"><span class='ocrx_word' id='word_1_189' title='bbox 1937 905 2120 960; x_wconf 81' lang='lat' dir='ltr'><strong>s:eculi</strong></span> <span class='ocrx_word' id='word_1_190' title='bbox 2143 921 2240 962; x_wconf 83' lang='lat' dir='ltr'><strong>eos</strong></span> <span class='ocrx_word' id='word_1_191' title='bbox 2260 905 2352 978; x_wconf 86' lang='lat' dir='ltr'><strong>qui</strong></span> <span class='ocrx_word' id='word_1_192' title='bbox 2374 907 2444 963; x_wconf 91' lang='lat' dir='ltr'><strong>de</strong></span> <span class='ocrx_word' id='word_1_193' title='bbox 2465 907 2724 978; x_wconf 83' lang='lat' dir='ltr'><strong>dogmate</strong></span> <span class='ocrx_word' id='word_1_194' title='bbox 2749 907 3156 964; x_wconf 85' lang='lat' dir='ltr'><strong>transferuntur</strong></span> <span class='ocrx_word' id='word_1_195' title='bbox 3181 909 3248 966; x_wconf 90' lang='lat' dir='ltr'><strong>ad</strong></span> <span class='ocrx_word' id='word_1_196' title='bbox 3271 907 3302 951; x_wconf 69' lang='grc' dir='ltr'>ι’</span> <span class='ocrx_word' id='word_1_197' title='bbox 3323 911 3543 988; x_wconf 81' lang='lat' dir='ltr'><strong>dogma,</strong></span> 
     </span>
    </p>
   </div>
   <div class='ocr_carea' id='block_1_27' title="bbox 1937 997 3546 1076">
    <p class='ocr_par' dir='ltr' id='par_1_27' title="bbox 1937 997 3546 1076">
     <span class='ocr_line' id='line_1_27' title="bbox 1937 997 3546 1076; baseline 0.01 -28"><span class='ocrx_word' id='word_1_198' title='bbox 1937 997 2214 1054; x_wconf 86' lang='lat' dir='ltr'><strong>translatos</strong></span> <span class='ocrx_word' id='word_1_199' title='bbox 2239 1010 2458 1068; x_wconf 83' lang='lat' dir='ltr'><strong>vocant,</strong></span> <span class='ocrx_word' id='word_1_200' title='bbox 2493 1008 2552 1056; x_wconf 91' lang='lat' dir='ltr'><strong>ut</strong></span> <span class='ocrx_word' id='word_1_201' title='bbox 2580 997 2880 1072; x_wconf 75' lang='lat' dir='ltr'><strong>Dionysius</strong></span> <span class='ocrx_word' id='word_1_202' title='bbox 2906 1001 2996 1056; x_wconf 87' lang='lat' dir='ltr'><strong>ille</strong></span> <span class='ocrx_word' id='word_1_203' title='bbox 3032 1001 3226 1076; x_wconf 85' lang='lat' dir='ltr'><strong>(cujus</strong></span> <span class='ocrx_word' id='word_1_204' title='bbox 3263 1001 3368 1060; x_wconf 87' lang='lat' dir='ltr'><strong>fuit</strong></span> <span class='ocrx_word' id='word_1_205' title='bbox 3416 1015 3546 1064; x_wconf 89' lang='lat' dir='ltr'><strong>ante</strong></span> 
     </span>
    </p>
   </div>
   <div class='ocr_carea' id='block_1_28' title="bbox 1938 1089 3546 1171">
    <p class='ocr_par' dir='ltr' id='par_1_28' title="bbox 1938 1089 3546 1171">
     <span class='ocr_line' id='line_1_28' title="bbox 1938 1089 3546 1171; baseline 0.007 -27"><span class='ocrx_word' id='word_1_206' title='bbox 1938 1091 2237 1158; x_wconf 89' lang='lat' dir='ltr'><strong>sententia,</strong></span> <span class='ocrx_word' id='word_1_207' title='bbox 2276 1089 2525 1146; x_wconf 86' lang='lat' dir='ltr'><strong>dolorem</strong></span> <span class='ocrx_word' id='word_1_208' title='bbox 2569 1106 2679 1147; x_wconf 92' lang='lat' dir='ltr'><strong>non</strong></span> <span class='ocrx_word' id='word_1_209' title='bbox 2707 1107 2832 1148; x_wconf 89' lang='lat' dir='ltr'><strong>esse</strong></span> <span class='ocrx_word' id='word_1_210' title='bbox 2859 1091 3062 1148; x_wconf 90' lang='lat' dir='ltr'><strong>malum</strong></span> <span class='ocrx_word' id='word_1_211' title='bbox 3088 1111 3103 1149; x_wconf 85' lang='lat'><strong>:</strong></span> <span class='ocrx_word' id='word_1_212' title='bbox 3137 1105 3422 1168; x_wconf 86' lang='lat' dir='ltr'><strong>postquam</strong></span> <span class='ocrx_word' id='word_1_213' title='bbox 3447 1113 3546 1171; x_wconf 54' lang='lat' dir='ltr'><strong>opi-</strong></span> 
     </span>
    </p>
   </div>
   <div class='ocr_carea' id='block_1_29' title="bbox 1942 1183 3546 1262">
    <p class='ocr_par' dir='ltr' id='par_1_29' title="bbox 1942 1183 3546 1262">
     <span class='ocr_line' id='line_1_29' title="bbox 1942 1183 3546 1262; baseline 0.009 -29"><span class='ocrx_word' id='word_1_214' title='bbox 1942 1198 2160 1252; x_wconf 84' lang='lat' dir='ltr'><strong>pressus</strong></span> <span class='ocrx_word' id='word_1_215' title='bbox 2183 1183 2586 1240; x_wconf 79' lang='lat' dir='ltr'><strong>calamitatibus</strong></span> <span class='ocrx_word' id='word_1_216' title='bbox 2617 1192 2672 1241; x_wconf 89' lang='lat' dir='ltr'><strong>et</strong></span> <span class='ocrx_word' id='word_1_217' title='bbox 2699 1183 2888 1240; x_wconf 90' lang='lat' dir='ltr'><strong>dolore</strong></span> <span class='ocrx_word' id='word_1_218' title='bbox 2917 1186 3210 1254; x_wconf 84' lang='lat' dir='ltr'><strong>cruciatus,</strong></span> <span class='ocrx_word' id='word_1_219' title='bbox 3241 1189 3408 1262; x_wconf 64' lang='lat' dir='ltr'><strong>coepit</strong></span> <span class='ocrx_word' id='word_1_220' title='bbox 3462 1191 3546 1247; x_wconf 82' lang='lat' dir='ltr'><strong>af-</strong></span> 
     </span>
    </p>
   </div>
   <div class='ocr_carea' id='block_1_30' title="bbox 1941 1272 3547 1348">
    <p class='ocr_par' dir='ltr' id='par_1_30' title="bbox 1941 1272 3547 1348">
     <span class='ocr_line' id='line_1_30' title="bbox 1941 1272 3547 1348; baseline 0.006 -18"><span class='ocrx_word' id='word_1_221' title='bbox 1941 1275 2156 1333; x_wconf 82' lang='lat' dir='ltr'><strong>ﬁrmare</strong></span> <span class='ocrx_word' id='word_1_222' title='bbox 2192 1272 2338 1348; x_wconf 87' lang='lat' dir='ltr'><strong>quod</strong></span> <span class='ocrx_word' id='word_1_223' title='bbox 2373 1275 2534 1332; x_wconf 90' lang='lat' dir='ltr'><strong>dolor</strong></span> <span class='ocrx_word' id='word_1_224' title='bbox 2576 1287 2722 1332; x_wconf 86' lang='lat' dir='ltr'><strong>esset</strong></span> <span class='ocrx_word' id='word_1_225' title='bbox 2767 1292 3038 1332; x_wconf 90' lang='lat' dir='ltr'><strong>summum</strong></span> <span class='ocrx_word' id='word_1_226' title='bbox 3080 1281 3330 1344; x_wconf 86' lang='lat' dir='ltr'><strong>omnium</strong></span> <span class='ocrx_word' id='word_1_227' title='bbox 3372 1283 3547 1339; x_wconf 88' lang='lat' dir='ltr'><strong>malo-</strong></span> 
     </span>
    </p>
   </div>
   <div class='ocr_carea' id='block_1_31' title="bbox 1939 1368 3542 1446">
    <p class='ocr_par' dir='ltr' id='par_1_31' title="bbox 1939 1368 3542 1446">
     <span class='ocr_line' id='line_1_31' title="bbox 1939 1368 3542 1446; baseline 0.004 -20"><span class='ocrx_word' id='word_1_228' title='bbox 1939 1371 2100 1442; x_wconf 88' lang='lat' dir='ltr'><strong>rum)</strong></span> <span class='ocrx_word' id='word_1_229' title='bbox 2127 1371 2198 1426; x_wconf 92' lang='lat' dir='ltr'><strong>ab</strong></span> <span class='ocrx_word' id='word_1_230' title='bbox 2225 1371 2311 1428; x_wconf 88' lang='lat' dir='ltr'><strong>his</strong></span> <span class='ocrx_word' id='word_1_231' title='bbox 2338 1369 2642 1442; x_wconf 88' lang='lat' dir='ltr'><strong>appellatus</strong></span> <span class='ocrx_word' id='word_1_232' title='bbox 2667 1382 2750 1428; x_wconf 87' lang='lat' dir='ltr'><strong>est</strong></span> <span class='ocrx_word' id='word_1_233' title='bbox 2782 1368 3172 1446; x_wconf 83' lang='lat' dir='ltr'><strong>Transpasitus,</strong></span> <span class='ocrx_word' id='word_1_234' title='bbox 3199 1375 3316 1431; x_wconf 79' lang='lat' dir='ltr'><strong>sive</strong></span> <span class='ocrx_word' id='word_1_235' title='bbox 3348 1374 3542 1434; x_wconf 81' lang='lat' dir='ltr'><strong>Trans-</strong></span> 
     </span>
    </p>
   </div>
   <div class='ocr_carea' id='block_1_32' title="bbox 1939 1463 3543 1539">
    <p class='ocr_par' dir='ltr' id='par_1_32' title="bbox 1939 1463 3543 1539">
     <span class='ocr_line' id='line_1_32' title="bbox 1939 1463 3543 1539; baseline 0.006 -23"><span class='ocrx_word' id='word_1_236' title='bbox 1939 1463 2096 1530; x_wconf 87' lang='lat' dir='ltr'><strong>latus,</strong></span> <span class='ocrx_word' id='word_1_237' title='bbox 2142 1463 2288 1534; x_wconf 89' lang='lat' dir='ltr'><strong>quod</strong></span> <span class='ocrx_word' id='word_1_238' title='bbox 2332 1463 2543 1520; x_wconf 89' lang='lat' dir='ltr'><strong>scilicet</strong></span> <span class='ocrx_word' id='word_1_239' title='bbox 2585 1479 2617 1520; x_wconf 94' lang='lat' dir='ltr'><strong>a</strong></span> <span class='ocrx_word' id='word_1_240' title='bbox 2668 1465 2838 1539; x_wconf 87' lang='lat' dir='ltr'><strong>priori</strong></span> <span class='ocrx_word' id='word_1_241' title='bbox 2893 1465 3121 1522; x_wconf 87' lang='lat' dir='ltr'><strong>decreto</strong></span> <span class='ocrx_word' id='word_1_242' title='bbox 3166 1465 3453 1536; x_wconf 86' lang='lat' dir='ltr'><strong>recedens,</strong></span> <span class='ocrx_word' id='word_1_243' title='bbox 3485 1467 3543 1526; x_wconf 90' lang='lat' dir='ltr'><strong>in</strong></span> 
     </span>
    </p>
   </div>
   <div class='ocr_carea' id='block_1_33' title="bbox 1938 1554 3540 1630">
    <p class='ocr_par' dir='ltr' id='par_1_33' title="bbox 1938 1554 3540 1630">
     <span class='ocr_line' id='line_1_33' title="bbox 1938 1554 3540 1630; baseline 0.004 -20"><span class='ocrx_word' id='word_1_244' title='bbox 1938 1554 2272 1612; x_wconf 88' lang='lat' dir='ltr'><strong>contrarium</strong></span> <span class='ocrx_word' id='word_1_245' title='bbox 2317 1555 2620 1612; x_wconf 84' lang='lat' dir='ltr'><strong>recidisset.</strong></span> <span class='ocrx_word' id='word_1_246' title='bbox 2670 1556 2896 1614; x_wconf 85' lang='lat' dir='ltr'><strong>Miratur</strong></span> <span class='ocrx_word' id='word_1_247' title='bbox 2934 1557 3118 1629; x_wconf 87' lang='lat' dir='ltr'><strong>itaque</strong></span> <span class='ocrx_word' id='word_1_248' title='bbox 3145 1557 3390 1616; x_wconf 86' lang='lat' dir='ltr'><strong>Paulus:</strong></span> <span class='ocrx_word' id='word_1_249' title='bbox 3423 1560 3540 1630; x_wconf 81' lang='lat' dir='ltr'><strong>pri-</strong></span> 
     </span>
    </p>
   </div>
   <div class='ocr_carea' id='block_1_34' title="bbox 235 1641 3547 1722">
    <p class='ocr_par' dir='ltr' id='par_1_34' title="bbox 235 1641 3547 1722">
     <span class='ocr_line' id='line_1_34' title="bbox 235 1641 3547 1722; baseline 0.003 -24"><span class='ocrx_word' id='word_1_250' title='bbox 235 1643 305 1700; x_wconf 90' lang='lat' dir='ltr'><strong>ad</strong></span> <span class='ocrx_word' id='word_1_251' title='bbox 333 1645 867 1700; x_wconf 87' lang='lat' dir='ltr'><strong>consummationem</strong></span> <span class='ocrx_word' id='word_1_252' title='bbox 901 1641 1110 1710; x_wconf 90' lang='lat' dir='ltr'><strong>mundi,</strong></span> <span class='ocrx_word' id='word_1_253' title='bbox 1143 1657 1254 1712; x_wconf 86' lang='lat' dir='ltr'><strong>quo</strong></span> <span class='ocrx_word' id='word_1_254' title='bbox 1283 1641 1536 1698; x_wconf 89' lang='lat' dir='ltr'><strong>Christus</strong></span> <span class='ocrx_word' id='word_1_255' title='bbox 1559 1641 1834 1712; x_wconf 88' lang='lat' dir='ltr'><strong>judicalu-</strong></span> <span class='ocrx_word' id='word_1_256' title='bbox 1861 1648 1907 1709; x_wconf 79' lang='grc' dir='ltr'>Β</span> <span class='ocrx_word' id='word_1_257' title='bbox 1939 1662 2084 1702; x_wconf 90' lang='lat' dir='ltr'><strong>mum</strong></span> <span class='ocrx_word' id='word_1_258' title='bbox 2114 1647 2258 1717; x_wconf 88' lang='lat' dir='ltr'><strong>quod</strong></span> <span class='ocrx_word' id='word_1_259' title='bbox 2287 1647 2534 1703; x_wconf 87' lang='lat' dir='ltr'><strong>translati</strong></span> <span class='ocrx_word' id='word_1_260' title='bbox 2561 1656 2684 1704; x_wconf 88' lang='lat' dir='ltr'><strong>sunt</strong></span> <span class='ocrx_word' id='word_1_261' title='bbox 2713 1649 2782 1706; x_wconf 90' lang='lat' dir='ltr'><strong>ab</strong></span> <span class='ocrx_word' id='word_1_262' title='bbox 2829 1648 3112 1722; x_wconf 79' lang='lat' dir='ltr'><strong>Evangelii</strong></span> <span class='ocrx_word' id='word_1_263' title='bbox 3163 1649 3446 1720; x_wconf 81' lang='lat' dir='ltr'><strong>libertate,</strong></span> <span class='ocrx_word' id='word_1_264' title='bbox 3491 1654 3547 1709; x_wconf 93' lang='lat' dir='ltr'><strong>in</strong></span> 
     </span>
    </p>
   </div>
   <div class='ocr_carea' id='block_1_35' title="bbox 237 1731 1834 1806">
    <p class='ocr_par' dir='ltr' id='par_1_35' title="bbox 237 1731 1834 1806">
     <span class='ocr_line' id='line_1_35' title="bbox 237 1731 1834 1806; baseline -0.004 -14"><span class='ocrx_word' id='word_1_265' title='bbox 237 1750 335 1792; x_wconf 88' lang='lat' dir='ltr'><strong>rus</strong></span> <span class='ocrx_word' id='word_1_266' title='bbox 369 1745 458 1793; x_wconf 90' lang='lat' dir='ltr'><strong>est</strong></span> <span class='ocrx_word' id='word_1_267' title='bbox 499 1736 704 1792; x_wconf 91' lang='lat' dir='ltr'><strong>omnia.</strong></span> <span class='ocrx_word' id='word_1_268' title='bbox 737 1735 1025 1791; x_wconf 83' lang='lat' dir='ltr'><strong>Revocant</strong></span> <span class='ocrx_word' id='word_1_269' title='bbox 1053 1749 1270 1806; x_wconf 88' lang='lat' dir='ltr'><strong>quoque</strong></span> <span class='ocrx_word' id='word_1_270' title='bbox 1296 1735 1441 1790; x_wconf 90' lang='lat' dir='ltr'><strong>ultra</strong></span> <span class='ocrx_word' id='word_1_271' title='bbox 1463 1775 1478 1799; x_wconf 90' lang='lat'><strong>,</strong></span> <span class='ocrx_word' id='word_1_272' title='bbox 1508 1743 1563 1790; x_wconf 90' lang='lat' dir='ltr'><strong>et</strong></span> <span class='ocrx_word' id='word_1_273' title='bbox 1593 1735 1643 1788; x_wconf 89' lang='lat' dir='ltr'><strong>in</strong></span> <span class='ocrx_word' id='word_1_274' title='bbox 1669 1731 1834 1806; x_wconf 80' lang='lat'><strong>380</strong></span> 
     </span>
    </p>
   </div>
   <div class='ocr_carea' id='block_1_36' title="bbox 235 1825 1834 1900">
    <p class='ocr_par' dir='ltr' id='par_1_36' title="bbox 235 1825 1834 1900">
     <span class='ocr_line' id='line_1_36' title="bbox 235 1825 1834 1900; baseline 0 -18"><span class='ocrx_word' id='word_1_275' title='bbox 235 1827 418 1900; x_wconf 89' lang='lat' dir='ltr'><strong>priora</strong></span> <span class='ocrx_word' id='word_1_276' title='bbox 453 1836 783 1900; x_wconf 84' lang='lat' dir='ltr'><strong>promovent</strong></span> <span class='ocrx_word' id='word_1_277' title='bbox 822 1825 1080 1898; x_wconf 87' lang='lat' dir='ltr'><strong>gradum,</strong></span> <span class='ocrx_word' id='word_1_278' title='bbox 1116 1826 1185 1882; x_wconf 82' lang='lat' dir='ltr'><strong>de</strong></span> <span class='ocrx_word' id='word_1_279' title='bbox 1227 1827 1518 1897; x_wconf 68' lang='lat' dir='ltr'><strong>praeteritis</strong></span> <span class='ocrx_word' id='word_1_280' title='bbox 1544 1835 1600 1882; x_wconf 92' lang='lat' dir='ltr'><strong>et</strong></span> <span class='ocrx_word' id='word_1_281' title='bbox 1639 1825 1834 1882; x_wconf 80' lang='lat' dir='ltr'><strong>futuris</strong></span> 
     </span>
    </p>
   </div>
   <div class='ocr_carea' id='block_1_37' title="bbox 235 1917 1834 1994">
    <p class='ocr_par' dir='ltr' id='par_1_37' title="bbox 235 1917 1834 1994">
     <span class='ocr_line' id='line_1_37' title="bbox 235 1917 1834 1994; baseline -0.003 -16"><span class='ocrx_word' id='word_1_282' title='bbox 235 1923 452 1978; x_wconf 65' lang='lat' dir='ltr'><strong>sacculis</strong></span> <span class='ocrx_word' id='word_1_283' title='bbox 473 1922 836 1994; x_wconf 87' lang='lat' dir='ltr'><strong>disputantes,</strong></span> <span class='ocrx_word' id='word_1_284' title='bbox 864 1921 1003 1976; x_wconf 86' lang='lat' dir='ltr'><strong>bona</strong></span> <span class='ocrx_word' id='word_1_285' title='bbox 1029 1935 1096 1976; x_wconf 90' lang='lat' dir='ltr'><strong>an</strong></span> <span class='ocrx_word' id='word_1_286' title='bbox 1123 1920 1264 1974; x_wconf 83' lang='lat' dir='ltr'><strong>mala</strong></span> <span class='ocrx_word' id='word_1_287' title='bbox 1289 1917 1628 1986; x_wconf 87' lang='lat' dir='ltr'><strong>fuerint,seu</strong></span> <span class='ocrx_word' id='word_1_288' title='bbox 1651 1919 1834 1975; x_wconf 79' lang='lat' dir='ltr'><strong>futura</strong></span> 
     </span>
    </p>
   </div>
   <div class='ocr_carea' id='block_1_38' title="bbox 237 2012 1836 2085">
    <p class='ocr_par' dir='ltr' id='par_1_38' title="bbox 237 2012 1836 2085">
     <span class='ocr_line' id='line_1_38' title="bbox 237 2012 1836 2085; baseline -0.003 -15"><span class='ocrx_word' id='word_1_289' title='bbox 237 2015 346 2070; x_wconf 91' lang='lat' dir='ltr'><strong>sint</strong></span> <span class='ocrx_word' id='word_1_290' title='bbox 375 2033 390 2071; x_wconf 90' lang='lat'><strong>:</strong></span> <span class='ocrx_word' id='word_1_291' title='bbox 415 2024 468 2071; x_wconf 90' lang='lat' dir='ltr'><strong>et</strong></span> <span class='ocrx_word' id='word_1_292' title='bbox 496 2015 550 2070; x_wconf 90' lang='lat' dir='ltr'><strong>in</strong></span> <span class='ocrx_word' id='word_1_293' title='bbox 583 2022 693 2070; x_wconf 92' lang='lat' dir='ltr'><strong>tam</strong></span> <span class='ocrx_word' id='word_1_294' title='bbox 717 2013 1017 2085; x_wconf 80' lang='lat' dir='ltr'><strong>profundas</strong></span> <span class='ocrx_word' id='word_1_295' title='bbox 1047 2013 1293 2068; x_wconf 86' lang='lat' dir='ltr'><strong>incidunt</strong></span> <span class='ocrx_word' id='word_1_296' title='bbox 1317 2013 1666 2082; x_wconf 79' lang='lat' dir='ltr'><strong>quaestiones,</strong></span> <span class='ocrx_word' id='word_1_297' title='bbox 1691 2021 1750 2068; x_wconf 92' lang='lat' dir='ltr'><strong>ut</strong></span> <span class='ocrx_word' id='word_1_298' title='bbox 1773 2012 1836 2066; x_wconf 86' lang='lat' dir='ltr'><strong>li-</strong></span> 
     </span>
    </p>
   </div>
   <div class='ocr_carea' id='block_1_39' title="bbox 235 2105 1833 2180">
    <p class='ocr_par' dir='ltr' id='par_1_39' title="bbox 235 2105 1833 2180">
     <span class='ocr_line' id='line_1_39' title="bbox 235 2105 1833 2180; baseline -0.003 -16"><span class='ocrx_word' id='word_1_299' title='bbox 235 2110 371 2164; x_wconf 82' lang='lat' dir='ltr'><strong>bros</strong></span> <span class='ocrx_word' id='word_1_300' title='bbox 415 2121 634 2180; x_wconf 89' lang='lat' dir='ltr'><strong>quoque</strong></span> <span class='ocrx_word' id='word_1_301' title='bbox 665 2117 720 2164; x_wconf 90' lang='lat' dir='ltr'><strong>et</strong></span> <span class='ocrx_word' id='word_1_302' title='bbox 749 2106 960 2163; x_wconf 81' lang='lat' dir='ltr'><strong>inﬁnita</strong></span> <span class='ocrx_word' id='word_1_303' title='bbox 987 2107 1260 2162; x_wconf 83' lang='lat' dir='ltr'><strong>volumina</strong></span> <span class='ocrx_word' id='word_1_304' title='bbox 1289 2120 1456 2176; x_wconf 85' lang='lat' dir='ltr'><strong>super</strong></span> <span class='ocrx_word' id='word_1_305' title='bbox 1485 2105 1584 2160; x_wconf 89' lang='lat' dir='ltr'><strong>hac</strong></span> <span class='ocrx_word' id='word_1_306' title='bbox 1623 2105 1833 2161; x_wconf 81' lang='lat' dir='ltr'><strong>disser-</strong></span> 
     </span>
    </p>
   </div>
   <div class='ocr_carea' id='block_1_40' title="bbox 236 2197 1832 2268">
    <p class='ocr_par' dir='ltr' id='par_1_40' title="bbox 236 2197 1832 2268">
     <span class='ocr_line' id='line_1_40' title="bbox 236 2197 1832 2268; baseline -0.003 -12"><span class='ocrx_word' id='word_1_307' title='bbox 236 2203 390 2256; x_wconf 90' lang='lat' dir='ltr'><strong>tione</strong></span> <span class='ocrx_word' id='word_1_308' title='bbox 433 2199 805 2257; x_wconf 88' lang='lat' dir='ltr'><strong>condiderint.</strong></span> <span class='ocrx_word' id='word_1_309' title='bbox 867 2197 1024 2266; x_wconf 85' lang='lat' dir='ltr'><strong>Quod</strong></span> <span class='ocrx_word' id='word_1_310' title='bbox 1084 2210 1264 2253; x_wconf 85' lang='lat' dir='ltr'><strong>autem</strong></span> <span class='ocrx_word' id='word_1_311' title='bbox 1327 2197 1587 2268; x_wconf 75' lang='lat' dir='ltr'><strong>prologue</strong></span> <span class='ocrx_word' id='word_1_312' title='bbox 1651 2197 1832 2264; x_wconf 87' lang='lat' dir='ltr'><strong>Pauli,</strong></span> 
     </span>
    </p>
   </div>
   <div class='ocr_carea' id='block_1_41' title="bbox 237 2287 1830 2377">
    <p class='ocr_par' dir='ltr' id='par_1_41' title="bbox 237 2287 1830 2377">
     <span class='ocr_line' id='line_1_41' title="bbox 237 2287 1830 2377; baseline -0.005 -27"><span class='ocrx_word' id='word_1_313' title='bbox 237 2311 382 2354; x_wconf 65' lang='grc' dir='ltr'>Αιιεει</span> <span class='ocrx_word' id='word_1_314' title='bbox 409 2337 425 2363; x_wconf 92' lang='grc'><strong><em>,</em></strong></span> <span class='ocrx_word' id='word_1_315' title='bbox 475 2293 708 2349; x_wconf 63' lang='lat' dir='ltr'><strong>Hebrmo</strong></span> <span class='ocrx_word' id='word_1_316' title='bbox 733 2307 989 2348; x_wconf 87' lang='lat' dir='ltr'><strong>sermone</strong></span> <span class='ocrx_word' id='word_1_317' title='bbox 1031 2290 1424 2347; x_wconf 88' lang='lat' dir='ltr'><strong>concluditur:</strong></span> <span class='ocrx_word' id='word_1_318' title='bbox 1457 2303 1600 2346; x_wconf 63' lang='lat' dir='ltr'><strong>suam</strong></span> <span class='ocrx_word' id='word_1_319' title='bbox 1623 2287 1730 2377; x_wconf 42' lang='lat' dir='ltr'><strong>(in</strong></span> <span class='ocrx_word' id='word_1_320' title='bbox 1751 2288 1830 2360; x_wconf 62' lang='grc' dir='ltr'><strong>ξ),</strong></span> 
     </span>
    </p>
   </div>
   <div class='ocr_carea' id='block_1_42' title="bbox 241 2381 1836 2457">
    <p class='ocr_par' dir='ltr' id='par_1_42' title="bbox 241 2381 1836 2457">
     <span class='ocr_line' id='line_1_42' title="bbox 241 2381 1836 2457; baseline -0.004 -15"><span class='ocrx_word' id='word_1_321' title='bbox 241 2387 594 2456; x_wconf 80' lang='lat' dir='ltr'><strong>Septuaginta</strong></span> <span class='ocrx_word' id='word_1_322' title='bbox 647 2385 1086 2453; x_wconf 86' lang='lat' dir='ltr'><strong>transtulerunt,</strong></span> <span class='ocrx_word' id='word_1_323' title='bbox 1137 2386 1357 2457; x_wconf 73' lang='grc' dir='ltr'><strong>γένοιτο,</strong></span> <span class='ocrx_word' id='word_1_324' title='bbox 1421 2382 1474 2436; x_wconf 89' lang='lat' dir='ltr'><strong>id</strong></span> <span class='ocrx_word' id='word_1_325' title='bbox 1530 2391 1648 2452; x_wconf 88' lang='lat' dir='ltr'><strong>est,</strong></span> <span class='ocrx_word' id='word_1_326' title='bbox 1698 2381 1836 2450; x_wconf 83' lang='lat' dir='ltr'><strong>ﬁat:</strong></span> 
     </span>
    </p>
   </div>
   <div class='ocr_carea' id='block_1_43' title="bbox 237 2473 1833 2552">
    <p class='ocr_par' dir='ltr' id='par_1_43' title="bbox 237 2473 1833 2552">
     <span class='ocr_line' id='line_1_43' title="bbox 237 2473 1833 2552; baseline -0.004 -17"><span class='ocrx_word' id='word_1_327' title='bbox 237 2477 434 2550; x_wconf 73' lang='lat' dir='ltr'><strong>Aquila</strong></span> <span class='ocrx_word' id='word_1_328' title='bbox 461 2479 873 2552; x_wconf 80' lang='grc' dir='ltr'><strong>πεπιστωμένος,</strong></span> <span class='ocrx_word' id='word_1_329' title='bbox 904 2491 1044 2544; x_wconf 85' lang='lat' dir='ltr'><strong>vere,</strong></span> <span class='ocrx_word' id='word_1_330' title='bbox 1069 2476 1188 2530; x_wconf 86' lang='lat' dir='ltr'><strong>sive</strong></span> <span class='ocrx_word' id='word_1_331' title='bbox 1213 2474 1461 2546; x_wconf 80' lang='lat' dir='ltr'><strong>ﬁdeliter.</strong></span> <span class='ocrx_word' id='word_1_332' title='bbox 1493 2473 1648 2542; x_wconf 90' lang='lat' dir='ltr'><strong>Quod</strong></span> <span class='ocrx_word' id='word_1_333' title='bbox 1671 2474 1833 2529; x_wconf 90' lang='lat' dir='ltr'><strong>etiam</strong></span> 
     </span>
    </p>
   </div>
   <div class='ocr_carea' id='block_1_44' title="bbox 235 2569 1836 2644">
    <p class='ocr_par' dir='ltr' id='par_1_44' title="bbox 235 2569 1836 2644">
     <span class='ocr_line' id='line_1_44' title="bbox 235 2569 1836 2644; baseline -0.004 -16"><span class='ocrx_word' id='word_1_334' title='bbox 235 2572 291 2628; x_wconf 86' lang='lat' dir='ltr'><strong>in</strong></span> <span class='ocrx_word' id='word_1_335' title='bbox 326 2573 626 2644; x_wconf 83' lang='lat' dir='ltr'><strong>Evangelio</strong></span> <span class='ocrx_word' id='word_1_336' title='bbox 653 2585 684 2627; x_wconf 91' lang='lat' dir='ltr'><strong>a</strong></span> <span class='ocrx_word' id='word_1_337' title='bbox 710 2571 999 2628; x_wconf 88' lang='lat' dir='ltr'><strong>Salvatore</strong></span> <span class='ocrx_word' id='word_1_338' title='bbox 1027 2584 1244 2641; x_wconf 88' lang='lat' dir='ltr'><strong>semper</strong></span> <span class='ocrx_word' id='word_1_339' title='bbox 1264 2569 1586 2636; x_wconf 73' lang='lat' dir='ltr'><strong>assumitur,</strong></span> <span class='ocrx_word' id='word_1_340' title='bbox 1614 2581 1710 2622; x_wconf 84' lang='lat' dir='ltr'><strong>sua</strong></span> <span class='ocrx_word' id='word_1_341' title='bbox 1741 2583 1836 2638; x_wconf 89' lang='lat' dir='ltr'><strong>per</strong></span> 
     </span>
    </p>
   </div>
   <div class='ocr_carea' id='block_1_45' title="bbox 239 2665 874 2722">
    <p class='ocr_par' dir='ltr' id='par_1_45' title="bbox 239 2665 874 2722">
     <span class='ocr_line' id='line_1_45' title="bbox 239 2665 874 2722; baseline -0.003 0"><span class='ocrx_word' id='word_1_342' title='bbox 239 2681 383 2722; x_wconf 68' lang='lat' dir='ltr'><strong>ausa</strong></span> <span class='ocrx_word' id='word_1_343' title='bbox 403 2665 568 2722; x_wconf 86' lang='lat' dir='ltr'><strong>verba</strong></span> <span class='ocrx_word' id='word_1_344' title='bbox 598 2665 874 2722; x_wconf 82' lang='lat' dir='ltr'><strong>ﬁrmante.</strong></span> 
     </span>
    </p>
   </div>
   <div class='ocr_carea' id='block_1_46' title="bbox 309 2755 1837 2832">
    <p class='ocr_par' dir='ltr' id='par_1_46' title="bbox 309 2755 1837 2832">
     <span class='ocr_line' id='line_1_46' title="bbox 309 2755 1837 2832; baseline -0.003 -18"><span class='ocrx_word' id='word_1_345' title='bbox 309 2758 508 2832; x_wconf 81' lang='lat' dir='ltr'><strong>(Vers.</strong></span> <span class='ocrx_word' id='word_1_346' title='bbox 537 2759 629 2828; x_wconf 85' lang='lat'><strong>6.)</strong></span> <span class='ocrx_word' id='word_1_347' title='bbox 686 2757 854 2813; x_wconf 74' lang='lat' dir='ltr'><strong>Miror</strong></span> <span class='ocrx_word' id='word_1_348' title='bbox 879 2801 892 2825; x_wconf 95' lang='lat'><strong>,</strong></span> <span class='ocrx_word' id='word_1_349' title='bbox 931 2758 1070 2830; x_wconf 88' lang='lat' dir='ltr'><strong>quod</strong></span> <span class='ocrx_word' id='word_1_350' title='bbox 1099 2765 1126 2794; x_wconf 72' lang='grc' dir='ltr'>α</span> <span class='ocrx_word' id='word_1_351' title='bbox 1166 2765 1273 2810; x_wconf 86' lang='lat' dir='ltr'><strong>tant</strong></span> <span class='ocrx_word' id='word_1_352' title='bbox 1321 2756 1426 2810; x_wconf 81' lang='lat' dir='ltr'><strong>cito</strong></span> <span class='ocrx_word' id='word_1_353' title='bbox 1483 2755 1837 2826; x_wconf 78' lang='lat' dir='ltr'><strong>tranferimini</strong></span> 
     </span>
    </p>
   </div>
   <div class='ocr_carea' id='block_1_47' title="bbox 238 2845 1834 2922">
    <p class='ocr_par' dir='ltr' id='par_1_47' title="bbox 238 2845 1834 2922">
     <span class='ocr_line' id='line_1_47' title="bbox 238 2845 1834 2922; baseline -0.005 -15"><span class='ocrx_word' id='word_1_354' title='bbox 238 2852 302 2908; x_wconf 82' lang='lat' dir='ltr'><strong>ab</strong></span> <span class='ocrx_word' id='word_1_355' title='bbox 371 2867 432 2907; x_wconf 88' lang='lat' dir='ltr'><strong>eo</strong></span> <span class='ocrx_word' id='word_1_356' title='bbox 479 2851 568 2922; x_wconf 87' lang='lat' dir='ltr'><strong>qui</strong></span> <span class='ocrx_word' id='word_1_357' title='bbox 601 2867 690 2906; x_wconf 85' lang='lat' dir='ltr'><strong>vos</strong></span> <span class='ocrx_word' id='word_1_358' title='bbox 732 2851 931 2904; x_wconf 76' lang='lat' dir='ltr'><strong>vocavit</strong></span> <span class='ocrx_word' id='word_1_359' title='bbox 974 2851 1026 2903; x_wconf 86' lang='lat' dir='ltr'><strong>in</strong></span> <span class='ocrx_word' id='word_1_360' title='bbox 1077 2850 1298 2920; x_wconf 82' lang='lat' dir='ltr'><strong>gratiam</strong></span> <span class='ocrx_word' id='word_1_361' title='bbox 1342 2846 1537 2902; x_wconf 81' lang='lat' dir='ltr'><strong>Christi</strong></span> <span class='ocrx_word' id='word_1_362' title='bbox 1571 2845 1698 2901; x_wconf 75' lang='lat' dir='ltr'><strong>Iesu</strong></span> <span class='ocrx_word' id='word_1_363' title='bbox 1725 2887 1739 2911; x_wconf 93' lang='lat'><strong>,</strong></span> <span class='ocrx_word' id='word_1_364' title='bbox 1780 2847 1834 2900; x_wconf 88' lang='lat' dir='ltr'><strong>in</strong></span> 
     </span>
    </p>
   </div>
   <div class='ocr_carea' id='block_1_48' title="bbox 236 2937 1835 3014">
    <p class='ocr_par' dir='ltr' id='par_1_48' title="bbox 236 2937 1835 3014">
     <span class='ocr_line' id='line_1_48' title="bbox 236 2937 1835 3014; baseline -0.004 -16"><span class='ocrx_word' id='word_1_365' title='bbox 236 2943 386 3000; x_wconf 76' lang='lat' dir='ltr'><strong>aliud</strong></span> <span class='ocrx_word' id='word_1_366' title='bbox 434 2941 774 3014; x_wconf 82' lang='lat' dir='ltr'><strong>Erangelittnt</strong></span> <span class='ocrx_word' id='word_1_367' title='bbox 813 2941 952 3010; x_wconf 82' lang='lat' dir='ltr'><strong>quod</strong></span> <span class='ocrx_word' id='word_1_368' title='bbox 981 2958 1081 2994; x_wconf 90' lang='lat' dir='ltr'><strong>non</strong></span> <span class='ocrx_word' id='word_1_369' title='bbox 1121 2950 1196 2994; x_wconf 82' lang='lat' dir='ltr'><strong>est</strong></span> <span class='ocrx_word' id='word_1_370' title='bbox 1245 2938 1425 3004; x_wconf 81' lang='lat' dir='ltr'><strong>aliud,</strong></span> <span class='ocrx_word' id='word_1_371' title='bbox 1477 2937 1576 2993; x_wconf 87' lang='lat' dir='ltr'><strong>nisi</strong></span> <span class='ocrx_word' id='word_1_372' title='bbox 1617 2939 1662 2992; x_wconf 90' lang='lat' dir='ltr'><strong>si</strong></span> <span class='ocrx_word' id='word_1_373' title='bbox 1713 2945 1835 2992; x_wconf 87' lang='lat' dir='ltr'><strong>sunt</strong></span> 
     </span>
    </p>
   </div>
   <div class='ocr_carea' id='block_1_49' title="bbox 1937 1737 3546 1816">
    <p class='ocr_par' dir='ltr' id='par_1_49' title="bbox 1937 1737 3546 1816">
     <span class='ocr_line' id='line_1_49' title="bbox 1937 1737 3546 1816; baseline 0.007 -24"><span class='ocrx_word' id='word_1_374' title='bbox 1937 1737 2190 1810; x_wconf 80' lang='lat' dir='ltr'><strong>legalium</strong></span> <span class='ocrx_word' id='word_1_375' title='bbox 2217 1754 2444 1811; x_wconf 87' lang='lat' dir='ltr'><strong>operum</strong></span> <span class='ocrx_word' id='word_1_376' title='bbox 2474 1741 2824 1798; x_wconf 84' lang='lat' dir='ltr'><strong>servitutem.</strong></span> <span class='ocrx_word' id='word_1_377' title='bbox 2858 1741 3066 1800; x_wconf 89' lang='lat' dir='ltr'><strong>Deinde</strong></span> <span class='ocrx_word' id='word_1_378' title='bbox 3093 1743 3240 1816; x_wconf 91' lang='lat' dir='ltr'><strong>quod</strong></span> <span class='ocrx_word' id='word_1_379' title='bbox 3271 1753 3383 1800; x_wconf 90' lang='lat' dir='ltr'><strong>tam</strong></span> <span class='ocrx_word' id='word_1_380' title='bbox 3431 1748 3546 1802; x_wconf 89' lang='lat' dir='ltr'><strong>cito</strong></span> 
     </span>
    </p>
   </div>
   <div class='ocr_carea' id='block_1_50' title="bbox 1937 1831 3548 1904">
    <p class='ocr_par' dir='ltr' id='par_1_50' title="bbox 1937 1831 3548 1904">
     <span class='ocr_line' id='line_1_50' title="bbox 1937 1831 3548 1904; baseline 0.01 -20"><span class='ocrx_word' id='word_1_381' title='bbox 1937 1831 2180 1887; x_wconf 84' lang='lat' dir='ltr'><strong>translati</strong></span> <span class='ocrx_word' id='word_1_382' title='bbox 2214 1833 2374 1903; x_wconf 87' lang='lat' dir='ltr'><strong>:quia</strong></span> <span class='ocrx_word' id='word_1_383' title='bbox 2413 1848 2524 1888; x_wconf 90' lang='lat' dir='ltr'><strong>non</strong></span> <span class='ocrx_word' id='word_1_384' title='bbox 2553 1831 2800 1904; x_wconf 87' lang='lat' dir='ltr'><strong>ejusdem</strong></span> <span class='ocrx_word' id='word_1_385' title='bbox 2833 1845 3022 1892; x_wconf 89' lang='lat' dir='ltr'><strong>reatus</strong></span> <span class='ocrx_word' id='word_1_386' title='bbox 3050 1847 3133 1892; x_wconf 83' lang='lat' dir='ltr'><strong>est</strong></span> <span class='ocrx_word' id='word_1_387' title='bbox 3161 1837 3448 1898; x_wconf 87' lang='lat' dir='ltr'><strong>transferri</strong></span> <span class='ocrx_word' id='word_1_388' title='bbox 3476 1839 3548 1900; x_wconf 86' lang='lat' dir='ltr'><strong>ab</strong></span> 
     </span>
    </p>
   </div>
   <div class='ocr_carea' id='block_1_51' title="bbox 1935 1923 3545 2007">
    <p class='ocr_par' dir='ltr' id='par_1_51' title="bbox 1935 1923 3545 2007">
     <span class='ocr_line' id='line_1_51' title="bbox 1935 1923 3545 2007; baseline 0.01 -31"><span class='ocrx_word' id='word_1_389' title='bbox 1935 1923 2114 1994; x_wconf 86' lang='lat' dir='ltr'><strong>aliquo</strong></span> <span class='ocrx_word' id='word_1_390' title='bbox 2147 1933 2170 1963; x_wconf 74' lang='grc' dir='ltr'><strong>ο</strong></span> <span class='ocrx_word' id='word_1_391' title='bbox 2194 1923 2505 1993; x_wconf 84' lang='lat' dir='ltr'><strong>difficulter,</strong></span> <span class='ocrx_word' id='word_1_392' title='bbox 2535 1934 2592 1982; x_wconf 91' lang='lat' dir='ltr'><strong>et</strong></span> <span class='ocrx_word' id='word_1_393' title='bbox 2619 1925 2731 1982; x_wconf 89' lang='lat' dir='ltr'><strong>cito</strong></span> <span class='ocrx_word' id='word_1_394' title='bbox 2756 1927 3042 1984; x_wconf 87' lang='lat' dir='ltr'><strong>transferri</strong></span> <span class='ocrx_word' id='word_1_395' title='bbox 3067 1945 3081 1998; x_wconf 95' lang='lat'><strong>;</strong></span> <span class='ocrx_word' id='word_1_396' title='bbox 3116 1939 3172 1986; x_wconf 91' lang='lat' dir='ltr'><strong>ut</strong></span> <span class='ocrx_word' id='word_1_397' title='bbox 3193 1929 3248 1985; x_wconf 90' lang='lat' dir='ltr'><strong>in</strong></span> <span class='ocrx_word' id='word_1_398' title='bbox 3278 1931 3545 2007; x_wconf 84' lang='lat' dir='ltr'><strong>Martyrio</strong></span> 
     </span>
    </p>
   </div>
   <div class='ocr_carea' id='block_1_52' title="bbox 1935 2017 3537 2094">
    <p class='ocr_par' dir='ltr' id='par_1_52' title="bbox 1935 2017 3537 2094">
     <span class='ocr_line' id='line_1_52' title="bbox 1935 2017 3537 2094; baseline 0.009 -24"><span class='ocrx_word' id='word_1_399' title='bbox 1935 2032 2040 2072; x_wconf 88' lang='lat' dir='ltr'><strong>non</strong></span> <span class='ocrx_word' id='word_1_400' title='bbox 2073 2017 2262 2074; x_wconf 89' lang='lat' dir='ltr'><strong>eadem</strong></span> <span class='ocrx_word' id='word_1_401' title='bbox 2294 2034 2453 2089; x_wconf 71' lang='lat' dir='ltr'><strong>pinna</strong></span> <span class='ocrx_word' id='word_1_402' title='bbox 2485 2019 2768 2092; x_wconf 84' lang='lat' dir='ltr'><strong>plectitur,</strong></span> <span class='ocrx_word' id='word_1_403' title='bbox 2791 2021 2887 2094; x_wconf 90' lang='lat' dir='ltr'><strong>qui</strong></span> <span class='ocrx_word' id='word_1_404' title='bbox 2913 2021 3122 2094; x_wconf 82' lang='lat' dir='ltr'><strong>abSque</strong></span> <span class='ocrx_word' id='word_1_405' title='bbox 3145 2025 3537 2084; x_wconf 84' lang='lat' dir='ltr'><strong>colluctatione</strong></span> 
     </span>
    </p>
   </div>
   <div class='ocr_carea' id='block_1_53' title="bbox 1935 2113 3541 2190">
    <p class='ocr_par' dir='ltr' id='par_1_53' title="bbox 1935 2113 3541 2190">
     <span class='ocr_line' id='line_1_53' title="bbox 1935 2113 3541 2190; baseline 0.006 -22"><span class='ocrx_word' id='word_1_406' title='bbox 1935 2121 1990 2168; x_wconf 93' lang='lat' dir='ltr'><strong>et</strong></span> <span class='ocrx_word' id='word_1_407' title='bbox 2020 2113 2306 2170; x_wconf 88' lang='lat' dir='ltr'><strong>tormentis</strong></span> <span class='ocrx_word' id='word_1_408' title='bbox 2345 2114 2526 2170; x_wconf 88' lang='lat' dir='ltr'><strong>statim</strong></span> <span class='ocrx_word' id='word_1_409' title='bbox 2564 2115 2814 2186; x_wconf 85' lang='lat' dir='ltr'><strong>prosiluit</strong></span> <span class='ocrx_word' id='word_1_410' title='bbox 2859 2115 2925 2172; x_wconf 90' lang='lat' dir='ltr'><strong>ad</strong></span> <span class='ocrx_word' id='word_1_411' title='bbox 2970 2118 3298 2190; x_wconf 89' lang='lat' dir='ltr'><strong>negandum,</strong></span> <span class='ocrx_word' id='word_1_412' title='bbox 3346 2130 3404 2176; x_wconf 89' lang='lat' dir='ltr'><strong>et</strong></span> <span class='ocrx_word' id='word_1_413' title='bbox 3442 2119 3541 2178; x_wconf 88' lang='lat' dir='ltr'><strong>ille</strong></span> 
     </span>
    </p>
   </div>
   <div class='ocr_carea' id='block_1_54' title="bbox 1935 2206 3538 2282">
    <p class='ocr_par' dir='ltr' id='par_1_54' title="bbox 1935 2206 3538 2282">
     <span class='ocr_line' id='line_1_54' title="bbox 1935 2206 3538 2282; baseline 0.004 -21"><span class='ocrx_word' id='word_1_414' title='bbox 1935 2206 2027 2279; x_wconf 86' lang='lat' dir='ltr'><strong>qui</strong></span> <span class='ocrx_word' id='word_1_415' title='bbox 2069 2207 2210 2264; x_wconf 89' lang='lat' dir='ltr'><strong>inter</strong></span> <span class='ocrx_word' id='word_1_416' title='bbox 2255 2208 2556 2278; x_wconf 81' lang='lat' dir='ltr'><strong>equuleus,</strong></span> <span class='ocrx_word' id='word_1_417' title='bbox 2604 2209 2888 2278; x_wconf 80' lang='lat' dir='ltr'><strong>ﬁdiculas,</strong></span> <span class='ocrx_word' id='word_1_418' title='bbox 2945 2211 3202 2282; x_wconf 80' lang='lat' dir='ltr'><strong>ignesque</strong></span> <span class='ocrx_word' id='word_1_419' title='bbox 3233 2211 3538 2282; x_wconf 81' lang='lat' dir='ltr'><strong>distortus,</strong></span> 
     </span>
    </p>
   </div>
   <div class='ocr_carea' id='block_1_55' title="bbox 1936 2300 3535 2373">
    <p class='ocr_par' dir='ltr' id='par_1_55' title="bbox 1936 2300 3535 2373">
     <span class='ocr_line' id='line_1_55' title="bbox 1936 2300 3535 2373; baseline 0.002 -17"><span class='ocrx_word' id='word_1_420' title='bbox 1936 2301 2245 2371; x_wconf 90' lang='lat' dir='ltr'><strong>compulsus</strong></span> <span class='ocrx_word' id='word_1_421' title='bbox 2266 2310 2352 2357; x_wconf 91' lang='lat' dir='ltr'><strong>est</strong></span> <span class='ocrx_word' id='word_1_422' title='bbox 2381 2301 2525 2373; x_wconf 86' lang='lat' dir='ltr'><strong>quod</strong></span> <span class='ocrx_word' id='word_1_423' title='bbox 2548 2300 2828 2366; x_wconf 84' lang='lat' dir='ltr'><strong>credebat,</strong></span> <span class='ocrx_word' id='word_1_424' title='bbox 2861 2317 3080 2373; x_wconf 87' lang='lat' dir='ltr'><strong>negare.</strong></span> <span class='ocrx_word' id='word_1_425' title='bbox 3115 2303 3329 2359; x_wconf 78' lang='lat' dir='ltr'><strong>Recens</strong></span> <span class='ocrx_word' id='word_1_426' title='bbox 3356 2303 3535 2360; x_wconf 91' lang='lat' dir='ltr'><strong>adhuc</strong></span> 
     </span>
    </p>
   </div>
   <div class='ocr_carea' id='block_1_56' title="bbox 1937 2391 3536 2467">
    <p class='ocr_par' dir='ltr' id='par_1_56' title="bbox 1937 2391 3536 2467">
     <span class='ocr_line' id='line_1_56' title="bbox 1937 2391 3536 2467; baseline 0.004 -19"><span class='ocrx_word' id='word_1_427' title='bbox 1937 2401 2051 2448; x_wconf 90' lang='lat' dir='ltr'><strong>erat</strong></span> <span class='ocrx_word' id='word_1_428' title='bbox 2097 2391 2371 2464; x_wconf 79' lang='lat' dir='ltr'><strong>Evangelii</strong></span> <span class='ocrx_word' id='word_1_429' title='bbox 2424 2393 2761 2464; x_wconf 73' lang='lat' dir='ltr'><strong>praulicatio,</strong></span> <span class='ocrx_word' id='word_1_430' title='bbox 2808 2411 2919 2450; x_wconf 86' lang='lat' dir='ltr'><strong>non</strong></span> <span class='ocrx_word' id='word_1_431' title='bbox 2967 2395 3175 2464; x_wconf 80' lang='lat' dir='ltr'><strong>grande</strong></span> <span class='ocrx_word' id='word_1_432' title='bbox 3225 2405 3436 2467; x_wconf 79' lang='lat' dir='ltr'><strong>tempus</strong></span> <span class='ocrx_word' id='word_1_433' title='bbox 3481 2397 3536 2454; x_wconf 90' lang='lat' dir='ltr'><strong>in</strong></span> 
     </span>
    </p>
   </div>
   <div class='ocr_carea' id='block_1_57' title="bbox 1939 2483 3535 2556">
    <p class='ocr_par' dir='ltr' id='par_1_57' title="bbox 1939 2483 3535 2556">
     <span class='ocr_line' id='line_1_57' title="bbox 1939 2483 3535 2556; baseline 0.002 -16"><span class='ocrx_word' id='word_1_434' title='bbox 1939 2483 2139 2552; x_wconf 88' lang='lat' dir='ltr'><strong>medio,</strong></span> <span class='ocrx_word' id='word_1_435' title='bbox 2168 2499 2276 2556; x_wconf 89' lang='lat' dir='ltr'><strong>quo</strong></span> <span class='ocrx_word' id='word_1_436' title='bbox 2305 2484 2524 2540; x_wconf 87' lang='lat' dir='ltr'><strong>Galatas</strong></span> <span class='ocrx_word' id='word_1_437' title='bbox 2552 2487 2841 2556; x_wconf 82' lang='lat' dir='ltr'><strong>Apostolus</strong></span> <span class='ocrx_word' id='word_1_438' title='bbox 2871 2485 2941 2541; x_wconf 90' lang='lat' dir='ltr'><strong>ab</strong></span> <span class='ocrx_word' id='word_1_439' title='bbox 2969 2485 3133 2543; x_wconf 86' lang='lat' dir='ltr'><strong>idolis</strong></span> <span class='ocrx_word' id='word_1_440' title='bbox 3160 2489 3226 2544; x_wconf 91' lang='lat' dir='ltr'><strong>ad</strong></span> <span class='ocrx_word' id='word_1_441' title='bbox 3256 2488 3351 2544; x_wconf 66' lang='lat' dir='ltr'><strong>Ch:</strong></span> <span class='ocrx_word' id='word_1_442' title='bbox 3372 2489 3535 2544; x_wconf 67' lang='lat' dir='ltr'><strong>istum</strong></span> 
     </span>
    </p>
   </div>
   <div class='ocr_carea' id='block_1_58' title="bbox 1939 2577 3540 2650">
    <p class='ocr_par' dir='ltr' id='par_1_58' title="bbox 1939 2577 3540 2650">
     <span class='ocr_line' id='line_1_58' title="bbox 1939 2577 3540 2650; baseline 0.003 -18"><span class='ocrx_word' id='word_1_443' title='bbox 1939 2578 2280 2634; x_wconf 81' lang='lat' dir='ltr'><strong>traduxerat.</strong></span> <span class='ocrx_word' id='word_1_444' title='bbox 2306 2577 2534 2634; x_wconf 85' lang='lat' dir='ltr'><strong>Miratur</strong></span> <span class='ocrx_word' id='word_1_445' title='bbox 2566 2579 2748 2649; x_wconf 88' lang='lat' dir='ltr'><strong>itaque</strong></span> <span class='ocrx_word' id='word_1_446' title='bbox 2776 2580 3052 2650; x_wconf 88' lang='lat' dir='ltr'><strong>quomodo</strong></span> <span class='ocrx_word' id='word_1_447' title='bbox 3081 2588 3192 2636; x_wconf 91' lang='lat' dir='ltr'><strong>tam</strong></span> <span class='ocrx_word' id='word_1_448' title='bbox 3221 2581 3332 2634; x_wconf 89' lang='lat' dir='ltr'><strong>cito</strong></span> <span class='ocrx_word' id='word_1_449' title='bbox 3358 2597 3540 2637; x_wconf 77' lang='lat' dir='ltr'><strong>ncces-</strong></span> 
     </span>
    </p>
   </div>
   <div class='ocr_carea' id='block_1_59' title="bbox 1936 2669 3538 2739">
    <p class='ocr_par' dir='ltr' id='par_1_59' title="bbox 1936 2669 3538 2739">
     <span class='ocr_line' id='line_1_59' title="bbox 1936 2669 3538 2739; baseline 0.002 -15"><span class='ocrx_word' id='word_1_450' title='bbox 1936 2669 2108 2724; x_wconf 89' lang='lat' dir='ltr'><strong>serint</strong></span> <span class='ocrx_word' id='word_1_451' title='bbox 2134 2670 2203 2726; x_wconf 91' lang='lat' dir='ltr'><strong>ab</strong></span> <span class='ocrx_word' id='word_1_452' title='bbox 2231 2685 2322 2735; x_wconf 88' lang='lat' dir='ltr'><strong>eo,</strong></span> <span class='ocrx_word' id='word_1_453' title='bbox 2349 2669 2417 2724; x_wconf 89' lang='lat' dir='ltr'><strong>ad</strong></span> <span class='ocrx_word' id='word_1_454' title='bbox 2446 2669 2605 2739; x_wconf 86' lang='lat' dir='ltr'><strong>cujus</strong></span> <span class='ocrx_word' id='word_1_455' title='bbox 2650 2684 2848 2725; x_wconf 90' lang='lat' dir='ltr'><strong>nomen</strong></span> <span class='ocrx_word' id='word_1_456' title='bbox 2895 2669 3099 2724; x_wconf 91' lang='lat' dir='ltr'><strong>dudum</strong></span> <span class='ocrx_word' id='word_1_457' title='bbox 3149 2669 3274 2726; x_wconf 82' lang='lat' dir='ltr'><strong>facti</strong></span> <span class='ocrx_word' id='word_1_458' title='bbox 3322 2669 3538 2727; x_wconf 78' lang='lat' dir='ltr'><strong>fuerant</strong></span> 
     </span>
    </p>
   </div>
   <div class='ocr_carea' id='block_1_60' title="bbox 1938 2760 3540 2842">
    <p class='ocr_par' dir='ltr' id='par_1_60' title="bbox 1938 2760 3540 2842">
     <span class='ocr_line' id='line_1_60' title="bbox 1938 2760 3540 2842; baseline 0 -24"><span class='ocrx_word' id='word_1_459' title='bbox 1938 2760 2254 2818; x_wconf 81' lang='lat' dir='ltr'><strong>Christiani.</strong></span> <span class='ocrx_word' id='word_1_460' title='bbox 2305 2760 2478 2816; x_wconf 87' lang='lat' dir='ltr'><strong>llabet</strong></span> <span class='ocrx_word' id='word_1_461' title='bbox 2520 2768 2700 2816; x_wconf 89' lang='lat' dir='ltr'><strong>autem</strong></span> <span class='ocrx_word' id='word_1_462' title='bbox 2747 2769 2803 2816; x_wconf 90' lang='lat' dir='ltr'><strong>et</strong></span> <span class='ocrx_word' id='word_1_463' title='bbox 2851 2761 3006 2817; x_wconf 90' lang='lat' dir='ltr'><strong>locus</strong></span> <span class='ocrx_word' id='word_1_464' title='bbox 3056 2761 3175 2833; x_wconf 89' lang='lat' dir='ltr'><strong>ipse</strong></span> <span class='ocrx_word' id='word_1_465' title='bbox 3222 2760 3540 2842; x_wconf 71' lang='grc' dir='ltr'><strong>ὐπέρϐατον,</strong></span> 
     </span>
    </p>
   </div>
   <div class='ocr_carea' id='block_1_61' title="bbox 1937 2853 3536 2929">
    <p class='ocr_par' dir='ltr' id='par_1_61' title="bbox 1937 2853 3536 2929">
     <span class='ocr_line' id='line_1_61' title="bbox 1937 2853 3536 2929; baseline -0.001 -17"><span class='ocrx_word' id='word_1_466' title='bbox 1937 2857 2080 2929; x_wconf 90' lang='lat' dir='ltr'><strong>quod</strong></span> <span class='ocrx_word' id='word_1_467' title='bbox 2113 2857 2184 2911; x_wconf 91' lang='lat' dir='ltr'><strong>ita</strong></span> <span class='ocrx_word' id='word_1_468' title='bbox 2217 2871 2316 2911; x_wconf 91' lang='lat' dir='ltr'><strong>suo</strong></span> <span class='ocrx_word' id='word_1_469' title='bbox 2347 2854 2542 2911; x_wconf 87' lang='lat' dir='ltr'><strong>ordine</strong></span> <span class='ocrx_word' id='word_1_470' title='bbox 2565 2854 2666 2924; x_wconf 91' lang='lat' dir='ltr'><strong>legi</strong></span> <span class='ocrx_word' id='word_1_471' title='bbox 2695 2863 2890 2924; x_wconf 87' lang='lat' dir='ltr'><strong>potest.</strong></span> <span class='ocrx_word' id='word_1_472' title='bbox 2925 2855 3092 2910; x_wconf 85' lang='lat' dir='ltr'><strong>Miror</strong></span> <span class='ocrx_word' id='word_1_473' title='bbox 3113 2853 3260 2926; x_wconf 86' lang='lat' dir='ltr'><strong>quod</strong></span> <span class='ocrx_word' id='word_1_474' title='bbox 3291 2866 3397 2910; x_wconf 87' lang='lat' dir='ltr'><strong>tam</strong></span> <span class='ocrx_word' id='word_1_475' title='bbox 3427 2853 3536 2928; x_wconf 68' lang='grc' dir='ltr'><strong>[Αἵ.</strong></span> 
     </span>
    </p>
   </div>
   <div class='ocr_carea' id='block_1_62' title="bbox 1937 2945 3544 3020">
    <p class='ocr_par' dir='ltr' id='par_1_62' title="bbox 1937 2945 3544 3020">
     <span class='ocr_line' id='line_1_62' title="bbox 1937 2945 3544 3020; baseline 0.001 -18"><span class='ocrx_word' id='word_1_476' title='bbox 1937 2948 2085 3002; x_wconf 86' lang='lat' dir='ltr'><strong>addit</strong></span> <span class='ocrx_word' id='word_1_477' title='bbox 2112 2945 2213 3019; x_wconf 76' lang='lat' dir='ltr'><strong>sic)</strong></span> <span class='ocrx_word' id='word_1_478' title='bbox 2245 2945 2353 3001; x_wconf 88' lang='lat' dir='ltr'><strong>cito</strong></span> <span class='ocrx_word' id='word_1_479' title='bbox 2385 2945 2781 3002; x_wconf 80' lang='lat' dir='ltr'><strong>transferiinini</strong></span> <span class='ocrx_word' id='word_1_480' title='bbox 2809 2962 2836 3000; x_wconf 90' lang='lat' dir='ltr'><strong>a</strong></span> <span class='ocrx_word' id='word_1_481' title='bbox 2870 2945 3092 3003; x_wconf 82' lang='lat' dir='ltr'><strong>Christo</strong></span> <span class='ocrx_word' id='word_1_482' title='bbox 3119 2947 3274 3014; x_wconf 76' lang='lat' dir='ltr'><strong>.lcsu,</strong></span> <span class='ocrx_word' id='word_1_483' title='bbox 3325 2949 3415 3020; x_wconf 91' lang='lat' dir='ltr'><strong>qui</strong></span> <span class='ocrx_word' id='word_1_484' title='bbox 3449 2965 3544 3003; x_wconf 82' lang='lat' dir='ltr'><strong>\‘uS</strong></span> 
     </span>
    </p>
   </div>
   <div class='ocr_carea' id='block_1_63' title="bbox 234 3029 3537 3114">
    <p class='ocr_par' dir='ltr' id='par_1_63' title="bbox 234 3029 3537 3114">
     <span class='ocr_line' id='line_1_63' title="bbox 234 3029 3537 3114; baseline -0.001 -22"><span class='ocrx_word' id='word_1_485' title='bbox 234 3037 398 3108; x_wconf 83' lang='lat' dir='ltr'><strong>aliqui</strong></span> <span class='ocrx_word' id='word_1_486' title='bbox 437 3039 525 3108; x_wconf 86' lang='lat' dir='ltr'><strong>qui</strong></span> <span class='ocrx_word' id='word_1_487' title='bbox 560 3051 648 3090; x_wconf 81' lang='lat' dir='ltr'><strong>vos</strong></span> <span class='ocrx_word' id='word_1_488' title='bbox 675 3033 1023 3101; x_wconf 85' lang='lat' dir='ltr'><strong>conturbant,</strong></span> <span class='ocrx_word' id='word_1_489' title='bbox 1045 3043 1094 3088; x_wconf 89' lang='lat' dir='ltr'><strong>et</strong></span> <span class='ocrx_word' id='word_1_490' title='bbox 1135 3031 1310 3087; x_wconf 86' lang='lat' dir='ltr'><strong>uolunt</strong></span> <span class='ocrx_word' id='word_1_491' title='bbox 1339 3041 1635 3085; x_wconf 85' lang='lat' dir='ltr'><strong>convertere</strong></span> <span class='ocrx_word' id='word_1_492' title='bbox 1665 3029 1832 3084; x_wconf 75' lang='lat' dir='ltr'><strong>Evan-</strong></span> <span class='ocrx_word' id='word_1_493' title='bbox 1861 3037 1906 3102; x_wconf 72' lang='grc' dir='ltr'>ρ</span> <span class='ocrx_word' id='word_1_494' title='bbox 1939 3040 2152 3094; x_wconf 73' lang='lat' dir='ltr'><strong>vocavit</strong></span> <span class='ocrx_word' id='word_1_495' title='bbox 2184 3039 2236 3094; x_wconf 88' lang='lat' dir='ltr'><strong>in</strong></span> <span class='ocrx_word' id='word_1_496' title='bbox 2269 3038 2522 3108; x_wconf 80' lang='lat' dir='ltr'><strong>gratiam,</strong></span> <span class='ocrx_word' id='word_1_497' title='bbox 2552 3037 2773 3094; x_wconf 80' lang='lat' dir='ltr'><strong>dicens.</strong></span> <span class='ocrx_word' id='word_1_498' title='bbox 2805 3035 2928 3092; x_wconf 87' lang='lat' dir='ltr'><strong>Non</strong></span> <span class='ocrx_word' id='word_1_499' title='bbox 2959 3040 3076 3094; x_wconf 76' lang='lat' dir='ltr'><strong>veni</strong></span> <span class='ocrx_word' id='word_1_500' title='bbox 3122 3055 3309 3095; x_wconf 85' lang='lat' dir='ltr'><strong>vocare</strong></span> <span class='ocrx_word' id='word_1_501' title='bbox 3340 3043 3537 3114; x_wconf 77' lang='lat' dir='ltr'><strong>justas,</strong></span> 
     </span>
    </p>
   </div>
   <div class='ocr_carea' id='block_1_64' title="bbox 236 3124 1830 3202">
    <p class='ocr_par' dir='ltr' id='par_1_64' title="bbox 236 3124 1830 3202">
     <span class='ocr_line' id='line_1_64' title="bbox 236 3124 1830 3202; baseline -0.002 -19"><span class='ocrx_word' id='word_1_502' title='bbox 236 3129 430 3202; x_wconf 80' lang='lat' dir='ltr'><strong>gelium</strong></span> <span class='ocrx_word' id='word_1_503' title='bbox 494 3126 709 3183; x_wconf 77' lang='lat' dir='ltr'><strong>Christi.</strong></span> <span class='ocrx_word' id='word_1_504' title='bbox 780 3125 1020 3182; x_wconf 80' lang='lat' dir='ltr'><strong>Verbum</strong></span> <span class='ocrx_word' id='word_1_505' title='bbox 1093 3125 1466 3181; x_wconf 82' lang='lat' dir='ltr'><strong>translationis</strong></span> <span class='ocrx_word' id='word_1_506' title='bbox 1517 3125 1572 3178; x_wconf 89' lang='lat' dir='ltr'><strong>in</strong></span> <span class='ocrx_word' id='word_1_507' title='bbox 1630 3124 1830 3180; x_wconf 86' lang='lat' dir='ltr'><strong>Genesi</strong></span> 
     </span>
    </p>
   </div>
   <div class='ocr_carea' id='block_1_65' title="bbox 235 3215 1832 3294">
    <p class='ocr_par' dir='ltr' id='par_1_65' title="bbox 235 3215 1832 3294">
     <span class='ocr_line' id='line_1_65' title="bbox 235 3215 1832 3294; baseline -0.005 -16"><span class='ocrx_word' id='word_1_508' title='bbox 235 3224 472 3294; x_wconf 83' lang='lat' dir='ltr'><strong>primum</strong></span> <span class='ocrx_word' id='word_1_509' title='bbox 520 3216 1093 3292; x_wconf 82' lang='lat' dir='ltr'><strong>legimus(Genes.v)</strong></span> <span class='ocrx_word' id='word_1_510' title='bbox 1127 3260 1142 3286; x_wconf 90' lang='lat'><strong>,</strong></span> <span class='ocrx_word' id='word_1_511' title='bbox 1192 3219 1280 3272; x_wconf 92' lang='lat' dir='ltr'><strong>ubi</strong></span> <span class='ocrx_word' id='word_1_512' title='bbox 1327 3215 1508 3271; x_wconf 83' lang='lat' dir='ltr'><strong>Euoclt</strong></span> <span class='ocrx_word' id='word_1_513' title='bbox 1553 3217 1832 3287; x_wconf 79' lang='lat' dir='ltr'><strong>transtulit</strong></span> 
     </span>
    </p>
   </div>
   <div class='ocr_carea' id='block_1_66' title="bbox 237 3311 1832 3384">
    <p class='ocr_par' dir='ltr' id='par_1_66' title="bbox 237 3311 1832 3384">
     <span class='ocr_line' id='line_1_66' title="bbox 237 3311 1832 3384; baseline -0.002 -14"><span class='ocrx_word' id='word_1_514' title='bbox 237 3315 395 3380; x_wconf 86' lang='lat' dir='ltr'><strong>Deus,</strong></span> <span class='ocrx_word' id='word_1_515' title='bbox 440 3324 490 3370; x_wconf 88' lang='lat' dir='ltr'><strong>et</strong></span> <span class='ocrx_word' id='word_1_516' title='bbox 532 3330 634 3369; x_wconf 89' lang='lat' dir='ltr'><strong>non</strong></span> <span class='ocrx_word' id='word_1_517' title='bbox 673 3314 1050 3370; x_wconf 77' lang='lat' dir='ltr'><strong>inveniebatur.</strong></span> <span class='ocrx_word' id='word_1_518' title='bbox 1100 3311 1168 3368; x_wconf 81' lang='lat' dir='ltr'><strong>Et</strong></span> <span class='ocrx_word' id='word_1_519' title='bbox 1197 3313 1252 3367; x_wconf 89' lang='lat' dir='ltr'><strong>in</strong></span> <span class='ocrx_word' id='word_1_520' title='bbox 1282 3312 1594 3384; x_wconf 79' lang='lat' dir='ltr'><strong>Regnorum</strong></span> <span class='ocrx_word' id='word_1_521' title='bbox 1645 3320 1832 3382; x_wconf 84' lang='lat' dir='ltr'><strong>postea</strong></span> 
     </span>
    </p>
   </div>
   <div class='ocr_carea' id='block_1_67' title="bbox 237 3407 1833 3482">
    <p class='ocr_par' dir='ltr' id='par_1_67' title="bbox 237 3407 1833 3482">
     <span class='ocr_line' id='line_1_67' title="bbox 237 3407 1833 3482; baseline -0.001 -16"><span class='ocrx_word' id='word_1_522' title='bbox 237 3411 392 3466; x_wconf 90' lang='lat' dir='ltr'><strong>libris</strong></span> <span class='ocrx_word' id='word_1_523' title='bbox 425 3410 530 3482; x_wconf 91' lang='lat' dir='ltr'><strong>(Ill</strong></span> <span class='ocrx_word' id='word_1_524' title='bbox 562 3409 694 3482; x_wconf 71' lang='lat' dir='ltr'><strong>Reg.</strong></span> <span class='ocrx_word' id='word_1_525' title='bbox 736 3407 910 3481; x_wconf 71' lang='lat' dir='ltr'><strong>XXI),</strong></span> <span class='ocrx_word' id='word_1_526' title='bbox 956 3408 1174 3480; x_wconf 89' lang='lat' dir='ltr'><strong>quando</strong></span> <span class='ocrx_word' id='word_1_527' title='bbox 1220 3407 1411 3464; x_wconf 85' lang='lat' dir='ltr'><strong>Achab</strong></span> <span class='ocrx_word' id='word_1_528' title='bbox 1459 3423 1488 3463; x_wconf 88' lang='lat' dir='ltr'><strong>a</strong></span> <span class='ocrx_word' id='word_1_529' title='bbox 1540 3407 1688 3464; x_wconf 88' lang='lat' dir='ltr'><strong>cultu</strong></span> <span class='ocrx_word' id='word_1_530' title='bbox 1735 3408 1833 3464; x_wconf 86' lang='lat' dir='ltr'><strong>Dei</strong></span> 
     </span>
    </p>
   </div>
   <div class='ocr_carea' id='block_1_68' title="bbox 233 3499 1833 3578">
    <p class='ocr_par' dir='ltr' id='par_1_68' title="bbox 233 3499 1833 3578">
     <span class='ocr_line' id='line_1_68' title="bbox 233 3499 1833 3578; baseline -0.002 -20"><span class='ocrx_word' id='word_1_531' title='bbox 233 3499 393 3578; x_wconf 74' lang='lat'><strong>381</strong></span> <span class='ocrx_word' id='word_1_532' title='bbox 420 3503 487 3558; x_wconf 91' lang='lat' dir='ltr'><strong>ad</strong></span> <span class='ocrx_word' id='word_1_533' title='bbox 519 3503 785 3558; x_wconf 88' lang='lat' dir='ltr'><strong>idolorum</strong></span> <span class='ocrx_word' id='word_1_534' title='bbox 819 3502 1224 3558; x_wconf 80' lang='lat' dir='ltr'><strong>venerationem</strong></span> <span class='ocrx_word' id='word_1_535' title='bbox 1253 3501 1532 3556; x_wconf 90' lang='lat' dir='ltr'><strong>transtulit</strong></span> <span class='ocrx_word' id='word_1_536' title='bbox 1559 3515 1694 3556; x_wconf 83' lang='lat' dir='ltr'><strong>uxor</strong></span> <span class='ocrx_word' id='word_1_537' title='bbox 1736 3516 1833 3556; x_wconf 90' lang='lat' dir='ltr'><strong>sua</strong></span> 
     </span>
    </p>
   </div>
   <div class='ocr_carea' id='block_1_69' title="bbox 233 3581 1833 3666">
    <p class='ocr_par' dir='ltr' id='par_1_69' title="bbox 233 3581 1833 3666">
     <span class='ocr_line' id='line_1_69' title="bbox 233 3581 1833 3666; baseline -0.001 -16"><span class='ocrx_word' id='word_1_538' title='bbox 233 3581 469 3663; x_wconf 67' lang='lat' dir='ltr'><strong>.lcubel,</strong></span> <span class='ocrx_word' id='word_1_539' title='bbox 521 3605 580 3651; x_wconf 90' lang='grc' dir='ltr'><strong>ιιι</strong></span> <span class='ocrx_word' id='word_1_540' title='bbox 612 3595 825 3666; x_wconf 73' lang='lat' dir='ltr'><strong>facere!</strong></span> <span class='ocrx_word' id='word_1_541' title='bbox 866 3594 1018 3664; x_wconf 67' lang='lat' dir='ltr'><strong>juxta</strong></span> <span class='ocrx_word' id='word_1_542' title='bbox 1066 3594 1244 3648; x_wconf 89' lang='lat' dir='ltr'><strong>omnia</strong></span> <span class='ocrx_word' id='word_1_543' title='bbox 1293 3610 1412 3666; x_wconf 76' lang='lat' dir='ltr'><strong>qua:</strong></span> <span class='ocrx_word' id='word_1_544' title='bbox 1461 3593 1592 3650; x_wconf 85' lang='lat' dir='ltr'><strong>fecit</strong></span> <span class='ocrx_word' id='word_1_545' title='bbox 1636 3592 1833 3649; x_wconf 81' lang='lat' dir='ltr'><strong>Amor-</strong></span> 
     </span>
    </p>
   </div>
   <div class='ocr_carea' id='block_1_70' title="bbox 233 3801 1822 3872">
    <p class='ocr_par' dir='ltr' id='par_1_70' title="bbox 233 3801 1822 3872">
     <span class='ocr_line' id='line_1_70' title="bbox 233 3801 1822 3872; baseline 0.003 -15"><span class='ocrx_word' id='word_1_546' title='bbox 233 3803 284 3858; x_wconf 82' lang='lat' dir='ltr'><strong>vi</strong></span> <span class='ocrx_word' id='word_1_547' title='bbox 318 3803 511 3858; x_wconf 89' lang='lat' dir='ltr'><strong>duram</strong></span> <span class='ocrx_word' id='word_1_548' title='bbox 553 3801 922 3861; x_wconf 88' lang='lat' dir='ltr'><strong>conditionem</strong></span> <span class='ocrx_word' id='word_1_549' title='bbox 956 3818 1058 3860; x_wconf 89' lang='lat' dir='ltr'><strong>suo</strong></span> <span class='ocrx_word' id='word_1_550' title='bbox 1085 3805 1284 3862; x_wconf 91' lang='lat' dir='ltr'><strong>dicitur</strong></span> <span class='ocrx_word' id='word_1_551' title='bbox 1312 3804 1549 3860; x_wconf 82' lang='lat' dir='ltr'><strong>adventu</strong></span> <span class='ocrx_word' id='word_1_552' title='bbox 1579 3804 1822 3872; x_wconf 85' lang='lat' dir='ltr'><strong>solvere,</strong></span> 
     </span>
    </p>
   </div>
   <div class='ocr_carea' id='block_1_71' title="bbox 234 3873 1826 3948">
    <p class='ocr_par' dir='ltr' id='par_1_71' title="bbox 234 3873 1826 3948">
     <span class='ocr_line' id='line_1_71' title="bbox 234 3873 1826 3948; baseline 0.001 -20"><span class='ocrx_word' id='word_1_553' title='bbox 234 3889 465 3943; x_wconf 84' lang='lat' dir='ltr'><strong>quorum</strong></span> <span class='ocrx_word' id='word_1_554' title='bbox 495 3881 551 3927; x_wconf 93' lang='lat' dir='ltr'><strong>ut</strong></span> <span class='ocrx_word' id='word_1_555' title='bbox 581 3873 896 3948; x_wconf 87' lang='lat' dir='ltr'><strong>longissima</strong></span> <span class='ocrx_word' id='word_1_556' title='bbox 925 3877 1156 3932; x_wconf 87' lang='lat' dir='ltr'><strong>servitus</strong></span> <span class='ocrx_word' id='word_1_557' title='bbox 1183 3876 1695 3948; x_wconf 75' lang='lat' dir='ltr'><strong>quinquagesimum</strong></span> <span class='ocrx_word' id='word_1_558' title='bbox 1727 3891 1826 3930; x_wconf 89' lang='lat' dir='ltr'><strong>au-</strong></span> 
     </span>
    </p>
   </div>
   <div class='ocr_carea' id='block_1_72' title="bbox 235 3947 1821 4018">
    <p class='ocr_par' dir='ltr' id='par_1_72' title="bbox 235 3947 1821 4018">
     <span class='ocr_line' id='line_1_72' title="bbox 235 3947 1821 4018; baseline 0.001 -18"><span class='ocrx_word' id='word_1_559' title='bbox 235 3961 360 4000; x_wconf 86' lang='lat' dir='ltr'><strong>uuni</strong></span> <span class='ocrx_word' id='word_1_560' title='bbox 413 3959 674 4018; x_wconf 85' lang='lat' dir='ltr'><strong>superare</strong></span> <span class='ocrx_word' id='word_1_561' title='bbox 726 3961 791 4001; x_wconf 85' lang='lat' dir='ltr'><strong>ex</strong></span> <span class='ocrx_word' id='word_1_562' title='bbox 824 3947 966 4018; x_wconf 88' lang='lat' dir='ltr'><strong>Lege</strong></span> <span class='ocrx_word' id='word_1_563' title='bbox 1007 3963 1116 4004; x_wconf 89' lang='lat' dir='ltr'><strong>non</strong></span> <span class='ocrx_word' id='word_1_564' title='bbox 1157 3947 1414 4017; x_wconf 81' lang='lat' dir='ltr'><strong>peterat:</strong></span> <span class='ocrx_word' id='word_1_565' title='bbox 1465 3947 1821 4002; x_wconf 78' lang='lat' dir='ltr'><strong>Moabitarum</strong></span> 
     </span>
    </p>
   </div>
   <div class='ocr_carea' id='block_1_73' title="bbox 235 4016 1821 4086">
    <p class='ocr_par' dir='ltr' id='par_1_73' title="bbox 235 4016 1821 4086">
     <span class='ocr_line' id='line_1_73' title="bbox 235 4016 1821 4086; baseline 0.001 -16"><span class='ocrx_word' id='word_1_566' title='bbox 235 4032 372 4072; x_wconf 74' lang='lat' dir='ltr'><strong>vero</strong></span> <span class='ocrx_word' id='word_1_567' title='bbox 421 4026 584 4086; x_wconf 78' lang='lat' dir='ltr'><strong>atque</strong></span> <span class='ocrx_word' id='word_1_568' title='bbox 627 4016 1060 4074; x_wconf 72' lang='lat' dir='ltr'><strong>Ammonitarum</strong></span> <span class='ocrx_word' id='word_1_569' title='bbox 1111 4016 1233 4074; x_wconf 82' lang='lat' dir='ltr'><strong>erat</strong></span> <span class='ocrx_word' id='word_1_570' title='bbox 1277 4029 1332 4074; x_wconf 84' lang='lat' dir='ltr'><strong>et</strong></span> <span class='ocrx_word' id='word_1_571' title='bbox 1383 4030 1508 4086; x_wconf 65' lang='lat' dir='ltr'><strong>post</strong></span> <span class='ocrx_word' id='word_1_572' title='bbox 1552 4018 1821 4074; x_wconf 82' lang='lat' dir='ltr'><strong>decimam</strong></span> 
     </span>
    </p>
   </div>
   <div class='ocr_carea' id='block_1_74' title="bbox 233 4089 1822 4160">
    <p class='ocr_par' dir='ltr' id='par_1_74' title="bbox 233 4089 1822 4160">
     <span class='ocr_line' id='line_1_74' title="bbox 233 4089 1822 4160; baseline 0.001 -16"><span class='ocrx_word' id='word_1_573' title='bbox 233 4089 648 4160; x_wconf 66' lang='lat' dir='ltr'><strong>generationem</strong></span> <span class='ocrx_word' id='word_1_574' title='bbox 705 4098 762 4143; x_wconf 90' lang='lat' dir='ltr'><strong>et</strong></span> <span class='ocrx_word' id='word_1_575' title='bbox 815 4093 1206 4160; x_wconf 87' lang='lat' dir='ltr'><strong>sempitermnn</strong></span> <span class='ocrx_word' id='word_1_576' title='bbox 1267 4090 1574 4158; x_wconf 79' lang='lat' dir='ltr'><strong>repudium.</strong></span> <span class='ocrx_word' id='word_1_577' title='bbox 1635 4089 1822 4145; x_wconf 87' lang='lat' dir='ltr'><strong>Tertio</strong></span> 
     </span>
    </p>
   </div>
   <div class='ocr_carea' id='block_1_75' title="bbox 235 4157 1823 4233">
    <p class='ocr_par' dir='ltr' id='par_1_75' title="bbox 235 4157 1823 4233">
     <span class='ocr_line' id='line_1_75' title="bbox 235 4157 1823 4233; baseline 0 -21"><span class='ocrx_word' id='word_1_578' title='bbox 235 4157 450 4233; x_wconf 68' lang='lat' dir='ltr'><strong>(lentum</strong></span> <span class='ocrx_word' id='word_1_579' title='bbox 473 4201 488 4222; x_wconf 90' lang='lat'><strong>,</strong></span> <span class='ocrx_word' id='word_1_580' title='bbox 519 4174 629 4233; x_wconf 72' lang='lat' dir='ltr'><strong>atto</strong></span> <span class='ocrx_word' id='word_1_581' title='bbox 655 4160 870 4233; x_wconf 82' lang='lat' dir='ltr'><strong>tandem</strong></span> <span class='ocrx_word' id='word_1_582' title='bbox 913 4157 1074 4216; x_wconf 83' lang='lat' dir='ltr'><strong>modo</strong></span> <span class='ocrx_word' id='word_1_583' title='bbox 1116 4161 1588 4233; x_wconf 82' lang='lat' dir='ltr'><strong>llierouyinianam</strong></span> <span class='ocrx_word' id='word_1_584' title='bbox 1619 4160 1823 4233; x_wconf 70' lang='lat' dir='ltr'><strong>disser-</strong></span> 
     </span>
    </p>
   </div>
   <div class='ocr_carea' id='block_1_76' title="bbox 235 4229 1822 4302">
    <p class='ocr_par' dir='ltr' id='par_1_76' title="bbox 235 4229 1822 4302">
     <span class='ocr_line' id='line_1_76' title="bbox 235 4229 1822 4302; baseline 0 -18"><span class='ocrx_word' id='word_1_585' title='bbox 235 4229 442 4302; x_wconf 80' lang='lat' dir='ltr'><strong>tionem</strong></span> <span class='ocrx_word' id='word_1_586' title='bbox 455 4229 938 4302; x_wconf 79' lang='lat' dir='ltr'><strong>accipias(etiantsi</strong></span> <span class='ocrx_word' id='word_1_587' title='bbox 960 4233 1292 4287; x_wconf 86' lang='lat' dir='ltr'><strong>reclamante</strong></span> <span class='ocrx_word' id='word_1_588' title='bbox 1311 4229 1614 4301; x_wconf 81' lang='lat' dir='ltr'><strong>Scriptura,</strong></span> <span class='ocrx_word' id='word_1_589' title='bbox 1635 4231 1822 4300; x_wconf 87' lang='lat' dir='ltr'><strong>reique</strong></span> 
     </span>
    </p>
   </div>
   <div class='ocr_carea' id='block_1_77' title="bbox 234 4301 1824 4374">
    <p class='ocr_par' dir='ltr' id='par_1_77' title="bbox 234 4301 1824 4374">
     <span class='ocr_line' id='line_1_77' title="bbox 234 4301 1824 4374; baseline 0 -20"><span class='ocrx_word' id='word_1_590' title='bbox 234 4301 504 4374; x_wconf 77' lang='lat' dir='ltr'><strong>veritate,</strong></span> <span class='ocrx_word' id='word_1_591' title='bbox 551 4301 1008 4374; x_wconf 12' lang='lat' dir='ltr'><strong>velisiidefmitum</strong></span> <span class='ocrx_word' id='word_1_592' title='bbox 1053 4306 1155 4358; x_wconf 90' lang='lat' dir='ltr'><strong>hoc</strong></span> <span class='ocrx_word' id='word_1_593' title='bbox 1180 4319 1395 4374; x_wconf 78' lang='lat' dir='ltr'><strong>quoque</strong></span> <span class='ocrx_word' id='word_1_594' title='bbox 1434 4304 1610 4356; x_wconf 88' lang='lat' dir='ltr'><strong>altero</strong></span> <span class='ocrx_word' id='word_1_595' title='bbox 1639 4317 1824 4356; x_wconf 73' lang='lat' dir='ltr'><strong>exem-</strong></span> 
     </span>
    </p>
   </div>
   <div class='ocr_carea' id='block_1_78' title="bbox 233 4371 1823 4445">
    <p class='ocr_par' dir='ltr' id='par_1_78' title="bbox 233 4371 1823 4445">
     <span class='ocr_line' id='line_1_78' title="bbox 233 4371 1823 4445; baseline 0.004 -23"><span class='ocrx_word' id='word_1_596' title='bbox 233 4371 329 4441; x_wconf 84' lang='lat' dir='ltr'><strong>plo</strong></span> <span class='ocrx_word' id='word_1_597' title='bbox 359 4373 589 4445; x_wconf 81' lang='lat' dir='ltr'><strong>spatium</strong></span> <span class='ocrx_word' id='word_1_598' title='bbox 611 4371 1225 4445; x_wconf 11' lang='lat' dir='ltr'><strong>indici,glnngissitnum</strong></span> <span class='ocrx_word' id='word_1_599' title='bbox 1257 4385 1435 4429; x_wconf 87' lang='lat' dir='ltr'><strong>tamen</strong></span> <span class='ocrx_word' id='word_1_600' title='bbox 1473 4374 1691 4427; x_wconf 46' lang='lat' dir='ltr'><strong>fatearis~</strong></span> <span class='ocrx_word' id='word_1_601' title='bbox 1718 4415 1733 4438; x_wconf 86' lang='lat'><strong>,</strong></span> <span class='ocrx_word' id='word_1_602' title='bbox 1768 4381 1823 4428; x_wconf 87' lang='lat' dir='ltr'><strong>et</strong></span> 
     </span>
    </p>
   </div>
   <div class='ocr_carea' id='block_1_79' title="bbox 231 4443 1821 4515">
    <p class='ocr_par' dir='ltr' id='par_1_79' title="bbox 231 4443 1821 4515">
     <span class='ocr_line' id='line_1_79' title="bbox 231 4443 1821 4515; baseline 0.003 -21"><span class='ocrx_word' id='word_1_603' title='bbox 231 4443 378 4512; x_wconf 88' lang='lat' dir='ltr'><strong>quod</strong></span> <span class='ocrx_word' id='word_1_604' title='bbox 403 4445 625 4497; x_wconf 85' lang='lat' dir='ltr'><strong>omnino</strong></span> <span class='ocrx_word' id='word_1_605' title='bbox 653 4459 777 4499; x_wconf 89' lang='lat' dir='ltr'><strong>cum</strong></span> <span class='ocrx_word' id='word_1_606' title='bbox 805 4443 1041 4500; x_wconf 68' lang='lat' dir='ltr'><strong>Jubilaeo</strong></span> <span class='ocrx_word' id='word_1_607' title='bbox 1083 4456 1318 4515; x_wconf 87' lang='lat' dir='ltr'><strong>nequeat</strong></span> <span class='ocrx_word' id='word_1_608' title='bbox 1347 4445 1647 4514; x_wconf 86' lang='lat' dir='ltr'><strong>componi),</strong></span> <span class='ocrx_word' id='word_1_609' title='bbox 1695 4460 1821 4512; x_wconf 82' lang='lat' dir='ltr'><strong>pro-</strong></span> 
     </span>
    </p>
   </div>
   <div class='ocr_carea' id='block_1_80' title="bbox 1939 3130 3538 3205">
    <p class='ocr_par' dir='ltr' id='par_1_80' title="bbox 1939 3130 3538 3205">
     <span class='ocr_line' id='line_1_80' title="bbox 1939 3130 3538 3205; baseline 0 -18"><span class='ocrx_word' id='word_1_610' title='bbox 1939 3133 2030 3187; x_wconf 83' lang='lat' dir='ltr'><strong>sed</strong></span> <span class='ocrx_word' id='word_1_611' title='bbox 2059 3141 2350 3202; x_wconf 82' lang='lat' dir='ltr'><strong>peccatores</strong></span> <span class='ocrx_word' id='word_1_612' title='bbox 2377 3131 2443 3186; x_wconf 89' lang='lat' dir='ltr'><strong>ad</strong></span> <span class='ocrx_word' id='word_1_613' title='bbox 2477 3132 2848 3202; x_wconf 63' lang='lat' dir='ltr'><strong>paenitentiam</strong></span> <span class='ocrx_word' id='word_1_614' title='bbox 2879 3130 3079 3197; x_wconf 81' lang='lat' dir='ltr'><strong>(Marc.</strong></span> <span class='ocrx_word' id='word_1_615' title='bbox 3116 3149 3176 3198; x_wconf 85' lang='grc' dir='ltr'>ιι,</span> <span class='ocrx_word' id='word_1_616' title='bbox 3210 3131 3320 3205; x_wconf 75' lang='grc'><strong>17).</strong></span> <span class='ocrx_word' id='word_1_617' title='bbox 3351 3132 3538 3190; x_wconf 85' lang='lat' dir='ltr'><strong>Gratia</strong></span> 
     </span>
    </p>
   </div>
   <div class='ocr_carea' id='block_1_81' title="bbox 1936 3221 3537 3298">
    <p class='ocr_par' dir='ltr' id='par_1_81' title="bbox 1936 3221 3537 3298">
     <span class='ocr_line' id='line_1_81' title="bbox 1936 3221 3537 3298; baseline 0.001 -18"><span class='ocrx_word' id='word_1_618' title='bbox 1936 3226 2135 3296; x_wconf 77' lang='lat' dir='ltr'><strong>quippe</strong></span> <span class='ocrx_word' id='word_1_619' title='bbox 2165 3226 2299 3279; x_wconf 78' lang='lat' dir='ltr'><strong>Salvi</strong></span> <span class='ocrx_word' id='word_1_620' title='bbox 2330 3224 2456 3279; x_wconf 82' lang='lat' dir='ltr'><strong>facti</strong></span> <span class='ocrx_word' id='word_1_621' title='bbox 2483 3239 2692 3289; x_wconf 84' lang='lat' dir='ltr'><strong>sumus,</strong></span> <span class='ocrx_word' id='word_1_622' title='bbox 2723 3234 2776 3279; x_wconf 88' lang='lat' dir='ltr'><strong>et</strong></span> <span class='ocrx_word' id='word_1_623' title='bbox 2809 3239 2914 3279; x_wconf 91' lang='lat' dir='ltr'><strong>non</strong></span> <span class='ocrx_word' id='word_1_624' title='bbox 2945 3239 3045 3294; x_wconf 91' lang='lat' dir='ltr'><strong>per</strong></span> <span class='ocrx_word' id='word_1_625' title='bbox 3075 3224 3250 3295; x_wconf 89' lang='lat' dir='ltr'><strong>legem</strong></span> <span class='ocrx_word' id='word_1_626' title='bbox 3293 3221 3537 3298; x_wconf 76' lang='lat' dir='ltr'><strong>(Epiros.</strong></span> 
     </span>
    </p>
   </div>
   <div class='ocr_carea' id='block_1_82' title="bbox 1922 3311 3538 3386">
    <p class='ocr_par' dir='ltr' id='par_1_82' title="bbox 1922 3311 3538 3386">
     <span class='ocr_line' id='line_1_82' title="bbox 1922 3311 3538 3386; baseline 0.001 -14"><span class='ocrx_word' id='word_1_627' title='bbox 1922 3333 1999 3382; x_wconf 73' lang='grc' dir='ltr'>ιι,</span> <span class='ocrx_word' id='word_1_628' title='bbox 2029 3317 2108 3386; x_wconf 92' lang='lat'><strong>8).</strong></span> <span class='ocrx_word' id='word_1_629' title='bbox 2139 3315 2412 3370; x_wconf 84' lang='lat' dir='ltr'><strong>Translati</strong></span> <span class='ocrx_word' id='word_1_630' title='bbox 2439 3323 2642 3382; x_wconf 87' lang='lat' dir='ltr'><strong>autem,</strong></span> <span class='ocrx_word' id='word_1_631' title='bbox 2675 3313 2870 3385; x_wconf 88' lang='lat' dir='ltr'><strong>inquit,</strong></span> <span class='ocrx_word' id='word_1_632' title='bbox 2897 3315 3033 3370; x_wconf 73' lang='lat' dir='ltr'><strong>esus</strong></span> <span class='ocrx_word' id='word_1_633' title='bbox 3062 3314 3121 3371; x_wconf 90' lang='lat' dir='ltr'><strong>in</strong></span> <span class='ocrx_word' id='word_1_634' title='bbox 3167 3314 3313 3372; x_wconf 85' lang='lat' dir='ltr'><strong>aliud</strong></span> <span class='ocrx_word' id='word_1_635' title='bbox 3363 3311 3538 3373; x_wconf 55' lang='lat' dir='ltr'><strong>Evanv</strong></span> 
     </span>
    </p>
   </div>
   <div class='ocr_carea' id='block_1_83' title="bbox 1940 3405 3537 3479">
    <p class='ocr_par' dir='ltr' id='par_1_83' title="bbox 1940 3405 3537 3479">
     <span class='ocr_line' id='line_1_83' title="bbox 1940 3405 3537 3479; baseline 0.002 -17"><span class='ocrx_word' id='word_1_636' title='bbox 1940 3408 2162 3478; x_wconf 83' lang='lat' dir='ltr'><strong>gelium,</strong></span> <span class='ocrx_word' id='word_1_637' title='bbox 2185 3406 2329 3478; x_wconf 89' lang='lat' dir='ltr'><strong>quod</strong></span> <span class='ocrx_word' id='word_1_638' title='bbox 2355 3422 2460 3461; x_wconf 91' lang='lat' dir='ltr'><strong>non</strong></span> <span class='ocrx_word' id='word_1_639' title='bbox 2490 3420 2575 3461; x_wconf 90' lang='lat' dir='ltr'><strong>est</strong></span> <span class='ocrx_word' id='word_1_640' title='bbox 2603 3405 2750 3462; x_wconf 90' lang='lat' dir='ltr'><strong>aliud</strong></span> <span class='ocrx_word' id='word_1_641' title='bbox 2777 3425 2789 3462; x_wconf 91' lang='lat'>:</span> <span class='ocrx_word' id='word_1_642' title='bbox 2822 3407 2950 3478; x_wconf 91' lang='lat' dir='ltr'><strong>quia</strong></span> <span class='ocrx_word' id='word_1_643' title='bbox 2979 3422 3142 3464; x_wconf 87' lang='lat' dir='ltr'><strong>omne</strong></span> <span class='ocrx_word' id='word_1_644' title='bbox 3169 3407 3312 3479; x_wconf 89' lang='lat' dir='ltr'><strong>quod</strong></span> <span class='ocrx_word' id='word_1_645' title='bbox 3344 3405 3537 3465; x_wconf 80' lang='lat' dir='ltr'><strong>falsum</strong></span> 
     </span>
    </p>
   </div>
   <div class='ocr_carea' id='block_1_84' title="bbox 1939 3499 3540 3570">
    <p class='ocr_par' dir='ltr' id='par_1_84' title="bbox 1939 3499 3540 3570">
     <span class='ocr_line' id='line_1_84' title="bbox 1939 3499 3540 3570; baseline -0.002 -13"><span class='ocrx_word' id='word_1_646' title='bbox 1939 3509 2044 3564; x_wconf 82' lang='lat' dir='ltr'><strong>est,</strong></span> <span class='ocrx_word' id='word_1_647' title='bbox 2075 3515 2182 3555; x_wconf 89' lang='lat' dir='ltr'><strong>non</strong></span> <span class='ocrx_word' id='word_1_648' title='bbox 2213 3499 2482 3567; x_wconf 83' lang='lat' dir='ltr'><strong>subsistit,</strong></span> <span class='ocrx_word' id='word_1_649' title='bbox 2514 3509 2571 3554; x_wconf 89' lang='lat' dir='ltr'><strong>et</strong></span> <span class='ocrx_word' id='word_1_650' title='bbox 2601 3499 2746 3568; x_wconf 90' lang='lat' dir='ltr'><strong>quod</strong></span> <span class='ocrx_word' id='word_1_651' title='bbox 2784 3499 3002 3555; x_wconf 86' lang='lat' dir='ltr'><strong>veritati</strong></span> <span class='ocrx_word' id='word_1_652' title='bbox 3045 3499 3383 3556; x_wconf 88' lang='lat' dir='ltr'><strong>contrarium</strong></span> <span class='ocrx_word' id='word_1_653' title='bbox 3431 3507 3540 3570; x_wconf 90' lang='lat' dir='ltr'><strong>cst,</strong></span> 
     </span>
    </p>
   </div>
   <div class='ocr_carea' id='block_1_85' title="bbox 1940 3585 3542 3666">
    <p class='ocr_par' dir='ltr' id='par_1_85' title="bbox 1940 3585 3542 3666">
     <span class='ocr_line' id='line_1_85' title="bbox 1940 3585 3542 3666; baseline 0 -20"><span class='ocrx_word' id='word_1_654' title='bbox 1940 3591 2101 3666; x_wconf 75' lang='lat'><strong>382</strong></span> <span class='ocrx_word' id='word_1_655' title='bbox 2129 3607 2234 3647; x_wconf 90' lang='lat' dir='ltr'><strong>non</strong></span> <span class='ocrx_word' id='word_1_656' title='bbox 2259 3599 2362 3659; x_wconf 85' lang='lat' dir='ltr'><strong>est,</strong></span> <span class='ocrx_word' id='word_1_657' title='bbox 2397 3600 2454 3646; x_wconf 92' lang='lat' dir='ltr'><strong>ut</strong></span> <span class='ocrx_word' id='word_1_658' title='bbox 2485 3590 2614 3647; x_wconf 87' lang='lat' dir='ltr'><strong>illud</strong></span> <span class='ocrx_word' id='word_1_659' title='bbox 2639 3609 2652 3646; x_wconf 90' lang='lat'><strong>:</strong></span> <span class='ocrx_word' id='word_1_660' title='bbox 2678 3585 2764 3648; x_wconf 82' lang='lat' dir='ltr'><strong>Ne</strong></span> <span class='ocrx_word' id='word_1_661' title='bbox 2785 3593 2986 3661; x_wconf 79' lang='lat' dir='ltr'><strong>tradas,</strong></span> <span class='ocrx_word' id='word_1_662' title='bbox 3013 3590 3256 3662; x_wconf 82' lang='lat' dir='ltr'><strong>Domine,</strong></span> <span class='ocrx_word' id='word_1_663' title='bbox 3283 3595 3542 3666; x_wconf 73' lang='lat' dir='ltr'><strong>sceptrum</strong></span> 
     </span>
    </p>
   </div>
   <div class='ocr_carea' id='block_1_86' title="bbox 1928 3799 3536 3870">
    <p class='ocr_par' dir='ltr' id='par_1_86' title="bbox 1928 3799 3536 3870">
     <span class='ocr_line' id='line_1_86' title="bbox 1928 3799 3536 3870; baseline 0.001 -14"><span class='ocrx_word' id='word_1_664' title='bbox 1928 3806 2164 3856; x_wconf 78' lang='lat' dir='ltr'><strong>eumdem</strong></span> <span class='ocrx_word' id='word_1_665' title='bbox 2190 3818 2302 3858; x_wconf 85' lang='lat' dir='ltr'><strong>esse</strong></span> <span class='ocrx_word' id='word_1_666' title='bbox 2331 3817 2570 3868; x_wconf 85' lang='lat' dir='ltr'><strong>sensum,</strong></span> <span class='ocrx_word' id='word_1_667' title='bbox 2599 3811 2706 3856; x_wconf 87' lang='lat' dir='ltr'><strong>etc.</strong></span> <span class='ocrx_word' id='word_1_668' title='bbox 2737 3800 2952 3856; x_wconf 75' lang='lat' dir='ltr'><strong>Manum</strong></span> <span class='ocrx_word' id='word_1_669' title='bbox 2989 3801 3058 3854; x_wconf 90' lang='lat' dir='ltr'><strong>ab</strong></span> <span class='ocrx_word' id='word_1_670' title='bbox 3103 3799 3221 3868; x_wconf 89' lang='lat' dir='ltr'><strong>ipso</strong></span> <span class='ocrx_word' id='word_1_671' title='bbox 3248 3799 3536 3870; x_wconf 86' lang='lat' dir='ltr'><strong>refigendo</strong></span> 
     </span>
    </p>
   </div>
   <div class='ocr_carea' id='block_1_87' title="bbox 1931 3871 3538 3942">
    <p class='ocr_par' dir='ltr' id='par_1_87' title="bbox 1931 3871 3538 3942">
     <span class='ocr_line' id='line_1_87' title="bbox 1931 3871 3538 3942; baseline -0.001 -15"><span class='ocrx_word' id='word_1_672' title='bbox 1931 3884 2082 3928; x_wconf 75' lang='lat' dir='ltr'><strong>textu</strong></span> <span class='ocrx_word' id='word_1_673' title='bbox 2133 3875 2499 3928; x_wconf 75' lang='lat' dir='ltr'><strong>abstinuimus</strong></span> <span class='ocrx_word' id='word_1_674' title='bbox 2530 3914 2546 3938; x_wconf 92' lang='lat'><strong>,</strong></span> <span class='ocrx_word' id='word_1_675' title='bbox 2599 3871 2742 3942; x_wconf 85' lang='lat' dir='ltr'><strong>quod</strong></span> <span class='ocrx_word' id='word_1_676' title='bbox 2797 3873 2942 3926; x_wconf 91' lang='lat' dir='ltr'><strong>nulla</strong></span> <span class='ocrx_word' id='word_1_677' title='bbox 2979 3880 3073 3926; x_wconf 90' lang='lat' dir='ltr'><strong>aut</strong></span> <span class='ocrx_word' id='word_1_678' title='bbox 3119 3875 3326 3928; x_wconf 82' lang='lat' dir='ltr'><strong>veteris</strong></span> <span class='ocrx_word' id='word_1_679' title='bbox 3368 3871 3492 3926; x_wconf 89' lang='lat' dir='ltr'><strong>libri</strong></span> <span class='ocrx_word' id='word_1_680' title='bbox 3520 3913 3538 3940; x_wconf 95' lang='lat'><strong>,</strong></span> 
     </span>
    </p>
   </div>
   <div class='ocr_carea' id='block_1_88' title="bbox 1927 3941 3533 4012">
    <p class='ocr_par' dir='ltr' id='par_1_88' title="bbox 1927 3941 3533 4012">
     <span class='ocr_line' id='line_1_88' title="bbox 1927 3941 3533 4012; baseline 0.001 -13"><span class='ocrx_word' id='word_1_681' title='bbox 1927 3954 2020 3999; x_wconf 84' lang='lat' dir='ltr'><strong>aut</strong></span> <span class='ocrx_word' id='word_1_682' title='bbox 2054 3945 2180 3999; x_wconf 84' lang='lat' dir='ltr'><strong>boni</strong></span> <span class='ocrx_word' id='word_1_683' title='bbox 2202 3945 2500 4006; x_wconf 75' lang='lat' dir='ltr'><strong>Scr-intoris</strong></span> <span class='ocrx_word' id='word_1_684' title='bbox 2527 3941 2823 3999; x_wconf 81' lang='lat' dir='ltr'><strong>auctoritas</strong></span> <span class='ocrx_word' id='word_1_685' title='bbox 2845 3942 3108 4012; x_wconf 78' lang='lat' dir='ltr'><strong>suﬂ&#39;ragio</strong></span> <span class='ocrx_word' id='word_1_686' title='bbox 3135 3945 3228 3997; x_wconf 86' lang='lat' dir='ltr'><strong>sit.</strong></span> <span class='ocrx_word' id='word_1_687' title='bbox 3260 3941 3533 4000; x_wconf 67' lang='lat' dir='ltr'><strong>Caeterum</strong></span> 
     </span>
    </p>
   </div>
   <div class='ocr_carea' id='block_1_89' title="bbox 1929 4014 3537 4084">
    <p class='ocr_par' dir='ltr' id='par_1_89' title="bbox 1929 4014 3537 4084">
     <span class='ocr_line' id='line_1_89' title="bbox 1929 4014 3537 4084; baseline 0 -14"><span class='ocrx_word' id='word_1_688' title='bbox 1929 4018 2180 4072; x_wconf 77' lang='lat' dir='ltr'><strong>restituta</strong></span> <span class='ocrx_word' id='word_1_689' title='bbox 2213 4017 2280 4070; x_wconf 90' lang='lat' dir='ltr'><strong>ad</strong></span> <span class='ocrx_word' id='word_1_690' title='bbox 2317 4015 2463 4070; x_wconf 81' lang='lat' dir='ltr'><strong>hunc</strong></span> <span class='ocrx_word' id='word_1_691' title='bbox 2492 4015 2712 4069; x_wconf 78' lang='lat' dir='ltr'><strong>modum</strong></span> <span class='ocrx_word' id='word_1_692' title='bbox 2758 4015 3012 4080; x_wconf 83' lang='lat' dir='ltr'><strong>lectione,</strong></span> <span class='ocrx_word' id='word_1_693' title='bbox 3043 4014 3103 4070; x_wconf 88' lang='lat' dir='ltr'><strong>S.</strong></span> <span class='ocrx_word' id='word_1_694' title='bbox 3137 4029 3354 4084; x_wconf 81' lang='lat' dir='ltr'><strong>quoque</strong></span> <span class='ocrx_word' id='word_1_695' title='bbox 3396 4015 3537 4070; x_wconf 78' lang='lat' dir='ltr'><strong>Doe-</strong></span> 
     </span>
    </p>
   </div>
   <div class='ocr_carea' id='block_1_90' title="bbox 1929 4085 3542 4154">
    <p class='ocr_par' dir='ltr' id='par_1_90' title="bbox 1929 4085 3542 4154">
     <span class='ocr_line' id='line_1_90' title="bbox 1929 4085 3542 4154; baseline -0.001 -14"><span class='ocrx_word' id='word_1_696' title='bbox 1929 4098 2014 4142; x_wconf 87' lang='lat' dir='ltr'><strong>Ior</strong></span> <span class='ocrx_word' id='word_1_697' title='bbox 2056 4091 2126 4142; x_wconf 87' lang='lat' dir='ltr'><strong>ab</strong></span> <span class='ocrx_word' id='word_1_698' title='bbox 2178 4086 2327 4142; x_wconf 86' lang='lat' dir='ltr'><strong>omni</strong></span> <span class='ocrx_word' id='word_1_699' title='bbox 2357 4102 2582 4154; x_wconf 79' lang='lat' dir='ltr'><strong>prorsus</strong></span> <span class='ocrx_word' id='word_1_700' title='bbox 2623 4086 2892 4142; x_wconf 86' lang='lat' dir='ltr'><strong>calumnia</strong></span> <span class='ocrx_word' id='word_1_701' title='bbox 2922 4085 3252 4142; x_wconf 81' lang='lat' dir='ltr'><strong>vindicatur.</strong></span> <span class='ocrx_word' id='word_1_702' title='bbox 3285 4085 3542 4154; x_wconf 84' lang='lat' dir='ltr'><strong>Nihilque</strong></span> 
     </span>
    </p>
   </div>
   <div class='ocr_carea' id='block_1_91' title="bbox 1920 4156 3537 4229">
    <p class='ocr_par' dir='ltr' id='par_1_91' title="bbox 1920 4156 3537 4229">
     <span class='ocr_line' id='line_1_91' title="bbox 1920 4156 3537 4229; baseline 0.001 -17"><span class='ocrx_word' id='word_1_703' title='bbox 1920 4158 2031 4224; x_wconf 79' lang='lat' dir='ltr'><strong>j-uu</strong></span> <span class='ocrx_word' id='word_1_704' title='bbox 2081 4159 2315 4214; x_wconf 66' lang='lat' dir='ltr'><strong>interest</strong></span> <span class='ocrx_word' id='word_1_705' title='bbox 2359 4173 2648 4229; x_wconf 63' lang='lat' dir='ltr'><strong>(paterere,</strong></span> <span class='ocrx_word' id='word_1_706' title='bbox 2699 4158 2744 4211; x_wconf 87' lang='lat' dir='ltr'><strong>si</strong></span> <span class='ocrx_word' id='word_1_707' title='bbox 2785 4157 2974 4213; x_wconf 89' lang='lat' dir='ltr'><strong>eadem</strong></span> <span class='ocrx_word' id='word_1_708' title='bbox 3019 4157 3090 4229; x_wconf 82' lang='lat' dir='ltr'><strong>sit</strong></span> <span class='ocrx_word' id='word_1_709' title='bbox 3119 4166 3174 4212; x_wconf 90' lang='lat' dir='ltr'><strong>et</strong></span> <span class='ocrx_word' id='word_1_710' title='bbox 3223 4156 3276 4211; x_wconf 85' lang='lat' dir='ltr'><strong>in</strong></span> <span class='ocrx_word' id='word_1_711' title='bbox 3312 4156 3537 4226; x_wconf 81' lang='lat' dir='ltr'><strong>reliquis</strong></span> 
     </span>
    </p>
   </div>
   <div class='ocr_carea' id='block_1_92' title="bbox 1927 4227 3542 4298">
    <p class='ocr_par' dir='ltr' id='par_1_92' title="bbox 1927 4227 3542 4298">
     <span class='ocr_line' id='line_1_92' title="bbox 1927 4227 3542 4298; baseline -0.002 -13"><span class='ocrx_word' id='word_1_712' title='bbox 1927 4231 2226 4298; x_wconf 72' lang='lat' dir='ltr'><strong>Scriptura:</strong></span> <span class='ocrx_word' id='word_1_713' title='bbox 2269 4227 2520 4283; x_wconf 65' lang='lat' dir='ltr'><strong>«ininibus</strong></span> <span class='ocrx_word' id='word_1_714' title='bbox 2554 4229 2692 4282; x_wconf 89' lang='lat' dir='ltr'><strong>locis</strong></span> <span class='ocrx_word' id='word_1_715' title='bbox 2729 4230 2913 4296; x_wconf 79' lang='lat' dir='ltr'><strong>regula</strong></span> <span class='ocrx_word' id='word_1_716' title='bbox 2947 4229 2998 4282; x_wconf 92' lang='lat' dir='ltr'><strong>in</strong></span> <span class='ocrx_word' id='word_1_717' title='bbox 3029 4227 3221 4296; x_wconf 86' lang='lat' dir='ltr'><strong>plene,</strong></span> <span class='ocrx_word' id='word_1_718' title='bbox 3247 4238 3350 4289; x_wconf 78' lang='lat' dir='ltr'><strong>aut</strong></span> <span class='ocrx_word' id='word_1_719' title='bbox 3379 4243 3542 4284; x_wconf 83' lang='lat' dir='ltr'><strong>sccus</strong></span> 
     </span>
    </p>
   </div>
   <div class='ocr_carea' id='block_1_93' title="bbox 1929 4299 3538 4372">
    <p class='ocr_par' dir='ltr' id='par_1_93' title="bbox 1929 4299 3538 4372">
     <span class='ocr_line' id='line_1_93' title="bbox 1929 4299 3538 4372; baseline 0 -18"><span class='ocrx_word' id='word_1_720' title='bbox 1929 4317 2025 4363; x_wconf 63' lang='lat' dir='ltr'><strong>pro</strong></span> <span class='ocrx_word' id='word_1_721' title='bbox 2054 4301 2208 4356; x_wconf 85' lang='lat' dir='ltr'><strong>vario</strong></span> <span class='ocrx_word' id='word_1_722' title='bbox 2252 4301 2560 4372; x_wconf 75' lang='lat' dir='ltr'><strong>signiﬁcatu</strong></span> <span class='ocrx_word' id='word_1_723' title='bbox 2590 4300 2766 4365; x_wconf 81' lang='lat' dir='ltr'><strong>olant,</strong></span> <span class='ocrx_word' id='word_1_724' title='bbox 2801 4315 2941 4372; x_wconf 84' lang='lat' dir='ltr'><strong>voce</strong></span> <span class='ocrx_word' id='word_1_725' title='bbox 2968 4299 3376 4372; x_wconf 78' lang='lat' dir='ltr'><strong>describenda,</strong></span> <span class='ocrx_word' id='word_1_726' title='bbox 3413 4315 3538 4354; x_wconf 85' lang='lat' dir='ltr'><strong>cum</strong></span> 
     </span>
    </p>
   </div>
   <div class='ocr_carea' id='block_1_94' title="bbox 1927 4369 3535 4442">
    <p class='ocr_par' dir='ltr' id='par_1_94' title="bbox 1927 4369 3535 4442">
     <span class='ocr_line' id='line_1_94' title="bbox 1927 4369 3535 4442; baseline -0.001 -18"><span class='ocrx_word' id='word_1_727' title='bbox 1927 4371 2030 4426; x_wconf 89' lang='lat' dir='ltr'><strong>hoc</strong></span> <span class='ocrx_word' id='word_1_728' title='bbox 2055 4373 2190 4428; x_wconf 90' lang='lat' dir='ltr'><strong>satis</strong></span> <span class='ocrx_word' id='word_1_729' title='bbox 2220 4369 2439 4426; x_wconf 82' lang='lat' dir='ltr'><strong>abunde</strong></span> <span class='ocrx_word' id='word_1_730' title='bbox 2480 4372 2552 4425; x_wconf 72' lang='lat' dir='ltr'><strong>sit</strong></span> <span class='ocrx_word' id='word_1_731' title='bbox 2574 4411 2590 4438; x_wconf 94' lang='lat'><strong>,</strong></span> <span class='ocrx_word' id='word_1_732' title='bbox 2627 4371 2920 4439; x_wconf 66' lang='lat' dir='ltr'><strong>proposita:</strong></span> <span class='ocrx_word' id='word_1_733' title='bbox 2947 4369 3257 4426; x_wconf 83' lang='lat' dir='ltr'><strong>defensioni</strong></span> <span class='ocrx_word' id='word_1_734' title='bbox 3284 4411 3299 4434; x_wconf 90' lang='lat'><strong>,</strong></span> <span class='ocrx_word' id='word_1_735' title='bbox 3331 4372 3376 4424; x_wconf 90' lang='lat' dir='ltr'><strong>si</strong></span> <span class='ocrx_word' id='word_1_736' title='bbox 3409 4387 3535 4442; x_wconf 66' lang='lat' dir='ltr'><strong>quae</strong></span> 
     </span>
    </p>
   </div>
   <div class='ocr_carea' id='block_1_95' title="bbox 1927 4442 3532 4514">
    <p class='ocr_par' dir='ltr' id='par_1_95' title="bbox 1927 4442 3532 4514">
     <span class='ocr_line' id='line_1_95' title="bbox 1927 4442 3532 4514; baseline 0.003 -22"><span class='ocrx_word' id='word_1_737' title='bbox 1927 4445 2033 4494; x_wconf 86' lang='lat' dir='ltr'><strong>duo</strong></span> <span class='ocrx_word' id='word_1_738' title='bbox 2064 4445 2311 4511; x_wconf 75' lang='lat' dir='ltr'><strong>exempla</strong></span> <span class='ocrx_word' id='word_1_739' title='bbox 2351 4446 2403 4498; x_wconf 88' lang='lat' dir='ltr'><strong>in</strong></span> <span class='ocrx_word' id='word_1_740' title='bbox 2461 4459 2576 4496; x_wconf 88' lang='lat' dir='ltr'><strong>rem</strong></span> <span class='ocrx_word' id='word_1_741' title='bbox 2615 4458 2766 4514; x_wconf 80' lang='lat' dir='ltr'><strong>suam</strong></span> <span class='ocrx_word' id='word_1_742' title='bbox 2789 4443 3172 4514; x_wconf 79' lang='lat' dir='ltr'><strong>llieronytnus</strong></span> <span class='ocrx_word' id='word_1_743' title='bbox 3205 4442 3389 4514; x_wconf 81' lang='lat' dir='ltr'><strong>laudat</strong></span> <span class='ocrx_word' id='word_1_744' title='bbox 3414 4483 3428 4501; x_wconf 85' lang='lat'><strong>.</strong></span> <span class='ocrx_word' id='word_1_745' title='bbox 3458 4443 3532 4498; x_wconf 85' lang='lat' dir='ltr'><strong>ita</strong></span> 
     </span>
    </p>
   </div>
   <div class='ocr_carea' id='block_1_96' title="bbox 233 4511 3532 4596">
    <p class='ocr_par' dir='ltr' id='par_1_96' title="bbox 233 4511 3532 4596">
     <span class='ocr_line' id='line_1_96' title="bbox 233 4511 3532 4596; baseline 0.002 -33"><span class='ocrx_word' id='word_1_746' title='bbox 233 4511 472 4582; x_wconf 73' lang='lat' dir='ltr'><strong>positum</strong></span> <span class='ocrx_word' id='word_1_747' title='bbox 500 4521 678 4596; x_wconf 78' lang='lat' dir='ltr'><strong>tamen</strong></span> <span class='ocrx_word' id='word_1_748' title='bbox 705 4516 1020 4596; x_wconf 82' lang='lat' dir='ltr'><strong>omne_ha.-c</strong></span> <span class='ocrx_word' id='word_1_749' title='bbox 1058 4511 1374 4596; x_wconf 59' lang='lat' dir='ltr'><strong>destruitin</strong></span> <span class='ocrx_word' id='word_1_750' title='bbox 1410 4511 1516 4569; x_wconf 82' lang='lat' dir='ltr'><strong>line</strong></span> <span class='ocrx_word' id='word_1_751' title='bbox 1552 4511 1818 4596; x_wconf 80' lang='lat' dir='ltr'><strong>clausula,</strong></span> <span class='ocrx_word' id='word_1_752' title='bbox 1848 4530 1902 4591; x_wconf 74' lang='grc' dir='ltr'><strong>Ι)</strong></span> <span class='ocrx_word' id='word_1_753' title='bbox 1927 4514 2246 4596; x_wconf 50' lang='lat' dir='ltr'><strong>verissime,</strong></span> <span class='ocrx_word' id='word_1_754' title='bbox 2284 4513 2745 4596; x_wconf 63' lang='lat' dir='ltr'><strong>queiuadmodmu</strong></span> <span class='ocrx_word' id='word_1_755' title='bbox 2785 4511 2878 4569; x_wconf 86' lang='lat' dir='ltr'><strong>ille</strong></span> <span class='ocrx_word' id='word_1_756' title='bbox 2903 4511 3208 4578; x_wconf 79' lang='lat' dir='ltr'><strong>constituit,</strong></span> <span class='ocrx_word' id='word_1_757' title='bbox 3237 4527 3298 4569; x_wconf 88' lang='lat' dir='ltr'><strong>se</strong></span> <span class='ocrx_word' id='word_1_758' title='bbox 3330 4511 3532 4569; x_wconf 84' lang='lat' dir='ltr'><strong>habere</strong></span> 
     </span>
    </p>
   </div>
   <div class='ocr_carea' id='block_1_97' title="bbox 231 4586 1816 4658">
    <p class='ocr_par' dir='ltr' id='par_1_97' title="bbox 231 4586 1816 4658">
     <span class='ocr_line' id='line_1_97' title="bbox 231 4586 1816 4658; baseline -0.001 -19"><span class='ocrx_word' id='word_1_759' title='bbox 231 4599 295 4658; x_wconf 74' lang='lat' dir='ltr'><strong>se</strong></span> <span class='ocrx_word' id='word_1_760' title='bbox 333 4600 564 4658; x_wconf 77' lang='lat' dir='ltr'><strong>euntque</strong></span> <span class='ocrx_word' id='word_1_761' title='bbox 609 4586 728 4654; x_wconf 89' lang='lat' dir='ltr'><strong>ipso</strong></span> <span class='ocrx_word' id='word_1_762' title='bbox 771 4589 914 4656; x_wconf 86' lang='lat' dir='ltr'><strong>cogit</strong></span> <span class='ocrx_word' id='word_1_763' title='bbox 959 4601 1198 4658; x_wconf 86' lang='lat' dir='ltr'><strong>pugnare</strong></span> <span class='ocrx_word' id='word_1_764' title='bbox 1246 4587 1632 4658; x_wconf 72' lang='lat' dir='ltr'><strong>Hieronymum</strong></span> <span class='ocrx_word' id='word_1_765' title='bbox 1661 4627 1673 4644; x_wconf 93' lang='lat'><strong>.</strong></span> <span class='ocrx_word' id='word_1_766' title='bbox 1723 4589 1816 4654; x_wconf 89' lang='lat' dir='ltr'><strong>qui</strong></span> 
     </span>
    </p>
   </div>
   <div class='ocr_carea' id='block_1_98' title="bbox 231 4655 1819 4728">
    <p class='ocr_par' dir='ltr' id='par_1_98' title="bbox 231 4655 1819 4728">
     <span class='ocr_line' id='line_1_98' title="bbox 231 4655 1819 4728; baseline 0 -18"><span class='ocrx_word' id='word_1_767' title='bbox 231 4655 532 4728; x_wconf 79' lang='lat' dir='ltr'><strong>Moabitas,</strong></span> <span class='ocrx_word' id='word_1_768' title='bbox 569 4666 732 4725; x_wconf 89' lang='lat' dir='ltr'><strong>atque</strong></span> <span class='ocrx_word' id='word_1_769' title='bbox 779 4655 1120 4713; x_wconf 68' lang='lat' dir='ltr'><strong>Ammtiuiias</strong></span> <span class='ocrx_word' id='word_1_770' title='bbox 1165 4674 1336 4726; x_wconf 82' lang='lat' dir='ltr'><strong>usque</strong></span> <span class='ocrx_word' id='word_1_771' title='bbox 1380 4655 1724 4728; x_wconf 54' lang='lat' dir='ltr'><strong>ad&#39;quiutam</strong></span> <span class='ocrx_word' id='word_1_772' title='bbox 1763 4664 1819 4711; x_wconf 88' lang='lat' dir='ltr'><strong>et</strong></span> 
     </span>
    </p>
   </div>
   <div class='ocr_carea' id='block_1_99' title="bbox 230 4727 1810 4796">
    <p class='ocr_par' dir='ltr' id='par_1_99' title="bbox 230 4727 1810 4796">
     <span class='ocr_line' id='line_1_99' title="bbox 230 4727 1810 4796; baseline -0.002 -15"><span class='ocrx_word' id='word_1_773' title='bbox 230 4727 500 4781; x_wconf 78' lang='lat' dir='ltr'><strong>decimam</strong></span> <span class='ocrx_word' id='word_1_774' title='bbox 549 4728 954 4796; x_wconf 81' lang='lat' dir='ltr'><strong>generationem</strong></span> <span class='ocrx_word' id='word_1_775' title='bbox 988 4731 1058 4784; x_wconf 84' lang='lat' dir='ltr'><strong>ab</strong></span> <span class='ocrx_word' id='word_1_776' title='bbox 1089 4728 1329 4784; x_wconf 79' lang='lat' dir='ltr'><strong>Ecclesia</strong></span> <span class='ocrx_word' id='word_1_777' title='bbox 1377 4730 1468 4784; x_wconf 78' lang='lat' dir='ltr'><strong>llei</strong></span> <span class='ocrx_word' id='word_1_778' title='bbox 1504 4727 1810 4796; x_wconf 72' lang='lat' dir='ltr'><strong>prohiberi,</strong></span> 
     </span>
    </p>
   </div>
   <div class='ocr_carea' id='block_1_100' title="bbox 227 4797 1810 4872">
    <p class='ocr_par' dir='ltr' id='par_1_100' title="bbox 227 4797 1810 4872">
     <span class='ocr_line' id='line_1_100' title="bbox 227 4797 1810 4872; baseline -0.001 -21"><span class='ocrx_word' id='word_1_779' title='bbox 227 4809 437 4872; x_wconf 55' lang='lat' dir='ltr'><strong>{mque</strong></span> <span class='ocrx_word' id='word_1_780' title='bbox 483 4798 710 4872; x_wconf 67' lang='lat' dir='ltr'><strong>singulis</strong></span> <span class='ocrx_word' id='word_1_781' title='bbox 743 4801 1318 4872; x_wconf 53' lang='lat' dir='ltr'><strong>quinquagintaaunis</strong></span> <span class='ocrx_word' id='word_1_782' title='bbox 1345 4801 1566 4872; x_wconf 82' lang='lat' dir='ltr'><strong>admitti</strong></span> <span class='ocrx_word' id='word_1_783' title='bbox 1593 4797 1810 4852; x_wconf 79' lang='lat' dir='ltr'><strong>dixerit.</strong></span> 
     </span>
    </p>
   </div>
   <div class='ocr_carea' id='block_1_101' title="bbox 227 4867 1814 4939">
    <p class='ocr_par' dir='ltr' id='par_1_101' title="bbox 227 4867 1814 4939">
     <span class='ocr_line' id='line_1_101' title="bbox 227 4867 1814 4939; baseline -0.002 -15"><span class='ocrx_word' id='word_1_784' title='bbox 227 4867 369 4924; x_wconf 85' lang='lat' dir='ltr'><strong>Puto</strong></span> <span class='ocrx_word' id='word_1_785' title='bbox 401 4868 680 4939; x_wconf 83' lang='lat' dir='ltr'><strong>intelligis,</strong></span> <span class='ocrx_word' id='word_1_786' title='bbox 715 4867 822 4925; x_wconf 78' lang='lat' dir='ltr'><strong>non</strong></span> <span class='ocrx_word' id='word_1_787' title='bbox 848 4867 964 4926; x_wconf 69' lang='lat' dir='ltr'><strong>haec</strong></span> <span class='ocrx_word' id='word_1_788' title='bbox 987 4867 1016 4926; x_wconf 81' lang='lat' dir='ltr'><strong>a</strong></span> <span class='ocrx_word' id='word_1_789' title='bbox 1047 4871 1104 4926; x_wconf 88' lang='lat' dir='ltr'><strong>S.</strong></span> <span class='ocrx_word' id='word_1_790' title='bbox 1140 4871 1377 4926; x_wconf 81' lang='lat' dir='ltr'><strong>DoctOre</strong></span> <span class='ocrx_word' id='word_1_791' title='bbox 1404 4870 1569 4924; x_wconf 82' lang='lat' dir='ltr'><strong>scribi</strong></span> <span class='ocrx_word' id='word_1_792' title='bbox 1605 4872 1814 4938; x_wconf 84' lang='lat' dir='ltr'><strong>potuis-</strong></span> 
     </span>
    </p>
   </div>
   <div class='ocr_carea' id='block_1_102' title="bbox 226 4939 1813 5008">
    <p class='ocr_par' dir='ltr' id='par_1_102' title="bbox 226 4939 1813 5008">
     <span class='ocr_line' id='line_1_102' title="bbox 226 4939 1813 5008; baseline -0.001 -14"><span class='ocrx_word' id='word_1_793' title='bbox 226 4953 318 5003; x_wconf 75' lang='lat' dir='ltr'><strong>se,</strong></span> <span class='ocrx_word' id='word_1_794' title='bbox 359 4941 490 5008; x_wconf 85' lang='lat' dir='ltr'><strong>quin</strong></span> <span class='ocrx_word' id='word_1_795' title='bbox 535 4939 702 4994; x_wconf 80' lang='lat' dir='ltr'><strong>fuisse</strong></span> <span class='ocrx_word' id='word_1_796' title='bbox 738 4943 962 4996; x_wconf 89' lang='lat' dir='ltr'><strong>omnino</strong></span> <span class='ocrx_word' id='word_1_797' title='bbox 996 4943 1065 4997; x_wconf 86' lang='lat' dir='ltr'><strong>ab</strong></span> <span class='ocrx_word' id='word_1_798' title='bbox 1093 4957 1160 4996; x_wconf 88' lang='lat' dir='ltr'><strong>eo</strong></span> <span class='ocrx_word' id='word_1_799' title='bbox 1192 4945 1353 4996; x_wconf 83' lang='lat' dir='ltr'><strong>verba</strong></span> <span class='ocrx_word' id='word_1_800' title='bbox 1383 4941 1473 4996; x_wconf 89' lang='lat' dir='ltr'><strong>illa</strong></span> <span class='ocrx_word' id='word_1_801' title='bbox 1507 4941 1691 5006; x_wconf 73' lang='lat' dir='ltr'><strong>priori,</strong></span> <span class='ocrx_word' id='word_1_802' title='bbox 1724 4941 1813 4994; x_wconf 91' lang='lat' dir='ltr'><strong>cui</strong></span> 
     </span>
    </p>
   </div>
   <div class='ocr_carea' id='block_1_103' title="bbox 227 5011 1812 5084">
    <p class='ocr_par' dir='ltr' id='par_1_103' title="bbox 227 5011 1812 5084">
     <span class='ocr_line' id='line_1_103' title="bbox 227 5011 1812 5084; baseline 0 -19"><span class='ocrx_word' id='word_1_803' title='bbox 227 5011 435 5084; x_wconf 56' lang='lat' dir='ltr'><strong>opjime</strong></span> <span class='ocrx_word' id='word_1_804' title='bbox 473 5012 772 5081; x_wconf 82' lang='lat' dir='ltr'><strong>quadram,</strong></span> <span class='ocrx_word' id='word_1_805' title='bbox 806 5015 1058 5084; x_wconf 81' lang='lat' dir='ltr'><strong>exetuplo</strong></span> <span class='ocrx_word' id='word_1_806' title='bbox 1093 5015 1400 5078; x_wconf 79' lang='lat' dir='ltr'><strong>subjuneta.</strong></span> <span class='ocrx_word' id='word_1_807' title='bbox 1450 5013 1592 5082; x_wconf 86' lang='lat' dir='ltr'><strong>Lege</strong></span> <span class='ocrx_word' id='word_1_808' title='bbox 1629 5011 1812 5080; x_wconf 89' lang='lat' dir='ltr'><strong>itaque</strong></span> 
     </span>
    </p>
   </div>
   <div class='ocr_carea' id='block_1_104' title="bbox 227 5083 1818 5153">
    <p class='ocr_par' dir='ltr' id='par_1_104' title="bbox 227 5083 1818 5153">
     <span class='ocr_line' id='line_1_104' title="bbox 227 5083 1818 5153; baseline -0.001 -16"><span class='ocrx_word' id='word_1_809' title='bbox 227 5083 394 5137; x_wconf 68' lang='lat' dir='ltr'><strong>sizdes</strong></span> <span class='ocrx_word' id='word_1_810' title='bbox 429 5093 484 5135; x_wconf 87' lang='lat' dir='ltr'><strong>et</strong></span> <span class='ocrx_word' id='word_1_811' title='bbox 529 5097 652 5137; x_wconf 87' lang='lat' dir='ltr'><strong>meo</strong></span> <span class='ocrx_word' id='word_1_812' title='bbox 694 5084 939 5153; x_wconf 73' lang='lat' dir='ltr'><strong>periculo</strong></span> <span class='ocrx_word' id='word_1_813' title='bbox 974 5083 1046 5137; x_wconf 81' lang='lat' dir='ltr'><strong>ad</strong></span> <span class='ocrx_word' id='word_1_814' title='bbox 1097 5084 1240 5139; x_wconf 85' lang='lat' dir='ltr'><strong>hunc</strong></span> <span class='ocrx_word' id='word_1_815' title='bbox 1285 5084 1502 5138; x_wconf 80' lang='lat' dir='ltr'><strong>inodum</strong></span> <span class='ocrx_word' id='word_1_816' title='bbox 1551 5088 1818 5151; x_wconf 79' lang='lat' dir='ltr'><strong>integrum</strong></span> 
     </span>
    </p>
   </div>
   <div class='ocr_carea' id='block_1_105' title="bbox 226 5153 1824 5222">
    <p class='ocr_par' dir='ltr' id='par_1_105' title="bbox 226 5153 1824 5222">
     <span class='ocr_line' id='line_1_105' title="bbox 226 5153 1824 5222; baseline 0 -16"><span class='ocrx_word' id='word_1_817' title='bbox 226 5161 442 5206; x_wconf 64' lang='lat' dir='ltr'><strong>teritum</strong></span> <span class='ocrx_word' id='word_1_818' title='bbox 469 5170 482 5202; x_wconf 89' lang='lat'><strong>:</strong></span> <span class='ocrx_word' id='word_1_819' title='bbox 533 5153 611 5206; x_wconf 68' lang='grc' dir='ltr'><strong>Οὐ</strong></span> <span class='ocrx_word' id='word_1_820' title='bbox 652 5154 787 5206; x_wconf 75' lang='lat' dir='ltr'><strong>nunc</strong></span> <span class='ocrx_word' id='word_1_821' title='bbox 826 5171 1037 5210; x_wconf 80' lang='lat' dir='ltr'><strong>causam</strong></span> <span class='ocrx_word' id='word_1_822' title='bbox 1075 5167 1121 5208; x_wconf 85' lang='lat' dir='ltr'><strong>et</strong></span> <span class='ocrx_word' id='word_1_823' title='bbox 1153 5155 1242 5208; x_wconf 88' lang='lat' dir='ltr'><strong>illc</strong></span> <span class='ocrx_word' id='word_1_824' title='bbox 1269 5153 1554 5218; x_wconf 79' lang='lat' dir='ltr'><strong>Hebrteus,</strong></span> <span class='ocrx_word' id='word_1_825' title='bbox 1585 5157 1673 5222; x_wconf 77' lang='lat' dir='ltr'><strong>qui</strong></span> <span class='ocrx_word' id='word_1_826' title='bbox 1705 5169 1824 5218; x_wconf 84' lang='lat' dir='ltr'><strong>pro-</strong></span> 
     </span>
    </p>
   </div>
   <div class='ocr_carea' id='block_1_106' title="bbox 225 5226 1824 5296">
    <p class='ocr_par' dir='ltr' id='par_1_106' title="bbox 225 5226 1824 5296">
     <span class='ocr_line' id='line_1_106' title="bbox 225 5226 1824 5296; baseline 0.001 -21"><span class='ocrx_word' id='word_1_827' title='bbox 225 5239 340 5296; x_wconf 67' lang='lat' dir='ltr'><strong>pccr</strong></span> <span class='ocrx_word' id='word_1_828' title='bbox 379 5237 595 5278; x_wconf 71' lang='lat' dir='ltr'><strong>uxorem</strong></span> <span class='ocrx_word' id='word_1_829' title='bbox 621 5232 667 5277; x_wconf 87' lang='lat' dir='ltr'><strong>et</strong></span> <span class='ocrx_word' id='word_1_830' title='bbox 704 5226 888 5280; x_wconf 84' lang='lat' dir='ltr'><strong>liberos</strong></span> <span class='ocrx_word' id='word_1_831' title='bbox 909 5268 924 5287; x_wconf 89' lang='lat'><strong>,</strong></span> <span class='ocrx_word' id='word_1_832' title='bbox 953 5242 1135 5280; x_wconf 76' lang='lat' dir='ltr'><strong>amans</strong></span> <span class='ocrx_word' id='word_1_833' title='bbox 1181 5227 1450 5280; x_wconf 79' lang='lat' dir='ltr'><strong>dominum</strong></span> <span class='ocrx_word' id='word_1_834' title='bbox 1478 5243 1662 5286; x_wconf 84' lang='lat' dir='ltr'><strong>suum,</strong></span> <span class='ocrx_word' id='word_1_835' title='bbox 1695 5240 1824 5277; x_wconf 76' lang='lat' dir='ltr'><strong>(iure</strong></span> 
     </span>
    </p>
   </div>
   <div class='ocr_carea' id='block_1_107' title="bbox 227 5296 1823 5369">
    <p class='ocr_par' dir='ltr' id='par_1_107' title="bbox 227 5296 1823 5369">
     <span class='ocr_line' id='line_1_107' title="bbox 227 5296 1823 5369; baseline -0.001 -20"><span class='ocrx_word' id='word_1_836' title='bbox 227 5306 514 5369; x_wconf 72' lang='lat' dir='ltr'><strong>pertunsa,</strong></span> <span class='ocrx_word' id='word_1_837' title='bbox 541 5296 748 5349; x_wconf 81' lang='lat' dir='ltr'><strong>servitio</strong></span> <span class='ocrx_word' id='word_1_838' title='bbox 793 5297 1130 5369; x_wconf 80' lang='lat' dir='ltr'><strong>subjugatur,</strong></span> <span class='ocrx_word' id='word_1_839' title='bbox 1174 5299 1366 5350; x_wconf 77' lang='lat' dir='ltr'><strong>servire</strong></span> <span class='ocrx_word' id='word_1_840' title='bbox 1391 5297 1597 5366; x_wconf 83' lang='lat' dir='ltr'><strong>jubetur</strong></span> <span class='ocrx_word' id='word_1_841' title='bbox 1637 5296 1693 5348; x_wconf 88' lang='lat' dir='ltr'><strong>in</strong></span> <span class='ocrx_word' id='word_1_842' title='bbox 1719 5312 1823 5348; x_wconf 77' lang='lat' dir='ltr'><strong>stt:-</strong></span> 
     </span>
    </p>
   </div>
   <div class='ocr_carea' id='block_1_108' title="bbox 225 5365 1826 5439">
    <p class='ocr_par' dir='ltr' id='par_1_108' title="bbox 225 5365 1826 5439">
     <span class='ocr_line' id='line_1_108' title="bbox 225 5365 1826 5439; baseline 0.001 -20"><span class='ocrx_word' id='word_1_843' title='bbox 225 5365 402 5439; x_wconf 66' lang='lat' dir='ltr'><strong>Cuium</strong></span> <span class='ocrx_word' id='word_1_844' title='bbox 425 5407 438 5426; x_wconf 80' lang='lat'><strong>,</strong></span> <span class='ocrx_word' id='word_1_845' title='bbox 493 5365 593 5439; x_wconf 83' lang='lat' dir='ltr'><strong>hoc</strong></span> <span class='ocrx_word' id='word_1_846' title='bbox 620 5378 728 5439; x_wconf 80' lang='lat' dir='ltr'><strong>est,</strong></span> <span class='ocrx_word' id='word_1_847' title='bbox 764 5365 922 5438; x_wconf 73' lang='lat' dir='ltr'><strong>usque</strong></span> <span class='ocrx_word' id='word_1_848' title='bbox 948 5365 1037 5439; x_wconf 16' lang='lat' dir='ltr'><strong>ad,</strong></span> <span class='ocrx_word' id='word_1_849' title='bbox 1068 5385 1260 5422; x_wconf 87' lang='lat' dir='ltr'><strong>annum</strong></span> <span class='ocrx_word' id='word_1_850' title='bbox 1306 5365 1826 5439; x_wconf 69' lang='lat' dir='ltr'><strong>quinquagesimum:</strong></span> 
     </span>
    </p>
   </div>
   <div class='ocr_carea' id='block_1_109' title="bbox 224 5437 1818 5506">
    <p class='ocr_par' dir='ltr' id='par_1_109' title="bbox 224 5437 1818 5506">
     <span class='ocr_line' id='line_1_109' title="bbox 224 5437 1818 5506; baseline 0 -16"><span class='ocrx_word' id='word_1_851' title='bbox 224 5438 350 5506; x_wconf 78' lang='lat' dir='ltr'><strong>quia</strong></span> <span class='ocrx_word' id='word_1_852' title='bbox 388 5437 555 5490; x_wconf 85' lang='lat' dir='ltr'><strong>omnis</strong></span> <span class='ocrx_word' id='word_1_853' title='bbox 593 5437 728 5490; x_wconf 88' lang='lat' dir='ltr'><strong>dura</strong></span> <span class='ocrx_word' id='word_1_854' title='bbox 755 5437 980 5493; x_wconf 85' lang='lat' dir='ltr'><strong>conditio</strong></span> <span class='ocrx_word' id='word_1_855' title='bbox 1008 5438 1221 5494; x_wconf 79' lang='lat' dir='ltr'><strong>Jultiltui</strong></span> <span class='ocrx_word' id='word_1_856' title='bbox 1249 5437 1546 5494; x_wconf 75' lang='lat' dir='ltr'><strong>solvebatur</strong></span> <span class='ocrx_word' id='word_1_857' title='bbox 1573 5439 1818 5492; x_wconf 84' lang='lat' dir='ltr'><strong>adventu.</strong></span> 
     </span>
    </p>
   </div>
   <div class='ocr_carea' id='block_1_110' title="bbox 225 5507 1822 5584">
    <p class='ocr_par' dir='ltr' id='par_1_110' title="bbox 225 5507 1822 5584">
     <span class='ocr_line' id='line_1_110' title="bbox 225 5507 1822 5584; baseline 0 -23"><span class='ocrx_word' id='word_1_858' title='bbox 225 5507 296 5584; x_wconf 69' lang='lat' dir='ltr'><strong>Et</strong></span> <span class='ocrx_word' id='word_1_859' title='bbox 350 5508 622 5584; x_wconf 60' lang='lat' dir='ltr'><strong>Matthiae</strong></span> <span class='ocrx_word' id='word_1_860' title='bbox 657 5516 704 5562; x_wconf 83' lang='lat' dir='ltr'><strong>et</strong></span> <span class='ocrx_word' id='word_1_861' title='bbox 750 5511 1057 5584; x_wconf 67' lang='lat' dir='ltr'><strong>Ammonius</strong></span> <span class='ocrx_word' id='word_1_862' title='bbox 1099 5527 1202 5584; x_wconf 82' lang='lat' dir='ltr'><strong>non</strong></span> <span class='ocrx_word' id='word_1_863' title='bbox 1247 5511 1612 5584; x_wconf 78' lang='lat' dir='ltr'><strong>ingrediuntur</strong></span> <span class='ocrx_word' id='word_1_864' title='bbox 1643 5509 1822 5562; x_wconf 76' lang='lat' dir='ltr'><strong>Eccle-</strong></span> 
     </span>
    </p>
   </div>
   <div class='ocr_carea' id='block_1_111' title="bbox 221 5578 1822 5653">
    <p class='ocr_par' dir='ltr' id='par_1_111' title="bbox 221 5578 1822 5653">
     <span class='ocr_line' id='line_1_111' title="bbox 221 5578 1822 5653; baseline -0.001 -19"><span class='ocrx_word' id='word_1_865' title='bbox 221 5580 356 5653; x_wconf 79' lang='lat' dir='ltr'><strong>sium</strong></span> <span class='ocrx_word' id='word_1_866' title='bbox 406 5578 656 5646; x_wconf 83' lang='lat' dir='ltr'><strong>Domini,</strong></span> <span class='ocrx_word' id='word_1_867' title='bbox 705 5595 866 5646; x_wconf 82' lang='lat' dir='ltr'><strong>usque</strong></span> <span class='ocrx_word' id='word_1_868' title='bbox 913 5581 982 5635; x_wconf 82' lang='lat' dir='ltr'><strong>ad</strong></span> <span class='ocrx_word' id='word_1_869' title='bbox 1025 5583 1257 5653; x_wconf 85' lang='lat' dir='ltr'><strong>quintam</strong></span> <span class='ocrx_word' id='word_1_870' title='bbox 1300 5578 1348 5636; x_wconf 75' lang='lat' dir='ltr'><strong>et</strong></span> <span class='ocrx_word' id='word_1_871' title='bbox 1377 5582 1634 5653; x_wconf 75' lang='lat' dir='ltr'><strong>decimam</strong></span> <span class='ocrx_word' id='word_1_872' title='bbox 1670 5595 1822 5653; x_wconf 80' lang='lat' dir='ltr'><strong>gene-</strong></span> 
     </span>
    </p>
   </div>
   <div class='ocr_carea' id='block_1_112' title="bbox 221 5649 1820 5721">
    <p class='ocr_par' dir='ltr' id='par_1_112' title="bbox 221 5649 1820 5721">
     <span class='ocr_line' id='line_1_112' title="bbox 221 5649 1820 5721; baseline -0.001 -17"><span class='ocrx_word' id='word_1_873' title='bbox 221 5649 526 5720; x_wconf 77' lang='lat' dir='ltr'><strong>rationem,</strong></span> <span class='ocrx_word' id='word_1_874' title='bbox 581 5659 634 5706; x_wconf 85' lang='lat' dir='ltr'><strong>et</strong></span> <span class='ocrx_word' id='word_1_875' title='bbox 685 5667 845 5721; x_wconf 78' lang='lat' dir='ltr'><strong>usque</strong></span> <span class='ocrx_word' id='word_1_876' title='bbox 889 5653 946 5708; x_wconf 85' lang='lat' dir='ltr'><strong>in</strong></span> <span class='ocrx_word' id='word_1_877' title='bbox 994 5649 1264 5712; x_wconf 65' lang='lat' dir='ltr'><strong>amentum.</strong></span> <span class='ocrx_word' id='word_1_878' title='bbox 1317 5651 1545 5720; x_wconf 77' lang='lat' dir='ltr'><strong>Quidam</strong></span> <span class='ocrx_word' id='word_1_879' title='bbox 1599 5649 1778 5706; x_wconf 70' lang='lat' dir='ltr'><strong>dicunt</strong></span> <span class='ocrx_word' id='word_1_880' title='bbox 1803 5691 1820 5718; x_wconf 93' lang='lat'><strong>,</strong></span> 
     </span>
    </p>
   </div>
   <div class='ocr_carea' id='block_1_113' title="bbox 1927 4585 2511 4638">
    <p class='ocr_par' dir='ltr' id='par_1_113' title="bbox 1927 4585 2511 4638">
     <span class='ocr_line' id='line_1_113' title="bbox 1927 4585 2511 4638; baseline 0 -1"><span class='ocrx_word' id='word_1_881' title='bbox 1927 4585 2511 4638; x_wconf 66' lang='lat' dir='ltr'><strong>detititttstt‘averitniis.</strong></span> 
     </span>
    </p>
   </div>
   <div class='ocr_carea' id='block_1_114' title="bbox 1997 4655 3528 4723">
    <p class='ocr_par' dir='ltr' id='par_1_114' title="bbox 1997 4655 3528 4723">
     <span class='ocr_line' id='line_1_114' title="bbox 1997 4655 3528 4723; baseline 0 -15"><span class='ocrx_word' id='word_1_882' title='bbox 1997 4665 2022 4691; x_wconf 75' lang='grc' dir='ltr'>ει</span> <span class='ocrx_word' id='word_1_883' title='bbox 2055 4657 2166 4708; x_wconf 82' lang='lat' dir='ltr'><strong>ltno</strong></span> <span class='ocrx_word' id='word_1_884' title='bbox 2198 4670 2325 4707; x_wconf 72' lang='lat' dir='ltr'><strong>tus~&#39;.</strong></span> <span class='ocrx_word' id='word_1_885' title='bbox 2361 4663 2418 4708; x_wconf 92' lang='lat' dir='ltr'><strong>et</strong></span> <span class='ocrx_word' id='word_1_886' title='bbox 2443 4665 2598 4708; x_wconf 75' lang='lat' dir='ltr'><strong>vetus</strong></span> <span class='ocrx_word' id='word_1_887' title='bbox 2625 4655 2814 4719; x_wconf 90' lang='lat' dir='ltr'><strong>editio,</strong></span> <span class='ocrx_word' id='word_1_888' title='bbox 2843 4655 2983 4722; x_wconf 88' lang='lat' dir='ltr'><strong>quod</strong></span> <span class='ocrx_word' id='word_1_889' title='bbox 3012 4656 3086 4709; x_wconf 85' lang='lat' dir='ltr'><strong>sic</strong></span> <span class='ocrx_word' id='word_1_890' title='bbox 3111 4667 3215 4710; x_wconf 90' lang='lat' dir='ltr'><strong>tam</strong></span> <span class='ocrx_word' id='word_1_891' title='bbox 3244 4656 3368 4722; x_wconf 86' lang='lat' dir='ltr'><strong>cito,</strong></span> <span class='ocrx_word' id='word_1_892' title='bbox 3393 4665 3528 4723; x_wconf 88' lang='lat' dir='ltr'><strong>ctc.,</strong></span> 
     </span>
    </p>
   </div>
   <div class='ocr_carea' id='block_1_115' title="bbox 1924 4724 3124 4794">
    <p class='ocr_par' dir='ltr' id='par_1_115' title="bbox 1924 4724 3124 4794">
     <span class='ocr_line' id='line_1_115' title="bbox 1924 4724 3124 4794; baseline 0.002 -14"><span class='ocrx_word' id='word_1_893' title='bbox 1924 4725 2010 4780; x_wconf 77' lang='lat' dir='ltr'><strong>hie</strong></span> <span class='ocrx_word' id='word_1_894' title='bbox 2042 4737 2200 4794; x_wconf 75' lang='lat' dir='ltr'><strong>atque</strong></span> <span class='ocrx_word' id='word_1_895' title='bbox 2235 4724 2391 4786; x_wconf 69' lang='lat' dir='ltr'><strong>infra,</strong></span> <span class='ocrx_word' id='word_1_896' title='bbox 2421 4727 2510 4778; x_wconf 90' lang='lat' dir='ltr'><strong>ubi</strong></span> <span class='ocrx_word' id='word_1_897' title='bbox 2547 4725 2696 4778; x_wconf 83' lang='lat' dir='ltr'><strong>locus</strong></span> <span class='ocrx_word' id='word_1_898' title='bbox 2729 4727 2831 4780; x_wconf 87' lang='lat' dir='ltr'><strong>iste</strong></span> <span class='ocrx_word' id='word_1_899' title='bbox 2862 4728 3124 4782; x_wconf 84' lang='lat' dir='ltr'><strong>recurrit.</strong></span> 
     </span>
    </p>
   </div>
   <div class='ocr_carea' id='block_1_116' title="bbox 1999 4795 3530 4867">
    <p class='ocr_par' dir='ltr' id='par_1_116' title="bbox 1999 4795 3530 4867">
     <span class='ocr_line' id='line_1_116' title="bbox 1999 4795 3530 4867; baseline 0.005 -19"><span class='ocrx_word' id='word_1_900' title='bbox 1999 4796 2024 4835; x_wconf 70' lang='grc' dir='ltr'>ι)</span> <span class='ocrx_word' id='word_1_901' title='bbox 2057 4805 2226 4848; x_wconf 59' lang='lat' dir='ltr'><strong>Antea</strong></span> <span class='ocrx_word' id='word_1_902' title='bbox 2272 4806 2408 4858; x_wconf 73' lang='lat' dir='ltr'><strong>erat,</strong></span> <span class='ocrx_word' id='word_1_903' title='bbox 2460 4795 2528 4848; x_wconf 87' lang='lat' dir='ltr'><strong>ad</strong></span> <span class='ocrx_word' id='word_1_904' title='bbox 2573 4796 2842 4867; x_wconf 79' lang='lat' dir='ltr'><strong>dogmata.</strong></span> <span class='ocrx_word' id='word_1_905' title='bbox 2898 4799 3076 4851; x_wconf 86' lang='lat' dir='ltr'><strong>minus</strong></span> <span class='ocrx_word' id='word_1_906' title='bbox 3124 4809 3295 4854; x_wconf 84' lang='lat' dir='ltr'><strong>recte.</strong></span> <span class='ocrx_word' id='word_1_907' title='bbox 3351 4795 3530 4855; x_wconf 63' lang='lat' dir='ltr'><strong>Graeci</strong></span> 
     </span>
    </p>
   </div>
   <div class='ocr_carea' id='block_1_117' title="bbox 1919 4869 3528 4941">
    <p class='ocr_par' dir='ltr' id='par_1_117' title="bbox 1919 4869 3528 4941">
     <span class='ocr_line' id='line_1_117' title="bbox 1919 4869 3528 4941; baseline -0.001 -19"><span class='ocrx_word' id='word_1_908' title='bbox 1919 4869 2342 4941; x_wconf 77' lang='grc' dir='ltr'><strong>Μετατιθεμένως</strong></span> <span class='ocrx_word' id='word_1_909' title='bbox 2368 4879 2559 4941; x_wconf 50' lang='lat' dir='ltr'><strong>vocant</strong></span> <span class='ocrx_word' id='word_1_910' title='bbox 2594 4883 2683 4941; x_wconf 87' lang='lat' dir='ltr'><strong>qui</strong></span> <span class='ocrx_word' id='word_1_911' title='bbox 2717 4870 3312 4941; x_wconf 67' lang='lat' dir='ltr'><strong>prioremsententiain</strong></span> <span class='ocrx_word' id='word_1_912' title='bbox 3346 4879 3528 4941; x_wconf 47' lang='lat' dir='ltr'><strong>retraf</strong></span> 
     </span>
    </p>
   </div>
   <div class='ocr_carea' id='block_1_118' title="bbox 1922 4938 3520 5009">
    <p class='ocr_par' dir='ltr' id='par_1_118' title="bbox 1922 4938 3520 5009">
     <span class='ocr_line' id='line_1_118' title="bbox 1922 4938 3520 5009; baseline -0.001 -16"><span class='ocrx_word' id='word_1_913' title='bbox 1922 4951 2106 4993; x_wconf 83' lang='lat' dir='ltr'><strong>etaut:</strong></span> <span class='ocrx_word' id='word_1_914' title='bbox 2141 4938 2364 5006; x_wconf 63' lang='lat' dir='ltr'><strong>ipseque</strong></span> <span class='ocrx_word' id='word_1_915' title='bbox 2394 4938 2703 5007; x_wconf 82' lang='lat' dir='ltr'><strong>Dionysius,</strong></span> <span class='ocrx_word' id='word_1_916' title='bbox 2734 4954 2897 5008; x_wconf 88' lang='lat' dir='ltr'><strong>quem</strong></span> <span class='ocrx_word' id='word_1_917' title='bbox 2929 4939 3152 4993; x_wconf 86' lang='lat' dir='ltr'><strong>llieron.</strong></span> <span class='ocrx_word' id='word_1_918' title='bbox 3185 4939 3346 4998; x_wconf 89' lang='lat' dir='ltr'><strong>ridet.</strong></span> <span class='ocrx_word' id='word_1_919' title='bbox 3377 4939 3520 5009; x_wconf 90' lang='lat' dir='ltr'><strong>quod</strong></span> 
     </span>
    </p>
   </div>
   <div class='ocr_carea' id='block_1_119' title="bbox 1922 5009 3526 5078">
    <p class='ocr_par' dir='ltr' id='par_1_119' title="bbox 1922 5009 3526 5078">
     <span class='ocr_line' id='line_1_119' title="bbox 1922 5009 3526 5078; baseline 0.001 -15"><span class='ocrx_word' id='word_1_920' title='bbox 1922 5013 2158 5077; x_wconf 82' lang='lat' dir='ltr'><strong>primum</strong></span> <span class='ocrx_word' id='word_1_921' title='bbox 2205 5010 2438 5064; x_wconf 73' lang='lat' dir='ltr'><strong>Zenonis</strong></span> <span class='ocrx_word' id='word_1_922' title='bbox 2486 5009 2670 5063; x_wconf 74' lang='lat' dir='ltr'><strong>(Iittiei</strong></span> <span class='ocrx_word' id='word_1_923' title='bbox 2719 5010 2956 5072; x_wconf 79' lang='lat' dir='ltr'><strong>auditor,</strong></span> <span class='ocrx_word' id='word_1_924' title='bbox 3003 5025 3033 5062; x_wconf 90' lang='lat' dir='ltr'><strong>a</strong></span> <span class='ocrx_word' id='word_1_925' title='bbox 3089 5009 3290 5065; x_wconf 85' lang='lat' dir='ltr'><strong>Stoicis</strong></span> <span class='ocrx_word' id='word_1_926' title='bbox 3337 5015 3526 5078; x_wconf 85' lang='lat' dir='ltr'><strong>postea</strong></span> 
     </span>
    </p>
   </div>
   <div class='ocr_carea' id='block_1_120' title="bbox 1921 5079 3526 5154">
    <p class='ocr_par' dir='ltr' id='par_1_120' title="bbox 1921 5079 3526 5154">
     <span class='ocr_line' id='line_1_120' title="bbox 1921 5079 3526 5154; baseline -0.002 -19"><span class='ocrx_word' id='word_1_927' title='bbox 1921 5081 2180 5136; x_wconf 74' lang='lat' dir='ltr'><strong>deiecerit</strong></span> <span class='ocrx_word' id='word_1_928' title='bbox 2221 5082 2286 5135; x_wconf 91' lang='lat' dir='ltr'><strong>ad</strong></span> <span class='ocrx_word' id='word_1_929' title='bbox 2330 5081 2682 5154; x_wconf 65' lang='lat' dir='ltr'><strong>Cyrenaicos,</strong></span> <span class='ocrx_word' id='word_1_930' title='bbox 2712 5079 3526 5154; x_wconf 31' lang='grc' dir='ltr'><strong>Μεταθέμενος,’Μειαεήθιιιειιιιξ</strong></span> 
     </span>
    </p>
   </div>
   <div class='ocr_carea' id='block_1_121' title="bbox 1923 5150 3529 5221">
    <p class='ocr_par' dir='ltr' id='par_1_121' title="bbox 1923 5150 3529 5221">
     <span class='ocr_line' id='line_1_121' title="bbox 1923 5150 3529 5221; baseline 0.001 -15"><span class='ocrx_word' id='word_1_931' title='bbox 1923 5162 2289 5221; x_wconf 83' lang='lat' dir='ltr'><strong>cognomento</strong></span> <span class='ocrx_word' id='word_1_932' title='bbox 2311 5151 2502 5207; x_wconf 86' lang='lat' dir='ltr'><strong>audiit.</strong></span> <span class='ocrx_word' id='word_1_933' title='bbox 2527 5151 2671 5206; x_wconf 80' lang='lat' dir='ltr'><strong>Vide</strong></span> <span class='ocrx_word' id='word_1_934' title='bbox 2694 5150 3040 5218; x_wconf 72' lang='lat' dir='ltr'><strong>Athenzeum,</strong></span> <span class='ocrx_word' id='word_1_935' title='bbox 3069 5151 3162 5206; x_wconf 87' lang='lat' dir='ltr'><strong>lib.</strong></span> <span class='ocrx_word' id='word_1_936' title='bbox 3191 5167 3242 5216; x_wconf 70' lang='grc' dir='ltr'><strong>Χ,</strong></span> <span class='ocrx_word' id='word_1_937' title='bbox 3272 5153 3362 5206; x_wconf 88' lang='lat' dir='ltr'><strong>ubi</strong></span> <span class='ocrx_word' id='word_1_938' title='bbox 3385 5150 3529 5207; x_wconf 86' lang='lat' dir='ltr'><strong>haud</strong></span> 
     </span>
    </p>
   </div>
   <div class='ocr_carea' id='block_1_122' title="bbox 1925 5223 3528 5298">
    <p class='ocr_par' dir='ltr' id='par_1_122' title="bbox 1925 5223 3528 5298">
     <span class='ocr_line' id='line_1_122' title="bbox 1925 5223 3528 5298; baseline -0.001 -22"><span class='ocrx_word' id='word_1_939' title='bbox 1925 5223 2063 5278; x_wconf 81' lang='lat' dir='ltr'><strong>bene</strong></span> <span class='ocrx_word' id='word_1_940' title='bbox 2095 5227 2444 5298; x_wconf 75' lang='grc' dir='ltr'><strong>-Μεταθέμενον</strong></span> <span class='ocrx_word' id='word_1_941' title='bbox 2486 5223 2764 5298; x_wconf 71' lang='lat' dir='ltr'><strong>interpres</strong></span> <span class='ocrx_word' id='word_1_942' title='bbox 2815 5223 3028 5298; x_wconf 15' lang='lat' dir='ltr'><strong>reddit»,</strong></span> <span class='ocrx_word' id='word_1_943' title='bbox 3081 5225 3528 5298; x_wconf 80' lang='lat' dir='ltr'><strong>transpositorent,</strong></span> 
     </span>
    </p>
   </div>
   <div class='ocr_carea' id='block_1_123' title="bbox 1926 5295 3524 5368">
    <p class='ocr_par' dir='ltr' id='par_1_123' title="bbox 1926 5295 3524 5368">
     <span class='ocr_line' id='line_1_123' title="bbox 1926 5295 3524 5368; baseline -0.001 -19"><span class='ocrx_word' id='word_1_944' title='bbox 1926 5310 2027 5368; x_wconf 84' lang='lat' dir='ltr'><strong>pro</strong></span> <span class='ocrx_word' id='word_1_945' title='bbox 2053 5295 2381 5368; x_wconf 83' lang='lat' dir='ltr'><strong>translatum,</strong></span> <span class='ocrx_word' id='word_1_946' title='bbox 2407 5305 2460 5350; x_wconf 86' lang='lat' dir='ltr'><strong>ut</strong></span> <span class='ocrx_word' id='word_1_947' title='bbox 2485 5295 2850 5368; x_wconf 73' lang='lat' dir='ltr'><strong>Hieronymus</strong></span> <span class='ocrx_word' id='word_1_948' title='bbox 2876 5296 3067 5368; x_wconf 74' lang='lat' dir='ltr'><strong>vertit,</strong></span> <span class='ocrx_word' id='word_1_949' title='bbox 3099 5295 3524 5352; x_wconf 38' lang='lat' dir='ltr'><strong>sive&#39;mntatutn.</strong></span> 
     </span>
    </p>
   </div>
   <div class='ocr_carea' id='block_1_124' title="bbox 1928 5367 3195 5436">
    <p class='ocr_par' dir='ltr' id='par_1_124' title="bbox 1928 5367 3195 5436">
     <span class='ocr_line' id='line_1_124' title="bbox 1928 5367 3195 5436; baseline 0.001 -14"><span class='ocrx_word' id='word_1_950' title='bbox 1928 5367 2092 5422; x_wconf 85' lang='lat' dir='ltr'><strong>Multa</strong></span> <span class='ocrx_word' id='word_1_951' title='bbox 2123 5367 2190 5422; x_wconf 89' lang='lat' dir='ltr'><strong>de</strong></span> <span class='ocrx_word' id='word_1_952' title='bbox 2225 5368 2327 5420; x_wconf 89' lang='lat' dir='ltr'><strong>hoc</strong></span> <span class='ocrx_word' id='word_1_953' title='bbox 2359 5367 2886 5436; x_wconf 75' lang='lat' dir='ltr'><strong>pliilostiphotradit</strong></span> <span class='ocrx_word' id='word_1_954' title='bbox 2919 5367 3195 5422; x_wconf 86' lang='lat' dir='ltr'><strong>Laertius.</strong></span> 
     </span>
    </p>
   </div>
   <div class='ocr_carea' id='block_1_125' title="bbox 2003 5435 3539 5508">
    <p class='ocr_par' dir='ltr' id='par_1_125' title="bbox 2003 5435 3539 5508">
     <span class='ocr_line' id='line_1_125' title="bbox 2003 5435 3539 5508; baseline 0 -18"><span class='ocrx_word' id='word_1_955' title='bbox 2003 5448 2025 5476; x_wconf 77' lang='grc' dir='ltr'><strong>ο</strong></span> <span class='ocrx_word' id='word_1_956' title='bbox 2054 5437 2226 5493; x_wconf 76' lang='lat' dir='ltr'><strong>Penes</strong></span> <span class='ocrx_word' id='word_1_957' title='bbox 2261 5435 2609 5499; x_wconf 73' lang='lat' dir='ltr'><strong>llalibanum,</strong></span> <span class='ocrx_word' id='word_1_958' title='bbox 2641 5447 2690 5491; x_wconf 87' lang='lat' dir='ltr'><strong>et</strong></span> <span class='ocrx_word' id='word_1_959' title='bbox 2715 5438 3014 5508; x_wconf 72' lang='lat' dir='ltr'><strong>(li/ﬁcultrtte</strong></span> <span class='ocrx_word' id='word_1_960' title='bbox 3038 5437 3331 5508; x_wconf 75' lang='lat' dir='ltr'><strong>transferri,</strong></span> <span class='ocrx_word' id='word_1_961' title='bbox 3361 5435 3539 5490; x_wconf 83' lang='lat' dir='ltr'><strong>minus</strong></span> 
     </span>
    </p>
   </div>
   <div class='ocr_carea' id='block_1_126' title="bbox 1930 5508 3533 5636">
    <p class='ocr_par' dir='ltr' id='par_1_126' title="bbox 1930 5508 3533 5636">
     <span class='ocr_line' id='line_1_126' title="bbox 1930 5508 3533 5636; baseline -0.001 -72"><span class='ocrx_word' id='word_1_962' title='bbox 1930 5510 2092 5636; x_wconf 50' lang='lat' dir='ltr'><strong>bene,</strong></span> <span class='ocrx_word' id='word_1_963' title='bbox 2123 5511 2282 5567; x_wconf 85' lang='lat' dir='ltr'><strong>sicuti</strong></span> <span class='ocrx_word' id='word_1_964' title='bbox 2311 5520 2365 5566; x_wconf 85' lang='lat' dir='ltr'><strong>et</strong></span> <span class='ocrx_word' id='word_1_965' title='bbox 2394 5510 2555 5580; x_wconf 85' lang='lat' dir='ltr'><strong>paulo</strong></span> <span class='ocrx_word' id='word_1_966' title='bbox 2585 5519 2726 5580; x_wconf 83' lang='lat' dir='ltr'><strong>post,</strong></span> <span class='ocrx_word' id='word_1_967' title='bbox 2761 5509 2852 5566; x_wconf 90' lang='lat' dir='ltr'><strong>ubi</strong></span> <span class='ocrx_word' id='word_1_968' title='bbox 2881 5510 3106 5580; x_wconf 73' lang='lat' dir='ltr'><strong>faculas,</strong></span> <span class='ocrx_word' id='word_1_969' title='bbox 3154 5527 3251 5580; x_wconf 87' lang='lat' dir='ltr'><strong>pro</strong></span> <span class='ocrx_word' id='word_1_970' title='bbox 3288 5508 3533 5580; x_wconf 78' lang='lat' dir='ltr'><strong>ﬁdiculas</strong></span> 
     </span>
     <span class='ocr_line' id='line_1_127' title="bbox 1953 5593 2083 5636; baseline 0 0"><span class='ocrx_word' id='word_1_971' title='bbox 1953 5593 2083 5636; x_wconf 73' lang='lat' dir='ltr'><strong>eun.</strong></span> 
     </span>
    </p>
   </div>
   <div class='ocr_carea' id='block_1_127' title="bbox 1953 5593 2083 5652">
    <p class='ocr_par' dir='ltr' id='par_1_127' title="bbox 1953 5593 2083 5652">
     <span class='ocr_line' id='line_1_128' title="bbox 1953 5593 2083 5652; baseline -0.008 -14"><span class='ocrx_word' id='word_1_972' title='bbox 1953 5593 2083 5652; x_wconf 82' lang='lat' dir='ltr'><strong>egu.</strong></span> 
     </span>
    </p>
   </div>
  </div>
