4044 6312
497 153 604 216 319

1741 159 1801 217 5.
1842 156 2119 218 EUSEBII
2154 155 2548 216 HIERONYMI

3699 162 3806 227 32.

492 278 640 327 tuum
685 274 769 330 his
811 274 903 346 qui
946 291 1049 329 non
1086 282 1207 328 sunt
1230 236 1475 345 Esther.
1504 288 1618 340 xIv,
1646 272 1759 343 12).
1795 273 1861 329 Ει
1890 291 1950 328 ca
1984 288 2105 344 qua:
2130 272 2186 334 Δ
2210 274 2351 353 quod
2383 275 2588 331 scilicet
2621 275 2831 347 possint
2859 284 2915 333 et
2951 277 3185 348 apostoli
3230 287 3287 335 et
3325 279 3505 352 angeli
3525 280 3592 337 ad
3620 282 3811 352 pejora

494 377 608 419 non
634 375 818 431 erant,
850 365 1063 421 vocavit
1091 366 1256 425 Deus.
1285 373 1344 419 ut
1369 372 1396 402 ι
1423 364 1628 419 faceret
1655 380 1780 421 esse
1809 365 1953 437 quod
1990 382 2097 420 non

494 466 635 513 erat.
667 459 723 516 Si
753 469 933 514 autem
964 457 1065 512 huc
1090 457 1161 513 de
1188 457 1273 512 his
1300 457 1389 527 qui
1419 458 1472 512 in
1503 457 1758 513 eumdem
1803 460 2099 513 credebant

2202 369 2487 436 converti,
2552 370 2683 425 illud
2746 380 3069 441 opponunt,
3120 372 3266 443 quod
3335 382 3392 429 et
3439 375 3560 443 ipse
3608 375 3810 433 Paulus

2203 462 2387 516 scierit
2410 477 2570 532 posse
2588 478 2649 519 se
2672 463 2804 529 labi,
2827 464 2872 518 si
2906 467 3129 533 segnius
3156 475 3369 535 ageret,
3397 466 3591 523 dicens
3616 484 3630 521 :
3665 467 3808 524 Sub-

494 550 688 618 Deum,
719 561 775 606 et
794 550 1012 608 easdem
1036 550 1348 620 Scripturas
1370 550 1669 639 habebant,
1696 553 1926 619 dicitur,
1952 555 2098 625 quod
2193 552 2326 624 jicio
2368 564 2543 608 autem
2588 572 2776 627 corpus
2806 573 2996 621 meum,
3023 566 3071 611 et
3100 558 3156 611 in
3184 559 3475 614 servitutem
3511 560 3712 633 redigo.
3743 579 3810 620 ne

494 642 741 698 translati
772 642 881 697 sint
924 643 978 699 in
1024 642 1172 697 aliud
1225 643 1619 714 Evangelium,
1647 644 1810 717 _quod
1856 662 1965 701 non
2015 656 2103 705 est

496 735 862 806 Evangeliutn,
893 733 1020 802 quid
1050 734 1118 790 de
1146 734 1422 791 Marciane
1451 745 1507 792 ct
1534 739 1755 793 emeris
1787 739 2061 795 haereticis
2081 780 2097 807 ,

494 830 584 900 qui
618 827 969 883 Conditorem
1002 838 1289 898 respuunt,
1316 839 1372 885 et
1401 830 1628 886 alterius
1673 830 1774 889 Dei
1821 830 2100 890 Christum

493 922 776 988 simulant,
806 922 1081 977 mstimare
1119 922 1419 979 debemus?
1464 922 1568 992 Qui
1618 939 1725 979 non
1777 925 2102 994 interpreta-

492 1013 641 1068 tione
679 1012 815 1083 legis
843 1011 872 1051 ι’
904 1024 957 1069 ει
984 1014 1209 1081 litterm,
1250 1014 1337 1069 vel
1369 1030 1548 1085 pugna
1576 1016 1758 1070 carnis
1785 1025 1837 1070 et
1880 1017 2102 1086 spiritus

498 1102 756 1160 labuntur
790 1114 844 1161 et
889 1114 1194 1170 corruunt,
1243 1105 1339 1161 sed
1391 1107 1460 1161 de
1508 1114 1625 1161 toto
1675 1107 1941 1163 Ecclesiae
1980 1107 2103 1178 jure

453 1178 836 1254 ’discordant.
868 1198 1103 1255 Pulchre
1127 1209 1308 1254 autem
1339 1201 1450 1255 ait:
1486 1198 1605 1255 Nisi
1652 1210 1771 1255 sunt
1810 1203 1972 1273 aliqui
2015 1203 2104 1273 qui

496 1308 586 1347 uos
607 1292 933 1358 conturbent,
957 1304 1005 1347 et
1024 1292 1202 1347 volunt
1222 1303 1514 1349 convertere
1529 1293 1871 1367 Evangelimu
1890 1290 2100 1349 Christi.

500 1384 724 1450 Volunt,
753 1385 948 1455 inquit,
980 1385 1332 1455 Evangelium
1360 1386 1563 1441 Christi
1596 1398 1828 1454 mutare,
1863 1402 2072 1442 conver

503 1483 642 1544 tere,
675 1478 927 1534 turbare:
960 1479 1054 1533 sed
1092 1494 1198 1533 non
1249 1478 1456 1535 valent.
1507 1479 1643 1547 Quia
1686 1480 1849 1550 hujus
1895 1490 2103 1534 natura:

502 1578 622 1634 est,
662 1578 722 1624 ιιι
770 1587 877 1624 non
926 1571 1098 1639 possit
1147 1571 1291 1626 aliud
1338 1587 1485 1634 esse,
1517 1588 1679 1644 quam
1715 1585 1737 1613 ε
1767 1591 1962 1629 vcrum
1996 1582 2103 1629 est.

2202 644 2323 698 aliis
2343 645 2655 715 praedicans,
2682 648 2793 719 ipse
2815 649 3064 721 reprobus
3084 649 3322 704 inveniar
3344 649 3403 725 (l
3432 650 3551 707 Cor.
3582 668 3657 719 Ix,
3687 652 3804 725 27).

2204 737 2445 807 Angelos
2466 754 2682 809 quoque
2711 754 2833 796 esse
2859 741 3177 807 mutabiles,
3203 742 3295 813 qui
3326 758 3433 799 non
3463 746 3810 804 servaverint

2205 829 2563 900 principatum
2588 847 2776 900 suum;
2807 832 2905 888 sed
2930 832 3304 905 relinquentes
3329 838 3609 907 proprium
3634 838 3814 896 domi-

2202 924 2411 992 cilium,
2440 924 2494 981 in
2520 925 2732 996 judicio
2776 925 2956 998 magni
2999 926 3110 984 diei
3158 928 3393 985 vinculis
3440 932 3664 987 :eternis
3708 934 3811 991 sub

2202 1019 2431 1090 caligine
2460 1029 2810 1077 reservantur
2835 1019 3043 1092 (Judce,
3078 1021 3178 1092 vI).
3202 1023 3316 1093 [Dei
3358 1024 3533 1081 solius
3557 1035 3811 1082 naturam

2205 1127 2327 1168 esse
2370 1112 2788 1185 immutabilem,
2819 1115 2888 1170 de
2914 1132 3022 1185 quo
3048 1116 3344 1172 scribitur:
3373 1115 3456 1173 Tu
3477 1135 3595 1174 vero
3618 1120 3728 1192 ipse
3754 1136 3807 1176 es

2206 1203 2334 1271 (Ps.
2367 1220 2440 1273 cr,
2468 1205 2588 1275 28).
2624 1206 2689 1259 Et
2721 1206 2834 1274 ipse
2864 1205 2933 1262 de
2960 1222 3056 1262 se:
3091 1206 3201 1278 Ego
3234 1205 3375 1263 Deus
3395 1219 3578 1274 vester,
3606 1219 3657 1265 et
3705 1227 3812 1266 non

2206 1305 2381 1350 mutor
2424 1296 2687 1370 (Malach.
2743 1312 2824 1361 In,
2874 1297 2954 1367 6).
3008 1296 3289 1354 Cecidisse
3340 1298 3668 1366 luciferum,
3718 1302 3812 1372 qui

2209 1403 2366 1443 mane
2394 1388 2709 1454 oriebatur;
2743 1398 2800 1443 et
2826 1405 2953 1445 eum
2983 1389 3077 1461 qui
3107 1388 3356 1445 mittebat
3388 1387 3406 1428 ί
3437 1391 3710 1461 quondam
3741 1391 3814 1449 ad

2207 1496 2400 1536 omnes
2425 1493 2637 1552 gentes.
2672 1484 2724 1536 in
2756 1492 2899 1539 terra
2929 1498 3055 1539 esse
3085 1482 3401 1538 contritum.
3435 1483 3727 1555 Eleganter
3755 1484 3811 1540 in

2210 1575 2312 1630 hoc
2332 1577 2451 1630 ioco
2475 1578 2555 1631 vir
2575 1577 2934 1634 doctissimus
2951 1578 3342 1645 Tertullianus,
3365 1577 3629 1635 adversus
3651 1578 3813 1650 Apel-

503 1662 697 1718 Omnis
726 1665 816 1733 qui
852 1665 1200 1736 Evangelinm
1227 1666 1335 1721 alio
1368 1667 1758 1734 interpretatur
1803 1669 1997 1739 spiritu
2046 1677 2104 1724 et
2137 1660 2178 1718 Β
2211 1669 2343 1733 lem,
2372 1677 2428 1725 et
2455 1670 2577 1736 ejus
2612 1670 2879 1741 virginem
2924 1670 3332 1736 Philumenem,
3376 1687 3535 1739 quam
3585 1671 3817 1741 angelus

506 1764 689 1810 mente
716 1772 876 1827 quam
921 1757 1185 1827 scriptum
1214 1766 1319 1822 est,
1342 1757 1630 1814 credentes
1660 1761 1863 1827 turbat,
1894 1770 1947 1814 et
1976 1774 2108 1814 cou-

507 1849 673 1903 vcrtit
696 1849 1049 1920 Evangelium
1079 1849 1307 1916 Christi,
1337 1864 1396 1906 ut
1424 1852 1477 1907 id
1506 1853 1649 1923 quod
1697 1854 1751 1908 in
1803 1852 1940 1908 facie
1985 1862 2104 1920 est,

507 1951 630 2011 post
656 1950 867 2012 tergunt
896 1942 1081 2008 faciat,
1114 1953 1172 2000 et
1199 1959 1262 2000 ea
1284 1961 1407 2016 qua:
1430 1956 1548 2015 post
1574 1956 1783 2016 tergum
1809 1955 1960 2013 sunt,
1986 1963 2109 2003 ver-

502 2041 582 2089 tat
611 2033 664 2087 in
695 2033 914 2089 faciem.
949 2035 1009 2092 Si
1037 2039 1159 2106 quis
1189 2046 1394 2093 tantum
1433 2038 1669 2094 litteram
1701 2040 1977 2108 sequitur,
2013 2055 2110 2108 pn-

498 2125 732 2180 steriora
766 2127 919 2193 ponit
940 2126 995 2181 in
1026 2126 1242 2183 faciem.
1291 2128 1350 2185 Si
1397 2131 1518 2199 quis
1566 2130 1881 2186 Iudaeorum
1930 2133 2099 2186 inter-

498 2217 893 2287 pretationibus
924 2220 1257 2288 acquiescit,
1292 2231 1413 2291 post
1443 2230 1654 2293 tergunt
1684 2224 1849 2277 mittit
1878 2238 1940 2278 ea
1986 2240 2106 2294 quze

496 2323 568 2363 ει
612 2316 801 2364 natura
850 2324 948 2365 sua
981 2310 1036 2365 in
1075 2311 1268 2367 faciem
1298 2314 1593 2368 conSIituta
1623 2323 1770 2369 sunt.
1803 2313 2022 2370 Necnon
2054 2326 2110 2370 et

504 2400 635 2456 illud
679 2416 958 2473 congrue,
1008 2404 1153 2475 quod
1205 2405 1580 2461 translationis
1627 2406 1854 2462 verbum
1902 2407 2109 2463 Galalis

498 2505 810 2565 coaptatum
859 2507 944 2552 est
969 2513 985 2552 :
1013 2494 1041 2535 ἀ
1072 2496 1286 2553 Galatia
1314 2500 1459 2554 enim
1485 2500 1886 2554 translationem
1917 2501 1972 2556 in
2008 2518 2105 2556 no-

500 2598 618 2644 stra
648 2590 829 2660 lingua
858 2600 1037 2646 sonat.

572 2684 771 2757 (Vers.
804 2688 887 2759 8.)
918 2687 1025 2745 Sed
1054 2689 1168 2742 licet
1195 2705 1310 2751 nos,
1340 2698 1431 2743 aut
1460 2688 1676 2755 angelus
1706 2691 1770 2744 de
1790 2690 1918 2747 caelo
1945 2707 2104 2747 evan.

502 2778 685 2851 gelizet
713 2778 874 2845 vobis,
901 2789 1088 2852 praeter
1112 2797 1267 2849 quam
1293 2781 1433 2848 quod
1456 2783 1917 2854 cvangelizavimus
1943 2784 2106 2846 vobis,

501 2873 781 2929 anathema
809 2874 896 2927 sit.
930 2874 1078 2929 Sicut
1103 2874 1460 2942 prwdiximus.
1493 2885 1539 2928 et
1562 2892 1697 2929 nunc
1730 2877 1918 2930 iterum
1948 2878 2065 2930 dico
2088 2892 2109 2932 :

504 2967 550 3021 si
577 2966 692 3038 quis
721 2967 861 3021 vobis
889 2968 1313 3040 euangelizaverit
1343 2979 1529 3037 prceter
1553 2969 1608 3022 id
1631 2970 1771 3041 quod
1817 2971 2105 3037 accepistis,

2208 1762 2428 1831 quidam
2458 1762 2713 1818 diabolici
2743 1764 2968 1833 spiritus
3008 1771 3066 1818 et
3109 1778 3404 1832 pervorsus
3452 1764 3812 1835 impleverat,

2212 1856 2356 1911 hunc
2375 1870 2497 1911 esse
2516 1856 2707 1912 scribit
2727 1856 3005 1925 angelum,
3030 1856 3115 1911 cui
3142 1856 3313 1910 tnttlto
3334 1864 3628 1926 antequam
3651 1857 3817 1926 Apel-

2210 1949 2289 2003 les
2314 1956 2650 2018 nasceretur,
2681 1948 2921 2019 Spiritus
2947 1948 3118 2004 sancti
3145 1948 3403 2003 vaticinia
3424 1949 3494 2003 sit
3522 1948 3813 2005 anathema

2211 2055 2308 2108 per
2352 2038 2672 2110 Apostoltun
2718 2039 3122 2110 prophetatum.
3180 2041 3351 2096 l‘orro
3404 2042 3657 2114 ἀνάθεμα.
3692 2058 3816 2099 ver-

2210 2134 2333 2188 bum
2360 2133 2572 2201 proprie
2593 2131 3025 2198 Judaeorumest,
3042 2140 3097 2187 ct
3117 2134 3348 2202 positum
3373 2131 3484 2206 [ΑΙ.
3508 2133 3815 2207 proprium]

2209 2235 2317 2280 tam
2340 2226 2391 2280 in
2414 2224 2540 2282 .lesu
2565 2224 2710 2280 Nave
2732 2222 2870 2298 (los.
2892 2239 2971 2291 vr,
2989 2225 3070 2294 7),
3094 2240 3255 2295 quam
3276 2226 3330 2280 in
3352 2224 3603 2282 Numeris
3619 2225 3815 2296 (Nam.

2209 2334 2299 2375 χιι
2316 2318 2355 2388 ),
2380 2318 2599 2389 quando
2619 2318 2798 2373 omnia
2817 2333 2937 2386 qua:
2961 2327 3120 2373 erant
3147 2317 3201 2372 in
3224 2317 3447 2374 Jericho
3482 2327 3537 2373 et
3560 2318 3820 2375 Madiani-

2212 2422 2385 2465 tarttm
2401 2409 2816 2464 detestationiet
2830 2408 3162 2465 anathemati
3182 2407 3430 2464 habenda
3452 2409 3713 2466 Dominus
3727 2412 3817 2466 im-

2212 2501 2437 2570 peravit.
2457 2500 2857 2572 lnterrogemus
2870 2499 3093 2571 eos,qui
3123 2499 3400 2558 Christum
3430 2510 3487 2559 et
3514 2505 3816 2574 apostolqu

2213 2595 2460 2660 Paulum,
2491 2596 2615 2650 boni
2650 2595 2744 2650 Dei
2775 2606 2829 2650 et
2856 2610 3030 2668 usque
3059 2597 3127 2650 ad
3160 2595 3293 2651 illud
3325 2605 3537 2667 tempus
3558 2598 3814 2670 ignorati,

2212 2689 2297 2744 vel
2330 2689 2495 2744 lilium
2521 2697 2773 2745 asserunt
2790 2703 2939 2755 esse,
2974 2687 3062 2744 vel
3092 2702 3337 2755 servum,
3365 2689 3456 2759 qui
3488 2689 3817 2746 maledicere

2212 2782 2442 2850 nesciat,
2474 2797 2573 2838 ncc
2603 2783 2816 2836 noverit
2842 2781 3078 2850 aliquem
3104 2782 3506 2838 condemnare:
3539 2783 3814 2853 quomodo

2212 2890 2357 2929 nunc
2384 2877 2676 2935 Apostolus
2704 2876 2844 2943 ejus,
2878 2874 3045 2929 verbo
3074 2873 3412 2946 intimorum,
3446 2874 3499 2930 id
3521 2883 3628 2938 est.
3652 2874 3818 2931 Crea-

2214 2967 2347 3021 toris
2372 2964 2538 3038 384
2566 2974 2793 3022 utatur:
2826 2973 2884 3020 et
2912 2966 3088 3036 perire
3110 2965 3200 3021 vel
3241 2967 3497 3036 angelum
3549 2966 3633 3022 vel
3680 2981 3816 3036 apo-

501 3058 779 3114 anathema
803 3060 892 3114 sit.
936 3060 1122 3115 Potest
1167 3071 1222 3117 et
1259 3061 1609 3134 hyperbolice
1651 3065 1856 3119 dictum
1910 3064 2102 3134 accipi,
2131 3047 2177 3110 C
2215 3058 2413 3115 stolam
2462 3059 2616 3124 velit,
2644 3075 2768 3115 cum
2803 3060 2917 3128 ipse
2947 3074 3053 3114 non
3084 3058 3265 3113 soleat
3292 3058 3501 3114 ulcisci.
3534 3057 3690 3126 Quod
3719 3074 3819 3113 au-

507 3166 616 3207 uon
642 3167 752 3222 quo
779 3161 871 3205 aut
900 3154 1200 3222 apostolus,
1232 3164 1325 3209 aut
1352 3155 1580 3224 angelus
1629 3156 1787 3211 aliter
1833 3157 2113 3222 potuerint

503 3244 803 3317 praedicare
845 3262 1007 3317 quam
1051 3248 1220 3301 semel
1267 3247 1561 3303 dixerant:
1611 3249 1707 3304 sed
1752 3250 1968 3305 etiamsi
2008 3251 2110 3307 hoc

505 3346 693 3410 posset
722 3337 861 3405 fieri,
915 3347 975 3393 ut
1017 3347 1073 3392 et
1118 3339 1354 3409 apostoli
1402 3350 1457 3394 et
1501 3342 1677 3410 angeli
1721 3349 2106 3397 "tutarentur:

503 3441 685 3489 tamen
730 3449 835 3488 non
882 3448 1003 3487 esse
1041 3430 1149 3505 [ΑΙ.
1183 3432 1350 3507 esset]
1381 3434 1450 3486 ab
1476 3449 1543 3489 eo
1571 3434 1717 3504 quod
1746 3437 1919 3491 semel
1948 3452 2108 3491 acce-

501 3532 649 3594 ptum
677 3522 874 3589 fuerat,
902 3523 1268 3579 recedendum
1295 3541 1310 3580 :
1341 3524 1582 3578 maxime
1603 3539 1730 3579 cum
1755 3526 1871 3595 ipse
1891 3536 2114 3594 aposto-

509 3618 595 3671 lus
625 3619 683 3670 in
710 3616 873 3688 383
902 3617 1013 3669 alio
1034 3617 1155 3670 loco
1187 3616 1496 3670 ﬁrmitatem
1528 3615 1654 3669 lldei
1702 3631 1813 3671 sua:
1856 3618 2113 3675 ostendat

503 3708 691 3763 dicens
713 3724 727 3761 :
749 3708 874 3762 Scio
900 3709 1023 3777 quia
1054 3723 1218 3777 neque
1242 3724 1402 3772 mors,
1418 3724 1579 3777 neque
1600 3709 1723 3773 vita,
1742 3727 1903 3777 neque
1922 3715 2114 3782 anqeli,

505 3815 669 3869 neque
718 3799 1085 3870 principatus,
1137 3816 1299 3870 neque
1335 3800 1645 3871 prtesentia,
1700 3818 1860 3871 neque
1909 3805 2113 3876 futura,

504 3907 666 3962 neque
706 3890 988 3958 fortitudo,
1033 3907 1195 3962 neque
1232 3891 1455 3947 altitudo
1480 3933 1496 3959 ,
1548 3909 1711 3963 neque
1762 3897 2111 3968 profundum,

506 3999 667 4052 neque
696 3983 804 4037 alia
830 3992 1087 4053 creatura,
1126 3985 1309 4057 poterit
1356 4002 1452 4040 nos
1491 4002 1734 4057 separare
1765 4006 1797 4044 a
1838 3991 2115 4047 dilectione

509 4072 630 4143 Dei,
680 4093 796 4143 qua:
842 4086 917 4130 est
960 4078 1015 4131 iu
1059 4077 1264 4132 Christo
1307 4076 1436 4133 Jesu
1460 4078 1681 4134 Domino
1712 4091 1885 4137 nostro
1915 4083 2112 4153 (Rom.

506 4184 625 4233 VIII,
652 4170 769 4239 58).
808 4169 1084 4224 Veritatem
1128 4170 1267 4236 dico,
1316 4187 1419 4225 non
1460 4172 1721 4241 mentior,
1770 4177 2118 4231 testimon'tmt

512 4261 635 4315 mihi
681 4262 974 4331 perhibcute
1021 4263 1330 4317 conscientia
1373 4280 1486 4317 mea
1529 4263 1719 4336 (Rom.
1764 4280 1846 4332 Ix,
1883 4269 1956 4331 l).
1994 4269 2120 4326 llaec

509 4356 711 4423 quippe
769 4354 914 4408 dicta
965 4371 1072 4410 non
1140 4367 1267 4411 sunt
1319 4356 1436 4424 ejus
1478 4358 1569 4425 qui
1622 4358 1789 4425 possit
1837 4376 1866 4413 a
1915 4360 2116 4417 Christi

2216 3158 2324 3205 tem
2351 3150 2583 3219 addidit,
2611 3152 2746 3205 sicut
2773 3151 3137 3220 prardiximus,
3166 3160 3216 3205 et
3241 3166 3378 3205 nunc
3422 3151 3610 3206 iterant
3659 3151 3777 3207 dico
3801 3193 3819 3220 ,

2215 3244 2454 3298 ostendit
2478 3259 2539 3299 se
2569 3252 2624 3298 et
2649 3245 2700 3298 in
2730 3243 2998 3313 principio
3030 3244 3133 3297 hoc
3163 3242 3339 3312 ipsum
3370 3253 3680 3310 caventem,
3714 3245 3818 3302 de-

2218 3340 2499 3395 nuntiasse
2525 3340 2816 3395 anathema
2841 3341 2922 3395 eis
2946 3339 3036 3408 qui
3069 3338 3230 3393 aliter
3254 3338 3596 3409 prmdicatnri
3627 3346 3814 3405 erant,

2217 3442 2272 3487 et
2301 3447 2443 3487 nunc
2475 3441 2760 3500 postquam
2797 3429 3150 3498 praedicatum
3180 3439 3289 3495 est,
3321 3429 3376 3485 id
3405 3428 3690 3484 anathema
3720 3430 3820 3485 de-

2217 3538 2443 3578 cernere
2480 3523 2626 3593 quod
2673 3530 2802 3577 ante
2844 3522 3192 3591 praedixerat.
3225 3521 3519 3592 Pr0pterea
3549 3530 3731 3576 autem
3763 3529 3823 3577 et

2217 3614 2359 3683 sibi,
2409 3628 2572 3684 quem
2614 3613 2760 3668 aliud
2811 3614 2864 3668 in
2914 3614 3100 3669 Judaea
3131 3616 3327 3682 lacere,
3358 3613 3505 3668 aliud
3532 3613 3735 3670 docere
3764 3612 3821 3668 in

2218 3707 2469 3778 gentibus
2493 3705 2941 3770 criminabantur,
2991 3716 3049 3759 et
3096 3704 3291 3775 angelo
3339 3720 3501 3775 quem
3551 3703 3815 3772 majorem

2218 3803 2384 3859 etiam
2416 3801 2838 3872 prteccssoribus
2867 3801 2982 3855 suis
3011 3798 3276 3864 apostolis
3317 3812 3445 3854 csse
3491 3796 3821 3865 constabat,

2219 3896 2505 3949 anathema
2526 3892 2897 3948 denuntiavit:
2928 3900 2991 3946 ut
3011 3907 3117 3947 non
3143 3906 3333 3961 magna
3351 3889 3499 3946 Petri
3521 3899 3576 3944 ct
3595 3886 3825 3946 Joannis

2222 3994 2504 4059 putaretur
2528 3983 2852 4050 auctoritas,
2882 4000 3005 4039 cum
3039 3997 3142 4039 nec
3192 3983 3299 4037 sibi
3346 3982 3538 4037 liceret
3586 3980 3680 4051 qui
3727 3995 3826 4038 eos

2221 4093 2346 4135 ante
2399 4080 2679 4143 docuerat,
2733 4092 2836 4132 nec.
2883 4078 3075 4146 angelo
3115 4074 3277 4129 aliter
3302 4072 3626 4145 prmdicare,
3658 4087 3827 4143 quam

2220 4172 2391 4229 semel
2421 4171 2746 4224 didicerant.
2775 4167 2847 4223 Se
2890 4167 3075 4238 itaque
3119 4175 3174 4222 et
3214 4165 3464 4237 angelum
3508 4163 3831 4219 nominatim

2224 4268 2432 4339 pOsnit;
2464 4267 2601 4317 alios
2632 4279 2763 4317 vero
2793 4264 2999 4332 absque
3036 4261 3279 4317 nomine.
3334 4258 3397 4316 Si
3439 4258 3577 4329 quis,
3624 4256 3829 4327 inquit,

2221 4360 2360 4416 vobis
2380 4357 2837 4429 euangelizaverit,
2893 4366 2954 4412 ιιι
2998 4356 3052 4411 in
3103 4355 3345 4426 generali
3391 4353 3679 4418 vocabulo,
3725 4367 3833 4409 nec

515 4445 623 4502 lide
667 4455 723 4501 et
766 4446 1064 4503 dilectione
1094 4448 1388 4519 aliquando
1432 4448 1737 4505 discedere.
1785 4453 1885 4517 Qui
1932 4465 2113 4512 autem
2147 4441 2193 4501 Ῑ)
2223 4449 2647 4525 pra'cessoribus
2694 4451 2900 4507 faceret
2947 4448 3239 4519 injuriam;
3285 4454 3342 4503 et
3391 4454 3575 4503 tamen
3604 4443 3831 4501 nomina

511 4537 706 4595 nolunt
748 4550 772 4578 ε
806 4538 914 4596 καθ’
946 4540 1186 4598 ὑπόθεσιν
1237 4540 1339 4594 hoc
1375 4541 1578 4597 dictum
1624 4557 1773 4610 esse,
1820 4544 1915 4600 sed
1944 4562 2110 4603 vere:

585 4687 606 4711 "
639 4678 811 4734 Palat.
847 4694 977 4743 ms.,
1008 4687 1063 4732 ut
1086 4677 1272 4746 faceret
1303 4694 1363 4732 ea
1384 4694 1495 4732 esse
1514 4694 1629 4747 (μιω
1649 4696 1749 4733 non
1778 4688 1943 4735 crant.

581 4747 610 4789 δ
640 4749 812 4805 Penes
843 4749 1162 4823 Victoriuttt.
1190 4749 1693 4823 iuiuterpretutioue
1729 4750 1900 4823 Legis,
1933 4760 1980 4807 et
2023 4755 2112 4810 ιὶι-

511 4831 633 4876 ιεηε
660 4838 858 4893 pugna,
892 4821 968 4874 vel
996 4822 1210 4893 spiritus
1237 4820 1499 4893 labuntur.
1533 4830 1638 4875 etc.

588 4906 611 4932 ε
647 4892 870 4948 [leuius
901 4892 1128 4947 fortasse
1158 4892 1430 4953 Habitum,
1457 4910 1610 4963 quam
1635 4893 1773 4963 quod
1803 4908 1976 4948 verum
2016 4905 2113 4951 cst.

581 4963 610 5003 ά
643 4963 841 5033 Utique
871 4965 1022 5029 juxta
1059 4976 1186 5017 tunc
1216 4967 1381 5033 vulgo
1403 4974 1650 5031 receptas
1678 4964 1795 5017 libri
1820 4963 2111 5022 Nominum

511 5036 872 5108 etyrrnologits
914 5050 981 5089 es
1016 5035 1035 5090 l
1066 5037 1129 5108 ad
1174 5033 1420 5088 Corinth.
1470 5034 1740 5108 Czeternm
1789 5050 1954 5091 nemo
2002 5052 2110 5092 non

436 5118 446 5127 ‘
513 5103 679 5162 sentit
700 5148 714 5168 ,
761 5103 1023 5161 Galatiam
1053 5106 1298 5161 Gnccnnt
1328 5121 1447 5159 esse
1477 5106 1822 5169 vocabulum,
1860 5124 1965 5158 non
1999 5108 2110 5160 lle-

517 5181 745 5242 brieum,
771 5176 1011 5246 nihilque
1032 5192 1226 5228 Nman
1248 5176 1395 5229 aliud
1418 5192 1585 5246 quam
1604 5175 1649 5231 Ο
1669 5178 1913 5231 datarum
1938 5179 2111 5244 regin-

516 5266 662 5318 nem,
694 5245 935 5321 quorum
956 5248 1058 5303 ἀπὸ
1085 5253 1178 5303 τοῦ
1203 5247 1477 5321 γὰλᾳῃτρς,
1509 5264 1541 5299 a
1567 5245 1968 5321 littlettlltCiltll‘
1994 5261 2114 5318 ety-

517 5320 772 5388 mologia.
800 5318 1014 5384 Gallos,
1048 5321 1182 5377 sive.
1213 5317 1272 5371 nt
1301 5318 1483 5372 Livius
1506 5329 1687 5377 vocat,
1718 5317 2107 5388 Gallogrmctts,

517 5391 738 5458 trajecta
786 5389 996 5445 Graecia
1048 5391 1147 5441 sub
1184 5406 1312 5455 rege
1345 5389 1578 5444 Seleuco
1609 5389 1893 5450 Nicanore,
1926 5390 2110 5443 Asiam

520 5464 757 5518 invasos.
783 5478 812 5512 ιι
840 5462 1014 5514 lacteo
1040 5462 1226 5515 colore
1252 5462 1502 5528 corporis
1527 5463 1749 5513 sortitos
1778 5459 1882 5512 hoc
1913 5475 2108 5512 nouum

518 5547 640 5587 esse
660 5531 814 5601 apud
851 5530 1089 5597 Graecos,
1141 5534 1383 5585 onuiom
1431 5533 1798 5601 recepllSsltlm
1840 5533 2109 5585 sententia

519 5612 624 5671 est.
656 5599 864 5656 confer
890 5603 1055 5665 paulo
1082 5612 1205 5671 pust
1247 5605 1496 5668 alteram,
1549 5604 1665 5656 sive
1712 5599 1767 5657 in
1810 5600 2110 5658 secundum

520 5669 717 5726 librum
746 5669 1119 5741 praefationetit
1145 5675 1206 5729 ὃ.
1240 5674 1441 5729 Patris.

2221 4564 2412 4606 eorum
2446 4546 2683 4601 latenter
2713 4542 3055 4599 ostenderet.

2296 4693 2320 4722 ε
2356 4683 2459 4737 Pro
2491 4681 2681 4743 verbo,
2731 4679 2843 4736 καθ’
2862 4679 3126 4737 ὑπόθεσιν.
3175 4675 3322 4746 quod
3372 4689 3516 4746 nunc
3543 4669 3835 4746 egCistte-

2218 4755 2390 4815 ciensi
2442 4769 2547 4806 ms.
2592 4750 2844 4816 restituo,
2903 4749 3043 4802 falso
3089 4742 3353 4802 hactenus
3391 4744 3632 4799 obtinuit
3659 4742 3834 4816 istud.

2220 4814 2837 4898 ὑπιρϐολικῶςηῖηιιιιὶ
2892 4819 2992 4898 fuit
3036 4818 3391 4888 antiquariis,
3442 4816 3588 4887 quod
3642 4814 3835 4898 paucis

2220 4890 2421 4950 abn'tne
2474 4893 2727 4947 versibus
2770 4890 2875 4945 hac
2921 4891 3287 4960 llieronymns
3334 4902 3469 4960 voce
3519 4902 3650 4942 usus
3678 4893 3832 4960 est:

2225 4967 2401 5021 Potest
2426 4974 2474 5018 et
2515 4962 2848 5034 hyperbolice
2874 4955 3295 5034 dictumaccipi,
3314 4972 3380 5034 Διιι
3410 4957 3549 5034 hanc
3580 4973 3645 5014 ex
3677 4955 3833 5034 inge-

2221 5041 2311 5091 nio
2339 5036 2498 5091 facile
2528 5025 2954 5096 substituerent,
2984 5030 3134 5086 nullo
3165 5030 3281 5085 fere
3313 5031 3438 5083 boni
3481 5042 3675 5083 sensus
3708 5025 3832 5080 dis-

2220 5110 2444 5177 pendio.
2466 5106 2665 5160 Verum
2686 5111 2743 5158 et
2765 5102 2937 5157 multo
2958 5101 3279 5157 concinnior
3294 5102 3359 5154 ad
3378 5101 3437 5157 S.
3468 5099 3653 5180 Patris
3674 5112 3830 5180 uten-

2221 5171 2349 5237 iem.
2376 5191 2548 5242 eaque
2574 5190 2677 5229 una
2699 5189 2957 5244 germana
2980 5185 3085 5239 est,
3110 5188 3269 5243 quam
3298 5172 3615 5244 reponimus
3642 5171 3829 5232 lectio,

2220 5250 2603 5310 καθ’ύπὸθεσιν,
2639 5242 2970 5316 quamquam
3008 5254 3059 5298 te:
3102 5242 3155 5301 in
3188 5244 3417 5316 syllabis
3463 5242 3633 5316 probe
3673 5254 3829 5294 asse-

2218 5318 2446 5388 quendis
2466 5321 2533 5391 in
2562 5312 2673 5372 ms:
2696 5312 2868 5369 multo
2897 5316 3179 5391 difﬁcilior
3204 5312 3233 5369 ι’
3247 5313 3513 5368 scribitur
3542 5312 3691 5366 enim
3721 5324 3835 5391 uno

2221 5378 2408 5445 tenore
2433 5389 2534 5450 sic,
2564 5396 2917 5445 iaGTNOGEC
2945 5388 3021 5442 in.
3050 5387 3242 5443 Sciunt
3272 5400 3437 5452 porro
3463 5397 3658 5437 omnes
3696 5378 3833 5450 quid

2217 5464 2288 5516 sit
2314 5461 2697 5518 καθ’ὐπόθισιν.
2733 5459 2851 5514 sive
2884 5476 2972 5527 per
2992 5457 3424 5534 suppositionem,
3451 5462 3508 5507 et
3535 5468 3641 5507 non
3673 5460 3833 5534 tatu-

2217 5548 2377 5603 quam
2408 5535 2761 5587 constitutum
2796 5525 2911 5603 aut
2947 5525 3137 5603 verum
3186 5525 3394 5603 aliquid
3445 5525 3831 5603 pronuntiare.

2295 5602 2313 5643 τ
2351 5604 2521 5658 Palat.
2554 5619 2685 5665 ms.,
2716 5602 2804 5671 qui
2822 5600 3075 5668 mittebat,
3099 5602 3368 5671 quondam
3386 5597 3457 5652 ad
3480 5606 3658 5667 gentes
3680 5608 3836 5653 scan.

2218 5674 2398 5729 datum
2427 5675 2482 5730 in
2511 5684 2650 5730 terra
2672 5689 2802 5742 esse,
2831 5682 2940 5733 etc,
