4044 6310
492 388 604 449 525

1748 383 1809 442 S.
1850 374 2123 443 EUSEDII
2159 382 2548 443 HIERONYMI

3692 384 3806 452 324

494 520 618 561 esse
658 519 778 576 quae
810 502 1013 574 Scripta
1057 511 1202 558 sunt.
1228 500 1397 556 Discit
1428 506 1607 554 autem
1647 500 1715 566 is,
1746 500 1835 569 qui
1880 515 1941 554 ea
1971 515 2093 572 qum
2121 497 2167 558 Α
2198 497 2465 554 Judaismi
2495 500 2795 556 acerrimus
2823 500 3165 568 defensator,
3199 501 3266 557 ad
3297 503 3497 560 Christi
3532 506 3689 561 ﬁdem
3717 524 3808 565 re—

497 600 549 653 in
586 598 681 653 illo
707 613 806 668 per
832 598 1118 666 aenigmata
1151 603 1206 649 et
1234 593 1519 664 parabolas
1554 592 1785 664 ﬁgurata
1814 602 1961 659 sunt,
1994 608 2089 646 ex-

494 688 710 758 planata
762 697 815 743 et
856 687 1088 742 disserta
1132 687 1412 756 cognoscit
1450 702 1463 739 :
1500 693 1527 722 ιι
1559 692 1614 740 et
1650 687 1951 756 cognoscit,
1985 700 2092 740 non

495 780 712 835 homine
741 781 1020 836 revelante
1065 779 1158 834 sed
1192 780 1439 844 Christo,
1471 780 1560 851 qui
1601 778 1867 835 revelavit
1900 778 2092 841 Paulo,

490 872 519 913 ιι
554 882 650 928 aut.
703 889 798 944 per
845 874 1096 937 Paulum,
1132 874 1183 928 in
1232 891 1341 944 quo
1382 874 1627 944 loquitur
1657 874 1931 929 Christus.
1960 872 2099 927 Ver-

488 965 617 1023 bum
652 982 874 1038 quoque
900 967 1074 1038 ipsum
1105 966 1500 1040 ἀποκαλύψεως,
1529 965 1581 1021 id
1607 975 1713 1033 est,
1744 964 2089 1032 reuelationis,

498 1060 716 1130 proprie
744 1059 1157 1130 Seriptararum
1203 1070 1307 1120 est.
1338 1072 1391 1113 et
1419 1078 1447 1115 a
1482 1059 1632 1114 nullo
1660 1057 1965 1128 sapientum
1992 1074 2097 1113 sa:-

498 1151 605 1206 euli
654 1152 798 1223 apud
842 1150 1066 1209 Gra~cos
1112 1160 1453 1223 usurpatum.
1495 1150 1650 1208 Unde
1686 1150 1817 1205 mihi
1846 1149 2096 1205 videntur

493 1240 961 1312 qttentatlmodum
1010 1241 1062 1295 in
1115 1241 1235 1296 aliis
1280 1243 1481 1306 verbis,
1510 1257 1629 1312 qute
1664 1242 1732 1297 de
1772 1241 2002 1297 llebra'o
2040 1241 2092 1295 in

492 1338 746 1393 Grarcum
795 1336 1153 1409 Septuaginta
1205 1338 1534 1408 interpretes
1583 1340 1997 1401 transtulerunt,
2026 1338 2095 1390 ita

492 1440 546 1488 et
576 1431 629 1485 iu
659 1430 763 1485 hoc
794 1444 1129 1500 magnopere
1157 1444 1281 1484 esse
1311 1439 1555 1495 conatos,
1590 1439 1647 1483 ut
1691 1429 2085 1499 proprietatem

497 1522 769 1594 peregrini
813 1522 1085 1576 sermonis
1116 1522 1519 1592 exprimerent,
1554 1537 1691 1575 nova
1745 1520 1903 1574 novis
1932 1521 2096 1574 rebus

497 1613 662 1668 verba
694 1610 959 1682 ﬁngentes
992 1621 1084 1666 :et
1126 1627 1352 1679 sonare,
1383 1628 1503 1666 cum
1537 1611 1663 1682 quid
1687 1620 1887 1665 tectum
1924 1626 1975 1664 et
2009 1629 2098 1665 ve-

497 1704 689 1766 latum,
742 1704 923 1757 ablato
973 1702 1212 1769 desuper
1260 1707 1626 1772 operimento,
1680 1703 1985 1756 ostenditm
2042 1712 2096 1756 et

501 1798 774 1871 profertur
798 1798 850 1852 in
879 1797 1079 1853 lucem.
1116 1796 1229 1851 lloc
1267 1807 1325 1849 ιιι
1349 1798 1684 1850 unanileSIins
1720 1796 1830 1858 ﬁat,
1865 1797 2095 1864 accipite

2198 601 2362 663 pente
2396 609 2698 649 conversus
2729 596 2820 649 sit.
2846 596 2913 649 Et
2947 595 3049 651 hoc
3077 612 3143 651 eo
3186 608 3431 667 tempore
3473 614 3581 670 quo
3618 602 3805 657 cruci-

2202 686 2340 740 ﬁxus
2369 688 2601 757 primum
2628 688 3051 745 annuntiabatur
3082 691 3134 744 in
3180 689 3414 756 mundo;
3441 707 3548 761 quo
3588 708 3798 749 novum

2198 779 2391 847 dogma
2417 791 2472 833 et
2500 796 2530 834 a
2573 781 2829 851 gentibus
2858 792 2912 836 et
2942 798 2971 836 a
3000 782 3203 838 Judazis
3236 784 3404 839 totius
3426 785 3574 840 orbis
3604 785 3804 842 ﬁnibus

2203 872 2523 941 pellebatur.
2556 874 2745 930 Dicere
2763 874 2907 930 enim
2936 885 3227 946 poterant:
3252 874 3307 933 Si
3334 878 3428 932 ille
3451 879 3543 949 qui
3574 896 3600 931 a
3633 896 3799 950 parva

2199 973 2359 1021 a-tate
2414 966 2812 1023 Pharismorum
2863 969 3147 1025 institutus
3189 981 3273 1027 est
3327 970 3663 1041 disciplinis,
3710 973 3801 1044 qui

2199 1073 2388 1113 omnes
2415 1070 2725 1115 coaetaneos
2754 1076 2883 1116 suos
2915 1064 2968 1116 in
2995 1062 3225 1118 Judaica
3253 1062 3549 1119 traditione
3570 1078 3800 1135 supera-

2203 1152 2313 1217 bat,
2346 1168 2490 1209 nunc
2517 1153 2763 1209 defendit
2807 1155 3136 1222 Ecclesiam,
3165 1173 3326 1227 quam
3358 1159 3632 1228 quondam
3669 1159 3802 1215 valio

2202 1246 2430 1301 dissime
2462 1249 2926 1317 persequebatur;
2956 1256 3014 1305 et
3044 1250 3213 1321 magis
3247 1249 3447 1307 Christi
3491 1248 3721 1322 gratiam
3748 1260 3805 1309 et

2200 1338 2499 1394 novitatem
2532 1339 2651 1394 vult
2688 1340 2892 1397 habere
2925 1357 3048 1398 cum
3088 1343 3290 1399 invidia
3333 1344 3602 1413 omnium,
3635 1362 3805 1416 quam

2202 1439 2531 1487 vetustatem
2563 1432 2724 1504 Legis
2754 1450 2877 1488 cum
2905 1435 3061 1490 laude
3084 1438 3376 1491 multorum
3398 1454 3413 1491 :
3439 1438 3569 1507 quid
3602 1454 3701 1494 nos
3722 1439 3805 1494 fa-

2201 1541 2327 1580 cere
2359 1536 2599 1597 oportet,
2627 1528 2719 1598 qui
2752 1544 2817 1584 ex
2848 1531 3149 1599 gentilitate
3180 1528 3302 1585 e'sse
3326 1532 3590 1601 cmpimus
3612 1532 3803 1588 Chris-

2204 1616 2369 1671 tiani?
2403 1618 2632 1675 Pulchre
2660 1637 2789 1674 vero
2817 1621 3065 1690 adiunxit
3094 1639 3107 1675 :
3143 1621 3320 1692 Supra
3372 1624 3585 1678 modum
3624 1640 3806 1695 perse—

2199 1710 2392 1777 qttebar
2424 1709 2711 1767 Ecclesium
2745 1711 2863 1779 Dei,
2900 1719 3041 1767 utet
3080 1712 3208 1767 hinc
3248 1729 3467 1785 quoque
3510 1715 3805 1772 admiratio

2204 1815 2545 1870 nasceretur,
2571 1805 2712 1876 quod
2739 1821 2848 1860 non
2882 1815 2903 1843 ε
2939 1806 3311 1878 unusquisque
3338 1807 3406 1863 de
3435 1808 3520 1864 his
3546 1810 3637 1880 qui
3671 1809 3804 1871 levi-

498 1890 830 1960 cxetnplum.
862 1889 1079 1961 Moyses
1110 1906 1229 1944 cum
1256 1888 1368 1943 Deo
1393 1888 1629 1941 revelata
1661 1899 1716 1942 et
1739 1900 1925 1957 aperta
1958 1888 2093 1943 facie
2131 1883 2173 1942 Β
2204 1905 2285 1949 ter
2310 1899 2781 1967 persequebantur
2820 1898 3117 1953 Ecclesium
3150 1917 3162 1952 :
3197 1901 3292 1955 sed
3324 1901 3415 1956 ille
3446 1902 3537 1971 qui
3566 1912 3805 1960 cazteros

500 1984 824 2056 loquebatur
873 1982 1069 2057 (Exod.
1126 1999 1321 2043 χχχιιι,
1379 1981 1589 2050 xxxiv),
1630 1982 1684 2035 id
1743 1991 1851 2048 est,
1893 1985 2096 2052 absque

499 2078 776 2132 velamine
807 2077 909 2131 :ad
944 2074 1203 2146 populant
1239 2087 1419 2130 autem
1455 2074 1712 2145 loquens,
1745 2075 1869 2145 quia
1898 2075 1950 2128 in
1982 2076 2099 2128 vul-

501 2184 612 2223 tttm
646 2170 765 2240 ejus
794 2169 1082 2223 attendere
1125 2184 1231 2221 non
1268 2168 1544 2232 valebant,
1570 2167 1816 2220 velamen
1863 2167 2097 2236 ponebat

500 2261 555 2317 lu
590 2261 727 2316 facie
757 2258 949 2336 (Nam.
978 2261 1072 2331 tv).
1109 2262 1249 2314 Ante
1289 2260 1484 2313 Arcam
1524 2274 1739 2329 quoque
1764 2258 2096 2313 Testamcnti

502 2354 627 2409 vclu
655 2372 682 2404 ιι
723 2368 1022 2422 oppansum
1053 2359 1169 2406 erat
1202 2368 1215 2403 :
1242 2350 1385 2420 quod
1409 2365 1530 2406 cum
1562 2349 1755 2404 fuisset
1787 2350 2095 2415 reductum,

502 2463 565 2500 ea
592 2462 710 2515 tlttzt!
741 2455 866 2500 ante
903 2444 1221 2499 abscondita
1255 2443 1491 2510 fuerant,
1521 2442 1930 2514 prodebantur:
1960 2455 2009 2498 et
2044 2452 2101 2497 ut

505 2538 627 2610 ipso
658 2538 828 2593 verbo
868 2547 1020 2603 utar,
1054 2536 1438 2591 recelabautur.
1472 2535 1528 2593 Si
1576 2538 1758 2607 itaque
1790 2536 1845 2591 hi
1878 2537 1966 2607 qtti
2016 2536 2099 2590 tli-

504 2644 685 2687 sertos
712 2630 894 2686 szcculi
942 2631 1127 2702 legere
1174 2640 1599 2693 consueverunt,
1631 2629 1901 2701 cmperint
1941 2629 2102 2684 nobis

503 2726 572 2780 de
617 2724 856 2780 novitate
896 2733 951 2778 et
992 2723 1204 2779 vilitate
1234 2724 1503 2778 sermonis
1542 2720 1792 2790 illudcre,
1823 2722 2100 2775 mittamus

505 2834 602 2874 cos
631 2818 697 2875 ad
739 2816 1022 2873 Ciceronis
1062 2817 1251 2882 libros,
1283 2816 1373 2887 qui
1404 2816 1473 2871 dc
1503 2816 1894 2886 quzcsﬁonihus
1928 2815 2101 2886 philo-

505 2913 713 2983 sophia:
751 2921 1156 2983 praenotantur:
1186 2922 1240 2965 et
1282 2912 1527 2976 videant,
1556 2919 1754 2981 quanta
1797 2911 1868 2965 ibi
1915 2926 2104 2966 neces-

504 3005 668 3061 sitate
697 3004 1013 3075 compulsus
1044 3005 1133 3068 sit,
1168 3012 1313 3058 tanta
1348 3003 1635 3058 verborum
1680 3010 1929 3073 portenta
1971 3020 2099 3073 pro-

508 3092 676 3165 ferre,
707 3115 826 3171 qua:
860 3113 1158 3167 numquam
1190 3096 1370 3153 Latini
1408 3097 1645 3151 hominis
1673 3098 1824 3151 auris
1852 3096 2097 3152 audivit:

504 3206 559 3251 et
584 3193 685 3249 hoc
709 3210 829 3248 cmn
858 3192 926 3248 de
955 3190 1168 3259 Graeco,
1195 3209 1314 3262 quae
1355 3191 1536 3263 lingua
1582 3193 1760 3247 vicina
1793 3201 1894 3259 est,
1926 3202 2099 3246 trans-

2202 1990 2253 2044 in
2287 1991 2668 2059 persecutione
2696 1992 2970 2058 vincebat,
2998 2009 3298 2050 conversus
3321 1995 3389 2051 ad
3425 1994 3588 2052 ﬁdem
3617 1996 3709 2051 sit.
3737 1998 3806 2052 Et

2203 2083 2507 2153 prudenter
2527 2083 2653 2138 dum
2682 2085 2827 2139 aliud
2858 2095 3066 2152 narrat,
3103 2087 3386 2146 interserit
3425 2105 3532 2145 non
3563 2098 3671 2146 tam
3703 2090 3804 2148 Dei

2201 2189 2262 2230 se
2301 2175 2535 2231 servisse
2563 2175 2716 2247 Legi,
2752 2192 2911 2247 quam
2944 2180 3219 2248 paternis,
3253 2179 3307 2234 id
3350 2188 3459 2248 est,
3486 2181 3803 2238 Pharisreo-

2203 2284 2321 2322 rum
2351 2267 2768 2336 traditionibus;
2812 2270 2902 2340 qui
2935 2270 3137 2325 docent
3158 2271 3438 2328 doctrinas
3468 2282 3526 2330 et
3549 2273 3807 2331 mandata

2206 2358 2485 2415 hominum
2510 2359 2725 2434 (Matth.
2753 2378 2856 2429 xv;
2887 2362 3057 2418 Mare.
3088 2363 3219 2437 vn);
3245 2375 3301 2419 et
3328 2366 3583 2437 rejiciunt
3604 2368 3804 2439 Legem

2185 2452 2322 2520 ,Dei,
2356 2462 2416 2507 ut
2443 2463 2689 2509 statuant
2730 2454 2896 2527 389
2925 2455 3250 2512 traditiones
3291 2472 3442 2514 suas.
3475 2459 3647 2527 Quam
3687 2461 3811 2532 pul-

2204 2543 2331 2599 chra
2377 2554 2562 2600 autem
2604 2545 2915 2601 observatio
2958 2548 3282 2620 pondusque
3325 2549 3618 2605 verborum
3655 2553 3808 2607 :Au-

2205 2636 2348 2705 ditis,
2374 2639 2570 2711 inquit,
2595 2642 3037 2696 conversationem
3090 2658 3256 2697 meam
3298 2645 3582 2716 aliquando
3622 2646 3677 2700 in
3704 2645 3806 2701 Ju-

2206 2730 2427 2796 daismo,
2469 2734 2980 2801 conversationem,
3015 2748 3121 2790 non
3169 2736 3404 2807 gratiam
3441 2756 3455 2791 :
3497 2738 3803 2811 aliquando,

2206 2836 2315 2875 non
2348 2822 2552 2877 modo:
2580 2823 2634 2878 in
2662 2822 2966 2893 Judaismo,
3000 2840 3107 2882 non
3150 2826 3203 2882 in
3242 2827 3362 2899 lege
3389 2828 3508 2883 Dei.
3544 2832 3806 2896 Quoniaat

2205 2933 2365 2987 supra
2396 2916 2607 2971 modum
2635 2918 2978 2990 persequebar
2997 2918 3287 2976 Ecclesium
3330 2920 3427 2975 Dei
3450 2936 3470 2987 ,'
3496 2931 3544 2977 et
3572 2922 3802 2993 detesta-

2208 3005 2323 3061 bant
2370 3008 2537 3065 illaut.
2568 3010 2684 3064 Non
2734 3013 3162 3081 persequebatur
3190 3022 3248 3066 ut
3276 3013 3483 3079 cmteri,
3512 3012 3607 3068 sed
3639 3029 3807 3085 supra

2208 3100 2451 3156 modum.
2485 3100 2597 3158 Nec
2650 3103 2954 3159 sufﬁciebat
2995 3104 3239 3175 quamvis
3283 3106 3577 3161 vehemens
3615 3121 3804 3176 persc-

2205 3196 2354 3249 cutio
2383 3196 2509 3252 :sed
2534 3198 2686 3268 quasi
2709 3197 2930 3268 quidam
2959 3207 3240 3269 grassator
3264 3198 3566 3255 Ecclesiam
3592 3208 3648 3254 et
3668 3216 3807 3270 pra:-

504 3288 670 3345 ferret
706 3289 756 3342 in
800 3298 1063 3343 noSIram.
1093 3286 1233 3352 Quid
1278 3286 1557 3355 patittutur
1600 3284 1711 3351 illi,
1746 3284 1839 3356 qui
1883 3285 1952 3339 de
1998 3284 2100 3339 lle-
2130 3263 2173 3326 C
2208 3286 2277 3341 do
2306 3263 2575 3344 vastabat.
2615 3263 2853 3356 Neciait,
2886 3263 3177 3344 Ecclesium
3207 3287 3423 3355 Christi,
3453 3300 3511 3345 ut
3536 3263 3801 3361 tunc-pn-

502 3381 667 3437 bratis
695 3379 1105 3435 difﬁcultatibus
1152 3379 1517 3447 proprietates
1547 3378 1857 3446 exprimere
1901 3391 2103 3430 conan-

503 3475 625 3531 tur?
652 3485 707 3531 et
736 3486 915 3529 tamen
950 3472 1124 3545 multo
1157 3473 1414 3543 pauciora
1439 3482 1565 3526 sunt
1594 3470 1646 3524 in
1683 3471 1847 3525 tantis
1869 3472 2102 3524 volumi-

501 3568 662 3625 nibus
694 3568 1098 3637 Seriptttrarnttt
1130 3580 1249 3635 qua:
1272 3565 1562 3619 novitatem
1595 3574 1814 3629 sonent,
1843 3580 2005 3634 quam
2036 3580 2098 3618 ea

501 3679 624 3735 qum
670 3662 764 3717 ille
808 3662 859 3714 in
904 3674 1073 3729 parvo
1122 3674 1288 3724 onere
1332 3658 1627 3729 congessit.
1675 3657 1862 3715 Potest
1891 3670 2095 3725 autem,

503 3752 671 3831 388
696 3755 829 3807 sicut
861 3756 910 3806 in
945 3751 1213 3821 principio
1238 3750 1644 3816 diximus,eum
1678 3765 2095 3820 exponeremns:

508 3848 711 3903 Paulus
739 3846 1006 3919 apostolus
1038 3861 1140 3896 non
1185 3845 1244 3896 ab
1272 3842 1591 3908 hominibus,
1624 3860 1782 3914 neque
1814 3860 1903 3913 per
1934 3846 2099 3897 Itami-

503 3959 619 3998 nem
650 3961 668 3997 :
696 3944 770 3996 ita
803 3952 858 3996 et
886 3941 937 3994 in
973 3938 1226 4011 persenti
1266 3937 1387 3993 loco
1414 3938 1631 4007 oblique
1667 3936 1718 3992 in
1753 3937 1969 3992 Petrum
2001 3954 2095 3992 ac-

500 4039 632 4108 cipi,
658 4047 710 4089 et
749 4036 800 4088 in
838 4043 1071 4090 caeteros
1114 4046 1478 4102 praecessores
1510 4031 1629 4102 ejus
1662 4050 1672 4086 :
1705 4033 1845 4102 quod
1894 4033 2094 4088 nullius

501 4144 600 4199 pro
638 4122 779 4198 Lege
800 4137 853 4181 et
882 4124 1210 4179 auctoritate
1245 4134 1548 4188 tuoveatur,
1577 4124 1666 4194 qui
1694 4123 1971 4178 Christum
1999 4139 2089 4178 so-

501 4223 609 4274 lum
643 4218 918 4288 Evangelii
952 4216 1153 4271 habeat
1185 4226 1207 4255 ο
1250 4225 1667 4291 praeceptorem:
1714 4217 1905 4283 Porro,
1938 4234 2094 4274 reve-

498 4311 754 4366 lationem
785 4309 932 4363 illam
966 4305 1261 4377 signiﬁcat,
1284 4323 1407 4362 cum
1436 4309 1751 4362 Damascum
1776 4310 2001 4375 vadens,
2038 4312 2089 4365 in

497 4404 693 4459 itinere
742 4401 944 4458 Christi
995 4415 1183 4456 vocem
1236 4400 1439 4455 meruit
1480 4400 1669 4455 audire
1708 4418 1722 4456 :
1766 4414 1819 4458 et
1874 4407 2089 4459 ementis

494 4496 688 4561 Oculis,
722 4509 911 4550 verum
956 4492 1139 4547 mundi
1172 4492 1351 4547 lumen
1385 4492 1608 4548 intuitus
1634 4506 1741 4551 est.

564 4586 747 4659 (Vers.
784 4583 897 4657 i3.)
930 4584 1161 4639 Audistis
1182 4586 1318 4639 enim
1343 4586 1781 4640 conversationem
1809 4589 2088 4643 meamali-

492 4683 701 4754 quando
722 4680 774 4735 in
804 4677 1376 4749 Judaismo:quouium
1402 4695 1563 4748 supra
1584 4681 1791 4733 modum
1816 4699 2081 4751 perseque-

485 4777 579 4829 bar
592 4772 884 4829 Ecclesium
900 4769 1031 4835 Dei;
1052 4781 1099 4825 et
1112 4772 1476 4845 expugnabam
1493 4774 1641 4826 illam
1656 4789 1674 4826 :
1688 4786 1735 4828 et
1750 4775 2081 4842 proﬁciebam

481 4873 534 4926 in
559 4868 855 4934 Judaismo,
872 4880 1031 4935 supra
1044 4865 1235 4919 multos
1264 4861 1594 4921 cowtaneosd
1625 4865 1679 4918 in
1707 4882 1891 4939 genere
1916 4883 2028 4922 meo
2061 4885 2081 4922 :

482 4961 835 5016 abundantius
878 4960 1151 5011 wnmlator
1191 4957 1414 5013 existens
1455 4968 1794 5029 paternarum
1848 4974 2079 5014 mearum

476 5056 839 5109 traditionum.
873 5048 1169 5103 Plurimum
1200 5048 1421 5118 prodest
1444 5049 1647 5103 Calatis
1673 5051 1773 5102 ista
1816 5053 2074 5118 narratio,

476 5144 754 5219 quomodo
808 5139 1044 5207 Paulus,
1095 5150 1335 5195 vastator
1382 5139 1657 5210 quondam
1723 5141 1978 5197 Ecclesia:
2021 5154 2077 5199 et

545 5342 572 5371 ι
600 5330 870 5392 Alterum,
902 5332 949 5378 et
980 5322 1262 5395 cognoscit,
1294 5321 1401 5377 duo
1439 5336 1470 5376 e
1506 5320 1711 5376 nostris
1752 5335 1884 5377 mss.
1918 5320 2071 5392 igno-

506 5412 623 5459 ἐΙῐὶί.

476 5422 800 5538 Μῖτηθειιιη,
828 5476 921 5523 aut
949 5484 1038 5535 per
1061 5465 1309 5526 Paulum.
1340 5463 1573 5521 Cistere.
1601 5477 1709 5538 ms.
1740 5461 1932 5538 nescit.
1959 5464 2073 5518 Cae-

467 5556 647 5604 terum
677 5533 821 5612 quod
851 5543 927 5595 ait
951 5533 1022 5594 'S.
1069 5540 1253 5601 Pater,
1280 5537 1486 5612 verbum
1518 5533 1905 5612 ἀποκαλύψεως
1951 5554 2072 5612 νιος

468 5621 577 5688 prie
604 5608 998 5688 scripturarum
1024 5626 1132 5663 esse
1154 5650 1169 5672 ,
1210 5620 1257 5663 et
1294 5609 1505 5688 a_nu_llo
1526 5610 1838 5688 __sapientnm
1878 5608 2073 5688 scr-culi

465 5679 608 5755 apud
633 5679 843 5739 Greece:
878 5688 1213 5755 usurpatum,
1241 5679 1484 5755 perbelle
1526 5680 1592 5755 iis
1621 5685 1915 5755 consonat,
1948 5694 2073 5748 qua:

465 5746 624 5813 nobis
653 5761 843 5809 notata
873 5759 1004 5806 sunt
1040 5750 1106 5803 ad
1138 5746 1381 5820 Catalogi
1411 5765 1534 5820 cap.
1558 5752 1615 5814 9,
1643 5747 1743 5820 ubi
1763 5746 1834 5801 de
1855 5746 2074 5806 Joanne

465 5828 630 5886 tradit
663 5823 1028 5896 Hieronymus
1058 5835 1183 5896 eum
1225 5820 1285 5896 in
1314 5816 1566 5896 Pothinus
1602 5816 1830 5873 insulam
1871 5821 2074 5896 relega-

467 5910 580 5963 οαηι
609 5889 888 5957 σιτίωὺώ
917 5891 1297 5965 Apocalypsin,
1334 5907 1490 5963 quam
1514 5892 1888 5963 interpretatur
1915 5889 2077 5951 Justi-

2206 3378 2352 3433 tabat
2377 3375 2501 3450 [Λι.
2547 3377 2918 3451 putabatur]:
2952 3394 3113 3449 quem
3162 3379 3401 3435 ducebat
3437 3384 3798 3455 contemptui,

2204 3490 2363 3542 quem
2396 3473 2826 3543 persequebatur
2862 3489 2874 3526 :
2918 3472 3015 3528 sed
3047 3481 3104 3527 ut
3130 3489 3272 3528 nunc
3291 3473 3490 3539 credit,
3513 3474 3802 3531 Ecclesium

2204 3561 2306 3618 Dei
2338 3582 2350 3618 :
2378 3568 2463 3619 vel
2498 3564 2672 3631 ipsum
2705 3563 2979 3619 Christum
3012 3563 3182 3621 Deum
3207 3580 3329 3621 esse
3358 3566 3690 3636 signiﬁcans,
3710 3568 3800 3625 vel

2202 3657 2445 3727 ejusdem
2490 3657 2587 3713 Dei
2626 3672 2751 3713 esse
2798 3657 3128 3725 Ecclesiam,
3168 3659 3260 3730 qui
3304 3659 3581 3727 quondam
3636 3661 3802 3730 [.0ng

2201 3749 2360 3805 dator
2387 3749 2506 3805 fuit.
2535 3748 2601 3802 Et
2628 3749 2982 3819 proﬁciebant,
3018 3751 3216 3821 inquit,
3244 3752 3299 3806 in
3326 3750 3605 3808 Judaisnto
3634 3772 3800 3824 suin‘a

2200 3844 2394 3898 mullos
2424 3852 2709 3898 coa’taneos
2735 3847 2787 3896 in
2815 3860 2998 3914 genere
3014 3860 3126 3899 meo
3158 3845 3552 3901 :ubundantius
3579 3850 3800 3901 tantula-

2201 3949 2280 3994 tor
2306 3939 2536 3992 existens
2559 3948 2891 4009 paternarum
2917 3954 3149 3993 mearum
3167 3937 3532 3993 traditionum.
3556 3938 3797 3997 Rursum

2200 4031 2503 4101 profectum
2545 4044 2649 4083 non
2684 4029 2843 4099 Legis
2877 4029 2998 4092 Dei,
3028 4029 3122 4084 sed
3169 4029 3438 4086 Judaismi
3472 4040 3650 4087 vocat.
3685 4031 3799 4088 Nic

2196 4136 2358 4188 supra
2400 4135 2612 4185 omnes,
2638 4120 2736 4175 sed
2766 4136 2932 4189 supra
2974 4121 3256 4191 plurimos,
3285 4138 3385 4177 nec
3417 4139 3580 4192 supra
3610 4138 3793 4192 senes,

2197 4214 2291 4268 sed
2333 4229 2498 4282 supra
2530 4221 2863 4281 cotctaneos,
2896 4224 2956 4267 ut
2995 4226 3043 4269 et
3091 4215 3330 4268 studium
3375 4230 3533 4270 suum
3567 4214 3799 4274 referret

2196 4306 2248 4361 in
2279 4304 2439 4376 Lege,
2471 4313 2526 4359 ct
2564 4305 2883 4375 jactantiatn
2926 4306 3251 4362 declinaret.
3307 4306 3572 4364 Paternas
3612 4322 3794 4365 autem

2197 4403 2538 4471 traditiones,
2571 4418 2675 4456 non
2709 4402 2917 4456 Domini
2951 4401 3208 4458 mandata
3237 4416 3698 4460 commemorans.
3739 4411 3794 4457 tt

2192 4513 2254 4552 se
2292 4497 2624 4552 Pharismum
2674 4512 2741 4551 ex
2782 4496 3072 4552 Pharisa-is
3120 4495 3414 4562 indicavit,
3450 4505 3507 4552 et
3537 4495 3793 4550 habillrsc

2190 4589 2411 4661 quidem
2455 4590 2629 4643 zelum
2673 4587 2793 4653 Dei,
2836 4587 2934 4643 sed
2978 4602 3084 4643 non
3127 4586 3430 4642 secundum
3475 4586 3789 4643 scientiam.

2192 4681 2377 4753 Usque
2404 4681 2568 4737 hodie
2600 4691 2781 4735 autem
2810 4682 2900 4751 qui
2927 4678 3154 4734 .Indaieo
3182 4694 3348 4734 sensu
3371 4681 3684 4747 Scripturas
3711 4684 3791 4733 in.

2194 4777 2462 4845 telligunt,
2498 4784 2902 4845 persequuntur
2939 4772 3242 4828 Ecclesium
3266 4772 3487 4837 Chrisd,
3520 4782 3576 4828 et
3608 4788 3789 4843 popu-

2191 4868 2370 4921 lantur
2391 4867 2560 4931 illam,
2594 4881 2699 4920 non
2730 4864 2911 4919 studio
2940 4863 3104 4933 Legis
3148 4864 3375 4930 Dei,sed
3408 4864 3790 4921 traditionibus

2190 4957 2471 5013 hominum
2505 4956 2809 5024 depravati.

2262 5050 2441 5124 (Vers.
2469 5047 2583 5119 15.)
2615 5046 2743 5102 Cum
2768 5057 2941 5102 autem
2969 5046 3166 5120 placuit
3192 5049 3239 5104 ei
3277 5052 3364 5121 qui
3390 5067 3470 5106 me
3501 5052 3785 5122 segregat-it

2187 5147 2251 5200 de
2279 5153 2423 5198 utero
2456 5143 2635 5196 matris
2663 5158 2818 5196 meat:
2850 5152 2896 5196 et
2928 5145 3123 5198 vocavit
3154 5160 3245 5214 per
3269 5146 3496 5215 gratiam
3522 5161 3666 5200 suam
3687 5191 3699 5215 ,
3728 5155 3784 5201 ut

2176 5337 2274 5376 nus
2305 5318 2530 5392 Martyr,
2560 5331 2607 5375 et
2634 5318 2889 5376 Irenteus.
2917 5321 3166 5391 Scilicet,
3202 5337 3323 5378 eam
3357 5321 3581 5377 Joannis
3615 5337 3780 5378 reve-

2178 5392 2468 5456 latioucm,
2515 5392 2629 5447 sive
2677 5394 3026 5462 scriptionem
3078 5397 3148 5448 ita
3201 5392 3402 5448 laudati
3457 5392 3644 5447 Patres
3710 5398 3781 5450 de

2177 5465 2400 5519 nomine
2425 5463 2779 5536 Apocalypsin
2800 5466 3161 5536 appellarunt.
3192 5464 3398 5521 Recole
3419 5479 3539 5535 qum
3578 5464 3654 5518 ibi
3679 5482 3779 5520 att-

2178 5548 2453 5593 notamus.

2254 5618 2275 5646 ο
2310 5605 2464 5662 Unus
2486 5606 2683 5667 Μαι..
2717 5606 2898 5662 habeat
2926 5621 3310 5674 praeesserem.

2250 5677 2277 5715 ἀ
2312 5677 2592 5740 Voculam,
2617 5695 2776 5741 meos,
2803 5695 2965 5748 quam
2999 5678 3085 5732 hic
3120 5686 3281 5748 atque
3313 5676 3453 5730 infra
3482 5675 3609 5731 editi
3648 5676 3774 5735 libri

2177 5749 2603 5813 interserebant,
2632 5764 2763 5803 mss.
2789 5758 3103 5803 nostrorum
3136 5750 3459 5803 auctoritate
3499 5751 3773 5818 expunxi-

2180 5836 2325 5885 mus,
2357 5818 2501 5891 quod
2524 5828 2583 5875 et
2601 5835 2631 5874 ει
2669 5818 2862 5874 Graeco
2885 5819 3186 5891 exemplari
3214 5818 3377 5891 absit,

2259 5901 2283 5933 ο
2315 5887 2430 5949 Duo
2455 5904 2613 5961 mss.,
2639 5906 2741 5946 non
2770 5905 2904 5944 unus
2928 5887 3236 5963 quicumque
3252 5888 3317 5946 dc
3346 5887 3451 5958 his,
3479 5896 3590 5950 etc.
