4044 6388
228 428 340 485 3Ξὸ

775 426 1430 509 COMMENTARIORUM
1467 426 1537 485 IN
1575 425 1968 487 EPISTOLAM
2005 427 2100 488 AD
2137 430 2460 492 GALATAS
2496 433 2695 493 ωλι.
2723 434 2880 495 CAP.
2924 437 2970 495 ι.

3427 443 3539 505 526

234 541 489 598 reuelaret
520 539 724 597 Filium
750 559 907 598 suum
934 546 1122 614 inme,
1153 554 1210 599 ut
1233 544 1573 617 euangelium
1602 545 1752 599 illum
1783 546 1836 598 in
1866 550 1918 608 Α
1944 545 2107 600 alium
2168 563 2354 604 amare
2406 560 2460 605 et
2512 550 2791 607 custodire
2841 552 2992 624 prius
3040 567 3202 625 quam
3243 568 3500 615 nascatur
3522 599 3543 627 ,

225 638 490 709 gentibus.
548 638 667 692 Non
716 639 894 694 solum
938 638 992 694 in
1036 639 1141 695 hoc
1195 642 1354 707 loco,
1402 640 1500 695 sed
1540 638 1607 694 ad
1644 638 1844 694 Roma-

223 744 327 785 nos
359 731 937 803 Paulusjsegregatum
980 733 1034 787 in
1086 732 1446 803 Evangelium
1495 732 1596 788 Dei
1621 747 1747 789 esse
1778 749 1842 790 se

223 824 443 881 scribit.
471 823 823 882 Etleremias
838 834 1134 898 antequam
1154 827 1487 884 formaretur
1507 828 1561 883 in
1587 838 1765 896 utero,
1784 836 1843 884 ct

221 922 613 994 conciperetur
638 923 695 978 in
720 923 884 980 vulva
909 925 1106 980 matris
1132 939 1270 991 suae,
1289 936 1450 981 notus
1474 925 1588 981 Deo
1600 924 1842 980 sanctiﬁ-

223 1024 496 1086 catusque
537 1015 856 1086 perhibetur
898 1013 1118 1087 (lerant.
1150 1017 1217 1088 ι).
1256 1017 1324 1073 Et
1366 1032 1434 1074 ex
1476 1016 1643 1088 justi.
1677 1018 1798 1073 sive
1822 1057 1840 1084 ,

227 1118 290 1165 ut
343 1109 566 1180 quidam
614 1117 840 1180 putant,
897 1127 966 1166 ex
1009 1109 1318 1168 Salvatoris
1362 1126 1603 1182 persona
1640 1110 1841 1167 dicitur

229 1198 353 1271 (Ps.
383 1216 474 1256 ιιι
496 1242 513 1266 ,
541 1201 633 1270 ﬂ)
664 1218 680 1256 :
713 1201 781 1255 In
806 1212 854 1257 te
878 1207 1143 1275 projectus
1165 1216 1281 1258 sunt
1300 1220 1366 1259 ea:
1393 1205 1544 1259 vulva
1566 1220 1585 1259 :
1610 1220 1677 1259 ex
1694 1213 1843 1259 utero

230 1294 415 1349 matris
441 1310 597 1359 arcte,
627 1294 793 1367 390
822 1294 964 1350 Deus
989 1312 1132 1351 meus
1159 1313 1213 1351 es
1243 1306 1322 1356 tu.
1351 1298 1559 1353 Contra
1602 1297 1671 1353 de
1715 1312 1841 1368 pee-

228 1385 505 1441 catoribus
562 1385 732 1441 David
782 1389 931 1443 canit
973 1406 987 1441 :
1040 1388 1177 1445 Ecce
1212 1392 1349 1443 enim
1391 1390 1446 1447 in
1481 1389 1842 1460 iniquitatibus

226 1485 501 1547 conceptus
547 1494 666 1534 sum
703 1494 725 1533 :
770 1490 819 1534 et
852 1482 909 1535 in
950 1481 1157 1536 delictis
1179 1483 1413 1554 concepit
1444 1500 1524 1538 nte
1544 1492 1709 1539 mater
1728 1500 1840 1538 mea

226 1570 348 1642 (Ps.
373 1587 426 1639 ι,
461 1571 543 1643 7).
575 1572 647 1628 Et
675 1573 729 1628 in
757 1573 869 1630 alio
892 1575 1016 1631 loco
1045 1592 1060 1630 :
1090 1577 1381 1632 Abalienati
1406 1586 1528 1632 sunt
1549 1588 1841 1648 peccatores

225 1681 258 1717 a
304 1664 455 1719 vulva
489 1662 612 1737 (Ps.
642 1682 781 1732 LVII,
805 1665 886 1738 4).
918 1667 991 1723 Et
1020 1668 1075 1723 in
1109 1678 1392 1740 utramque
1424 1678 1634 1739 partem
1671 1678 1841 1725 ante-

227 1768 387 1824 quam
416 1757 626 1826 parvuli
660 1767 1020 1815 nascerentur
1050 1777 1063 1813 :
1097 1759 1237 1816 Deus
1263 1758 1429 1815 Iacob
1456 1761 1663 1827 dilexit,
1697 1761 1839 1816 Esau

225 1859 402 1903 autem
438 1851 557 1904 odio
604 1849 789 1905 habuit
823 1852 1080 1923 (Malaclt.
1124 1869 1169 1921 t,
1206 1856 1266 1919 l,
1296 1851 1379 1925 2).
1424 1854 1714 1908 lnveniunt
1761 1855 1842 1908 lo-

1942 636 2108 693 alium
2148 639 2453 696 detestari?
2508 643 2574 698 Et
2619 659 2814 700 causas
2861 644 3023 715 hujus
3068 648 3145 702 rei
3190 648 3257 704 ad
3301 650 3541 720 priorem

1942 731 2107 787 vitam
2140 732 2420 799 referunt,
2451 736 2595 805 quod
2628 739 3007 809 unusquisque
3046 755 3144 810 pro
3172 742 3371 797 merito
3407 758 3541 811 suo,

1940 839 1970 879 a
2020 826 2200 896 primo
2248 830 2434 883 statim
2463 839 2583 885 ortu
2633 831 2792 886 bonis
2822 840 2918 888 aut
2960 836 3119 891 malis
3153 836 3362 906 angelis
3404 838 3545 893 assi-

1941 931 2164 990 gnetur.
2206 921 2514 994 Totumque
2556 924 2709 979 illum
2745 926 2928 982 locum
2967 928 3038 984 de
3079 927 3249 985 Jacab
3277 940 3331 986 et
3360 930 3540 1000 Esau,

1942 1010 2096 1082 cujus
2150 1028 2294 1068 nunc
2338 1014 2567 1070 iecimus
2606 1018 2943 1074 mentionem
2973 1061 2990 1086 ,
3033 1020 3110 1075 ita
3152 1022 3223 1077 ad
3269 1022 3544 1080 Romanos

1941 1101 2205 1171 scriptum
2232 1104 2394 1177 ³91
2427 1106 2697 1162 ventilant
2734 1108 2917 1177 (Rom.
2952 1110 3033 1181 Ix)
3058 1152 3073 1178 ,
3104 1122 3166 1167 ut
3200 1127 3308 1169 non
3339 1116 3545 1187 absque

1942 1193 2145 1251 sudore
2170 1205 2225 1251 et
2252 1196 2545 1269 Chrysippi
2584 1199 2666 1254 eis
2699 1200 2877 1270 possit
2918 1197 2946 1238 ἀ
2988 1202 3267 1259 helleboro
3314 1222 3546 1278 respon-

1942 1288 2082 1344 deri.
2112 1289 2227 1344 Non
2258 1300 2345 1346 est
2368 1302 2549 1347 autem
2577 1292 2757 1363 ipsum
2775 1334 2791 1359 ,
2821 1304 2880 1349 ut
2902 1295 3147 1351 reuelaret
3174 1295 3371 1354 Filium
3395 1317 3545 1356 suum

1941 1381 1997 1435 in
2033 1397 2148 1447 nte,
2180 1381 2324 1452 quod
2355 1383 2402 1438 si
2428 1382 2534 1456 [ΑΙ.
2564 1384 2745 1457 quasi]
2775 1387 3021 1455 diceret,
3065 1398 3122 1443 ut
3159 1391 3401 1447 reuelaret
3450 1393 3547 1448 Fi-

1942 1474 2069 1525 lium
2097 1489 2252 1527 suum
2286 1474 2431 1529 mihi.
2470 1474 2569 1531 Cui
2596 1476 2739 1531 enim
2767 1480 2898 1549 quid
2927 1480 3233 1547 revelatur,
3263 1484 3387 1539 huic
3412 1485 3545 1541 illud

1943 1574 2125 1632 potest
2176 1569 2450 1637 revelari,
2496 1569 2641 1638 quod
2677 1578 2805 1626 aute
2847 1570 2902 1626 in
2943 1588 3011 1628 eo
3042 1589 3148 1629 non
3176 1586 3321 1631 erat.
3354 1577 3409 1631 In
3437 1592 3548 1647 quo

1943 1674 2071 1714 vero
2097 1661 2379 1717 revelatur
2401 1702 2417 1727 ,
2449 1662 2582 1718 illud
2609 1664 2886 1720 revelatur
2906 1666 3049 1737 quod
3074 1668 3227 1739 prius
3253 1668 3351 1723 fuit
3377 1670 3429 1724 in
3452 1684 3543 1739 eo,

1942 1764 1998 1806 ct
2038 1766 2227 1824 postea
2273 1755 2577 1811 revelatum
2625 1769 2730 1812 ρει.
2767 1757 2959 1815 Simile
2999 1770 3085 1814 est
3116 1760 3244 1814 illud
3280 1762 3332 1815 in
3365 1764 3551 1817 Evan-

1940 1847 2086 1917 gelio
2120 1867 2134 1902 :
2178 1848 2387 1904 Medius
2413 1852 2464 1905 in
2488 1852 2627 1907 vobis
2656 1863 2790 1920 stat,
2822 1871 2971 1924 quem
3002 1871 3089 1908 ros
3118 1857 3329 1910 nescitis
3359 1857 3544 1927 (Joan.

226 1955 350 1996 eum
384 1942 658 2010 ltatretici,
683 1945 774 2014 qui
800 1945 1047 2002 diversas
1076 1956 1298 2001 naturas
1318 1960 1445 2002 esse
1466 1946 1834 2015 praetendunt,
1866 1947 1914 2008 B
1942 1956 1991 2004 ι,
2021 1940 2136 2013 26).
2172 1946 2195 1994 l-
2216 1949 2238 1996 t
2260 1943 2388 1997 alibi
2421 1962 2435 1999 :
2471 1943 2598 1998 Erat
2624 1944 2721 1998 lux
2741 1960 2893 2011 vero,
2918 1962 3032 2016 qua!
3055 1946 3317 2000 illuminat
3344 1964 3548 2003 omnem

226 2034 563 2105 spiritualem
622 2036 883 2094 videlicet
934 2048 990 2093 et
1032 2039 1370 2107 animalem,
1410 2047 1466 2095 et
1513 2044 1732 2111 χοεκήν,
1781 2047 1840 2094 et

225 2128 392 2182 aliam
415 2127 651 2195 salvari,
696 2129 859 2184 aliam
912 2129 1123 2200 perire,
1164 2130 1331 2185 aliam
1373 2131 1516 2185 inter
1546 2138 1839 2200 utramque

227 2221 529 2276 consistere
555 2262 572 2288 ,
599 2222 747 2291 quod
776 2238 1073 2294 numquam
1103 2231 1200 2278 aut
1230 2222 1412 2294 justus
1443 2234 1468 2260 τι
1498 2223 1795 2295 eligeretur
1820 2263 1836 2289 ,

227 2325 521 2384 antequam
576 2314 779 2382 aliquid
826 2314 956 2370 boni
1010 2316 1255 2383 taceret,
1297 2323 1392 2371 aut
1431 2326 1686 2387 peccator
1719 2316 1841 2370 odi-

228 2415 379 2462 rctnr
425 2416 555 2464 ante
596 2407 894 2477 delictum,
933 2408 1041 2465 nisi
1072 2419 1222 2465 esset
1249 2410 1592 2481 pereuntium
1637 2419 1693 2466 et
1730 2411 1839 2466 sal-

228 2498 531 2554 vandorum
557 2509 750 2555 natura
767 2502 1004 2557 diversa.
1039 2501 1125 2558 Ad
1147 2503 1293 2573 quod
1320 2511 1501 2574 potest
1521 2502 1841 2573 simpliciter

227 2591 590 2662 responderi,
643 2591 751 2648 hoc
802 2609 871 2650 ex
924 2593 1021 2650 Dei
1072 2596 1414 2665 prtescieutia
1466 2594 1724 2661 evenire,
1781 2604 1841 2650 ut

227 2701 387 2757 quem
417 2686 520 2743 scit
545 2686 758 2756 justum
788 2687 1030 2743 futurum
1050 2728 1066 2753 ,
1098 2689 1248 2758 prius
1276 2689 1468 2761 diligat
1499 2704 1661 2760 quam
1693 2689 1840 2745 oria-

230 2792 319 2837 tur
347 2797 420 2837 ex
457 2790 617 2838 utero
646 2799 661 2837 :
693 2792 750 2837 et
778 2797 940 2853 quem
973 2794 1318 2853 peccatorem
1346 2823 1362 2849 .
1400 2783 1580 2840 oderit
1614 2781 1645 2822 ιι
1680 2792 1838 2839 ante-

227 2890 391 2946 quam
433 2885 623 2946 peecet
654 2894 668 2929 :
701 2891 808 2931 non
840 2893 947 2947 quo
978 2885 1035 2932 et
1074 2878 1126 2932 in
1167 2893 1357 2934 amore
1400 2887 1456 2933 et
1493 2878 1548 2932 in
1579 2877 1708 2933 odio
1736 2878 1841 2933 ini-

225 2966 414 3039 quitas
445 2968 541 3023 Dei
563 2969 666 3028 sit:
690 2969 787 3025 sed
813 2984 924 3040 quo
947 2984 1056 3024 non
1088 2969 1250 3024 aliter
1272 2984 1368 3026 eos
1393 2971 1596 3025 habere
1618 2970 1834 3038 debeat,

226 3061 375 3133 quod
415 3062 521 3119 scit
559 3063 642 3117 vel
684 3073 1006 3131 peccatores
1052 3064 1264 3119 futuros
1300 3078 1458 3133 esse,
1488 3065 1572 3118 vel
1601 3064 1781 3134 justos
1822 3081 1836 3116 :

229 3169 335 3209 nos
376 3161 437 3208 ut
479 3154 732 3211 homines
784 3167 995 3211 tantum
1041 3155 1111 3211 de
1158 3157 1521 3227 prmseutibus
1554 3156 1834 3226 judicare,

228 3248 387 3304 illum
414 3249 505 3305 cui
534 3249 718 3305 futura
744 3250 859 3321 jam
887 3251 1029 3307 facta
1052 3262 1176 3307 sunt
1197 3293 1214 3319 ,
1245 3253 1313 3307 de
1336 3253 1443 3309 line
1472 3269 1655 3309 rerum
1682 3294 1699 3320 ,
1727 3268 1836 3310 non

228 3338 301 3393 de
324 3339 573 3396 exordiis
599 3317 761 3396 ferre.
774 3342 1130 3399 sententiam.
1160 3317 1224 3397 Et
1251 3343 1368 3398 lucc
1387 3343 1605 3414 quidem
1627 3317 1842 3410 simpli-
1867 3317 1915 3382 ο

229 3430 350 3485 eius
393 3430 540 3488 dicta
583 3441 714 3488 sunt
746 3450 761 3490 :
794 3444 851 3490 et
887 3434 1096 3505 absque
1131 3434 1317 3490 altiori
1358 3436 1687 3493 dissertione
1717 3453 1844 3508 pos-

232 3529 364 3578 sunt
403 3531 700 3596 utcumque
733 3526 951 3597 placere
989 3526 1210 3583 lectori.
1252 3528 1525 3585 Creterum
1572 3540 1595 3569 ε
1636 3530 1727 3601 qui
1759 3530 1845 3585 in-

228 3618 440 3687 iustum
482 3617 655 3673 Deum
708 3619 958 3675 nituntur
1007 3634 1289 3685 asserere,
1347 3630 1470 3690 post
1513 3621 1647 3677 illud
1696 3622 1844 3694 quod

233 3707 442 3764 dudum
471 3710 756 3780 posuimus
779 3753 794 3776 ,
831 3711 1114 3766 abalienati
1141 3721 1262 3765 sunt
1292 3722 1583 3782 peccatores
1609 3731 1641 3768 a
1668 3715 1844 3781 vulva,

234 3799 484 3858 inferunt
527 3802 693 3858 etiam
742 3814 942 3859 caetera
980 3820 1103 3875 qua:
1134 3814 1437 3875 sequuntur
1475 3824 1488 3860 :
1528 3805 1849 3862 Errarcrunt

234 3894 302 3948 ab
332 3905 478 3950 utero
502 3938 519 3963 ,
552 3897 719 3951 locuti
741 3907 867 3951 sunt
895 3896 1055 3967 falsa.
1087 3896 1154 3951 Et
1183 3898 1402 3964 dicunt,
1435 3899 1709 3970 quomodo
1735 3908 1847 3954 sta-

238 3986 339 4042 tim
369 3988 441 4043 ab
466 3998 628 4045 utero
664 4001 989 4046 erraverunt
1029 3999 1352 4061 peccatores
1375 4031 1394 4058 ,
1426 4002 1482 4047 et
1509 3991 1646 4047 falsa
1684 3993 1849 4048 locuti

239 4088 409 4146 sunt,
459 4083 552 4151 qui
602 4097 706 4138 nec
751 4098 1065 4139 sermonem
1117 4093 1415 4153 potuerunt
1452 4084 1697 4152 habere,
1748 4101 1851 4142 nec

241 4173 503 4227 sensum?
524 4171 637 4228 Aut
679 4190 801 4245 quas
834 4184 921 4230 est
959 4175 1065 4230 ista
1094 4174 1303 4245 justitia
1335 4176 1694 4246 praescientia:
1719 4176 1849 4246 Dei,

324 4320 352 4349 ⁸
402 4311 608 4369 Vitiose
657 4313 926 4371 hactenus
973 4315 1247 4391 obtinuit,
1278 4317 1851 4391 jusluajntclligerelttr

242 4392 702 4458 antequant,etc.,
728 4402 830 4457 pro
858 4402 968 4458 quo
997 4404 1029 4443 e
1051 4389 1250 4443 nostris
1280 4389 1438 4455 inss.,
1460 4389 1723 4445 Rabbano
1752 4394 1851 4446 ite-

241 4453 763 4531 rum’sufiragante',
787 4453 1127 4515 restituimur.
1148 4504 1162 4525 ,
1191 4453 1484 4531 eligeretur.
1509 4463 1848 4530 Quamquam

240 4524 597 4605 concinniori
621 4524 798 4605 adhuc
822 4545 987 4585 sensu
1017 4524 1197 4585 malim
1232 4524 1491 4605 riescrihi,
1520 4524 1850 4605 diligeretur;

241 4600 356 4674 hoc
410 4613 607 4667 nempe
646 4602 871 4674 verbum
922 4608 980 4657 et
1023 4603 1310 4674 commode
1343 4604 1513 4669 magis
1558 4600 1673 4665 illi.
1705 4608 1848 4674 quod

241 4672 642 4743 subsequitur,
700 4673 931 4727 adiretur
983 4672 1319 4743 respondet,
1382 4682 1438 4727 et
1495 4672 1737 4742 propius
1782 4677 1847 4728 ad

1942 2031 2200 2087 hominem
2228 2034 2509 2089 venientem
2557 2038 2611 2090 in
2657 2039 2915 2091 mundum
2957 2037 3143 2109 (Ibid.,
3197 2040 3272 2111 9).
3318 2040 3397 2095 Ex
3435 2056 3547 2113 quo

1939 2127 2286 2196 perspicuum
2318 2128 2407 2194 lit,
2438 2140 2627 2185 natura
2650 2131 2906 2186 omnibus
2929 2130 3025 2186 Dei
3056 2134 3235 2188 inesse
3258 2136 3504 2190 notitiam
3527 2177 3544 2203 ,

1940 2233 2039 2272 nec
2076 2234 2408 2289 quemquam
2461 2221 2582 2276 sine
2621 2219 2847 2279 Christo
2887 2224 3078 2290 nasci,
3113 2232 3309 2281 etnon
3343 2225 3548 2283 habere

1938 2313 2148 2369 semina
2182 2313 2234 2367 in
2263 2329 2324 2369 se
2350 2314 2634 2384 sapientiae
2653 2357 2670 2382 ,
2698 2325 2754 2371 et
2776 2316 3015 2387 justitia:
3038 2357 3053 2383 ,
3096 2318 3549 2392 reliquarumque
3576 2319 3580 2322 ’

1940 2408 2226 2461 virtutum.
2287 2406 2443 2463 Unde
2502 2408 2656 2462 multi
2710 2408 2920 2480 absque
2984 2410 3091 2465 ﬁde
3152 2419 3210 2466 et
3249 2412 3547 2484 Evangelio

1938 2499 2138 2554 Christi
2164 2540 2181 2567 ,
2213 2500 2295 2556 vel
2323 2502 2605 2572 sapienter
2625 2500 2832 2557 facillim
2860 2502 3046 2573 aliqua
3068 2546 3082 2570 ,
3118 2505 3203 2560 vel
3229 2517 3419 2561 sancte
3443 2550 3457 2575 ,
3488 2515 3551 2564 ut

1940 2591 2257 2660 parentibus
2285 2591 2659 2663 obsequantur
2684 2610 2696 2645 :
2724 2601 2783 2647 ut
2813 2592 2959 2663 inopi
2984 2610 3204 2650 manum
3228 2597 3506 2668 porrigant
3531 2612 3547 2653 :

1941 2697 2048 2738 non
2079 2683 2393 2754 opprimant
2421 2685 2632 2740 vicinos
2667 2704 2682 2739 :
2723 2700 2833 2740 non
2870 2686 3047 2741 aliena
3083 2687 3347 2758 diripiant
3381 2707 3393 2743 :
3427 2704 3547 2745 ma-

1939 2775 2131 2845 gisque
2177 2774 2387 2846 judicio
2439 2777 2535 2832 Dei
2587 2777 2811 2832 obnoxii
2852 2778 2983 2833 ﬁant
3023 2777 3131 2851 [AL
3164 2779 3366 2849 ﬁunt],
3397 2781 3549 2852 quod

1942 2868 2207 2924 habentes
2253 2869 2306 2923 in
2349 2884 2409 2924 se
2458 2871 2724 2941 principia
2768 2872 3063 2940 virtutum,
3090 2883 3147 2929 et
3176 2874 3269 2930 Dei
3297 2875 3547 2945 semina,

1942 2977 2049 3016 non
2101 2960 2334 3016 credunt
2378 2961 2485 3034 [AL
2516 2962 2768 3035 credant]
2812 2964 2864 3018 in
2908 2980 2975 3020 eo
3006 2967 3127 3021 sine
3157 2984 3266 3037 quo
3294 2983 3418 3024 esse
3440 2984 3548 3025 non

1943 3063 2193 3124 possunt.
2247 3053 2437 3109 Potest
2474 3063 2530 3109 et
2561 3054 2727 3109 aliter
2763 3056 2940 3127 accipi
2968 3057 3020 3112 in
3048 3057 3218 3114 Paulo
3254 3059 3351 3115 Dei
3380 3060 3419 3115 F
3427 3062 3552 3118 ilius

1941 3146 2214 3202 revelatus
2257 3163 2271 3199 :
2311 3145 2456 3217 quod
2479 3187 2494 3213 ,
2530 3147 2862 3217 praniicanto
2890 3150 2987 3204 illo
3011 3190 3028 3217 ,
3059 3152 3283 3221 agnitus
3311 3154 3384 3208 sit
3409 3170 3550 3225 gen-

1944 3242 2090 3295 tibus
2114 3281 2131 3305 ,
2160 3256 2323 3312 quem
2356 3251 2515 3296 antea
2547 3242 2886 3298 nesciebant.

2018 3334 2200 3406 (Vera.
2233 3332 2624 3406 16).’Continuo
2651 3351 2752 3388 non
2780 3336 3013 3405 acquievi
3037 3337 3184 3391 carni
3207 3348 3258 3393 et
3282 3340 3548 3414 sanguini.

1942 3428 2078 3485 Sive
2107 3438 2166 3483 ut
2195 3428 2251 3482 in
2274 3428 2465 3484 Graeco
2495 3430 2693 3483 melius
2713 3438 2735 3466 ο
2783 3429 2945 3483 habet
2975 3447 2990 3483 :
3036 3428 3161 3485 Non
3204 3434 3401 3487 contuli
3431 3451 3549 3489 cunt

1947 3536 2106 3575 carne
2128 3526 2175 3575 et
2202 3520 2475 3591 sanguine.
2512 3520 2672 3586 Scio,
2698 3520 2990 3592 plerosque
3029 3522 3100 3577 de
3129 3525 3394 3594 apostolis
3433 3528 3540 3582 hoc

1948 3612 2440 3685 dictumjarbitrari.
2457 3612 2588 3668 Nam
2603 3621 2660 3669 et
2674 3613 3010 3686 Porphyrius
3023 3614 3241 3686 objicit,
3258 3619 3404 3688 quod
3421 3627 3548 3690 post

1951 3708 2343 3765 revelationem
2357 3707 2562 3762 Christi
2586 3722 2694 3762 non
2710 3708 2871 3763 fuerit
2892 3709 3147 3779 dignatus
3169 3712 3248 3767 ire
3268 3712 3335 3767 ad
3370 3712 3554 3771 homi-

1954 3816 2086 3867 nes,
2134 3808 2188 3855 et
2231 3815 2354 3855 cum
2382 3800 2465 3856 eis
2492 3800 2745 3856 conferre
2774 3817 3083 3856 sermonem
3130 3823 3143 3858 :
3176 3819 3245 3860 ne
3272 3814 3397 3875 post
3424 3806 3555 3862 doc-

1957 3892 2153 3947 trinam
2207 3892 2458 3948 videlicet
2506 3892 2645 3959 Dei,
2686 3908 2718 3948 a
2748 3908 2916 3950 carne
2939 3906 2992 3950 et
3021 3897 3290 3965 sanguine
3319 3897 3557 3955 instrue—

1951 3997 2120 4044 retur.
2154 3986 2260 4043 Sed
2292 3987 2435 4042 absit
2464 3995 2525 4041 ut
2553 4002 2691 4057 ego,
2725 3987 2944 4043 Petrum
2970 4031 2985 4055 ,
3016 3988 3284 4045 Joannem
3314 4001 3371 4047 et
3400 3992 3558 4048 Jaco-

1952 4084 2079 4137 bum
2113 4095 2335 4136 carnem
2368 4088 2422 4135 et
2452 4081 2771 4151 sangitinctn
2806 4090 3022 4150 putem;
3050 4098 3172 4152 qua:
3206 4096 3434 4153 regnum
3459 4083 3556 4139 Dei

1952 4173 2233 4245 possidere
2279 4190 2385 4228 non
2433 4181 2666 4244 possunt
2721 4174 2767 4246 (l
2813 4172 2936 4228 Cor.
2983 4175 3051 4245 ι).
3098 4175 3155 4231 Si
3189 4174 3208 4214 ί
3247 4177 3557 4246 spirituales

2029 4315 2055 4355 ιι
2110 4316 2226 4372 Non
2268 4317 2486 4372 invenio
2534 4314 2874 4387 hcllcborum
2920 4312 3249 4387 Chrysippi,
3294 4316 3387 4373 sed
3428 4315 3561 4373 Car-

1959 4389 2148 4445 neadis
2194 4387 2547 4452 Academici,
2600 4404 2689 4456 qui
2730 4386 3045 4455 scripturus
3074 4387 3360 4441 advetSum
3391 4388 3560 4445 Stoici

1959 4462 2195 4516 Zenonis
2226 4461 2393 4514 libros
2415 4504 2428 4527 ,
2459 4457 2696 4513 candido
2734 4458 3017 4513 hellebore
3041 4460 3330 4531 superiora
3360 4476 3558 4531 corpo-

1960 4538 2040 4587 ris
2070 4546 2299 4599 pnrgare
2328 4533 2518 4602 Solitos
2564 4531 2800 4602 legitur,
2849 4545 2918 4583 nc
2960 4530 3082 4599 quis
3111 4546 3174 4585 ex
3206 4530 3477 4602 eotrupris
3507 4535 3558 4587 in

1960 4603 2241 4657 SlOIIl:|Cil0
2283 4600 2599 4654 humoribus
2637 4603 2702 4653 ad
2752 4601 3024 4654 domicilia
3058 4617 3229 4672 usque
3266 4600 3430 4657 animi
3476 4620 3558 4659 rc-

1962 4674 2223 4729 tlundaret
2252 4674 2306 4726 et
2331 4672 2643 4724 instantiam
2674 4672 3025 4740 vigoremque
3061 4675 3259 4726 tncntis
3305 4674 3564 4730 Ι;ιΙ)ι·Γ;ι(’θ-

242 4755 493 4796 mentem
527 4742 739 4814 videtur
769 4739 1118 4814 Hieronymi,
1160 4744 1252 4811 qui
1289 4744 1421 4798 illud
1455 4752 1569 4797 toto
1598 4739 1857 4799 contextu
1888 4739 1938 4798 Ι)
1966 4755 2065 4799 ret.
2127 4743 2293 4796 Docet
2332 4758 2492 4809 porro
2526 4739 2872 4814 ht‘cin’loco
2904 4739 3269 4814 Hieronymus
3309 4742 3562 4800 diltit-iles

241 4812 508 4878 replicat.
568 4813 792 4868 Multum
847 4816 901 4870 in
953 4812 1061 4869 uno
1119 4815 1367 4870 Palatino
1416 4819 1685 4869 sententia
1741 4817 1859 4871 hzrc

242 4882 472 4937 abludit
521 4899 538 4936 :
567 4885 1067 4958 _Quodnumquant
1105 4889 1398 4958 autjusttts
1423 4885 1701 4958 eligeretur
1724 4930 1738 4950 ,
1768 4900 1859 4942 aut

242 4969 478 5021 nequam
523 4953 724 5024 aliquid
754 4957 869 5009 boni
904 4953 1137 5025 faceret,
1169 4953 1257 5009 aut
1285 4953 1522 5024 peccator
1551 4959 1715 5012 odiret
1745 4970 1865 5014 ante

246 5026 508 5079 delictum
531 5070 546 5090 ,
578 5039 689 5080 etc.

326 5095 357 5133 ι»
405 5097 600 5171 Quam
626 5098 753 5152 huic
803 5099 1063 5155 adhibeas
1105 5100 1394 5154 sententia:
1437 5101 1818 5171 exceptionem
1846 5141 1863 5167 ,

246 5165 419 5222 docet
453 5166 833 5238 theologorum
863 5173 1072 5223 schola.

331 5247 357 5275 ε
404 5238 530 5291 llaec
551 5279 566 5301 ,
609 5249 758 5313 utet
800 5240 1023 5295 inferior
1051 5252 1195 5297 totus
1220 5253 1511 5298 contextus
1533 5285 1549 5308 ,
1574 5243 1864 5313 Origenem

248 5308 491 5378 ejusque
519 5311 759 5364 asseclas
810 5313 1091 5369 verissime
1146 5326 1374 5379 petunt;
1418 5319 1554 5369 hanc
1592 5308 1737 5369 enim
1781 5315 1871 5369 ille

250 5379 662 5448 blasphemiam
692 5383 923 5437 incurrit
948 5398 1072 5438 cum
1108 5384 1239 5438 alihi
1267 5424 1284 5449 ,
1325 5398 1437 5439 tum
1469 5385 1661 5439 homil.
1702 5386 1774 5440 ‘20
1813 5387 1870 5440 in

251 5449 433 5525 Josue
457 5495 471 5519 ,
502 5451 593 5504 ubi
624 5456 824 5525 multus
854 5456 1001 5508 intra
1036 5470 1134 5511 nos
1178 5458 1334 5525 ponit
1362 5458 1578 5511 divinas
1603 5461 1830 5512 virtutes
1850 5496 1866 5523 ,

253 5520 576 5597 animarum
596 5524 683 5577 vel
713 5538 1011 5597 corporum
1033 5520 1217 5580 curam
1241 5536 1528 5597 gerentes,
1562 5520 1870 5597 multasque

256 5594 398 5647 item
451 5596 645 5647 noxias
681 5594 999 5666 obsidentes
1023 5641 1037 5666 ,
1067 5594 1606 5661 atque'insidiantes.
1630 5594 1796 5654 Unde
1816 5606 1871 5653 et

252 5666 366 5742 [ψ.
401 5678 499 5717 vm
539 5674 729 5742 contra
767 5665 1003 5742 Celsum
1029 5684 1041 5720 :
1072 5666 1309 5742 Ἐλλήνων
1335 5670 1382 5724 οἱ
1410 5673 1555 5740 σοφοὶ
1581 5671 1869 5742 λεγέτωσαν

258 5733 538 5817 {inﬁrmitati
532 5737 792 5808 εἰληχέναι
807 5744 898 5798 τήν
922 5739 1235 5817 ᾁνθρωπίνῃν
1257 5741 1440 5813 ψυχήν
1586 5733 1828 5817 γεξέᾳεως
1854 5758 1865 5793 :

259 5804 466 5861 Dicant
495 5804 800 5861 Graecorum
828 5804 1116 5877 sapienies,
1148 5804 1408 5865 dcent'on't'ts
1438 5810 1502 5865 ab
1528 5804 1750 5865 Ito'ntinis
1776 5828 1871 5864 tta-

258 5877 471 5953 tivitatc
505 5878 743 5953 sortitam
787 5894 897 5935 esse
939 5883 1189 5937 animam.
1245 5882 1342 5939 His
1390 5885 1503 5938 l'ere
1543 5884 1760 5953 gemina
1797 5895 1868 5940 ex

267 5947 479 6011 homil.
511 5949 582 6007 12
610 5951 665 6011 in
693 5951 897 6011 Lucam
920 5965 1023 6010 nos
1051 5967 1214 6025 supra
1243 5947 1677 6030 perstrinximus.

1963 4831 2085 4871 esse
2111 4817 2445 4887 qtttcstiones
2471 4828 2598 4887 _cu_tn
2645 4813 2915 4866 haereticis
2940 4830 2955 4878 ;
2988 4829 3054 4868 nc
3079 4813 3220 4881 opus
3244 4831 3345 4868 nos
3374 4816 3562 4887 (Ihry—

1963 4888 2104 4956 sippi
2154 4884 2435 4956 dialectica
2469 4884 2705 4956 habere,
2749 4893 2807 4935 ut
2848 4886 3085 4956 argutias
3130 4900 3417 4940 C.t\‘03|nus
3454 4884 3565 4941 ιιξιι.

1966 4953 2257 5012 reticornm
2307 4954 2603 5024 Scripturis
2645 4953 3004 5008 abutentiutn.
3049 4954 3228 5008 Μλιιτ.
3260 4985 3330 4994 ——
3363 4959 3564 5021 Quatu-

1969 5044 2133 5099 quam
2166 5029 2307 5099 scio,
2338 5027 2477 5099 alios
2516 5025 2855 5099 e_sse_bonos
2894 5040 2979 5099 aut
3004 5035 3149 5099 rores
3178 5067 3192 5088 ,
3237 5044 3264 5078 τι
3318 5025 3566 5099 Munagio

1969 5094 2035 5153 ad
2064 5099 2175 5155 Vit.
2207 5096 2501 5152 Carneadis
2546 5095 2793 5149 laudatos
2819 5137 2834 5162 ,
2869 5096 2961 5164 qui
3000 5094 3362 5167 Chrysippum
3395 5094 3566 5152 helle-

1974 5175 2109 5225 hnro
2157 5183 2311 5223 usum
2360 5167 2613 5234 tradant,
2644 5177 2935 5231 antequam
2968 5168 3212 5223 scribere
3238 5168 3570 5237 aggredere-

1975 5252 2062 5296 tur
2088 5259 2099 5294 :
2124 5256 2230 5296 non
2256 5254 2520 5306 repugno,
2554 5238 2598 5292 si
2628 5238 2747 5306 quis
2775 5238 2899 5292 velit
2932 5239 3220 5305 SllSpiCnt‘t,
3248 5239 3571 5295 vocabulum

1975 5315 2149 5381 ipsum
2177 5354 2192 5375 ,
2225 5308 2484 5364 hellcboro
2508 5353 2521 5372 ,
2551 5309 2753 5381 cubare
2782 5307 2835 5361 in
2864 5309 3082 5363 mendo.
3113 5309 3371 5379 Equidem
3406 5326 3572 5379 pecu-

1974 5379 2129 5437 liaris
2159 5392 2215 5437 et
2246 5382 2460 5449 propria
2503 5379 2792 5451 Chrysippi
2832 5383 3108 5434 subtilitas
3159 5386 3210 5433 in
3252 5381 3573 5435 disserendo

1974 5455 2077 5509 fuit
2110 5472 2125 5509 :
2155 5453 2439 5509 hellebore
2464 5463 2647 5506 autem
2681 5466 2942 5520 purgasse
2972 5467 3053 5505 cet
3067 5453 3278 5518 ehrnm,
3303 5453 3573 5507 Carneadi

1974 5535 2164 5581 contra
2236 5523 2514 5578 Zenonem
2580 5522 2924 5590 disputaturo
2977 5524 3253 5592 proprium
3309 5525 3577 5593 imputant

1976 5596 2205 5654 Veteres
2237 5610 2343 5649 uno
2371 5606 2661 5648 consensu.

2056 5670 2082 5700 ⁸
2118 5666 2513 5722 ϐἰςῑενείθηεθς
2540 5679 2698 5733 tnss.,
2732 5662 2916 5717 melius
2947 5662 3163 5718 habetur
3188 5679 3208 5720 :
3235 5662 3359 5720 Non
3382 5665 3581 5722 contuli

1980 5755 2133 5811 carne
2160 5750 2213 5811 et
2234 5738 2503 5811 sanguine.

1982 5880 1987 5885 Α
2039 5808 2081 5887 ,τ
2131 5804 2349 5877 Palat,
2383 5808 2443 5866 Si
2474 5804 2771 5882 spirituum
2799 5816 2846 5862 et
2874 5807 3131 5881 apostoli,
3163 5816 3272 5871 etc.
3293 5850 3310 5883 ,
3338 5823 3462 5887 sup.
3490 5809 3583 5867 Ito-

1979 5881 2163 5940 mittes.
