4044 6336
493 254 600 320 897
1742 254 1801 314 S.
1846 251 2087 312 EUSEBl

2207 251 2539 313 IlillONYllli
3693 248 3799 314 ⁸528

496 382 770 454 apostoli,
811 396 938 439 caro
979 389 1034 436 et
1072 373 1291 449 sanguis
1322 383 1450 431 sunt
1478 415 1492 441 ,
1526 370 1652 444 quid
1685 372 1752 428 de
1779 381 1979 447 χοϊνοῖς
2010 389 2097 428 ar-
2124 378 2174 437 Α
2201 359 2434 431 Domini.
2470 367 2797 449 Laquelmtnr
2816 394 3016 449 quoque
3036 389 3083 434 et
3104 372 3400 452 disputabat
3427 394 3540 432 cum
3565 378 3759 433 (ζητεῖς
3779 394 3801 436 :

497 475 813 534 bitramur?
840 475 954 530 Non
980 474 1211 529 contulit
1242 472 1401 542 plane
1428 470 1626 526 Paulus
1657 478 1777 539 post
1808 470 2097 524 revelatio-

499 582 625 623 nem
674 567 876 623 Christi
928 581 1049 620 cum
1099 579 1263 617 carne
1304 572 1360 618 et.
1398 564 1662 632 sanguine
1690 601 1706 627 ,
1755 561 1881 629 quia
1922 561 2097 615 noluit

497 659 822 729 margaritas
858 656 1134 728 projicere
1160 663 1285 710 ante
1320 669 1546 726 porcos,
1574 667 1676 710 nec
1697 656 1830 710 dare
1847 664 2093 708 sanctum

497 752 725 808 canibus
747 748 960 821 (Matth.
980 749 1101 820 vn).
1123 747 1260 803 Vide
1280 748 1408 819 quid
1430 747 1498 803 de
1522 746 1903 817 peccatoribus
1917 746 2096 813 scrip-

497 856 610 901 tum
640 844 714 900 sit
745 862 759 900 :
791 842 916 899 Non
955 843 1282 914 permanebit
1311 843 1530 913 spiritus
1550 857 1698 896 meus
1722 841 1778 894 in
1802 839 2098 894 hominibus

493 938 636 1004 istis,
663 937 785 1008 quia
815 952 936 991 caro
964 933 1074 1009 [AL
1104 933 1306 1007 carnes]
1354 943 1473 989 sunt
1502 933 1709 1007 (Cenes.
1741 950 1791 989 vt
1810 975 1824 995 ,
1846 934 1924 1002 5).
1957 932 2093 987 Cum

412 1068 413 1071 η
497 1029 697 1085 talibus
725 1029 819 1100 qui
847 1044 978 1083 caro
1020 1036 1077 1083 et
1116 1028 1340 1098 sanguis
1367 1039 1523 1082 erant
1550 1068 1567 1092 ,
1601 1043 1721 1096 qua-
1749 1026 1912 1097 392
1938 1026 2096 1080 Petro

494 1137 711 1194 quoque
754 1137 864 1176 non
906 1122 1295 1176 revelaverant
1334 1119 1532 1175 Filium
1565 1119 1658 1175 Dei
1685 1117 1902 1190 (Matth.
1934 1116 2051 1187 tm)
2079 1162 2093 1185 ,

497 1232 607 1272 non
656 1216 893 1271 contulit
938 1214 1236 1284 Apostolus
1268 1212 1625 1285 Evangelinm
1657 1211 1802 1281 quod
1843 1209 1894 1265 ei
1926 1210 2100 1264 fuerat

495 1310 799 1368 revelatum
826 1351 842 1373 ,
874 1307 971 1363 sed
1005 1307 1265 1378 paulatim
1300 1320 1398 1361 eos
1442 1310 1509 1360 de
1545 1320 1713 1360 carne
1744 1314 1799 1359 et
1834 1306 2099 1371 sanguine

491 1402 659 1459 vertit
680 1403 735 1456 in
759 1399 1011 1471 spiritum
1046 1416 1061 1453 :
1085 1409 1140 1453 et
1162 1408 1290 1453 tunc
1316 1397 1536 1452 demttm
1564 1398 1646 1450 eis
1679 1395 1893 1450 occulta
1920 1395 2099 1447 Evan-

497 1493 624 1566 gelii
657 1501 998 1549 sacramenta
1032 1489 1327 1545 commisit.
1362 1489 1519 1544 Dicat
1546 1487 1817 1558 quiSpiam
1854 1503 1867 1540 :
1900 1485 1956 1540 Si
1989 1494 2100 1540 sta-

501 1591 598 1644 tim
624 1604 732 1643 non
763 1587 997 1642 contulit
1018 1600 1143 1640 cum
1171 1597 1338 1638 carne
1363 1590 1418 1636 et
1437 1581 1700 1652 sanguine
1728 1579 2098 1649 Evangelium,

501 1691 681 1738 tamen
708 1678 1171 1749 subintelligitur,
1207 1676 1355 1746 quod
1388 1685 1411 1712 ε
1441 1674 1786 1745 postmodum
1818 1687 1941 1725 cum
1971 1685 2098 1724 san-

2196 466 2276 520 illi
2301 477 2475 521 autem
2510 470 2805 538 quterebant
2851 470 3083 524 occidere
3107 488 3246 526 eum.
3297 470 3450 536 Quod
3471 488 3586 524 rum
3611 489 3802 544 cogno-

2198 559 2388 612 uissent
2412 563 2631 629 fra‘res,
2666 560 2990 615 deduxerunt
3020 579 3134 618 cum
3164 562 3453 618 Caesaream
3475 604 3489 629 ,
3519 574 3564 618 et
3592 564 3802 619 dimise-

2197 660 2318 705 runt
2344 650 2564 705 Tarsum
2590 650 2728 723 (Act.
2752 654 2964 722 xsvut).
3003 654 3099 709 llic
3123 665 3302 709 autem
3327 655 3456 710 dicit
3482 670 3541 710 se
3566 657 3797 724 prinmm

2197 744 2307 799 isse
2359 745 2414 799 in
2464 748 2759 812 Arabiam;
2810 757 2865 802 et
2915 748 3108 802 iterum
3160 764 3440 803 reversum
3475 748 3794 804 Damascum

2198 846 2322 906 post
2344 837 2634 892 triennium
2660 840 2876 895 venisse
2893 839 3316 912 Jerosolymam,
3338 842 3538 897 vidisse
3556 843 3794 913 Petrum,

2200 941 2256 987 et
2297 948 2418 988 cum
2468 949 2536 989 eo
2566 935 2832 990 mansisse
2862 935 3055 991 diebus
3085 937 3435 1006 quindecim,
3475 953 3574 994 nec
3603 948 3801 1009 prmter

2201 1022 2486 1091 Jacobnm,
2519 1025 2741 1081 fratrem
2765 1026 3002 1098 Domini,
3034 1030 3265 1084 alterum
3296 1030 3641 1086 convenisse.
3670 1029 3800 1099 Qua:

2204 1126 2264 1171 ut
2290 1132 2417 1172 vera
2458 1118 2755 1174 credantur
2803 1118 2986 1185 (dtthia
3032 1121 3236 1192 quippe
3271 1123 3442 1176 videri
3484 1122 3803 1178 absentibus

2204 1211 2506 1285 poterant),
2530 1212 2630 1268 sub
2658 1215 2947 1268 testatione
2969 1214 3276 1281 confirmat,
3292 1215 3515 1271 dicens:
3551 1216 3679 1283 Qua:
3700 1233 3795 1270 alt-

2204 1312 2307 1357 tem
2334 1305 2450 1358 dico
2479 1305 2639 1371 vobis,
2668 1321 2782 1359 ecce
2802 1322 2976 1359 coram
2999 1305 3107 1361 Deo
3133 1307 3256 1378 quia
3278 1324 3378 1361 non
3400 1309 3633 1362 mentior.
3670 1309 3803 1364 Pos-

2202 1411 2391 1451 sumus
2432 1397 2596 1467 igitur
2625 1403 2898 1455 aestimare
2927 1415 3048 1456 esse
3071 1401 3286 1471 quidem
3310 1400 3569 1469 Paulum,
3601 1418 3801 1459 secun-

2202 1490 2326 1543 dum
2360 1489 2520 1545 Lucae
2551 1490 2830 1547 historiam
2857 1536 2871 1560 ,
2922 1493 3319 1566 Jcrosolymam
3345 1536 3362 1561 ,
3412 1510 3518 1549 non
3545 1497 3698 1565 quasi
3729 1497 3797 1552 ad

2201 1594 2582 1640 antecessores
2605 1589 2881 1654 apostnloz
2910 1629 2925 1655 ,
2958 1596 3017 1641 ttt
3057 1589 3257 1658 aliquid
3287 1589 3354 1642 ab
3380 1589 3489 1645 illis
3520 1590 3796 1646 disceret:

2203 1675 2296 1730 sed
2323 1687 2377 1731 ut
2403 1679 2803 1748 persecutionis
2827 1681 3083 1749 impetum
3107 1679 3427 1749 declinaret,
3459 1681 3547 1751 qui
3568 1681 3670 1735 sibi
3699 1682 3801 1736 Da-

499 1776 663 1848 guine
688 1785 741 1830 et
766 1789 935 1830 carne
959 1771 1259 1828 contulerit
1292 1789 1304 1825 :
1335 1782 1390 1826 et
1421 1786 1617 1824 sensus
1647 1770 1734 1823 hic
1761 1810 1775 1832 ,
1807 1782 1916 1835 quo
1940 1783 2100 1835 apos-
2132 1777 2176 1837 Β
2203 1769 2367 1824 masci
2385 1768 2969 1841 propterEvangelium
2983 1771 3187 1826 Christi
3207 1774 3726 1829 lueratconcitatns:
3748 1784 3802 1830 et

499 1868 591 1923 toli
622 1877 991 1928 excusantur,
1028 1877 1097 1917 ne
1123 1877 1252 1916 caro
1284 1870 1339 1916 et
1378 1861 1599 1929 sanguis
1628 1862 1737 1913 sint
1763 1899 1779 1922 ,
1811 1870 1960 1911 stare
1991 1872 2097 1910 non

499 1960 734 2033 poterit:
755 1957 884 2013 dum
914 1953 1273 2010 nihilominus
1296 1954 1386 2024 qui
1412 1952 1465 2006 in
1491 1951 1762 2022 principio
1783 1965 1905 2006 cum
1934 1963 2100 2004 carne

494 2066 552 2111 ct
571 2054 836 2123 sanguine
859 2065 964 2104 non
991 2048 1265 2113 contulit,
1302 2046 1650 2116 postmodum
1682 2087 1696 2111 ,
1728 2052 1787 2098 ιιι
1815 2043 1952 2103 disi,
1974 2057 2097 2096 cum

494 2160 657 2202 carne
705 2151 762 2199 et
809 2140 1075 2211 sanguine
1121 2139 1437 2194 contulerit.
1486 2136 1617 2204 Qua:
1658 2134 1972 2206 pratpoaitio
2003 2148 2099 2186 nos

494 2243 770 2307 coarctat,
801 2243 862 2291 ut
885 2235 969 2291 sic
995 2233 1395 2303 distinguamus
1415 2271 1433 2298 ,
1479 2247 1547 2285 ne
1586 2231 1759 2283 statim
1786 2271 1802 2295 ,
1835 2229 1948 2282 sive
1978 2243 2100 2281 con-

495 2335 673 2398 tinuo,
714 2344 838 2386 cum
877 2343 1042 2385 carne
1080 2327 1372 2398 iungamus
1403 2335 1460 2379 ct
1497 2325 1805 2394 sanguine;
1850 2322 1944 2377 sed
1972 2338 2096 2375 cum

494 2424 875 2496 superioribus
907 2423 1115 2477 Ittcrere
1141 2419 1405 2475 faciamus
1431 2462 1445 2482 ,
1482 2431 1536 2472 et
1569 2418 1777 2488 legatur
1806 2433 1820 2469 :
1852 2414 1982 2469 Cum
2005 2431 2100 2468 au-

496 2529 598 2575 tem
629 2516 827 2590 placuit
857 2515 904 2569 ei
930 2515 1015 2585 qui
1042 2530 1121 2567 nte
1146 2512 1434 2584 segregarit
1474 2511 1539 2564 de
1570 2522 1717 2562 utero
1747 2508 1924 2561 matris
1951 2522 2095 2560 meta.

497 2612 579 2668 Ac
618 2608 817 2665 deinde
848 2622 864 2661 :
900 2604 971 2661 Ut
997 2605 1242 2660 reuelaret
1284 2600 1333 2656 F
1336 2604 1486 2658 ilium
1514 2617 1667 2655 suum
1695 2603 1748 2653 in
1782 2615 1881 2653 me.
1921 2598 1988 2653 Et
2029 2599 2095 2652 ad

496 2716 800 2761 extremum
841 2722 856 2757 :
893 2697 962 2754 Ut
993 2696 1401 2769 euangelizarent
1431 2694 1581 2748 illum
1623 2696 1675 2748 in
1704 2692 1944 2766 gettttbus
1974 2709 2098 2745 con-

497 2798 643 2853 tinuo
696 2811 717 2851 :
765 2805 881 2850 uta
926 2791 1149 2864 proprio
1181 2790 1404 2858 incipiat
1433 2785 1661 2842 CXttrdiO
1695 2803 1707 2840 :
1747 2785 1866 2838 Non
1903 2784 2097 2837 contuli

497 2906 614 2944 cum
645 2904 802 2943 carne
821 2897 868 2943 et
889 2885 1144 2958 sanguine
1163 2901 1180 2949 ;
1201 2885 1483 2953 magisque
1506 2878 1880 2934 arbitrandnm
1907 2884 1992 2930 est
2018 2878 2097 2930 sic

500 2996 647 3039 Stare
680 2996 901 3037 sensum
945 2996 959 3034 :
1002 2978 1128 3048 quia
1161 2977 1249 3044 qui
1281 2974 1466 3029 statim
1501 2971 1701 3027 missus
1722 2973 1820 3032 sit,
1854 2979 1974 3039 post
2003 2983 2093 3022 re-

500 3077 831 3132 velationem
856 3072 1060 3129 Christi
1093 3070 1444 3140 Evangelium
1468 3066 1719 3137 gentibus
1743 3067 2091 3127 uttttttntiarc,

2199 1860 2282 1913 sic
2308 1860 2524 1917 venisse
2537 1860 2939 1934 Jerosolymam
2958 1865 3111 1935 quasi
3145 1865 3211 1920 ad
3227 1881 3623 1937 quamcumque
3637 1866 3798 1922 aliam

2202 1952 2500 2008 civitatem.
2550 1953 2682 2010 Inde
2726 1971 2850 2010 eum
2887 1956 3071 2012 statim
3106 1967 3329 2026 propter
3360 1956 3583 2013 insidias
3614 1973 3801 2014 reces.

2201 2045 2338 2100 sisse
2365 2088 2380 2114 ,
2431 2054 2486 2102 ct
2515 2047 2730 2103 venisse
2761 2048 3013 2104 Arabiam
3039 2090 3055 2116 ,
3099 2051 3214 2105 sive
3247 2051 3564 2105 Damascum
3593 2069 3608 2107 :
3637 2062 3801 2119 atque

2202 2138 2328 2193 inde
2366 2149 2487 2209 post
2523 2141 2814 2197 triennium
2850 2143 2915 2197 ad
2946 2142 3239 2198 videndum
3276 2143 3494 2198 l’ctrum
3522 2145 3801 2216 Jcrosoly-

2203 2244 2346 2284 mam
2381 2232 2688 2288 revertisse.
2726 2234 2816 2288 Vel
2840 2244 2989 2290 certe
3019 2235 3090 2288 ita
3118 2252 3132 2290 :
3181 2233 3378 2291 Statim
3411 2245 3470 2289 ut
3499 2236 3801 2306 baptizatus

2201 2323 2295 2391 sit,
2328 2334 2383 2379 et
2412 2338 2638 2396 accepto
2662 2327 2787 2381 cibo
2819 2328 3177 2396 confortatus,
3215 2330 3385 2385 fuisse
3408 2346 3529 2385 eum
3561 2346 3684 2384 cum
3717 2329 3801 2385 (li-

2202 2416 2424 2479 scipulis
2466 2418 2555 2487 qni
2597 2430 2749 2473 erant
2787 2418 3031 2475 Damasci
3068 2436 3162 2490 per
3186 2421 3303 2477 dies
3330 2422 3572 2493 aliquot:
3604 2432 3657 2474 et
3685 2433 3802 2477 stu-

2202 2507 2454 2578 pentibus
2473 2510 2688 2564 eunctis
2715 2512 2768 2564 in
2795 2515 3085 2582 synagogis
3109 2512 3446 2581 Juda-ornm,
3473 2512 3801 2583 pra-dicasse

2199 2586 2461 2654 continuo
2509 2602 2652 2671 quod
2697 2602 2857 2657 Jesus
2901 2613 3051 2659 esset
3086 2604 3257 2659 Filius
3288 2604 3416 2671 Dei;
3444 2617 3498 2660 et
3529 2614 3660 2660 tunc
3688 2603 3800 2660 isse

2199 2694 2253 2749 in
2283 2694 2536 2750 Arabiam
2562 2738 2578 2761 ,
2606 2704 2663 2749 et
2687 2696 2755 2750 de
2784 2699 2978 2751 Arabia
3011 2698 3330 2754 Damascum
3360 2699 3654 2754 revertisse
3678 2738 3695 2764 ,
3743 2709 3797 2752 et

2203 2785 2274 2840 ibi
2321 2785 2517 2842 fecisse
2568 2788 2899 2843 triennium:
2951 2803 3087 2857 quos
3135 2791 3251 2845 dies
3293 2790 3489 2843 multos
3516 2789 3795 2860 Scriptura

2202 2886 2431 2934 testatur
2456 2920 2472 2945 ,
2504 2880 2722 2936 dicens:
2772 2877 2898 2935 Cum
2930 2881 3266 2954 implerentur
3294 2894 3464 2938 autem
3486 2883 3597 2937 dies
3621 2884 3794 2953 multi,

2199 2974 2473 3028 consilium
2510 2976 2743 3045 fecerunt
2784 2973 2962 3030 Juda’i
2996 2986 3052 3029 ut
3087 2992 3203 3030 eum
3233 2977 3576 3047 interﬁcerent
3598 2976 3794 3047 (Actor.

2201 3084 2281 3132 tx,
2304 3066 2420 3138 25).
2448 3067 2604 3123 Nota:
2626 3078 2805 3122 autem
2828 3072 2982 3124 factm
3003 3079 3130 3125 sunt
3153 3070 3320 3124 Saulo
3343 3070 3553 3125 insidia:
3573 3084 3792 3125 eorum:

497 3185 607 3225 non
621 3168 837 3225 steterit
868 3184 882 3221 τ
910 3180 1013 3221 nec
1038 3164 1203 3219 moris
1226 3162 1551 3233 t|ttiltttStittttt
1585 3167 1800 3227 tempus
1828 3157 2093 3226 produxe-
2123 3162 2169 3224 C
2200 3172 2255 3217 et
2301 3162 2683 3219 custodiebam,
2721 3174 2909 3235 portas
2937 3163 3026 3218 die
3050 3179 3113 3218 ac
3144 3174 3340 3230 nocte,
3386 3174 3444 3218 ιιι
3470 3178 3595 3219 eum
3624 3161 3796 3218 inter-

497 3262 575 3318 rit
625 3260 804 3317 eundo
857 3258 926 3313 ad
972 3257 1293 3328 apostolos,
1342 3265 1397 3309 et
1444 3252 1832 3307 revelationem
1883 3249 2096 3303 Domini

497 3371 622 3413 cum
654 3354 966 3411 hominibus
983 3351 1355 3407 conferendo:
1383 3347 1478 3403 scd
1509 3347 1711 3401 abierit
1741 3346 1791 3399 in
1818 3343 2095 3407 Arabiam,

495 3459 553 3505 ει
603 3465 790 3506 1⁸111⁵5113
845 3461 1103 3503 reversus
1159 3443 1526 3506 Damascum,
1585 3448 1710 3510 pO‘t
1763 3448 1874 3492 tres
1924 3450 2099 3491 annos

497 3544 858 3615 Evangelium
905 3540 1284 3612 prmdicaverit
1327 3555 1341 3591 :
1382 3545 1432 3591 et
1476 3547 1604 3589 tunc
1630 3535 1849 3589 demum
1881 3532 2099 3587 Jeroso-

497 3636 701 3708 lytnam
746 3633 976 3690 veniens
1000 3672 1018 3698 ,
1063 3631 1282 3685 Petrum
1310 3672 1325 3698 ,
1353 3627 1617 3683 Joannem
1648 3634 1705 3681 et
1730 3625 1990 3681 Jacnbum
2022 3624 2102 3678 vi-

493 3728 749 3891 dezlvters.
779 3816 896 3884 17.)
925 3813 1105 3883 Neque
1124 3812 1237 3866 veni
1261 3810 1646 3883 Jeroso'ymam
1668 3808 1736 3863 ad
1751 3819 2096 3865 antecessores

489 3925 629 3965 meos
669 3907 953 3981 apostolos.
998 3906 1056 3960 Si
1094 3906 1161 3959 de
1193 3904 1464 3975 apostolis
1488 3905 1736 3970 dixerat,
1767 3920 1872 3957 non
1898 3904 2096 3957 contuli

488 4018 606 4058 cum
636 4015 793 4055 carne
832 4006 880 4053 et
912 3999 1196 4071 sanguine,
1225 3998 1354 4069 quid
1400 4012 1626 4052 necesse
1657 4000 1831 4052 fuerat
1859 3998 2093 4066 idipsum

493 4099 693 4153 iterare
722 4093 957 4149 dicendo
998 4110 1012 4146 :
1052 4089 1235 4162 Neque
1277 4092 1392 4144 veni
1417 4088 1796 4161 Jerosolymam
1835 4090 1904 4144 ad
1951 4100 2096 4144 antc-

492 4204 717 4245 cessorcs
739 4201 881 4241 meos
919 4185 1225 4257 apostolos?
1254 4182 1304 4236 Is
1334 4185 1515 4253 itaque
1546 4198 1738 4237 sensus
1781 4183 2049 4238 tenendus
2077 4224 2091 4249 ,

491 4294 655 4349 quem
700 4290 865 4345 supra
895 4273 1277 4343 exposuimus.

569 4370 677 4427 Sed
734 4368 841 4423 abii
904 4368 961 4421 in
1019 4366 1265 4420 Arabiam
1317 4380 1335 4420 :
1387 4376 1434 4419 et
1479 4366 1662 4419 iterum
1696 4381 1928 4421 reversus
1982 4386 2094 4423 sum

496 4463 830 4519 Damascum.
891 4459 1010 4516 Non
1058 4458 1161 4513 sibi
1219 4457 1451 4528 videtin;
1489 4459 1733 4513 ltiStOti:n
1781 4462 1914 4517 ordo
1964 4479 2093 4517 con-

2202 3256 2445 3309 ticerent.
2488 3253 2834 3322 Accipientes
2863 3269 2996 3323 ergo
3022 3254 3278 3323 discipuli
3300 3255 3422 3323 ejus
3453 3265 3610 3309 nocte
3633 3294 3648 3319 ,
3699 3269 3798 3324 per

2201 3364 2412 3402 murum
2467 3348 2789 3401 dimiserunt
2841 3362 2966 3402 eum
2995 3386 3010 3409 ,
3061 3347 3447 3402 submittentes
3489 3346 3544 3403 in
3585 3359 3793 3416 sporta.

2197 3442 2334 3495 (ium
2363 3452 2543 3494 autem
2575 3439 2813 3494 venisset
2836 3439 3141 3495 Jerusalem
3162 3478 3179 3505 ,
3211 3441 3452 3493 tentabrtt
3474 3440 3704 3508 jttngere
3733 3455 3795 3497 se

2199 3533 2498 3603 discipulis.
2533 3531 2731 3586 Lucam
2758 3547 2886 3586 vero
2912 3530 3077 3603 395
3097 3531 3303 3587 idcirco
3332 3532 3403 3587 de
3429 3533 3626 3588 Arabia
3652 3548 3794 3603 pra:-

2200 3628 2436 3692 tcrisse,
2487 3626 2615 3693 quia
2667 3625 2895 3679 forsitan
2944 3623 3078 3678 nihil
3124 3624 3343 3693 dignum
3393 3626 3704 3695 apostolalu
3738 3627 3788 3681 in

2198 3723 2394 3778 Arabia
2438 3731 2813 3792 perpetrarat:
2856 3730 2910 3775 et
2946 3736 3007 3775 ea
3040 3721 3222 3790 potius
3253 3720 3642 3791 compendiosa
3668 3737 3792 3775 nar-

2198 3818 2407 3873 ratione
2432 3816 2636 3870 dixisse
2666 3857 2681 3881 ,
2730 3828 2850 3884 quae
2897 3814 3056 3884 digna
3084 3811 3288 3867 Christi
3324 3812 3615 3883 Evangelia
3643 3812 3787 3867 vitle-

2200 3910 2415 3964 bantur.
2462 3906 2573 3963 Nec
2602 3906 2706 3961 hoc
2730 3904 2975 3975 segnitia:
3004 3904 3247 3973 Apostoli
3277 3904 3651 3973 deputandum
3681 3944 3694 3965 ,
3744 3904 3791 3957 si

2197 4002 2395 4057 frustra
2446 4000 2499 4055 in
2549 3998 2749 4053 Arabia
2792 3997 2957 4052 fuerit
2986 3992 3093 4067 [AL
3128 4004 3498 4050 commoratus
3530 3992 3656 4065 sit]:
3694 3994 3791 4049 scd

2198 4094 2337 4166 quod
2390 4093 2565 4162 aliqua
2609 4088 2946 4160 dispensatio
2974 4097 3032 4144 et
3057 4088 3151 4144 Dei
3183 4097 3511 4158 praeceptum
3545 4086 3700 4141 fuerit
3735 4097 3790 4143 ut

2198 4194 2421 4241 taceret.
2475 4182 2608 4239 Nam
2648 4193 2704 4237 et
2751 4192 2945 4253 postea
2989 4182 3217 4251 legimus
3261 4183 3484 4235 Paulum
3524 4196 3647 4235 cum
3678 4180 3792 4236 Sila

2197 4292 2476 4349 egressum
2498 4317 2513 4341 ,
2548 4274 2880 4346 prohibitutn
2904 4289 3028 4330 esse
3058 4288 3088 4327 a
3119 4272 3324 4343 Spiritu
3346 4282 3536 4327 sancto
3566 4273 3792 4327 verbum

2200 4374 2252 4425 in
2285 4370 2413 4427 Asia
2446 4370 2592 4441 loqui
2625 4368 2830 4441 (Actor.
2858 4366 2993 4440 xw).
3048 4369 3255 4423 Aliter:
3313 4365 3420 4422 Sed
3440 4365 3545 4420 abii
3576 4367 3629 4419 in
3662 4366 3795 4419 Ara-

2198 4463 2370 4527 biant;
2407 4471 2454 4517 et
2496 4463 2683 4515 iterum
2710 4477 2942 4515 reversus
2966 4477 3079 4514 sum
3113 4459 3445 4512 Damascum.
3493 4457 3629 4526 Quid
3660 4457 3793 4513 mihi

492 4562 715 4624 cinere,
784 4553 1059 4610 referente
1130 4549 1272 4605 Luca
1326 4552 1377 4603 in
1434 4551 1660 4606 Actibus
1720 4556 2091 4621 apostolorum

2202 4558 2420 4628 prodest
2443 4556 2542 4611 ista
2577 4556 2772 4611 relatio
2802 4596 2816 4621 ,
2854 4556 2898 4609 si
2932 4555 3103 4624 legam
3134 4556 3277 4624 quod
3318 4551 3520 4607 Paulus
3549 4561 3667 4621 post
3700 4567 3791 4605 re-

493 4650 635 4721 (Act.
695 4646 805 4715 ts),
858 4643 1003 4715 quod
1067 4658 1190 4697 cum
1252 4642 1450 4696 Paulus
1503 4656 1624 4710 post
1675 4644 1835 4698 filum
1892 4643 2092 4700 Christi

493 4756 591 4812 per
639 4737 758 4794 dies
793 4739 993 4791 multos
1076 4735 1432 4805 Evangelium
1515 4736 1766 4791 Damasci
1842 4738 2091 4807 loquere-

493 4844 582 4888 tur
663 4829 972 4896 audenter,
1058 4827 1214 4883 factm
1291 4825 1492 4881 fuerint
1573 4831 1622 4882 ei
1710 4828 1959 4896 insidiae,
2036 4840 2090 4885 et

491 4925 655 4999 393
679 4925 732 4982 in
758 4934 941 4997 sporta
974 4938 1072 4995 per
1094 4938 1307 4977 murum
1335 4933 1492 4977 nocte
1515 4921 1781 4977 demissus
1803 4923 1894 4988 sit,
1920 4931 1975 4976 et
2002 4940 2093 4977 vc-

493 5026 635 5076 nertt
669 5018 1066 5089 Jerosonmam
1101 5025 1314 5070 tentans
1343 5030 1403 5070 se
1434 5017 1668 5085 jungcre
1697 5015 1999 5085 discipulis.
2044 5017 2089 5071 A

489 5112 687 5183 quibus
711 5126 834 5165 cum
862 5108 1164 5171 vitaretur,
1195 5116 1247 5160 et
1280 5106 1537 5160 timerent
1561 5106 1627 5159 ad
1654 5120 1778 5160 eum
1802 5105 2086 5174 accedere,

490 5219 521 5259 a
549 5203 791 5259 Barnaba
820 5202 889 5257 ad
911 5199 1189 5270 apostolos
1216 5198 1365 5253 illum
1394 5213 1517 5253 esse
1539 5199 1857 5268 perductum
1881 5217 1894 5253 :
1927 5210 1980 5254 et
2013 5201 2085 5255 ibi

490 5311 746 5353 narrasse
782 5291 1060 5365 quomodo
1102 5291 1387 5347 Dominum
1418 5291 1617 5346 viderit
1659 5293 1713 5346 in
1758 5293 1984 5361 itinere,
2032 5304 2083 5348 et

492 5392 739 5447 Damasci
753 5387 1077 5444 fiducialiter
1089 5386 1259 5455 egerit
1274 5386 1326 5440 in
1349 5386 1568 5441 nomine
1586 5387 1794 5442 Domini
1814 5387 1923 5461 [ΑΙ.
1940 5389 2088 5441 addit

484 5485 660 5557 Jcsn].
678 5482 849 5549 -Erat,
893 5479 1089 5549 inqttit,
1132 5494 1249 5534 cum
1275 5480 1402 5543 illis,
1436 5482 1638 5536 intrans
1662 5492 1709 5535 et
1730 5482 1905 5535 exiens
1924 5482 1976 5534 in
1996 5478 2087 5535 Je-

481 5578 708 5635 rusalem
737 5617 751 5643 ,
805 5571 1127 5642 ﬁduciuliter
1165 5587 1323 5642 agens
1362 5570 1472 5646 [ΔΙ.
1511 5571 1741 5645 agentes]
1792 5574 1845 5626 in
1883 5575 2088 5629 nomine

2199 4650 2529 4705 volationem
2570 4648 2773 4706 Christi
2818 4648 3001 4703 statim
3037 4647 3161 4701 ierit
3208 4649 3259 4700 in
3293 4646 3583 4707 Arabiam;
3627 4655 3678 4698 el
3723 4645 3793 4699 de

2198 4743 2397 4796 Arabia
2426 4745 2608 4797 statim
2636 4742 2959 4797 Damascum
2983 4738 3148 4795 fuerit
3175 4753 3427 4793 reversus
3452 4755 3465 4792 :
3500 4754 3600 4794 nec
3623 4738 3791 4795 sciam

2196 4835 2324 4904 quid
2374 4837 2445 4890 ibi
2490 4838 2757 4906 gesserit,
2807 4835 3007 4905 quidve
3035 4833 3285 4887 utilitatis
3313 4832 3565 4887 habuerit
3600 4835 3794 4889 itusac

2196 4926 2443 4981 reditus?
2486 4928 2583 4980 Dat
2616 4925 2743 4980 mihi
2777 4924 3120 4979 occasionem
3159 4924 3373 4979 altioris
3416 4922 3795 4994 intelligentia:

2200 5020 2253 5074 in
2300 5019 2399 5074 hac
2421 5019 2609 5073 eadem
2637 5019 2875 5088 Epistola
2899 5019 3014 5087 ipse
3037 5019 3359 5088 Apostolus,
3390 5032 3514 5073 cunt
3542 5018 3795 5073 doAhra-

2199 5114 2320 5168 itaut
2340 5154 2355 5178 ,
2398 5118 2539 5181 Agar
2563 5153 2577 5172 ,
2621 5120 2674 5163 t-t
2704 5110 2834 5166 Sara
2868 5111 3187 5178 disputans:
3245 5110 3376 5177 ρηω
3408 5111 3616 5181 quidem
3646 5120 3789 5179 sunt,

2198 5206 2398 5275 inquit,
2430 5220 2520 5274 per
2544 5202 2849 5271 allegoriam
2877 5202 3035 5257 dicta.
3095 5200 3221 5257 Hac
3247 5202 3384 5257 enim
3412 5211 3532 5257 sunt
3554 5207 3658 5256 duo
3688 5201 3793 5257 Te-

2188 5306 2479 5353 stamenta:
2521 5312 2681 5351 unum
2707 5295 2912 5366 quidem
2938 5314 2969 5350 a
2995 5303 3163 5350 monte
3190 5294 3354 5361 Sina,
3402 5297 3458 5349 in
3497 5298 3791 5350 servitutem

2189 5404 2439 5463 generous
2464 5432 2478 5456 ,
2511 5405 2626 5459 qua:
2655 5400 2728 5443 est
2760 5389 2919 5462 Agar.
2978 5389 3107 5444 Sina
3136 5390 3271 5445 enim
3298 5405 3443 5442 mons
3469 5398 3543 5442 est
3568 5389 3623 5441 in
3655 5388 3791 5444 Ara-

2190 5486 2272 5539 bia
2296 5526 2312 5549 ,
2354 5488 2441 5554 qui
2469 5486 2678 5551 iunctus
2707 5497 2780 5538 est
2803 5486 2850 5539 ei
2868 5526 2885 5551 ,
2908 5501 3023 5554 qua:
3044 5501 3180 5538 nunc
3216 5492 3289 5537 est
3315 5480 3607 5558 Jerusalem
3635 5481 3783 5550 (Gal.

2191 5592 2265 5642 tv,
2286 5576 2382 5641 ‘24,
2416 5579 2530 5649 25).
2584 5577 2650 5633 Et
2681 5579 2840 5633 docet
2881 5591 3039 5632 vetns
3070 5576 3510 5642 TeStatnentum,
3554 5573 3656 5631 ltcc
3681 5591 3785 5659 est.

557 5766 584 5796 ι
616 5755 675 5815 in
718 5755 897 5813 altero
942 5750 1316 5827 Cisterciensi,
1344 5756 1466 5827 quia
1503 5766 1618 5828 post
1654 5753 1911 5813 modicum
1948 5768 2066 5814 cum
2099 5760 2389 5839 sanguine,
2416 5769 2526 5821 etc.
