4044 6344
264 318 377 379 329

818 326 1467 384 ΟΟΜΜΕΝΤΑἰιΙΟΙὶυΜ
1508 325 1573 379 ΙΝ
1619 321 2009 381 EPISTULA)!
2049 324 2141 381 AD
2179 324 2502 386 CALATAS
2540 328 2668 384 LIB.
2714 328 2755 385 Ι.
2796 329 2950 386 CAP.
2990 330 3030 386 l.

3466 324 3572 387 330

263 438 485 494 ancilla:
517 438 622 511 [ΑΙ.
656 441 707 495 in
740 441 973 513 ancillae]
1000 441 1189 509 tilium,
1221 443 1272 495 in
1306 441 1498 495 Arabia
1527 441 1675 507 (qum
1699 441 1867 494 inter-
1894 440 1949 500 Α
1975 439 2078 494 cim
2111 443 2262 510 ponit
2292 444 2410 499 dies
2431 486 2445 509 ,
2490 453 2546 498 ut
2578 444 2830 499 ostendat
2853 460 2957 499 non
2989 446 3159 500 fuisse
3189 444 3394 510 grande
3424 455 3570 502 tem-

266 543 517 600 pretaznr
546 533 757 587 humilis
787 545 839 588 ct
863 532 1102 599 occiduo)
1135 533 1507 587 consumtum.
1553 532 1744 585 Statim
1773 531 1874 585 ita-

269 638 374 690 (μιν
406 633 464 677 ιιι
493 623 727 678 credidit
752 624 972 689 Paulus,
1006 624 1072 678 ad
1107 624 1327 693 Legem,
1358 624 1423 678 ad
1454 625 1774 693 PrOpIietas,
1802 624 1868 679 ad

270 718 478 771 veteris
508 716 843 772 Testamenti
871 718 982 786 jam
1007 717 1060 771 in
1092 717 1323 771 occiduo
1346 700 1504 788 positi
1532 725 1873 772 sacramenta

270 822 568 863 conversus
596 850 611 874 ,
659 808 911 878 quaesivit
942 807 997 863 in
1040 809 1123 864 eis
1147 808 1422 864 Christum
1447 848 1464 874 ,
1510 823 1670 879 quem
1687 808 1873 879 jussus

273 902 452 955 fuerat
486 901 539 955 in
582 900 835 971 gentibus
872 900 1204 969 przedicare:
1249 911 1305 957 et
1333 911 1551 971 reperto
1580 901 1675 955 illo
1698 942 1714 966 ,
1763 916 1870 956 non

278 1000 360 1046 est
392 990 465 1045 ibi
486 990 688 1046 diutius
708 1001 1109 1056 commoratus;
1137 990 1232 1045 sed
1261 1006 1515 1048 reversus
1537 1001 1622 1047 est
1646 991 1871 1046 Damas-

280 1100 428 1153 cum,
453 1084 553 1140 hoc
570 1093 675 1148 est,
707 1084 772 1139 ad
796 1084 1114 1155 sanguinem
1142 1094 1197 1139 et
1222 1086 1537 1153 passionem
1560 1082 1793 1140 Christi:
1817 1092 1875 1140 et

281 1175 407 1231 inde
453 1176 763 1245 protihetica
807 1174 1043 1231 lectione
1082 1174 1329 1230 firmatus
1378 1177 1555 1247 pergit
1594 1177 1873 1246 Jerosoly-

280 1289 422 1327 mani
444 1314 459 1336 ,
514 1273 689 1327 locum
722 1270 946 1326 visionis
976 1280 1029 1326 et
1072 1272 1261 1341 pacis:
1303 1285 1411 1327 non
1440 1280 1546 1331 tam
1578 1270 1873 1326 diSciturus

278 1366 477 1437 aliquid
509 1365 579 1423 ab
599 1368 886 1438 apostolis,
920 1383 1079 1438 quam
1103 1384 1224 1424 cum
1250 1369 1330 1425 eis
1354 1369 1701 1439 Evangelium
1726 1367 1870 1440 quod

277 1458 561 1525 docuerat,
594 1459 918 1515 collaturus.

348 1548 530 1619 (Vers.
563 1550 676 1621 18.)
723 1549 924 1606 Deinde
968 1563 1082 1623 post
1121 1570 1287 1608 annos
1309 1562 1432 1622 tres,
1464 1554 1578 1608 veni
1605 1553 1876 1625 Jerosoly-

280 1659 414 1697 uiam
444 1643 618 1697 videre
643 1642 884 1700 Petrum.
936 1646 1051 1701 Non
1081 1654 1139 1702 ut
1162 1647 1372 1709 oculos,
1412 1662 1602 1715 genas,
1644 1648 1878 1701 vultum.

281 1751 386 1806 que
415 1736 532 1805 ejus
558 1738 823 1806 aspiceret
852 1780 867 1803 ,
920 1748 1104 1794 utrum
1134 1740 1486 1804 macileutus,
1534 1754 1602 1793 an
1628 1738 1874 1808 pinguis;

1978 547 2101 602 pus,
2131 552 2238 603 quo
2259 539 2498 606 potuerit
2517 537 2718 607 aliquid
2741 555 2769 592 a
2793 539 2956 594 Petro
2978 540 3186 594 discere
3209 556 3223 604 ;
3249 548 3306 594 ut
3327 538 3392 594 ad
3416 540 3570 597 illum

1975 639 2195 681 sensum
2237 643 2267 682 a
2294 644 2402 698 quo
2432 629 2626 696 coepit,
2671 640 2866 686 cuncta
2894 631 3230 689 referantur:
3263 648 3323 690 se
3352 650 3463 690 non
3500 633 3572 690 ab

1976 712 2197 774 homine
2225 719 2447 774 doctum
2472 735 2618 787 esse,
2663 721 2759 777 sed
2787 736 2818 775 a
2847 722 2980 779 Dee.

2051 808 2233 879 (νει-ε.
2263 810 2379 880 19.)
2429 812 2601 866 Alium
2644 824 2815 867 autem
2863 816 3218 885 apostolorum
3258 818 3366 872 vidi
3403 818 3569 874 nemi-

1976 916 2114 966 nem,
2158 902 2262 955 nisi
2285 901 2541 957 Iacobum
2570 905 2786 974 fratrem
2813 906 3043 963 Domini.
3077 909 3295 967 Memini
3324 928 3411 968 me
3439 915 3570 971 dum

1977 991 2165 1047 Romae
2206 1008 2383 1049 essem
2414 1036 2428 1060 ,
2462 996 2694 1067 impulsu
2742 998 2971 1055 fratrum
3028 1002 3227 1059 librum
3266 1005 3336 1061 de
3365 1018 3572 1065 sancta

1977 1082 2159 1138 Mariae
2210 1084 2523 1157 virginitate
2568 1088 2808 1144 edidisse
2858 1102 3138 1162 perpetua.
3193 1097 3250 1151 lu
3298 1114 3407 1168 quo
3438 1100 3573 1157 mihi

1977 1190 2199 1231 necesse
2226 1176 2326 1231 fuit
2353 1178 2527 1233 dehis
2551 1181 2642 1249 qui
2672 1180 2868 1237 fratres
2891 1184 3098 1240 Domini
3122 1187 3253 1243 dicti
3280 1199 3425 1254 sunt,
3450 1190 3575 1247 diu-

1978 1267 2086 1323 tius
2127 1267 2427 1337 disputare.
2490 1272 2644 1328 Unde
2692 1273 3107 1345 qualiacumque
3156 1289 3283 1334 sunt
3326 1281 3418 1336 illa
3449 1297 3572 1353 qua

1975 1360 2331 1429 scripsimus,
2385 1361 2471 1416 his
2516 1363 2758 1419 contenti
2805 1379 2927 1419 esse
2953 1365 3236 1425 debemus.
3288 1370 3443 1429 Nunc
3470 1373 3575 1431 hoc

1976 1449 2210 1506 sufficiat
2229 1493 2246 1519 ,
2275 1461 2335 1507 ut
2363 1464 2588 1523 propter
2614 1456 2863 1526 egregios
2891 1472 3069 1513 mores
3088 1501 3103 1524 ,
3136 1470 3191 1514 et
3233 1462 3576 1533 incompara-

1976 1543 2140 1599 bilem
2179 1545 2340 1600 lidem
2369 1548 2800 1620 sapientiamque
2832 1566 2938 1606 non
2967 1549 2996 1589 ά
3034 1552 3268 1609 mediam
3298 1554 3467 1612 frater
3486 1557 3576 1612 die

1978 1647 2098 1692 ctus
2144 1638 2214 1693 sit
2264 1638 2521 1695 Domini:
2567 1651 2620 1697 et
2650 1643 2791 1712 quod
2823 1645 3031 1713 primus
3067 1646 3118 1701 ei
3153 1647 3406 1703 Ecclesia:
3434 1664 3574 1719 pra:-

1980 1733 2165 1798 fuerit,
2194 1750 2315 1801 qua:
2342 1736 2517 1805 prima
2550 1740 2600 1791 in
2627 1738 2793 1810 3%
2817 1736 3090 1795 Christum
3112 1741 3343 1797 credens
3370 1758 3442 1798 ex
3472 1744 3570 1800 Ju-

282 1828 494 1885 adunco
521 1844 656 1884 naso
681 1842 852 1897 esset,
890 1848 958 1885 an
992 1843 1181 1887 recto:
1213 1846 1267 1888 et
1297 1842 1476 1887 utrum
1512 1832 1745 1885 frontem
1779 1847 1873 1886 ve-
1902 1833 1951 1893 B
1979 1827 2113 1882 dicis
2159 1827 2329 1882 fuerat
2372 1842 2718 1900 congregata.
2766 1831 3030 1886 Dicuntur
3058 1834 3275 1903 quidem
3302 1844 3361 1891 et
3387 1836 3577 1892 cmteri

280 1920 437 1976 stirct
462 1936 616 1976 coma
640 1938 655 1976 :
700 1937 770 1976 an
799 1922 879 1991 (ut
908 1920 1166 1979 Clemens
1191 1924 1242 1976 in
1268 1923 1513 1979 Periodis
1540 1924 1662 1993 ejus
1684 1921 1871 1995 refert)

282 2012 556 2067 calviticm
602 2012 833 2070 haberet
878 2014 931 2069 in
979 2016 1178 2085 capite.
1232 2014 1343 2071 Nec
1376 2026 1505 2087 puto
1547 2016 1875 2085 Apostolicm

284 2102 452 2158 fuisse
479 2105 784 2175 gravitatis,
813 2117 869 2160 ut
901 2116 1025 2176 post
1055 2116 1260 2161 tantam
1292 2115 1319 2144 ⁸
1351 2108 1570 2162 triennii
1602 2122 1877 2178 prarpara-

284 2199 482 2252 tionem
509 2241 525 2265 ,
569 2198 772 2269 aliquid
821 2200 1113 2254 humanum
1163 2201 1218 2255 in
1267 2200 1430 2257 Petro
1475 2201 1707 2257 voluerit
1732 2202 1878 2271 aspi-

281 2305 427 2347 cere.
482 2290 589 2348 Sed
637 2291 721 2346 his
752 2293 922 2348 oculis
951 2293 1165 2364 aspexit
1194 2310 1315 2349 eum
1341 2334 1357 2359 ,
1397 2294 1599 2366 quibus
1628 2304 1684 2350 et
1712 2293 1877 2350 modo

283 2387 337 2442 in
364 2386 527 2459 395
558 2386 817 2458 Epistolis
844 2387 957 2443 suis
984 2388 1216 2445 videtur.
1248 2390 1344 2445 His
1373 2390 1547 2445 oculis
1573 2388 1776 2445 Paulus
1797 2389 1881 2444 vi-

283 2481 364 2537 dit
387 2483 627 2553 Cepham
654 2528 669 2550 ,
702 2484 901 2553 quibus
941 2499 1084 2539 nunc
1121 2499 1151 2537 a
1184 2483 1543 2553 prudentibus
1572 2483 1879 2554 quibusque

286 2572 486 2629 Paulus
535 2574 655 2643 ipse
700 2575 1056 2645 conspicitur.
1117 2573 1272 2643 Quod
1310 2573 1357 2629 si
1384 2574 1469 2629 cui
1499 2588 1608 2627 non
1638 2572 1874 2640 videtur,

286 2682 407 2722 cum
433 2668 705 2737 superiori
731 2683 898 2724 sensu
924 2668 1117 2739 jungat
1143 2665 1251 2740 [ΑΙ.
1278 2664 1491 2739 junget]
1523 2665 1640 2720 haec
1659 2665 1877 2721 omnia:

285 2760 428 2828 quod
473 2758 608 2814 nihil
659 2759 761 2814 sibi
811 2759 1043 2829 apostoli
1093 2758 1448 2814 contulerint.
1490 2756 1624 2811 Nam
1655 2756 1877 2827 etquod

288 2851 435 2906 visus
463 2850 571 2925 [ΑΙ.
600 2849 810 2924 jussus]
842 2853 914 2907 sit
942 2852 1022 2907 ire
1047 2850 1442 2921 Jerosolymam
1468 2891 1483 2915 ,
1530 2848 1598 2903 ad
1642 2849 1745 2904 hoc
1773 2849 1881 2904 isse

287 2954 347 2998 ut
386 2943 600 2999 videret
630 2943 937 3013 apostolum
964 2986 980 3012 ,
1022 2941 1050 2983 ι’
1083 2958 1194 2998 non
1223 2941 1470 2998 discendi
1498 2940 1683 2996 studio
1707 2985 1722 3010 ,
1752 2940 1878 3011 quia

287 3045 339 3091 et
367 3035 484 3104 ipse
506 3036 757 3091 eumdem
781 3036 1183 3105 praedicationis
1207 3034 1432 3090 haberet
1448 3042 1758 3099 auctorem;
1784 3034 1880 3088 sed

288 3128 514 3183 honoris
546 3128 710 3199 priori
750 3127 999 3198 apostolo
1036 3126 1339 3183 deferendi.

1978 1922 2207 1989 apOstoli
2242 1921 2436 1977 fratres
2470 1922 2722 1991 Domini,
2764 1925 2904 1979 sicut
2938 1925 2988 1978 in
3016 1924 3352 1996 Evangelia:
3404 1926 3572 1998 Vade,

1980 2012 2063 2065 dic
2084 2012 2333 2083 fratribus
2356 2015 2511 2067 meis:
2538 2016 2669 2068 rado
2697 2016 2767 2069 ad
2788 2015 3004 2070 Patrem
3041 2033 3212 2071 meum
3229 2062 3245 2088 ,
3290 2027 3340 2073 et
3369 2020 3440 2073 ad
3468 2018 3583 2075 Pa-

1980 2114 2105 2160 trem
2128 2116 2384 2160 vestrum:
2410 2116 2460 2161 et
2482 2108 2552 2160 ad
2574 2106 2742 2162 Deum
2769 2126 2958 2175 meum,
2990 2124 3038 2165 ct
3065 2111 3135 2166 ad
3159 2110 3325 2167 Deum
3353 2124 3579 2168 vestrum

1980 2194 2161 2268 (Joan.
2190 2213 2284 2262 xx,
2316 2196 2425 2268 ιτ).
2467 2197 2535 2253 Et
2568 2198 2623 2253 in
2652 2198 2862 2269 psnlmo
2889 2216 2902 2253 :
2940 2198 3185 2256 Narrabo
3208 2218 3394 2257 nomen
3432 2214 3580 2258 tuum

1981 2289 2228 2361 fratribus
2280 2290 2444 2343 meis:
2486 2290 2543 2344 in
2594 2292 2762 2345 medio
2805 2291 3055 2348 Ecclesia
3094 2300 3314 2349 cantabo
3366 2304 3415 2350 te
3452 2295 3577 2369 (Ps.

1982 2399 2094 2452 xxx,
2123 2384 2241 2456 ει).
2293 2383 2403 2438 Sed
2440 2384 2705 2455 praecipue
2745 2384 2834 2442 hic
2864 2385 3034 2442 frater
3059 2388 3291 2459 dicitur,
3316 2389 3404 2444 cui
3436 2389 3581 2445 ﬁlios

1984 2477 2176 2534 matris
2218 2492 2333 2533 suae
2363 2478 2429 2533 ad
2461 2478 2678 2534 Patrem
2706 2478 2906 2535 vadens
2933 2478 3197 2535 Dominus
3226 2480 3584 2537 commenda-

1983 2584 2157 2626 verat.
2213 2571 2277 2625 Et
2326 2572 2602 2642 quomodo
2646 2571 2750 2627 Joh
2790 2580 2847 2627 et
2888 2572 3073 2627 caueri
3100 2573 3423 2643 patriarcha:
3447 2572 3583 2630 dicti

1984 2678 2111 2722 sunt
2150 2666 2369 2737 quidem
2416 2667 2598 2721 famuli
2627 2667 2768 2736 Dei,
2805 2669 2899 2723 sed
2940 2668 3095 2739 quasi
3122 2670 3398 2741 egregium
3423 2670 3587 2742 quid-

1984 2759 2109 2814 dam
2134 2757 2351 2830 Mnyses
2379 2757 2567 2813 habuit
2590 2807 2604 2828 ,
2654 2769 2716 2814 ιιι
2738 2760 3072 2816 scriberetur
3100 2761 3171 2817 de
3199 2778 3265 2817 eo
3287 2803 3305 2829 ,
3338 2762 3446 2818 Sed
3470 2780 3578 2819 non

1984 2852 2116 2906 sicut
2148 2850 2354 2921 Moyses
2388 2850 2615 2920 famulus
2644 2867 2784 2905 mens
2815 2850 3005 2922 (Hebr.
3038 2868 3121 2918 ιιι,
3145 2853 3232 2925 5):
3264 2852 3347 2909 sic
3371 2865 3425 2909 et
3454 2855 3588 2911 heao

1987 2951 2074 2996 tus
2115 2941 2348 2998 lacubus
2391 2941 2701 3009 specialiter
2731 2942 2901 2998 frater
2932 2944 3145 3000 Domini
3177 2946 3259 3017 (ut
3280 2955 3408 3003 ante
3436 2946 3579 3005 dixi-

1987 3035 2133 3106 mus)
2154 3036 2457 3105 appellatus
2480 3047 2585 3092 est.
2618 3036 2774 3105 Quod
2795 3050 2976 3094 autem
3001 3043 3246 3111 exceptis
3265 3041 3580 3109 duodecim,

1987 3127 2203 3197 quidam
2231 3138 2497 3183 vocentur
2526 3130 2791 3198 apostoli,
2832 3130 2963 3186 illud
3008 3133 3059 3187 in
3090 3148 3251 3187 causa
3295 3145 3417 3193 est:
3467 3151 3589 3192 om-

360 3218 425 3274 Et
462 3220 630 3274 mansi
659 3220 801 3292 apud
823 3236 935 3274 eum
965 3218 1143 3273 diebus
1168 3216 1482 3289 quindecim.
1542 3213 1658 3269 Non
1692 3213 1881 3285 grandi
1910 3217 1958 3283 C
1990 3235 2086 3276 nes
2112 3222 2203 3291 qui
2236 3221 2525 3275 Dominmn
2560 3222 2834 3287 viderant,
2873 3236 2927 3279 et
2958 3240 3080 3280 eum
3107 3236 3295 3297 postea
3320 3228 3585 3298 praedica-

286 3308 513 3381 i:.diguit
538 3310 854 3382 magisterio
882 3311 973 3381 qui
1001 3318 1155 3364 tanto
1171 3324 1232 3365 se
1253 3308 1321 3363 ad
1343 3306 1634 3362 videndum
1661 3306 1880 3362 Petrum

287 3413 534 3475 tempore
565 3404 909 3476 praeparavit.
941 3404 1010 3460 Et
1033 3404 1160 3459 licet
1188 3402 1511 3473 quibusdam
1541 3399 1882 3471 superfluum

284 3499 555 3568 videatur,
589 3513 844 3554 numeros
870 3512 1089 3569 quoque
1109 3498 1199 3568 qui
1228 3497 1281 3551 in
1313 3495 1612 3564 Scripturis
1638 3505 1765 3548 sunt
1786 3494 1882 3549 oh-

284 3606 508 3649 servare
532 3610 545 3646 :
583 3601 762 3648 tamen
790 3607 896 3647 non
923 3591 1020 3648 abs
1044 3607 1106 3647 re
1129 3590 1369 3645 arbitror
1390 3586 1705 3660 quindecim
1736 3586 1879 3652 dies,

282 3688 482 3758 quibus
509 3686 649 3757 apud
677 3688 893 3742 Petrum
916 3684 1116 3741 Paulus
1137 3683 1430 3749 habitavit,
1466 3681 1686 3752 plenam
1710 3680 1880 3750 signi-

283 3779 447 3833 ficare
472 3778 756 3832 scieruiam
778 3820 793 3844 ,
834 3783 1381 3844 consummatamque
1406 3771 1736 3828 doctrinam.
1790 3770 1881 3827 Si-

281 3870 499 3941 quidem
551 3870 861 3941 quindecim
912 3879 1041 3925 sunt
1088 3869 1332 3925 carmina
1381 3868 1435 3922 in
1466 3866 1772 3933 Psalterio,
1822 3876 1882 3922 et

280 3963 594 4033 quindecim
634 3963 837 4033 gradus
884 3977 983 4034 per
1030 3975 1166 4032 quos
1200 3960 1267 4015 ad
1298 3959 1600 4016 canendum
1636 3970 1660 3999 ο
1688 3974 1879 4016 ascen-

281 4053 417 4107 dunt
476 4053 619 4117 Deo,
673 4061 728 4108 et
771 4054 826 4107 in
873 4053 1027 4108 atriis
1078 4052 1199 4122 ejus
1245 4051 1660 4107 consistendum
1695 4049 1878 4121 justus

282 4147 552 4202 ascendit.
592 4145 857 4204 Ezechias
884 4162 1101 4217 quoque
1128 4146 1440 4216 quindecim
1467 4160 1736 4201 annorum
1766 4161 1882 4215 spa-

285 4240 361 4291 tio
390 4240 494 4294 sibi
529 4238 596 4294 ad
628 4239 791 4294 vitam
817 4237 951 4293 dato
972 4280 988 4304 ,
1014 4239 1229 4309 signum
1258 4238 1511 4307 accipere
1552 4248 1800 4293 meretur
1827 4238 1880 4292 in

282 4331 541 4401 gradibus
561 4331 700 4400 (Isa.
726 4330 957 4400 xxxvut)
982 4349 995 4385 :
1030 4340 1087 4386 et
1115 4329 1488 4385 solemnitates
1516 4329 1612 4385 Dei
1636 4345 1666 4384 a
1688 4330 1879 4400 quinto

280 4424 499 4481 decimo
526 4424 614 4480 die
639 4424 909 4494 incipiunt
938 4422 1137 4497 (Exod.
1163 4426 1288 4495 xu).
1338 4422 1559 4477 Necnon
1591 4421 1742 4494 (quia
1780 4423 1880 4477 du-

283 4519 485 4590 plicem
519 4516 929 4591 intelligentiam
973 4516 1289 4589 sequamur)
1327 4527 1619 4588 prepterea
1645 4515 1877 4587 quinde-

1986 3312 2151 3379 bant,
2188 3312 2355 3367 fuisse
2396 3313 2672 3383 apostolos
2705 3315 3006 3384 appellatos
3028 3358 3044 3384 ,
3085 3327 3144 3371 ut
3167 3317 3233 3373 ad
3263 3317 3583 3378 Corinthios

1986 3405 2276 3461 scribitur:
2313 3405 2448 3471 Quia
2478 3406 2612 3460 risus
2653 3416 2726 3460 est
2754 3405 2971 3478 Cephea,
3005 3417 3123 3479 post
3148 3410 3256 3464 luce
3285 3409 3392 3465 illis
3420 3412 3588 3469 unde-

1985 3497 2120 3550 cim:
2163 3496 2345 3551 deinde
2378 3498 2515 3551 visus
2552 3506 2626 3551 est
2664 3498 2781 3567 plus
2828 3514 2982 3568 quam
3011 3499 3306 3572 quingentis
3335 3502 3585 3573 fratribus

1983 3588 2168 3654 simul,
2210 3604 2274 3643 ea:
2303 3588 2488 3660 quibus
2512 3589 2661 3642 multi
2704 3598 2909 3644 manent
2938 3606 3099 3661 usque
3125 3590 3299 3646 adhuc
3321 3608 3340 3646 :
3371 3594 3587 3665 quidam

1982 3689 2155 3733 autem
2200 3679 2557 3735 dormierunt:
2616 3680 2800 3736 deinde
2840 3683 2976 3738 visus
3014 3690 3090 3737 est
3126 3682 3322 3739 Jacobo
3345 3727 3362 3753 ,
3398 3686 3587 3744 deinde

1983 3773 2231 3846 apostolis
2261 3774 2496 3828 erunibus
2531 3774 2576 3845 (1
2598 3772 2721 3829 Cor.
2756 3790 2847 3839 xv,
2876 3773 2910 3829 5
2930 3776 3122 3849 seqq.).
3157 3777 3421 3834 Paulatim
3446 3796 3580 3837 vero

1981 3873 2224 3935 tempore
2260 3864 2625 3935 procedente;
2671 3874 2724 3919 ct
2749 3864 2876 3920 alibi
2907 3865 2975 3921 ah
3011 3866 3095 3920 his
3135 3883 3272 3938 quos
3314 3868 3579 3928 Dominus

1977 3958 2237 4027 elegerat,
2269 3957 2499 4012 ordinati
2526 3966 2654 4012 sunt
2680 3958 2942 4028 apostoli;
2986 3958 3126 4014 sicut
3158 3960 3251 4016 ille
3275 3960 3344 4016 ad
3370 3962 3581 4033 Philip-

1984 4063 2180 4118 penses
2234 4063 2417 4103 sermo
2462 4049 2703 4103 declarat
2739 4049 2965 4105 dicens:
3017 4049 3383 4107 Necessarium
3409 4063 3585 4110 autem

1982 4141 2274 4195 existimari
2289 4139 2707 4212 Epaphroditum
2729 4143 3360 4215 fratrem,lcooperatorem
3382 4158 3428 4203 et
3440 4165 3583 4204 com-

1982 4235 2265 4291 militonem
2293 4252 2491 4302 meum,
2541 4246 2763 4289 vestrum
2791 4246 2959 4291 autem
2984 4238 3275 4309 apostolum
3294 4282 3307 4305 ,
3340 4249 3387 4293 et
3431 4242 3587 4297 mini-

1982 4342 2146 4385 strum
2172 4331 2483 4385 necessitatis
2504 4345 2631 4383 mea:
2656 4331 2854 4385 mittere
2883 4330 2951 4385 ad
2990 4349 3074 4386 vos
3102 4330 3331 4402 (Philip.
3365 4349 3427 4401 ιι,
3458 4334 3583 4405 25).

1984 4425 2049 4479 Ει
2080 4425 2147 4479 ad
2188 4423 2497 4479 Corinthios
2526 4424 2594 4480 de
2638 4425 2834 4478 talibus
2869 4425 3155 4480 scribitur:
3205 4426 3324 4482 Siue
3360 4428 3587 4499 apostoli

1985 4515 2358 4598 Ecclesiarum,
2376 4514 2557 4586 gloriae
2573 4513 2682 4587 [AL
2701 4515 2756 4569 in
2771 4514 2961 4586 gloria]
2988 4514 3080 4570 llei
3097 4515 3167 4588 (ll
3185 4516 3306 4572 Cor.
3324 4532 3443 4588 vui,
3461 4519 3581 4591 25).

352 4689 380 4719 ⁸
418 4679 562 4736 Nihil
606 4678 873 4750 ejusmodi
922 4678 976 4733 in
1027 4675 1489 4750 Recognitionum
1545 4673 1703 4750 libris
1753 4673 2100 4750 Qte-prum
2132 4673 2315 4750 schola
2359 4672 2671 4750 subscribit.
2721 4671 3053 4750 Exponenda
3101 4673 3263 4750 latius
3305 4677 3579 4736 sententia

277 4753 450 4807 menti
500 4744 782 4821 perperam
826 4749 1085 4816 ascriptis
1133 4744 1429 4821 hodienum
1472 4751 1557 4821 est
1605 4744 1872 4821 invenire.

278 4822 405 4878 Mox
447 4815 1041 4887 unus'Cistercieusis,
1096 4817 1307 4873 triennii
1353 4815 1772 4889 praedicationem
1803 4816 1879 4871 le-

314 4898 373 4948 ii.

273 4909 375 5003 sui;
406 4964 526 5019 Duo
557 4977 688 5017 mss.
730 4977 834 5016 non
871 4960 1084 5016 uidendi
1111 4959 1317 5025 studio,
1348 4958 1471 5027 quia
1498 4969 1545 5013 et
1575 4958 1685 5029 ipse
1706 5002 1721 5028 ,
1767 4966 1876 5014 etc.

276 5034 452 5092 Antea
475 5045 615 5097 erat,
647 5034 735 5100 qui
768 5048 865 5102 pro
890 5034 1035 5099 quia.

351 5117 374 5146 ε
406 5106 466 5161 lu
504 5121 613 5160 uno
645 5100 894 5159 Palatino
931 5104 1315 5160 desiderantur
1355 5116 1548 5165 voces,
1579 5100 1650 5153 ad
1685 5116 1877 5154 canen-

277 5178 424 5233 dum.
478 5177 744 5232 Victorius
775 5172 1233 5243 quemadmodum
1263 5180 1319 5228 et
1341 5172 1631 5226 Rabbanus
1671 5170 1873 5227 rectius

279 5260 458 5304 tacent
485 5252 828 5316 subsequens
858 5245 1104 5307 verbum,
1138 5246 1438 5316 ascendunt.

349 5315 377 5355 ἀ
413 5320 565 5374 Hauc
594 5311 781 5373 vocem
819 5333 927 5371 non
955 5316 1221 5370 intellexit
1252 5315 1525 5369 Mariattus
1555 5311 1827 5368 Victorius
1853 5331 1867 5365 :

278 5388 405 5445 ideo
463 5390 532 5444 de
586 5404 688 5444 suo
743 5391 922 5457 posuit
969 5387 1230 5440 modicam
1294 5395 1487 5440 contra
1541 5398 1870 5439 consensum

278 5477 416 5516 mss.
445 5459 605 5516 codd.
636 5501 652 5525 ,
682 5462 772 5530 qui
808 5474 998 5514 omnes
1027 5462 1265 5530 retinent
1287 5499 1301 5522 ,
1328 5457 1736 5530 sapientiamque
1763 5470 1871 5530 non

279 5533 500 5586 mediam
526 5571 540 5596 ,
581 5524 643 5585 id
669 5524 754 5585 est
797 5546 905 5584 non
933 5529 1297 5593 mediocrem,
1335 5524 1430 5580 sed
1464 5526 1620 5596 primi
1648 5524 1866 5592 gradus,

279 5606 491 5673 plenam
512 5594 568 5658 et
588 5610 1041 5673 consummaturi).
1069 5600 1246 5654 Mser.
1273 5627 1345 5639 ——
1367 5594 1863 5673 Maluit_Victorius,

280 5668 381 5727 non
408 5676 680 5728 modicam.
711 5671 981 5727 Caeterum
1008 5672 1130 5725 vide
1159 5687 1279 5740 qua:
1306 5676 1362 5723 et
1390 5683 1488 5740 nos
1515 5668 1867 5740 observamus

283 5744 505 5799 laudato
549 5753 736 5799 eontra
772 5742 1079 5797 Helvidium
1126 5738 1264 5794 libro
1296 5741 1361 5793 ad
1395 5738 1867 5808 llieronymianam

283 5813 355 5873 de
380 5814 635 5871 fratribus
662 5814 873 5868 Domini
897 5813 1222 5868 sententiam
1241 5853 1255 5878 ,
1281 5811 1367 5865 cui
1389 5813 1566 5864 omnis
1591 5810 1869 5879 theologo-

565 5907 843 5973 ΡΑτιιυι..
891 5904 1130 5968 XXVI.

1982 4754 2087 4811 est,
2112 4744 2321 4816 dictum
2352 4743 2563 4811 fratrem
2588 4741 3091 4816 DominiJacobum,
3118 4746 3267 4812 juxta
3297 4759 3575 4816 receptam

1982 4815 2124 4887 apud
2148 4813 2365 4887 Judaeos
2394 4813 2952 4887 consanguinitatem,
2986 4824 3168 4887 utpote
3195 4818 3284 4885 qui
3316 4813 3472 4873 natus
3500 4820 3577 4875 sit

1982 4883 2048 4942 ei
2070 4883 2232 4941 Maria
2259 4900 2448 4939 sorore
2468 4883 2736 4952 Deipnrzn,
2759 4900 2877 4955 qua:
2894 4883 3356 4955 MariaCleophm,
3381 4888 3431 4942 id
3462 4896 3572 4955 est,

1982 4958 2237 5023 Cleonha:
2260 4970 2395 5009 uxor
2418 4955 2534 5016 fuit.
2567 4955 2727 5021 eique
2745 4953 3031 5015 Jacohnm.
3056 4953 3265 5022 Josem,
3290 4953 3571 5016 Simonem

1981 5038 2038 5085 et
2056 5030 2247 5085 Judam
2274 5026 2502 5096 peperit.
2536 5033 2591 5079 et
2620 5025 2814 5079 fratres
2841 5027 3053 5080 Domini
3077 5042 3183 5080 una
3212 5041 3407 5082 omnes
3429 5045 3455 5081 a
3479 5030 3574 5085 Ju-

1982 5100 2115 5155 dteis
2145 5102 2285 5166 apud
2332 5097 2637 5150 Matthaeum
2672 5098 3037 5150 nominantur.
3086 5096 3345 5152 Solebant
3384 5108 3568 5157 autem

1984 5169 2199 5226 ilcbraai
2226 5177 2376 5227 mnu
2425 5170 2617 5222 fratres
2662 5182 2859 5222 vocare
2905 5167 3210 5235 httjttStuudi
3239 5172 3570 5239 consangui-

1975 5258 2110 5297 neos
2155 5245 2269 5297 sive
2319 5240 2706 5302 Consobrinus,
2751 5254 2888 5308 quos
2912 5251 2965 5294 et
2988 5256 3087 5293 nos
3115 5239 3407 5308 aliquando
3441 5240 3573 5295 Cer-

1975 5329 2156 5367 manos
2181 5310 2297 5368 sive
2318 5316 2508 5380 fratres
2531 5326 2800 5379 germanos
2826 5309 3077 5364 dicimus.
3114 5310 3246 5363 Tota
3272 5310 3566 5366 difﬁcultas

1973 5384 2027 5439 in
2054 5398 2119 5438 eo
2158 5390 2272 5446 est,
2302 5381 2445 5451 quod
2474 5381 2709 5435 Jacobus
2737 5380 2859 5446 iste,
2895 5391 2949 5451 ut
2975 5391 3028 5451 et
3050 5380 3567 5449 alii,'Alphaeitilius

1971 5454 2191 5514 dicitur.
2216 5448 2601 5521 nou—Cleopba:
2622 5468 2633 5504 :
2654 5452 2741 5506 cui
2758 5450 3120 5505 satisfacimus
3140 5448 3571 5508 demenstrando

1970 5545 2101 5602 illud
2149 5528 2285 5632 νηίπτ
2330 5556 2529 5597 nomen
2558 5541 2765 5597 Iudaeis
2802 5540 3105 5605 familiare,
3158 5556 3315 5609 posse
3341 5550 3575 5610 utroque

1971 5638 2133 5693 modo
2162 5630 2268 5705 iugi
2298 5643 2352 5689 et
2382 5630 2638 5705 Chalphai
2657 5671 2672 5697 ,
2700 5642 2755 5686 et
2782 5630 3068 5705 (λψρ-ΙΙ(ιὶἶ
3113 5642 3271 5705 atque
3300 5634 3377 5705 ita
3398 5648 3422 5681 n
3460 5633 3566 5686 La-

1969 5711 2084 5763 tino
2101 5701 2418 5764 sive‘Grteco
2441 5701 2738 5777 interprete
2757 5703 2882 5755 alibi
2905 5701 3161 5777 llalphai,
3177 5704 3300 5756 alibi
3320 5702 3568 5777 CleOpltat'

1974 5781 2197 5837 lcctum.
2235 5778 2366 5833 Vide
2394 5791 2544 5847 supr.
2573 5772 2877 5830 Comment.
2910 5774 2962 5827 in
2993 5773 3184 5828 Matth.
3208 5790 3303 5829 xu.

3170 5892 3242 5957 11
