4028 6368
524 360 627 420 5⁸51

1783 353 1840 411 S.
1886 348 2156 412 EUSEBII
2195 348 2570 411 HIERONYMI

3712 348 3824 413 332

523 480 667 536 Silas
706 490 922 547 quoque
952 482 1003 529 et
1042 468 1211 529 Jndas
1238 469 1307 526 ab
1334 468 1598 540 apostolis
1621 510 1636 537 ,
1680 469 1913 540 apostoli
1947 468 2122 524 nomi-
2146 475 2200 531 A
2226 479 2546 540 persecutus
2573 467 2775 534 fuerat,
2808 469 3054 540 potuisse
3078 466 3322 526 existere
3351 468 3650 543 gloriosum
3669 510 3685 537 ,
3716 471 3822 527 nisi

527 571 641 626 nati
670 578 817 623 sunt.
860 565 1015 623 Unde
1046 564 1403 620 vehementer
1433 563 1656 625 erravit,
1684 562 1781 633 qui
1813 571 1838 598 α
1881 561 2119 617 arbitra-

523 674 611 718 tus
632 670 716 717 est
734 660 995 715 Jacobum
1024 657 1167 712 hunc
1192 656 1261 712 de
1289 655 1587 727 Evangelio
1607 695 1623 723 ,
1660 670 1785 712 esse
1807 656 2117 724 apostolum

521 756 749 825 fratrem
795 750 1022 811 Joannis
1066 767 1079 805 :
1127 765 1290 822 quem
1342 757 1558 819 constat
1604 758 1730 819 post
1782 748 2117 819 Stephanum

514 848 670 919 juxta
698 844 858 900 ﬁdem
888 842 1126 899 Actuum
1160 842 1535 917 apostolorum
1566 842 1887 913 sanguinem
1916 839 2120 897 fudisse

518 955 621 1012 pro
651 937 870 993 Christo
893 937 1097 1005 (Actor.
1131 933 1253 1007 xu).
1286 933 1387 993 Hic
1411 948 1594 991 autem
1631 932 1873 1007 Jacobus
1908 931 2120 1003 episco-

516 1047 619 1103 pus
666 1028 1135 1097 Jerosolymorum
1182 1026 1389 1099 primus
1426 1025 1568 1093 fuit,
1628 1033 1995 1097 cognomento
2024 1023 2120 1080 Ju-

513 1137 671 1182 stus:
705 1123 791 1177 vir
821 1130 985 1176 tantae
1014 1119 1320 1183 sanctitatis
1356 1127 1414 1175 et
1445 1117 1685 1175 rumoris
1714 1118 1766 1173 in
1799 1116 2022 1191 populo,
2057 1124 2118 1173 ut

512 1217 785 1274 ﬁmbriam
832 1212 1145 1273 vestimenti
1190 1212 1309 1287 ejus
1357 1211 1609 1267 certatim
1656 1208 1818 1285 397
1849 1218 2117 1283 cuperent

513 1312 801 1382 attingere.
856 1308 961 1377 Qui
1008 1317 1065 1363 et
1112 1308 1229 1378 ipse
1280 1314 1467 1377 postea
1505 1305 1575 1361 de
1606 1306 1808 1374 templo
1836 1319 1869 1361 a
1910 1302 2116 1361 Iudaeis

488 1404 905 1476 .prmcipiiatus,
937 1414 1312 1457 successorem
1336 1398 1526 1465 habuit
1543 1398 1849 1469 Simonem,
1869 1413 2031 1470 quem
2061 1408 2120 1455 et

508 1498 687 1568 ipsum
717 1494 936 1550 tradunt
963 1508 1062 1563 pro
1087 1493 1317 1548 Domino
1339 1490 1685 1549 cruciﬁxum.
1728 1491 1900 1564 Negat
1927 1507 1989 1549 se
2011 1491 2115 1549 ita-

510 1606 617 1661 que
649 1596 846 1658 pratter
874 1587 975 1642 hos
1009 1600 1335 1657 quemquam
1361 1584 1732 1657 apostolorum
1759 1584 2111 1651 convenisse,

510 1697 580 1739 ne
611 1681 825 1736 occulta
856 1676 1218 1739 contradictio
1248 1685 1565 1735 nasceretur
1590 1692 1604 1731 :
1650 1676 1865 1732 etiamsi
1887 1690 1916 1729 a
1947 1675 2113 1732 Petro

510 1790 619 1829 non
651 1787 710 1828 es
740 1772 954 1837 doctus,
985 1770 1121 1825 alios
1152 1767 1392 1827 habuisti
1419 1767 1699 1843 apostolos
1722 1774 2106 1838 praeceptores.

2224 564 2541 633 praedicatio
2572 563 2721 632 ejus,
2751 579 2942 617 eorum
2972 580 3192 636 quoque
3219 564 3311 635 qui
3338 572 3464 620 ante
3491 580 3615 620 eum
3648 576 3669 605 ε
3705 582 3822 620 ma-

2224 655 2334 709 lum
2372 664 2657 717 noverant,
2691 664 2839 710 esset
2859 655 3066 726 judicio
3092 658 3469 728 comprobata.
3515 657 3668 715 Etad
3695 675 3823 729 pro-

2224 747 2459 815 positum
2500 746 2713 802 occulte
2754 746 2927 813 redit,
2969 759 3079 804 tam
3113 749 3279 804 breve
3310 759 3523 823 tempus
3555 766 3614 807 se
3642 750 3697 805 in
3727 751 3821 806 Ju-

2222 837 2340 893 dzea
2373 835 2570 894 fecisse
2601 839 2936 895 conﬁrmans
2978 850 3037 896 ut
3074 842 3241 897 etiam
3279 844 3431 899 vultu
3461 843 3817 902 credentibus

2222 940 2369 1005 esset
2408 932 2645 1002 ignouts.
2718 930 2801 987 Ex
2835 948 2941 1005 quo
2973 935 3244 1001 ostendit,
3282 950 3388 990 non
3419 935 3639 993 Petrum
3661 977 3676 1003 ,
3709 952 3817 994 non

2218 1022 2482 1079 Jacobum
2504 1064 2520 1092 ,
2566 1040 2674 1079 non
2717 1023 2985 1081 Joannem
3015 1040 3076 1082 se
3106 1026 3367 1083 habuisse
3397 1027 3685 1099 doctores,
3717 1030 3816 1086 sed

2217 1114 2495 1173 Christum
2521 1158 2537 1184 ,
2578 1117 2669 1189 qui
2719 1118 2824 1174 sibi
2858 1118 3209 1190 Evangelium
3249 1120 3575 1177 revelasset.
3642 1122 3817 1178 Simul

2217 1223 2400 1268 autem
2429 1214 2725 1269 notandum
2762 1214 2909 1285 quod
2940 1231 3106 1287 supra
3148 1216 3360 1273 dicatur
3386 1217 3693 1275 Ecclesiam
3715 1235 3818 1276 ex-

2218 1320 2490 1377 pugnasse
2513 1347 2527 1373 ,
2563 1305 2651 1362 hic
2680 1305 2839 1361 fidem
2863 1324 2877 1359 :
2904 1308 2976 1362 ibi
3004 1308 3276 1377 homines,
3310 1309 3397 1365 hic
3417 1325 3552 1376 rem;
3588 1320 3646 1365 ut
3669 1326 3817 1369 nunc

2217 1395 2328 1469 [ΑΙ.
2347 1396 2496 1470 tunc]
2524 1400 2886 1468 opportunius
2908 1399 3240 1456 inferretur:
3271 1399 3606 1472 Evangeliaat
3626 1402 3809 1473 ﬁdem,

2214 1504 2371 1562 quam
2421 1489 2708 1559 aliquando
2744 1491 3091 1562 expugnabat.
3162 1491 3242 1549 De
3283 1493 3526 1550 Ecclesia
3559 1495 3705 1551 enini
3735 1495 3813 1552 si-

2215 1583 2420 1638 militer
2446 1599 2649 1639 sonare
2678 1599 2786 1639 non
2819 1593 3096 1656 poterant.

2285 1676 2445 1749 (Cap.
2481 1678 2546 1733 ll.
2571 1677 2822 1736 —Vers.
2855 1681 2909 1750 1,
2939 1680 3023 1750 2.)
3063 1678 3266 1735 Deinde
3309 1692 3423 1752 post
3472 1700 3634 1738 annos
3678 1700 3811 1756 qna-

2213 1769 2527 1838 tuordecim,
2559 1788 2766 1826 rursum
2797 1771 3005 1827 ascendi
3032 1771 3439 1845 Jerosolymam,
3467 1790 3584 1828 cum
3606 1773 3810 1831 Barna-

508 1868 626 1923 Non
671 1865 802 1920 vidit
845 1875 1029 1920 autem
1066 1877 1197 1919 eos:
1247 1875 1356 1916 non
1398 1858 1545 1932 quod
1573 1862 1910 1932 contemptui
1941 1860 2105 1921 duce-
2138 1859 2187 1919 B
2215 1862 2313 1929 ba,
2344 1873 2610 1935 assumpto
2641 1874 2690 1917 et
2725 1861 2868 1919 Tiro.
2909 1864 3135 1919 Ascendi
3161 1876 3334 1920 autem
3358 1866 3640 1921 secundum
3667 1884 3812 1923 reve-

478 1971 615 2027 .ret,
666 1957 763 2014 sed
786 1956 933 2026 quod
959 1955 1038 2011 illi
1067 1954 1134 2010 ad
1160 1952 1522 2027 Evangelium
1551 1952 1963 2025 prazdicaudum
1995 1960 2109 2009 toto

501 2050 721 2113 fuerant
751 2046 887 2103 orbe
916 2044 1172 2114 dispersi.

574 2142 757 2215 (Vers.
788 2138 907 2210 20.)
955 2139 1086 2206 Qua:
1134 2147 1308 2194 autem
1350 2139 1521 2195 scribo
1563 2138 1744 2194 vobis:
1781 2153 1900 2193 ecce
1926 2152 2105 2193 coram

503 2235 616 2291 Deo
640 2279 657 2305 ,
705 2233 830 2305 quia
865 2248 969 2287 non
1009 2233 1251 2288 mentior.
1292 2231 1423 2289 Sive
1457 2230 1785 2301 simpliciter
1825 2231 2103 2301 accipien-

504 2329 632 2385 dum
658 2369 674 2393 ,
721 2336 780 2379 ut
818 2325 893 2380 sit
928 2342 941 2376 :
974 2323 1106 2392 Quae
1134 2322 1320 2381 scribo
1346 2322 1501 2383 vobis
1526 2363 1541 2388 ,
1575 2337 1705 2379 vera
1730 2332 1878 2388 sunt,
1906 2333 1963 2378 et
1992 2323 2104 2379 Deo

502 2431 643 2476 teste
696 2417 967 2473 conﬁrmo
994 2457 1011 2483 ,
1061 2415 1189 2487 quia
1230 2416 1380 2471 nulla
1427 2422 1545 2472 arte
1588 2413 1918 2482 verborum,
1952 2415 2103 2471 nullo

503 2523 633 2571 sunt
658 2510 835 2566 fucata
867 2509 1174 2566 mendacio.
1218 2507 1348 2566 Sive
1369 2507 1556 2575 altius,
1582 2516 1644 2563 ut
1664 2508 1877 2575 legatur
1907 2526 1919 2562 :
1970 2510 2102 2576 Quae

503 2606 688 2662 scribo
719 2604 896 2669 vubis,
924 2618 1109 2657 coram
1136 2601 1249 2656 Deo
1271 2609 1423 2669 sunt,
1447 2599 1501 2656 id
1522 2608 1626 2667 est,
1652 2599 1751 2655 Dei
1773 2600 1937 2672 digna
1964 2616 2099 2656 con-

504 2706 716 2769 spectu.
777 2696 961 2764 Quale
1011 2702 1195 2749 autem
1247 2692 1341 2748 Dei
1381 2690 1541 2763 digna
1573 2692 1907 2762 conspectu?
1964 2692 2103 2761 Quia

500 2792 734 2858 scilicet,
769 2807 879 2845 nou
902 2787 1165 2846 mentior.
1200 2786 1269 2842 Et
1294 2784 1573 2858 quomodo
1596 2784 1741 2841 oculi
1765 2784 1981 2841 Domini
2010 2801 2102 2841 su-

498 2900 604 2956 per
632 2884 811 2954 justos
844 2880 1023 2950 (Psal.
1051 2877 1270 2952 xxxrn);
1296 2878 1494 2935 avertit
1516 2885 1695 2933 autem
1726 2876 1922 2934 faciem
1944 2892 2099 2937 suam

503 2992 536 3032 a
564 2983 859 3046 conspectu
886 2970 1215 3043 impiorum:
1250 2972 1322 3029 ita
1353 2983 1501 3027 nunc
1529 2984 1593 3027 ea
1614 2984 1735 3039 quae
1756 2970 2096 3038 scribuntur,

503 3086 689 3128 coram
722 3067 958 3125 Domino
985 3073 1139 3137 sunt,
1171 3079 1263 3120 me
1288 3079 1397 3120 non
1426 3064 1727 3121 mentiente
1757 3063 1849 3133 qui
1877 3064 2094 3120 scribo:

500 3175 625 3235 qua:
657 3175 766 3217 non
809 3167 998 3215 essent
1040 3170 1228 3212 coram
1266 3155 1523 3223 Domino,
1555 3154 1603 3210 si
1626 3153 1913 3210 meutirer.
1984 3156 2101 3210 Hoc

2210 1954 2495 2008 lationem:
2527 1963 2573 2007 ct
2604 1954 2804 2009 contuli
2834 1971 2955 2009 cum
2981 1956 3055 2010 eis
3085 1953 3466 2028 Evangelt'um,
3504 1957 3645 2025 quod
3672 1973 3810 2030 pra:-

2209 2046 2325 2100 dico
2370 2046 2425 2099 in
2456 2047 2735 2118 gentibus:
2762 2064 2998 2104 seorsum
3036 2058 3209 2104 autem
3242 2047 3325 2106 Itis
3362 2052 3452 2124 qui
3482 2040 3806 2122 videbantur,

2208 2155 2272 2192 ne
2295 2142 2430 2211 forte
2450 2141 2505 2194 in
2526 2156 2745 2194 vacuant
2763 2157 3044 2206 currerent,
3075 2150 3166 2196 aut
3189 2144 3553 2199 cucurrissent.
3579 2145 3637 2200 Id
3661 2145 3807 2216 quod

2206 2246 2369 2302 supra
2397 2231 2627 2287 Latinus
2658 2234 2950 2304 interpres,
2981 2236 3233 2305 acquievi,
3266 2235 3487 2293 dixerat
3512 2238 3566 2294 in
3592 2254 3659 2294 eo
3681 2240 3806 2295 loco

2206 2325 2297 2380 ubi
2327 2326 2590 2395 scriptum
2615 2336 2703 2381 est
2728 2345 2742 2381 :
2772 2325 3035 2383 Continuo
3063 2345 3167 2382 non
3184 2330 3420 2401 acquievi
3438 2333 3587 2386 carni
3613 2341 3662 2387 et
3684 2350 3807 2388 san-

2202 2416 2368 2486 guini,
2389 2416 2439 2471 in
2468 2418 2730 2487 praesenti
2752 2419 2893 2483 loco,
2924 2419 3142 2487 contuli,
3169 2421 3341 2492 magis
3360 2438 3521 2492 quam
3542 2425 3803 2495 acquievi,

2204 2508 2593 2577 interpretatus
2623 2522 2726 2568 est.
2757 2512 2827 2569 Et
2853 2522 2913 2568 ut
2940 2515 3123 2570 verius
3152 2514 3351 2585 dicam,
3377 2513 3401 2552 δ
3432 2530 3618 2573 sermo
3651 2517 3806 2577 Grie-

2204 2618 2303 2659 cus
2345 2605 2581 2677 ἁνεθέμην
2616 2605 2764 2662 aliud
2804 2607 3059 2672 quiddam
3099 2624 3260 2679 quam
3299 2609 3444 2679 apud
3487 2626 3587 2665 nos
3636 2611 3802 2667 intel-

2203 2695 2413 2768 ligitur,
2462 2712 2584 2752 cum
2635 2697 2852 2754 scilicet
2891 2715 2956 2755 ea
2996 2714 3117 2770 quae
3150 2700 3424 2770 novimus,
3458 2702 3801 2760 conferimus

2202 2804 2327 2845 cum
2350 2790 2559 2857 amico;
2598 2800 2653 2847 et
2680 2792 2838 2863 quasi
2871 2793 2923 2847 in
2957 2794 3136 2849 sinum
3173 2794 3295 2863 eius
3322 2803 3379 2852 et
3406 2795 3798 2854 conscientiam

2203 2884 2549 2955 reponimus,
2588 2893 2648 2940 ut
2689 2886 2808 2956 pari
2838 2886 3070 2943 consilio
3099 2888 3190 2943 vel
3221 2889 3500 2959 probanda
3535 2891 3679 2955 sint,
3708 2891 3797 2949 vel

2202 2975 2596 3046 improbanda,
2647 2993 2772 3048 qua:
2823 2979 3101 3036 novimus.
3173 2981 3438 3037 Ascendit
3481 2982 3645 3054 igitur
3674 2992 3799 3054 post

2201 3067 2618 3138 quattuordecim
2649 3084 2824 3125 annos
2842 3071 3275 3147 Jerosolymam,
3305 3084 3361 3128 et
3390 3073 3481 3146 qui
3510 3076 3662 3145 prius
3684 3084 3798 3133 tan-

2205 3167 2319 3214 tum
2362 3160 2429 3216 ad
2482 3160 2775 3217 videndum
2827 3172 3144 3232 perrexerat
3190 3166 3445 3236 Petrum,
3497 3174 3552 3222 et
3601 3167 3797 3224 diebus

466 3320 469 3325 ,
498 3271 684 3315 autem
713 3270 823 3311 non
853 3252 1027 3308 solum
1059 3249 1129 3307 de
1163 3249 1250 3305 his
1279 3264 1403 3321 quae
1434 3262 1580 3304 nunc
1613 3246 1806 3303 scribit
1831 3246 1903 3302 ad
1932 3246 2093 3303 Gala-
2122 3242 2169 3306 C
2200 3252 2513 3322 quindecim
2546 3264 2829 3310 manserat
2856 3257 3000 3326 apud
3029 3272 3153 3311 eum
3178 3297 3192 3321 ,
3235 3274 3379 3312 nunc
3418 3273 3478 3313 se
3509 3259 3642 3315 dicit
3669 3261 3798 3318 ideo

497 3360 584 3407 tas
610 3395 625 3422 ,
656 3355 842 3419 potest
872 3342 1078 3418 accipi;
1129 3342 1228 3399 sed
1267 3350 1324 3399 et
1351 3339 1691 3414 generaliter
1716 3338 1786 3395 de
1813 3337 1898 3395 his
1922 3339 2100 3395 omni-

499 3445 603 3503 bus
653 3440 949 3513 Epistolis:
1004 3438 1133 3509 quia
1166 3450 1277 3491 non
1313 3445 1443 3491 sunt
1484 3434 1621 3489 falsa
1662 3446 1786 3501 qua:
1815 3432 2016 3487 scribat
2043 3440 2098 3487 et

497 3556 599 3597 cor
629 3540 748 3609 ejus
778 3540 1060 3604 verbaque
1089 3546 1197 3589 non
1230 3529 1561 3600 discrepent.

573 3631 758 3703 (Vers.
786 3626 907 3696 2i.)
939 3625 1138 3679 Deinde
1162 3622 1276 3676 veni
1306 3622 1361 3676 in
1389 3629 1568 3688 partes
1598 3620 1772 3692 Syria:
1802 3626 1849 3674 et
1877 3615 2093 3672 Ciliciw.

496 3726 631 3781 Post
677 3717 1037 3789 Jcrosolymat
1087 3712 1357 3767 visionem
1407 3710 1558 3765 venit
1604 3708 1673 3764 ad
1699 3708 1944 3783 Syriam,
1976 3719 2099 3776 quae

498 3816 785 3872 nobiscum
839 3810 1038 3863 dicitur
1081 3803 1284 3859 excelsa
1333 3811 1500 3874 atque
1544 3800 1799 3856 sublimis.
1862 3798 1931 3853 Et
1970 3797 2099 3853 inde

499 3907 721 3966 transiit
772 3904 840 3959 ad
878 3900 1123 3957 Ciliciam
1144 3939 1158 3963 ,
1206 3911 1370 3968 quam
1399 3895 1459 3951 in
1484 3893 1593 3950 ﬁde
1618 3892 1820 3950 Christi
1843 3890 2100 3961 cupiebat

498 4012 810 4063 assumere,
846 3992 1234 4063 evangelizans
1256 3990 1307 4044 ei
1340 3984 1681 4043 vocationem
1713 3982 2051 4056 paenitentia:
2078 3998 2093 4037 :

501 4092 689 4149 Cilicia
728 4088 932 4161 quippe
974 4085 1369 4154 interpretatur
1414 4079 1693 4150 assuntpti,
1736 4078 1855 4134 sive
1893 4074 2095 4131 vacatio

500 4184 866 4243 lamentabilis.

572 4278 757 4349 (Ἴθι-δ.
788 4272 1030 4344 ξιξ-ει.)
1061 4268 1224 4324 Erant
1249 4275 1420 4323 autent
1448 4265 1651 4338 ignotus
1681 4262 1817 4335 facie
1845 4258 2097 4316 Eccletiis

498 4376 701 4432 ludicre
728 4414 744 4440 ,
793 4386 905 4443 qua:
944 4367 1182 4425 erantin
1210 4363 1419 4421 Christo
1463 4360 1611 4417 Jetu.
1660 4358 1883 4414 Tantum
1923 4365 2097 4412 autem

501 4471 741 4528 auditum
784 4464 1083 4520 habebant:
1143 4460 1393 4532 quoniam
1436 4457 1524 4528 qui
1558 4455 1956 4527 persequebatur
2000 4466 2096 4505 nos

501 4564 783 4637 aliquando
803 4606 818 4630 ,
848 4573 985 4614 nunc
1012 4552 1337 4626 evangeliea:
1366 4551 1523 4620 ﬁdem
1543 4564 1697 4619 quam
1718 4545 1981 4615 quondam
2007 4559 2097 4599 eat-

2204 3345 2535 3414 perrexisse.
2568 3353 2626 3398 ut
2656 3344 2934 3401 conferret
2958 3361 3080 3400 cum
3108 3348 3369 3415 apostolis
3398 3348 3795 3419 Evangelium;

2201 3444 2484 3504 assumpto
2522 3434 2772 3489 Barnaba
2818 3435 3181 3504 circumciso,
3214 3444 3270 3492 et
3298 3437 3423 3493 Tito
3454 3454 3518 3494 ex
3546 3440 3799 3511 gentibus

2202 3523 2437 3587 habente
2479 3523 2808 3596 praeputium
2840 3542 2855 3580 :
2887 3534 2949 3581 ut
2994 3526 3095 3582 sub
3134 3542 3231 3583 ore
3271 3527 3502 3585 duorum
3549 3544 3602 3587 et
3631 3533 3799 3591 trium

2201 3615 2450 3682 testium,
2480 3623 2654 3670 staret
2678 3631 2846 3673 omne
2870 3617 3098 3674 verbum
3133 3618 3311 3691 (Deut.
3336 3637 3447 3689 xu,
3485 3622 3599 3694 15).
3626 3622 3801 3683 Aliud

2199 3716 2283 3764 est
2314 3717 2499 3765 autem
2530 3708 2803 3778 conferre,
2837 3710 2985 3766 aliud
3010 3710 3242 3768 discere.
3271 3712 3422 3770 lnter
3441 3715 3799 3776 conferentes

2202 3800 2486 3869 aequalitas
2526 3810 2639 3868 est;
2677 3801 2817 3856 inter
2846 3802 3133 3859 docentem
3172 3812 3228 3860 et
3254 3804 3582 3877 discentem,
3614 3810 3801 3869 minor

2201 3903 2282 3949 est
2313 3894 2402 3951 ille
2425 3895 2513 3965 qui
2541 3895 2723 3951 discit.
2755 3896 2812 3950 lu
2842 3895 3115 3967 principio
3147 3897 3295 3964 ﬁdei,
3322 3897 3375 3954 in
3404 3903 3638 3957 transitu
3663 3919 3797 3975 apo-

2201 3986 2376 4043 stolos
2406 3987 2549 4044 vidit
2571 3986 2678 4061 [AL
2704 3986 2896 4060 videt].
2937 3987 3067 4043 Post
3107 4004 3282 4045 annos
3310 3992 3391 4063 (ut
3421 3992 3538 4062 ipse
3564 3992 3670 4063 ait)
3701 3994 3801 4052 de-

2200 4093 2318 4134 cem
2349 4086 2405 4133 et
2432 4090 2641 4152 septem
2661 4120 2676 4144 ,
2705 4085 2867 4150 plene
2894 4095 3019 4135 cum
3050 4080 3130 4135 eis
3162 4080 3423 4151 loquitur,
3450 4091 3509 4138 et
3537 4098 3596 4138 se
3616 4082 3802 4141 humi-

2200 4168 2300 4224 liat
2328 4186 2343 4224 :
2396 4179 2451 4226 et
2493 4186 2560 4227 ne
2585 4169 2750 4242 399
2776 4168 2921 4226 forte
2949 4171 3002 4226 in
3029 4186 3258 4226 vacuum
3287 4182 3378 4226 aut
3406 4184 3679 4245 curreret,
3701 4188 3802 4237 aut

2198 4263 2551 4327 cucurrisset,
2570 4261 2812 4331 inquirit.
2842 4262 3119 4332 Duplicem
3137 4264 3208 4319 ob
3230 4280 3593 4338 causam,quo
3621 4278 3676 4325 et
3696 4268 3799 4327 litt-

2200 4355 2401 4412 militas
2427 4356 2811 4410 ostenderetur
2834 4354 3106 4427 P.iu|i,qui
3132 4356 3323 4412 doctor
3344 4355 3397 4412 in
3417 4360 3798 4432 totoorbejam

2199 4447 2535 4518 gentium,ad
2561 4461 2923 4517 praecessores
2937 4449 3212 4518 apostolos
3227 4451 3555 4508 cucurrisset
3576 4468 3590 4510 :
3615 4461 3670 4508 et
3683 4452 3798 4509 Ga-

2201 4540 2616 4597 lattediscerent
2641 4540 2748 4614 [Αἰ.
2766 4539 3037 4614 dicerent]
3062 4557 3169 4598 non
3196 4543 3522 4612 reprobasse
3548 4542 3798 4617 Evange-

501 4635 795 4731 pugnabat:
827 4662 873 4706 et
904 4651 959 4705 in
978 4664 1057 4701 me
1080 4642 1445 4718 gloriﬁcabant
1464 4639 1655 4696 Deum.
1686 4636 1946 4694 Ecclesiae
1974 4650 2095 4707 quae
2121 4654 2175 4714 D
2201 4635 2330 4731 lium
2361 4637 2630 4731 ejusj-ens
2659 4651 2877 4707 quoque
2905 4635 3011 4731 qui
3030 4638 3086 4731 in
3106 4636 3294 4731 Judaea
3325 4637 3582 4731 Ecclesiis
3607 4642 3799 4731 praesi-

503 4759 660 4809 ei‘ant
690 4748 742 4802 in
777 4742 1001 4808 Judma,
1050 4738 1277 4793 Paulum
1311 4744 1522 4790 tantum
1560 4745 1781 4787 rumore
1818 4742 2098 4799 cognove-

502 4852 645 4902 rant.
681 4841 760 4895 Ex
788 4837 986 4908 quibus
1012 4833 1288 4905 pleraeque
1315 4844 1443 4885 eum
1463 4826 1635 4896 magis
1661 4831 2094 4894 persecutorem,

502 4951 664 5009 quam
690 4929 1008 5000 apostolum
1040 4924 1311 4979 viderant.
1351 4920 1514 4991 Syria
1540 4931 1670 4973 vero
1704 4922 1762 4971 et
1790 4922 1974 4985 partes
2001 4911 2097 4968 Ci-

496 5032 637 5088 licia:
663 5071 677 5093 ,
734 5023 938 5081 Arabia
981 5029 1038 5076 et
1083 5020 1380 5074 Damascus
1402 5059 1415 5084 ,
1451 5029 1517 5069 ex
1548 5013 1699 5066 vultu
1727 5024 1941 5081 quoque
1966 5021 2092 5063 eum

497 5126 724 5183 forsitan
761 5125 1058 5173 noverant:
1085 5111 1212 5184 quia
1237 5110 1435 5166 Doctor
1463 5104 1708 5177 gentium
1739 5103 2090 5173 Evangelium

497 5216 703 5274 Christi
733 5229 842 5269 non
867 5209 1105 5270 ludatis,
1142 5204 1238 5260 sed
1270 5203 1523 5274 gentibus
1551 5200 1718 5271 398
1740 5197 2087 5267 praedicabat.

497 5311 694 5366 Totum
742 5312 926 5361 autem
975 5298 1121 5371 quod
1145 5295 1173 5335 ι’
1203 5295 1353 5368 agit,
1390 5292 1522 5349 illud
1572 5303 1698 5348 est:
1731 5302 1787 5345 ut
1807 5292 2003 5346 doceat
2029 5303 2091 5344 se

492 5414 789 5472 numquam
817 5396 886 5452 de
915 5401 1272 5466 persecutore
1299 5387 1445 5459 apud
1475 5400 1571 5442 eos
1606 5385 1753 5457 ipsos
1767 5399 1904 5458 quos
1934 5382 2089 5454 prius

567 5527 593 5554 ³
621 5515 773 5571 Unus
807 5509 1021 5565 videtur
1061 5507 1132 5561 ita
1171 5502 1412 5560 sensisse
1445 5513 1638 5560 auctor
1663 5499 1869 5568 Quaest.
1900 5499 1951 5553 in
1988 5498 2091 5571 sa-

490 5567 833 5651 crant'Script
845 5595 993 5633 urant
1009 5579 1147 5633 inter
1239 5575 1517 5651 Athanasii
1535 5567 2085 5651 Opera,n_t_ta-s_t..‘152_§

490 5637 756 5727 signa;
787 5637 923 5705 iuuu
953 5649 1205 5727 Aposlqn
1238 5649 1303 5727 ad
1334 5637 1597 5727 llebrmos
1629 5643 1835 5727 x1155:
1869 5637 2087 5727 anna;

491 5715 934 5800 ἐτόμπανίσθησαν
956 5761 971 5785 ,
1009 5715 1083 5774 Ue
1119 5719 1395 5775 chUHaIO
1432 5718 1637 5774 Jacobi)
1680 5718 1846 5768 l'tatre
1871 5715 2086 5768 Domitii

486 5799 900 5861 interpretatur.

559 5867 588 5907 δ
627 5855 938 5937 Legebatur
985 5872 1143 5918 antea
1171 5902 1186 5929 ,
1233 5862 1375 5935 quod
1413 5860 1522 5931 ait,
1571 5855 2085 5916 contradicentibus

2202 4726 2424 4782 debant.
2464 4727 2634 4782 Simul
2659 4738 2844 4782 autem
2877 4735 2933 4781 et
2956 4726 3090 4782 illud
3121 4726 3305 4795 docet,
3334 4726 3481 4799 quod
3506 4745 3605 4801 pro
3636 4730 3797 4787 Chri-

2201 4818 2269 4872 sti
2302 4817 2406 4873 fide
2447 4826 2503 4872 et
2533 4817 2808 4888 Evangelii
2844 4816 3094 4873 libertate
3115 4858 3131 4885 ,
3180 4817 3247 4872 ad
3274 4833 3370 4874 eos
3402 4818 3556 4891 ipsos
3598 4821 3691 4892 qui
3723 4821 3796 4878 de

2198 4926 2267 4967 eo
2314 4910 2471 4981 plura
2528 4904 2940 4981 cognoverant,
2997 4910 3142 4981 quod
3190 4911 3391 4984 Legem
3443 4913 3789 4985 infringeret,

2198 5004 2421 5076 Moysen
2468 5005 2806 5071 destrueret,
2850 5004 3328 5062 circumcisionem
3358 5007 3576 5077 penitus
3607 5008 3795 5067 aufer-

2197 5106 2303 5165 ret,
2333 5113 2501 5152 ausus
2530 5101 2603 5153 sit
2624 5096 2823 5152 ducere
2867 5098 3046 5152 Titum
3066 5140 3081 5164 ,
3110 5098 3385 5154 hominem
3431 5099 3795 5157 incircumci-

2199 5206 2344 5246 sum.
2407 5189 2476 5244 Et
2514 5190 2658 5245 inter
2701 5202 2903 5244 tantam
2943 5190 3344 5269 mpltitudinem
3384 5191 3695 5247 Judaaorum
3735 5202 3797 5249 et

2198 5284 2453 5339 inimicos
2478 5299 2607 5339 suos
2625 5323 2641 5350 ,
2679 5285 2771 5354 qui
2800 5284 2956 5355 quasi
2982 5285 3052 5339 ob
3076 5286 3251 5341 zelum
3279 5283 3439 5356 Legis
3468 5285 3791 5357 sanguinem

2198 5379 2247 5450 ej
2259 5394 2321 5434 ns
2360 5377 2581 5433 haurire
2625 5378 2953 5451 cupiebant,
2985 5394 3086 5435 nec
3124 5379 3242 5449 ipse
3264 5422 3278 5448 ,
3303 5393 3404 5435 nec
3425 5378 3578 5435 Titus
3605 5378 3791 5450 aliquo

2194 5509 2354 5556 mss.,
2385 5509 2483 5562 pro
2512 5495 2641 5566 agit.

2269 5579 2292 5607 ο
2328 5567 2441 5622 Duo
2468 5564 2626 5638 mss,
2660 5567 2958 5623 Rahbanus
2986 5565 3295 5633 etVictor.,
3322 5582 3438 5622 eum
3460 5564 3597 5621 male
3626 5581 3785 5621 nove-

2190 5648 2569 5765 razt‘Audiant
2598 5709 2731 5765 illud
2762 5709 2996 5778 imperiti
3026 5708 3256 5767 Clerici.
3280 5708 3370 5775 qui
3395 5706 3643 5779 peritiam
3670 5707 3785 5764 lin-

2188 5796 2308 5851 gunt
2347 5783 2555 5851 Grajca:
2587 5784 2637 5835 in
2672 5781 3001 5851 Hieronymo
3028 5782 3218 5838 nolunt
3242 5779 3415 5839 fuiSse
3437 5821 3454 5846 ,
3481 5779 3586 5837 nisi
3612 5781 3781 5839 mini-

2189 5850 2335 5910 mam
2359 5860 2416 5910 et
2442 5850 2560 5910 fere
2589 5852 2817 5910 nullam.
2854 5850 3032 5910 MART.
