4028 6390
283 428 390 487 355

830 424 1485 484 COMMEN'l‘ARlORUM
1527 426 1594 484 IN
1635 427 2022 486 EPISTOLAM
2063 428 2157 488 Al)
2197 428 2521 486 GALATAS
2558 428 2688 487 LIB.
2732 430 2771 486 l.
2813 430 2967 489 CAP.
3010 428 3075 490 ll.

3483 438 3589 500 554

284 543 399 600 sint
429 548 642 598 terrore
666 541 915 611 superati
946 543 1261 599 necessitati
1281 542 1501 600 cedere.
1554 544 1686 613 Quae
1715 547 1893 615 potuit
1918 550 1968 609 Α
1994 545 2229 615 gendum
2273 547 2419 617 quod
2450 546 2604 602 Titus
2637 546 2754 618 ipse
2779 547 2869 618 qui
2896 550 3155 619 compelli
3189 561 3319 609 ante
3352 569 3461 611 non
3489 573 3590 627 po-

286 634 495 695 habere
544 635 763 691 veniam
790 674 806 701 ,
854 635 939 690 vel
990 651 1092 707 pro
1135 636 1286 703 loco,
1325 638 1410 694 vel
1445 652 1542 708 pro
1567 638 1890 694 auctoritate

285 725 579 796 majorum,
614 726 701 782 vel
729 740 828 796 pro
857 742 1087 783 numero
1117 728 1490 785 Ecclesiarum
1511 770 1525 795 ,
1554 746 1676 799 qua:
1705 730 1771 787 de
1791 731 1886 785 Ju-

289 819 426 877 dtcis
455 821 509 876 in
544 819 771 876 Christo
800 819 1118 889 credebant,
1150 823 1234 877 vel
1267 839 1363 891 pro
1381 833 1647 893 tempore,
1677 841 1747 878 ne
1775 835 1892 879 tan~

292 925 408 973 tam
440 915 605 971 simul
635 914 898 971 invidiam
929 914 1288 972 sustinerent.
1329 917 1560 985 Quidam
1599 928 1723 986 post
1754 932 1889 988 qua-

296 1006 603 1067 tuordecim
633 1021 808 1063 annos
837 1021 960 1062 eum
985 1006 1386 1080 lerosolymam
1426 1009 1742 1065 ascendisse
1765 1017 1893 1065 tunc

295 1100 511 1167 dicunt,
541 1099 758 1171 quando
786 1098 840 1154 in
878 1100 1110 1155 Actibus
1139 1101 1515 1172 apostolorum
1545 1101 1613 1156 de
1635 1101 1893 1171 quaestio-

298 1191 460 1248 nibus
486 1189 863 1258 obserVanda',
895 1191 983 1246 vel
1018 1193 1505 1262 prmtermittenda:
1532 1193 1719 1263 Legis,
1750 1194 1893 1249 inter

298 1285 587 1347 credentes
611 1285 914 1341 Antiochia:
953 1296 1073 1341 orta
1113 1287 1388 1344 dissensio
1436 1296 1554 1354 est;
1605 1299 1660 1344 et
1692 1286 1895 1358 placuit

296 1381 381 1438 ire
405 1379 832 1451 Jerosolymam,
848 1386 904 1434 et
922 1381 1259 1436 sententiam
1278 1381 1546 1450 majorum
1565 1382 1893 1453 praestolari,

302 1474 518 1547 quando
540 1473 658 1544 ipse
685 1488 905 1545 quoque
937 1474 1138 1529 Paulus
1170 1485 1225 1530 et
1248 1475 1528 1531 Barnabas
1555 1476 1709 1531 missi
1736 1487 1892 1531 sunt:

298 1578 355 1625 et
383 1568 490 1625 hoc
517 1584 644 1626 esse
671 1568 814 1639 quod
849 1571 902 1625 in
934 1570 1222 1626 codicibus
1254 1570 1467 1641 legatur
1494 1570 1734 1625 Latinis:
1766 1570 1898 1638 Qui—

300 1660 392 1723 bus
434 1660 507 1713 ad
549 1659 736 1714 horam
774 1660 1021 1715 cessimus
1063 1660 1406 1731 subjectioni,
1440 1663 1702 1716 utveritas
1724 1660 1899 1715 Eran-

298 1753 424 1828 gelii
448 1761 800 1826 perseveraret
825 1753 970 1824 apud
1012 1770 1117 1808 vos.
1170 1752 1327 1821 Quod
1360 1754 1571 1810 scilicet
1599 1766 1896 1824 prepterea

302 1850 506 1909 Paulus
556 1858 614 1905 et
644 1848 921 1904 Barnabas
965 1847 1037 1903 de
1068 1864 1129 1903 re
1162 1848 1486 1913 manifesta,
1536 1848 1691 1920 quasi
1733 1848 1897 1904 dubia

1993 641 2099 694 tttit
2144 641 2212 695 ad
2263 641 2745 696 circuincisionem
2771 680 2786 708 ,
2838 657 3056 698 rursum
3093 644 3452 704 circumcisus
3489 651 3584 717 sit,

1992 744 2155 802 atque
2202 734 2529 803 subjectus?
2576 740 2717 803 Aut,
2751 751 2875 806 qua:
2916 747 2998 792 est
3029 738 3130 793 ista
3170 741 3374 795 veritas
3405 743 3591 799 Evan-

1991 826 2116 897 gelii
2135 870 2150 893 ,
2183 826 2465 898 hypocrisi
2495 827 2695 884 cedere
2719 829 3034 885 Judmorum
3059 847 3074 897 ;
3104 838 3162 888 et
3188 849 3252 887 ea
3278 851 3398 906 quas
3427 840 3587 907 prius

1993 918 2212 989 scybaia
2242 919 2635 985 mstimaveris,
2665 928 2721 976 et
2750 923 2902 990 quasi
2930 922 3132 979 damna
3157 931 3585 997 contempseris.

1993 1010 2315 1076 observare,
2346 1019 2400 1064 et
2429 1024 2555 1066 esse
2571 1011 2783 1081 aliquid
2802 1014 3109 1084 mstiinare,
3129 1032 3254 1073 cum
3278 1019 3414 1075 nihil
3435 1022 3591 1079 sint?

1994 1097 2103 1155 Sed
2131 1110 2187 1156 et
2215 1100 2389 1170 ipsius
2417 1100 2680 1169 Epistolas
2700 1105 2887 1159 sensui
2917 1106 3079 1162 valde
3100 1121 3391 1181 repugnat,
3419 1114 3588 1171 Gala-

1995 1201 2080 1247 tas
2110 1192 2177 1247 ad
2208 1192 2683 1248 circumcisionein
2715 1209 3002 1251 revocare.
3027 1197 3143 1253 Hoc
3171 1209 3287 1256 toto
3317 1208 3594 1263 sermonis

1996 1282 2086 1339 sui
2114 1293 2264 1340 textu
2291 1285 2406 1356 agit
2433 1326 2449 1352 ,
2499 1293 2562 1341 ut
2588 1285 2784 1341 doceat
2817 1302 2878 1343 se
2906 1288 3195 1345 Hebraeum
3219 1307 3288 1349 ex
3322 1296 3589 1369 Hebraeis,

1997 1377 2181 1434 omnia
2210 1377 2488 1447 quondam
2525 1378 2690 1447 Legis
2719 1394 2885 1450 opera
2913 1393 3225 1440 servantem
3252 1426 3269 1453 ,
3296 1388 3589 1448 circumci-

1997 1487 2120 1528 sum
2147 1480 2336 1527 octava
2361 1473 2450 1527 die
2483 1473 2781 1528 secundum
2816 1474 3020 1546 Legem
3042 1476 3475 1539 Pharisaeorum:
3508 1486 3596 1540 ni-

1997 1566 2300 1622 hilominus
2318 1578 2500 1622 tamen
2522 1566 2590 1622 ob
2608 1567 2808 1622 Christi
2821 1570 3050 1638 gratiam
3077 1573 3331 1628 universa
3344 1584 3594 1634 contem-

2000 1676 2154 1717 nere.
2189 1662 2460 1715 Namcum
2482 1659 3052 1732 issetJerosolytnam,
3077 1664 3484 1725 etfalsifratres
3504 1672 3597 1741 qui

1999 1770 2063 1810 ex
2082 1755 2499 1809 circumcisione
2540 1753 2895 1810 crediderant
2917 1772 3041 1812 eum
3065 1759 3274 1814 vellent
3309 1760 3598 1833 impellere

1999 1845 2160 1919 θαι
2207 1856 2263 1901 ut
2305 1847 2721 1902 circumcideret
2761 1848 2944 1903 'l‘itum
2979 1867 2991 1903 :
3025 1866 3129 1906 nec
3167 1851 3374 1921 Titum,
3403 1871 3509 1912 nec
3536 1872 3598 1913 se

301 1958 363 2001 se
391 1942 534 1999 mitti
561 1942 706 2013 passi
733 1950 863 1997 sunt
908 1939 1016 2013 [ΑΙ.
1043 1940 1176 2013 sint]
1226 1942 1622 2011 Jcrosolymam
1648 1959 1663 1996 :
1701 1951 1761 1995 ιιι
1790 1957 1897 1996 nia-
1928 1941 1975 2002 B
2004 1943 2238 1997 cessisse
2268 1942 2562 2009 violentiae,
2598 1944 2906 2010 quominus
2933 1945 3276 2000 custodirent
3314 1947 3594 2020 Evangelii

295 2038 477 2108 jorum
522 2050 741 2107 quoque
774 2033 985 2105 judicio
1026 2033 1313 2105 Evangelii
1349 2036 1521 2104 gratia
1553 2035 1899 2100 conﬁrmata,

302 2129 656 2186 credentibus
680 2126 1033 2198 probaretur,
1075 2137 1130 2181 et
1162 2126 1293 2181 nulli
1320 2125 1595 2181 resideret
1624 2127 1767 2180 ultra
1795 2124 1900 2181 dit-

302 2222 500 2280 bitatio
524 2219 975 2277 circumcisionis
996 2220 1219 2275 omissa:
1234 2236 1247 2273 :
1262 2235 1384 2275 cum
1403 2219 1779 2288 apostolorum
1808 2233 1901 2274 es-

304 2323 393 2371 set
420 2314 624 2370 litteris
659 2313 1024 2384 imperatum,
1068 2311 1259 2382 jugum
1291 2311 1453 2381 Legis
1495 2312 1565 2367 ab
1596 2311 1682 2366 his
1710 2312 1806 2380 qui
1847 2311 1902 2366 iu

305 2409 581 2469 Christum
627 2408 988 2465 crediderant
1019 2424 1089 2464 ex
1134 2417 1159 2446 ι
1192 2407 1486 2478 gentibus.
1522 2404 1900 2461 auferendum.

309 2504 501 2562 Potest
546 2512 729 2559 autem
763 2503 867 2558 hoc
899 2502 1042 2571 quod
1075 2503 1189 2558 ait:
1226 2500 1438 2564 Contuli
1468 2517 1582 2554 cum
1623 2501 1696 2555 eis
1725 2499 1903 2553 Euan.

307 2597 524 2671 getiam,
553 2595 693 2667 quod
722 2596 953 2667 praedico
976 2594 1029 2647 in
1060 2594 1338 2666 gentibus:
1370 2609 1600 2646 seorsum
1626 2598 1796 2646 autem
1826 2589 1909 2644 Itis

311 2691 405 2761 qui
434 2688 742 2743 uidebantur
767 2704 785 2742 :
813 2704 878 2742 ue
899 2688 1034 2757 forte
1063 2688 1117 2740 in
1146 2703 1367 2741 vacuum
1399 2701 1688 2749 currerent,
1714 2684 1795 2739 vel
1819 2700 1910 2737 cu-

312 2785 616 2846 currissent.
660 2793 717 2839 et
756 2783 838 2838 sic
873 2782 1142 2852 intelligi,
1178 2792 1237 2836 tit
1272 2781 1590 2835 abscondite
1618 2794 1739 2833 cum
1771 2793 1909 2846 apo-

310 2878 474 2934 stolis
504 2877 738 2948 gratiam
771 2877 1120 2948 Evangelica:
1151 2876 1446 2941 libertatis,
1479 2873 1644 2946 500
1670 2880 1725 2928 et
1749 2871 1911 2941 Legis

314 2969 546 3026 abolitis
590 2978 923 3026 vetustatem
964 2969 1259 3024 contulerit
1285 3011 1299 3036 ,
1346 2975 1574 3038 propter
1606 2964 1914 3019 multitudi—

314 3076 445 3120 nem
480 3061 825 3118 credentium
869 3061 1183 3118 Judazorum
1212 3103 1228 3129 ,
1266 3063 1356 3133 qui
1396 3059 1633 3116 necdum
1661 3067 1918 3128 poterant

311 3156 593 3216 Christum
625 3154 1077 3227 adimpletionem
1104 3164 1162 3210 et
1193 3153 1359 3210 linem
1384 3151 1544 3223 Legis
1575 3150 1787 3216 audire,
1816 3150 1911 3220 qui

311 3248 630 3306 etabsente
662 3248 832 3304 Paulo
856 3288 873 3315 ,
921 3246 1283 3318 Jcrosolymae
1317 3246 1661 3317 jactaverant
1692 3242 1802 3315 [ΑΙ.
1831 3243 1916 3312 ja-

2007 2036 2317 2089 veritatem.
2345 2034 2499 2100 Quod
2527 2034 2573 2089 si
2597 2034 2733 2089 dicit
2755 2050 2815 2091 se
2844 2038 3173 2093 necessitate
3194 2052 3514 2109 superatum
3539 2054 3599 2100 ut

2002 2124 2418 2181 circumcideret
2459 2126 2638 2180 'l'itum
2672 2142 2687 2179 :
2727 2127 3001 2196 quomodo
3046 2130 3269 2189 Galatas
3313 2145 3595 2192 revocata

2003 2217 2448 2284 circumcisione,
2481 2234 2511 2273 a
2542 2234 2649 2289 qua
2689 2235 2791 2275 nec
2824 2220 3030 2291 Titum,
3064 2225 3157 2295 qui
3200 2241 3386 2282 secum
3426 2229 3603 2288 fuerat

2005 2327 2071 2369 ex
2100 2312 2371 2383 gentibus,
2421 2312 2776 2384 ierosolymis
2828 2320 3005 2384 potuit
3056 2322 3364 2376 excusare?
3414 2323 3600 2396 itaque

2005 2416 2098 2459 aut
2121 2404 2277 2475 juxta
2302 2404 2524 2460 Graecos
2559 2406 2781 2461 codices
2810 2416 2895 2462 est
2921 2409 3243 2482 legendum,
3277 2413 3473 2479 Quibus
3513 2434 3605 2473 ue-

2008 2514 2105 2569 que
2130 2499 2199 2552 ad
2221 2500 2402 2554 [mam
2440 2500 2684 2555 cessimus
2710 2502 3022 2573 subjectioni
3045 2521 3065 2569 ;
3094 2514 3152 2560 ut
3197 2522 3605 2579 consequenter

2011 2591 2183 2660 possit
2213 2590 2439 2661 intelligi
2475 2606 2488 2645 :
2521 2601 2578 2646 ut
2617 2594 2800 2647 oet-itas
2831 2593 3101 2669 Evangelii
3126 2610 3422 2671 permaneat
3460 2606 3605 2674 apud

2010 2699 2117 2737 vos.
2144 2681 2255 2737 Aut
2281 2684 2327 2735 si
2360 2682 2535 2738 Latini
2562 2686 3081 2755 exemplarisaiicui
3110 2690 3248 2746 Iides
3273 2692 3481 2765 placet,
3515 2710 3606 2752 seo

2011 2775 2248 2831 cundum
2286 2776 2632 2845 superiorem
2666 2792 2887 2834 sensum
2920 2782 3169 2851 accipere
3199 2783 3464 2842 debemus
3493 2804 3507 2841 :
3549 2799 3610 2842 ut

2011 2867 2078 2922 ad
2120 2870 2306 2921 horam
2348 2868 2529 2922 cessio
2559 2882 2669 2923 non
2692 2870 3123 2928 circumcidendi
3154 2874 3281 2940 Titi,
3309 2878 3408 2934 sed
3439 2880 3605 2936 eundi

2011 2957 2406 3030 Jerosolymam
2444 2959 2627 3015 fuerit.
2657 2962 2775 3027 Quo
2803 2963 3013 3018 scilicet
3042 2965 3249 3023 idcirco
3277 2970 3610 3041 subjectioni

2014 3051 2282 3107 cesserint
2328 3052 2525 3108 Paulus
2569 3062 2626 3107 et
2672 3054 2949 3111 Barnabas
2976 3060 3140 3114 eundi
3187 3060 3614 3135 Jerosolymam,

2017 3143 2290 3200 seditione
2341 3144 2414 3200 ob
2462 3144 2663 3216 Legem
2715 3149 3019 3205 Antiochiae
3055 3153 3325 3211 concitata
3361 3174 3374 3211 :
3408 3168 3468 3213 ut
3515 3176 3613 3230 per

2017 3235 2313 3306 Epistulam
2340 3237 2740 3306 apostolorum,
2767 3253 2862 3294 sua
2891 3242 3160 3297 sententia
3194 3245 3531 3317 ﬁrmaretur,
3556 3259 3613 3306 et

313 3340 686 3414 etitaverant],
720 3341 930 3397 frustra
950 3357 1074 3397 eum
1098 3355 1326 3396 currere
1347 3337 1792 3403 autcueurrisse,
1824 3335 1915 3407 qui
1940 3320 1986 3383 C
2020 3336 2268 3384 maneret
2315 3328 2459 3398 apud
2499 3328 2725 3385 Galatas
2768 3330 3047 3402 Evangelii
3099 3335 3323 3403 veritas,
3350 3354 3474 3408 quae
3503 3355 3614 3397 non

315 3444 540 3508 putaret
565 3434 766 3505 Legem
795 3442 1038 3490 veterem
1069 3449 1175 3488 non
1205 3431 1565 3504 sequendam.
1624 3428 1740 3484 Non
1767 3426 1914 3498 quod

316 3528 527 3586 Paulus
570 3527 852 3596 timuerit,
906 3541 975 3582 ne
1024 3540 1122 3595 per
1159 3524 1353 3581 decem
1399 3532 1455 3579 et
1479 3530 1690 3591 septem
1738 3534 1914 3575 annos

316 3621 517 3678 falsum
542 3622 598 3681 in
626 3621 883 3692 gentibus
907 3618 1266 3689 Evangelium
1301 3614 1695 3687 praedicasset;
1726 3612 1823 3668 sed
1857 3618 1917 3666 ut

315 3716 638 3773 ostenderet
679 3715 1111 3786 praeessoribus
1143 3714 1262 3768 suis
1326 3726 1436 3767 non
1474 3726 1536 3766 se
1576 3710 1630 3764 in
1680 3723 1912 3764 vacuum

317 3821 551 3863 currere
582 3816 675 3861 ant
697 3808 1029 3873 cucurrisse,
1059 3805 1205 3860 sicut
1230 3810 1556 3874 putaverant
1578 3802 1912 3872 ignorantes.

390 3898 579 3973 (Vere.
610 3899 685 3955 3-
705 3897 787 3969 5.)
811 3898 920 3954 Sed
940 3914 1102 3966 neque
1126 3896 1276 3951 Titus
1303 3898 1392 3967 qui
1410 3911 1605 3949 mecum
1633 3903 1767 3955 erat.
1798 3907 1917 3945 cum

319 4001 455 4048 esset
475 4008 542 4047 ea:
565 3991 840 4064 gentibus,
876 3990 1175 4059 commtlsus
1209 3997 1285 4043 est
1320 3986 1643 4042 circumcidi.
1693 3986 1919 4055 Propter

324 4086 751 4143 subintroditctos
775 4093 948 4140 autem
976 4085 1139 4157 falsos
1173 4088 1379 4155 fratres,
1413 4084 1499 4152 qui
1520 4081 1920 4136 subintroierimt

323 4181 591 4251 explorare
616 4179 899 4234 libertatem
922 4187 1190 4245 nostram,
1223 4193 1375 4248 quam
1405 4175 1651 4229 habemus
1681 4176 1735 4229 in
1770 4174 1920 4230 Chri-

326 4278 404 4326 ste
427 4269 556 4326 Iesu
575 4313 590 4337 ,
639 4281 698 4326 ιη
732 4287 826 4325 nos
854 4271 909 4325 in
934 4271 1236 4325 servitutem
1262 4269 1590 4340 redigereut:
1617 4269 1803 4339 quibus
1834 4282 1921 4321 ne-

328 4378 426 4434 que
442 4365 511 4418 ad
535 4364 717 4419 lteram
739 4365 986 4419 cessimus
1010 4364 1343 4434 subjectioni,
1368 4372 1423 4415 ut
1446 4363 1634 4416 ueritas
1652 4360 1921 4432 Evangelii

326 4463 628 4526 perarmat
653 4456 796 4528 apud
826 4471 931 4509 vos.
957 4452 1205 4521 SiTitns,
1240 4469 1365 4508 cum
1389 4464 1531 4508 esset
1558 4470 1623 4508 ex
1645 4454 1919 4524 gentibus,

329 4547 486 4602 nullo
533 4548 711 4618 potuit
747 4556 965 4603 terrore
991 4545 1282 4616 compelli,
1327 4554 1393 4600 ut
1430 4545 1921 4601 circumcideretur

333 4638 730 4711 Jerosolymis,
783 4641 837 4695 in
878 4639 1189 4695 Judmorum
1240 4638 1535 4708 metrOpoli
1583 4638 1838 4707 civitate,
1869 4638 1921 4692 in

2018 3432 2164 3479 esset
2190 3421 2246 3476 in
2270 3420 2476 3487 littera,
2502 3421 2598 3477 sed
2623 3422 2675 3476 in
2702 3423 2895 3492 spiritu
2920 3442 2935 3490 ;
2966 3441 3073 3481 non
3102 3427 3156 3482 in
3179 3430 3387 3484 carnali
3413 3446 3607 3501 sensu,

2016 3514 2115 3571 sed
2163 3515 2218 3570 in
2286 3515 2645 3585 intelligentia
2690 3516 3002 3586 spirituali;
3058 3536 3159 3575 nec
3204 3522 3258 3577 in
3316 3524 3613 3584 manifesto

2017 3609 2317 3676 Judaismo,
2347 3610 2442 3665 sed
2476 3611 2529 3665 in
2553 3611 2787 3667 occulto.
2812 3612 3111 3669 Sciendum
3131 3631 3282 3685 vero,
3317 3619 3485 3689 quod,
3516 3638 3617 3677 au-

2019 3716 2139 3771 tem,
2188 3705 2507 3775 conjunctis
2561 3722 2682 3777 qua:
2730 3705 2785 3760 in
2841 3710 3095 3776 praesenti
3154 3710 3279 3765 loco
3333 3713 3555 3782 ponitur
3598 3734 3614 3772 :

2021 3798 2243 3869 Propter
2286 3799 2708 3856 subintroduetos
2746 3810 2919 3855 autem
2965 3802 3129 3872 falsos
3159 3807 3375 3875 fratres,
3418 3822 3615 3879 super-

2023 3893 2130 3948 ﬂua
2160 3894 2269 3949 sit:
2303 3906 2358 3950 et
2388 3894 2434 3949 si
2476 3894 2710 3964 legatur,
2742 3910 2848 3951 non
2885 3895 3083 3952 habeat
3119 3900 3265 3967 quod
3306 3902 3355 3955 ei
3387 3917 3618 3974 respon-

2020 3985 2166 4053 deat,
2198 3985 2456 4056 illamque
2484 3986 2823 4051 concludat;
2865 3987 2963 4041 sed
2990 4002 3113 4044 esse
3143 3991 3394 4047 ordinem
3424 3994 3622 4052 lectio-

2023 4082 2106 4135 nis
2153 4090 2207 4135 et
2235 4094 2475 4135 sensus:
2516 4079 2620 4136 Sed
2669 4096 2847 4150 neque
2892 4080 3050 4136 Titus
3095 4084 3185 4153 qui
3217 4101 3429 4141 mecum
3472 4099 3615 4159 erat,

2020 4187 2144 4229 cum
2185 4182 2332 4228 esset
2372 4187 2437 4227 es
2467 4172 2747 4242 gentibus,
2787 4174 3104 4243 compulsus
3142 4186 3228 4230 est
3274 4179 3613 4239 circumcidi.

2021 4263 2323 4335 Statimque
2354 4264 2646 4334 subjungat
2670 4279 2790 4333 quae
2810 4279 2973 4320 causa
2998 4264 3184 4334 fuerit,
3215 4277 3273 4324 ut
3294 4271 3365 4325 ad
3385 4274 3622 4329 circum.

2023 4356 2288 4411 cisiouem
2346 4355 2721 4426 impelleretur
2766 4356 2968 4413 invitus
3018 4375 3036 4411 :
3090 4358 3315 4433 Propter
3352 4364 3621 4421 subitura-

2026 4448 2232 4515 ductos,
2256 4447 2454 4518 inquit,
2505 4448 2669 4518 falsos
2712 4452 2928 4517 fratres,
2962 4451 3052 4521 qui
3088 4452 3495 4511 subintroiertmt
3532 4474 3624 4515 ea:—

2024 4539 2235 4611 plorare
2265 4540 2553 4594 libertatem
2586 4550 2823 4594 nostram
2856 4556 3009 4610 quam
3049 4542 3291 4600 habemus
3322 4547 3379 4602 in
3418 4548 3624 4607 Christo

2028 4631 2175 4700 Iesu,
2203 4640 2261 4685 ut
2277 4648 2371 4686 nos
2396 4633 2452 4686 in
2476 4634 2775 4686 seruitutem
2799 4634 3108 4707 rediget-ent.
3141 4648 3163 4677 ο
3185 4638 3434 4706 Quicum
3462 4644 3627 4700 minis

327 4746 437 4803 qua
476 4728 628 4787 tanta
678 4732 882 4788 Paulus
913 4732 1275 4803 blasphemiae
1311 4732 1375 4787 in
1412 4732 1634 4803 Moysen
1660 4731 1925 4801 ﬂagrabat
1953 4714 2321 4787 Dterrcrent,
2374 4732 2430 4778 et
2478 4724 2828 4779 multitudine
2880 4726 3085 4781 vellent
3133 4745 3234 4784 nos
3286 4745 3318 4787 a
3372 4725 3626 4792 libertate

328 4822 586 4879 invidia:
633 4832 694 4878 ut
739 4835 925 4895 postea
977 4838 1120 4894 pene
1149 4840 1178 4878 a
1206 4823 1414 4879 Judaris
1459 4822 1781 4878 interfectus
1829 4823 1926 4890 sit,

327 4917 552 4989 quando
597 4933 627 4973 a
671 4919 892 4974 tribuno
934 4917 1232 4988 liberatur,
1264 4927 1323 4974 et
1360 4917 1587 4972 Romam
1620 4918 1833 4972 vinctus
1861 4916 1927 4972 ad

330 5011 612 5067 Gesarem
661 5010 936 5067 mittitur:
987 5011 1268 5081 quomodo
1304 5010 1530 5082 quidam
1558 5008 1586 5049 ιι
1615 5020 1805 5081 putant
1846 5009 1929 5065 le-

326 5103 567 5174 gendum
602 5117 727 5159 esse
750 5144 765 5169 ,
815 5103 1007 5175 quibus
1028 5103 1098 5157 ad
1122 5102 1308 5158 lteram
1329 5104 1577 5159 cessimus
1598 5104 1927 5176 subjectioni,

334 5202 389 5248 α
413 5194 599 5249 veritas
638 5191 914 5264 Evangelii
949 5203 1251 5266 permaneat
1286 5195 1431 5266 apud
1474 5210 1593 5262 vos,
1629 5202 1685 5249 et
1722 5193 1932 5250 intelli-

412 5364 439 5426 ει
482 5354 677 5426 Υοοεε,
701 5370 765 5426 ea:
789 5354 1046 5426 gentibus.
1083 5356 1260 5412 nostri
1293 5370 1430 5411 mss.
1455 5355 1734 5425 ignorant.

403 5423 435 5464 δ
474 5424 684 5494 Opinor
726 5420 936 5481 Latina:
965 5428 1170 5482 veteris
1194 5469 1209 5491 ,
1256 5443 1418 5498 quam
1446 5420 1694 5481 Halicam
1717 5434 1936 5491 vocant,

336 5495 826 5569 interpretationis
893 5495 1524 5569 auctoresperstringi.
1596 5498 1744 5552 lianc
1795 5500 1941 5553 enim

339 5567 511 5623 fuisse
539 5569 660 5640 ejus
696 5568 987 5624 lectionem
1010 5567 1219 5638 alisque
1251 5570 1484 5640 negandi
1523 5569 1795 5636 particula
1837 5569 1949 5623 col-

343 5640 512 5709 ligare
541 5639 674 5694 licet
708 5655 829 5692 cum
860 5654 927 5694 ex
966 5639 1362 5695 vetustissimis
1390 5640 1543 5695 Pauli
1577 5640 1946 5706 Epistolarum

343 5708 558 5764 Latinis
608 5709 795 5781 codd”
849 5719 959 5764 tum
984 5727 1048 5765 ex
1080 5712 1330 5780 aliquot,
1372 5713 1460 5781 qui
1492 5712 1672 5765 locum
1708 5712 1851 5764 hunc
1875 5710 1951 5764 ita

348 5781 576 5835 laudant
598 5824 613 5845 ,
644 5779 854 5834 Latinis
885 5779 1599 5844 Patribus."l‘ertullianus,
1628 5781 1725 5835 lib.
1753 5795 1783 5834 v
1816 5796 1954 5833 con-

352 5860 433 5905 tra
468 5851 832 5922 Marcionem,
865 5865 989 5921 cap.
1016 5853 1072 5917 5,
1105 5853 1305 5908 nedum
1337 5854 1546 5922 reSpuit
1573 5853 1691 5922 ipse
1721 5851 1956 5922 negandi

355 5921 685 5997 particulam
711 5961 725 5988 ,
759 5922 855 5980 sed
888 5924 993 5981 hoc
1022 5925 1252 5999 insuper
1281 5921 1473 5982 contra
1504 5921 1843 5993 lucreticum,
1870 5921 1961 6001 qui

2031 4816 2232 4875 Christi
2259 4818 2312 4872 in
2336 4817 2497 4887 Legis
2523 4816 2809 4873 traducere
2833 4819 3176 4888 servitutem,
3212 4838 3282 4879 ne
3311 4824 3379 4880 ad
3411 4835 3629 4892 tempus

2031 4910 2249 4983 quidem
2279 4910 2360 4965 eis
2389 4908 2673 4977 cessimus,
2722 4917 2782 4963 ut
2818 4909 3335 4969 eireumeideremus
3381 4917 3564 4974 Titum
3604 4935 3621 4976 :

2035 5005 2270 5061 maxime
2300 5018 2424 5059 cum
2454 5011 2509 5057 et
2537 5000 2718 5072 aliqua
2745 5000 2816 5056 ob
2846 5002 3283 5061 Ecclesiasticam
3315 5023 3505 5078 pacem
3533 5028 3631 5081 po-

2035 5098 2203 5154 tuerit
2227 5112 2326 5153 nos
2355 5096 2651 5151 necessitas
2696 5109 2957 5151 excusare
3004 5112 3021 5151 :
3063 5108 3119 5153 et
3152 5100 3254 5154 hoc
3286 5109 3454 5157 totum
3497 5103 3632 5161 feci-

2038 5205 2181 5260 mus,
2206 5201 2263 5247 ut
2283 5190 2440 5246 vobis
2471 5187 2620 5244 nulla
2648 5188 2806 5245 ﬁeret
2839 5190 3055 5246 occasio
3104 5191 3174 5248 ab
3203 5192 3480 5266 Evangelii
3506 5211 3635 5268 gra-

2045 5369 2170 5411 cum
2208 5368 2271 5409 ea
2324 5352 2570 5422 legerat,
2615 5351 2903 5408 contendit
2935 5395 2951 5418 ,
2983 5355 3327 5412 manifestam
3370 5374 3489 5415 eam
3519 5377 3649 5419 esse

2047 5425 2365 5501 vitiatioueut
2407 5424 2723 5501 Scriptutltr.
2780 5422 3051 5501 Hodierna
3096 5438 3279 5501 autem
3313 5434 3650 5501 exemplaria

2052 5511 2175 5551 cum
2225 5495 2443 5571 Latina,
2477 5504 2589 5548 tum
2632 5495 2851 5571 Graeca,
2903 5496 3344 5571 Hieronymiantc
3392 5495 3649 5571 lcciioni,

2054 5584 2215 5639 nequc
2244 5565 2310 5639 ad
2328 5566 2573 5639 ﬁliorum,
2603 5566 2987 5639 astipulantur.
3034 5565 3189 5633 Quod
3224 5572 3386 5639 paulo
3422 5565 3652 5632 inferius

2055 5635 2291 5717 addit
2326 5638 2493 5717 Pater
2522 5637 2588 5691 de
2627 5635 2943 5717 Graecorqu
2976 5635 3237 5717 codicum
3268 5646 3350 5696 sui
3388 5649 3653 5717 temporis

2057 5711 2388 5768 variatione.
2425 5707 2660 5777 idipsum
2692 5706 3099 5764 Ambrosiaster
3130 5712 3407 5769 observat.

2140 5792 2161 5820 ο
2207 5781 2354 5837 Unus
2384 5779 2681 5842 Palatinus,
2715 5780 2816 5846 Qui
2846 5796 2961 5832 cum
3004 5782 3156 5838 minis
3200 5794 3392 5845 terrere
3418 5790 3658 5850 multiiu-

2066 5853 2237 5908 dincm
2267 5852 2473 5921 vellent,
2505 5860 2553 5906 at
2582 5866 2672 5905 nos
2702 5867 2733 5905 a
2764 5850 3015 5925 libertate,
3049 5866 3156 5911 etc.
