4056 6358
496 256 599 316 333

1745 246 1805 304 S.
1850 240 2122 304 EUSEb'll
2163 241 2539 300 liIERONYMI

3696 239 3802 303 536

498 380 570 432 tia
606 378 932 436 recedendi.
963 374 1022 430 Si
1061 369 1221 444 igitur
1268 381 1369 422 nos
1409 362 1767 436 Jerosoiymis
1796 362 1940 416 inter
1966 370 2086 415 tan-

2195 376 2331 414 nem.
2364 358 2676 436 ’ϊπέρϐατον
2712 366 2820 425 est,
2865 366 2918 413 et
2963 353 3144 412 multis
3185 370 3308 427 qua:
3340 354 3393 409 in
3439 356 3622 410 medio
3671 361 3801 413 sunt

504 481 587 525 tus
616 470 842 525 Judaaos
870 460 1278 522 imminentibus
1306 458 1437 512 hinc
1466 457 1591 510 inde
1624 454 1776 508 falsis
1807 450 2092 515 fratribus,

502 570 559 615 et
584 561 669 614 his
697 560 789 627 qui
821 556 1055 625 majores
1078 558 1239 607 erant
1264 548 1444 617 aliqua
1474 561 1544 601 ex
1588 554 1746 615 parte
1790 542 2096 597 cohibenti-

502 651 625 713 bus,
652 650 800 704 nulla
843 645 1116 715 potuimus
1142 641 1193 696 vi
1241 655 1305 694 ac
1337 639 1549 694 ratione
1584 635 1863 705 compelli,
1896 644 1955 688 ut
1991 634 2093 688 ob-

500 753 844 798 servaremus
889 734 1371 791 circumcisionem
1412 745 1572 800 quam
1620 727 1932 782 sciebamus
1970 739 2094 780 esse

501 834 708 889 ﬁnitam
741 850 755 887 :
787 845 885 885 vos
912 844 980 885 ex
1009 827 1295 900 gentibus,
1327 824 1491 897 5,02
1519 837 1617 877 vos
1645 822 1697 875 in
1729 818 1967 885 Galatia,
1996 832 2093 873 vos

496 927 693 996 quibus
716 924 799 978 vis
829 922 981 977 nulla
1010 921 1201 975 inferri
1238 927 1444 989 potest,
1477 916 1622 970 ultro
1663 931 1693 967 a
1723 913 1897 983 gratia
1937 924 2094 966 rece-

494 1019 724 1084 dentes,
768 1015 837 1071 ad
885 1014 1047 1086 Legis
1095 1014 1209 1083 iam
1261 1010 1487 1067 abolita:
1539 1005 1954 1063 transcendistis
1998 1019 2095 1060 ve-

495 1120 773 1167 tustatem.

564 1206 755 1277 (Vers.
788 1203 869 1274 6.)
924 1202 1001 1256 Ab
1042 1202 1125 1255 his
1152 1210 1327 1255 autem
1355 1199 1445 1269 qui
1489 1197 1794 1251 videbantur
1842 1210 1951 1248 esse
1992 1192 2092 1246 ali-

490 1300 640 1371 quid,
689 1297 870 1368 quales
913 1294 1208 1366 aliquando
1237 1292 1452 1362 fuerint,
1507 1288 1641 1343 nihil
1672 1303 1783 1342 mea
1832 1287 2091 1340 interest:

496 1394 635 1446 Deus
672 1404 946 1463 personam
981 1386 1209 1440 hominis
1260 1400 1364 1437 non
1403 1382 1612 1452 accipit.
1656 1379 1831 1446 Licet,
1885 1376 2085 1447 inquit,

494 1485 713 1539 Petrum
739 1492 796 1538 et
827 1480 1094 1537 Joannem
1126 1476 1391 1533 Dominus
1442 1488 1629 1529 secum
1660 1470 1938 1542 apostolos
1988 1467 2085 1521 ha-

496 1578 697 1644 buerit,
741 1586 796 1631 et
825 1564 1269 1645 transﬁguratum
1319 1583 1443 1624 eum
1494 1566 1550 1621 in
1611 1575 1797 1621 monte
1849 1560 2091 1617 viderint

493 1671 678 1740 (Matt.
710 1685 825 1735 xu;
875 1667 1044 1723 Marc.
1090 1663 1195 1735 ix),
1241 1671 1296 1717 et
1323 1676 1488 1729 super
1536 1660 1686 1730 ipsos
1714 1655 1976 1711 Ecclesia:
2014 1653 2090 1707 sit

2198 453 2482 520 interiecta
2523 451 2773 517 sublatis,
2822 452 2905 506 sic
2950 452 3191 505 breviter
3234 448 3340 518 legi
3394 457 3572 516 potest
3608 466 3622 504 :
3669 448 3797 506 Mihi

2197 545 2340 598 enim
2374 545 2462 612 qui
2496 543 2822 597 videbantur
2875 558 3000 598 esse
3040 540 3175 595 nihil
3230 540 3588 594 contulerunt
3630 556 3646 595 :
3700 540 3799 597 sed

2197 644 2417 689 econtra
2450 634 2709 689 dexteras
2737 633 3007 689 dederunt
3047 633 3178 686 mihi
3208 640 3266 686 et
3295 631 3583 699 Barnabas,
3623 631 3799 689 socie-

2197 728 2344 780 tatis.
2383 727 2492 782 Aut
2527 738 2676 782 certe
2707 729 2797 781 ille
2826 728 3035 798 absque
3068 724 3374 796 iactatione
3409 726 3518 788 sui,
3550 726 3797 783 occultus

2196 829 2281 873 est
2306 834 2499 874 sensus
2533 837 2547 871 :
2579 819 2705 873 Mihi
2735 820 2827 889 qui
2857 819 3192 873 videbantur
3224 832 3351 873 esse
3398 817 3628 887 aliquid,
3659 817 3798 876 nihil

2193 912 2577 977 Contulerunt;
2621 913 2721 967 sed
2769 925 2997 968 econtra
3043 927 3073 967 a
3125 928 3214 967 me
3252 912 3334 968 eis
3382 911 3645 967 collatum
3687 923 3792 983 est,

2193 1006 2320 1060 dum
2342 1008 2479 1060 fiunt
2506 1007 2558 1060 in
2583 1006 2860 1077 Evangelii
2883 1004 3055 1076 gratia
3082 1004 3373 1059 firmiores.
3394 1003 3593 1059 Totum
3613 1014 3795 1064 autem

2192 1098 2335 1169 quod
2362 1100 2515 1163 dicit,
2543 1099 2646 1155 hoc
2675 1109 2761 1156 est
2793 1116 2807 1154 :
2843 1115 2980 1154 unus
3003 1110 3165 1167 atque
3195 1098 3338 1153 idem
3373 1098 3507 1153 mihi
3539 1098 3792 1169 Evange-

2194 1191 2325 1245 littm
2360 1192 2636 1261 prteputii,
2667 1201 2724 1248 et
2753 1192 2917 1246 Petro
2943 1191 3373 1246 circumcisionis
3412 1190 3669 1246 credidit.
3703 1192 3792 1249 Me

2193 1284 2337 1338 misit
2371 1285 2436 1337 ad
2475 1295 2692 1354 gentes,
2723 1284 2876 1339 illum
2910 1284 3088 1352 posuit
3130 1284 3185 1338 in
3212 1284 3421 1339 Juda‘a.
3460 1283 3571 1340 Nec
3598 1292 3793 1354 gentes

2193 1387 2441 1447 puteraut
2474 1378 2654 1433 adulta
2690 1378 2802 1448 iam
2834 1390 2994 1434 mtate
3024 1396 3129 1434 non
3166 1379 3451 1447 profuturo
3497 1378 3789 1435 circumci-

2190 1470 2362 1522 sionis
2388 1468 2583 1523 dolore
2613 1470 2867 1534 cruciari,
2905 1480 2960 1525 et
2986 1471 3267 1525 abstinere
3289 1486 3349 1524 se
3375 1470 3443 1523 ab
3472 1470 3635 1536 escis,
3665 1470 3790 1540 qui-

2190 1558 2293 1614 bus
2317 1574 2535 1629 semper
2557 1571 2935 1628 assueverant,
2978 1572 3031 1617 et
3064 1578 3201 1633 quas
3232 1561 3379 1615 Deus
3408 1569 3690 1616 creaverat
3717 1561 3787 1619 ad

2188 1654 2453 1708 utendum
2487 1670 2502 1706 :
2534 1670 2635 1709 nec
2666 1653 2722 1708 hi
2751 1656 2842 1725 qui
2869 1670 2937 1711 ex
2976 1655 3181 1710 Judzeis
3221 1655 3568 1710 crediderant
3598 1663 3653 1710 et
3678 1655 3789 1711 cir-

493 1765 731 1834 positum
782 1759 1241 1815 fundamentum:
1290 1753 1423 1808 mihi
1470 1761 1654 1806 tamen
1705 1747 1844 1803 nihil
1892 1745 2082 1810 refert,
2115 1747 2413 1814 Bcumcisi
2466 1758 2644 1815 erant,
2694 1757 2750 1803 et
2783 1764 2852 1803 ex
2898 1748 3292 1803 consuetudine
3344 1748 3497 1818 quasi
3552 1747 3791 1805 secunda

487 1858 613 1927 quia
644 1870 754 1909 non
785 1852 1080 1906 adversum
1124 1863 1225 1904 eos
1256 1846 1454 1915 loquor
1482 1843 1575 1914 qui
1600 1858 1669 1897 eo
1703 1852 1952 1909 tempore
1980 1837 2085 1893 Do-

490 1953 699 2006 minum
729 1947 1122 2017 sequebantur,
1156 1941 1253 1998 sed
1296 1940 1587 1994 adversum
1635 1950 1731 1991 eos
1765 1935 1963 2003 loquor
1992 1930 2084 2001 qui

489 2058 631 2098 nunc
670 2041 842 2110 legem
889 2041 1222 2109 praeponunt
1264 2032 1459 2103 gratiae
1487 2049 1501 2085 :
1531 2044 1633 2083 nec
1675 2025 1915 2081 detraho
1944 2037 2086 2094 pras-

483 2132 816 2195 cessoribus,
853 2143 959 2185 nec
990 2128 1044 2183 in
1074 2126 1261 2197 aliqua
1286 2131 1442 2194 parte
1470 2134 1673 2176 accuso
1694 2118 1954 2186 majores,
1986 2112 2086 2169 sed

490 2229 596 2284 hoc
616 2227 759 2291 dico,
782 2225 909 2296 quia
944 2223 1088 2277 Deus
1118 2232 1414 2290 personam
1445 2212 1689 2269 hominis
1724 2226 1832 2264 non
1859 2207 2083 2276 accipit.

485 2324 605 2380 Non
635 2322 781 2378 enim
820 2317 1034 2387 accepit
1071 2314 1271 2385 Moysi,
1323 2325 1431 2365 non
1477 2305 1694 2376 accepit
1745 2301 1935 2366 David,
1978 2315 2085 2355 non

486 2414 696 2485 accepit
725 2412 958 2467 aliorum
993 2426 1007 2463 :
1051 2422 1153 2462 nec
1186 2418 1378 2460 eorum
1402 2416 1536 2470 ergo
1567 2396 1824 2467 accipiet,
1856 2393 1951 2465 qui
1996 2407 2088 2448 ce-

487 2511 620 2566 dere
666 2503 996 2578 quibusdam
1032 2500 1285 2555 videntur
1315 2495 1381 2551 ad
1427 2505 1670 2563 tempus,
1721 2486 1940 2544 tametsi
1979 2485 2084 2578 ipsi

489 2577 703 2659 mecum
755 2598 1019 2658 sentiant,
1058 2593 1223 2649 Petro
1271 2602 1487 2661 quoque
1515 2585 1777 2641 dicente:
1831 2578 1900 2634 In
1953 2577 2086 2632 ueri-

486 2707 591 2753 tate
644 2708 926 2767 cognosco,
987 2689 1111 2759 quia
1166 2701 1274 2740 non
1333 2692 1409 2738 est
1461 2688 1700 2751 acceptor
1747 2688 2085 2748 personan

491 2792 626 2846 Deus
656 2805 674 2842 :
704 2787 796 2843 sed
840 2787 894 2839 in
932 2782 1072 2838 omni
1114 2785 1228 2835 loco
1263 2776 1352 2849 qui
1382 2776 1523 2829 timet
1560 2789 1695 2839 eum,
1744 2777 1792 2824 et
1845 2775 2085 2839 aperatur

478 2882 743 2956 justitiam
767 2874 1098 2946 acceptabilis
1121 2872 1170 2926 ei
1198 2879 1275 2925 est
1302 2867 1439 2941 (Act.
1470 2882 1529 2932 κ,
1558 2858 1800 2956 34155).
1833 2859 1954 2956 Quo
1978 2858 2078 2912 ita-

484 2949 592 3045 que
614 2976 937 3042 argumento
957 2965 1075 3034 ipse
1111 2971 1333 3017 sanctus
1355 2955 1635 3028 apostolus
1657 2953 1854 3045 Petrus
1889 2949 2084 3004 adver-

484 3081 604 3121 sum
632 3077 730 3119 eos
758 3060 851 3132 qui
890 3059 947 3114 in
975 3055 1238 3112 Cornelio
1264 3067 1332 3109 ex
1362 3048 1620 3121 gentibus
1656 3044 1952 3114 baptizato,
1984 3055 2084 3095 nec

2188 1847 2408 1904 natura,
2432 1838 2697 1908 putabant
2738 1854 2799 1894 se
2824 1855 2853 1893 a
2884 1840 3099 1896 caeteris
3119 1839 3376 1911 gentibus
3409 1840 3527 1909 plus
3555 1838 3785 1909 habere,

2186 1929 2347 1986 facile
2374 1938 2729 1986 contemnere
2753 1940 3011 2001 poterant
3041 1946 3105 1986 ea
3147 1932 3203 1986 in
3244 1931 3441 2001 quibus
3476 1931 3791 2001 gloriaban-

2187 2032 2294 2077 tur.
2325 2023 2675 2079 Providentia
2705 2024 2886 2094 itaque
2912 2024 3031 2091 Dei,
3063 2024 3204 2080 alius
3229 2024 3518 2093 apostolus
3543 2025 3774 2081 circum-

2186 2116 2318 2171 cisis
2356 2116 2516 2171 datus
2572 2126 2677 2183 est,
2742 2118 2833 2187 qui
2890 2117 3049 2189 Legis
3109 2119 3319 2173 umbris
3360 2118 3640 2174 videretur
3695 2131 3788 2174 ac-

2186 2210 2497 2281 quiescere,
2539 2211 2679 2265 alius
2711 2212 2762 2265 in
2804 2213 3073 2283 praeputio
3102 2213 3434 2280 constitutis,
3466 2214 3561 2284 qui
3603 2213 3787 2269 Evan-

2186 2303 2316 2373 gelii
2337 2304 2564 2373 gratiam
2587 2320 2695 2358 non
2722 2316 2937 2374 putaret
2961 2321 3085 2362 esse
3109 2307 3413 2373 servitium,
3437 2306 3533 2362 sed
3561 2306 3784 2364 liberam

2188 2395 2375 2450 tidem.
2405 2395 2485 2449 Ne
2516 2396 2617 2451 sub
2642 2398 2823 2467 aliqua
2858 2398 3152 2453 occasione
3183 2398 3631 2469 impedimentum
3659 2398 3787 2457 fidei

2189 2498 2518 2541 nasceretur
2547 2504 2560 2539 :
2591 2497 2645 2542 et
2677 2500 2900 2557 propler
2929 2489 3400 2545 circumcisionem
3429 2490 3545 2546 sive
3577 2505 3789 2561 praepu-

2188 2579 2344 2645 tium,
2369 2596 2475 2633 non
2501 2578 2824 2634 crederetur
2852 2579 2906 2633 in
2939 2578 3241 2635 Christum.
3265 2579 3379 2637 Nec
3415 2581 3519 2637 hoc
3547 2581 3787 2639 dicimus

2186 2670 2330 2740 quod
2366 2669 2591 2735 Petrus,
2641 2672 2733 2740 qui
2781 2683 2835 2725 et
2882 2671 2997 2741 ipse
3038 2672 3090 2726 in
3131 2674 3353 2730 Actibus
3406 2673 3783 2743 apostolorum

2187 2761 2400 2816 nullum
2458 2761 2737 2818 hominem
2812 2777 3158 2820 Communem
3213 2781 3336 2821 esse
3408 2775 3638 2822 testatus
3699 2773 3788 2823 est

2188 2853 2388 2926 (Actor.
2420 2852 2497 2926 ι),
2540 2864 2593 2911 et
2631 2857 2682 2910 in
2717 2856 2813 2911 illo
2844 2871 2995 2917 vase.
3030 2856 3173 2926 quod
3201 2867 3437 2928 quatuor
3475 2857 3689 2928 angulis
3714 2856 3786 2914 de

2186 2947 2326 3002 ctelo
2354 2946 2578 3002 missum
2615 2947 2850 3015 viderat,
2884 2949 3147 3005 edoeetur
3172 2950 3308 3004 nihil
3359 2951 3657 3018 interesse,
3688 2949 3785 3006 Ju-

2187 3040 2338 3096 dazus
2369 3041 2440 3096 sit
2466 3041 2684 3112 aliquis,
2719 3057 2788 3097 an
2816 3042 3061 3114 gentilis,
3091 3043 3243 3113 quasi
3275 3043 3480 3098 oblitus
3511 3043 3784 3114 priorum,

487 3154 839 3217 circumciso,
870 3147 1187 3206 scandalum
1235 3141 1605 3205 sustinebant,
1639 3135 1830 3202 utitur,
1872 3141 1930 3189 et
1968 3132 2085 3203 pla-
2110 3142 2156 3205 ρ
2187 3148 2350 3203 super
2380 3134 2660 3206 Evangelii
2697 3137 2897 3206 gratia,
2927 3135 3127 3206 Legem
3165 3137 3441 3205 putaverit
3475 3135 3790 3191 observan-

488 3262 575 3306 cat
599 3264 696 3305 eos
725 3262 785 3303 se
810 3261 915 3300 non
948 3244 1193 3314 potuisse
1220 3252 1422 3309 negare
1452 3248 1648 3305 aquam
1678 3230 1764 3285 his
1787 3229 1879 3302 qui
1906 3226 2081 3298 Spiri-

488 3355 601 3399 tum
646 3352 897 3397 sanctum
948 3342 1276 3404 acceperant
1326 3349 1341 3385 :
1395 3329 1590 3385 eodem
1660 3339 1812 3381 nunc
1863 3329 2085 3378 sanctus

484 3436 771 3508 apostolus
812 3433 1013 3488 Paulus
1043 3428 1336 3483 adversum
1365 3423 1543 3493 ipsum
1575 3420 1795 3475 Petrum
1819 3416 2082 3508 disputat,

484 3530 628 3604 quod
656 3538 1017 3600 personarum
1041 3535 1152 3576 non
1181 3518 1255 3573 sit
1282 3523 1540 3585 acceptor
1561 3511 1729 3576 Deus,
1769 3507 1864 3564 sed
1895 3521 2088 3604 unum-

484 3598 759 3699 quemque
781 3635 882 3689 pro
903 3617 1146 3673 veritate
1182 3610 1410 3682 iudicet.
1448 3606 1518 3661 Et
1547 3605 1620 3660 ita
1660 3609 1898 3699 eauteet
1923 3598 2090 3699 pede-

489 3693 686 3775 tentim
720 3716 863 3769 inter
893 3708 1109 3764 Iaudem
1141 3712 1200 3760 et
1229 3699 1664 3771 obiurgationem
1695 3695 1843 3751 Petri
1876 3693 2088 3749 medius

488 3808 723 3875 incedit,
752 3816 811 3861 ut
833 3813 889 3857 et
912 3796 1237 3873 praecessori
1264 3792 1519 3866 apostolo
1542 3790 1777 3857 deferat,
1806 3796 1865 3843 et
1894 3784 2091 3840 nihilo-

494 3904 675 3958 minus
704 3895 968 3952 audacter
994 3891 1047 3948 ei
1073 3888 1295 3946 resistat
1326 3886 1384 3941 iu
1432 3883 1649 3949 faciem,
1682 3879 1911 3935 veritate
1939 3892 2090 3933 com-

494 3994 709 4066 pulsus.

565 4084 704 4141 Mihi
738 4081 877 4138 enim
917 4077 1006 4148 qui
1044 4073 1368 4138 videbantur,
1395 4068 1531 4124 nihil
1575 4065 1926 4121 contulerunt.
1968 4061 2089 4131 Ipse

492 4176 748 4251 superius
778 4187 905 4229 cum
931 4170 1042 4225 illis
1070 4165 1328 4234 contulit,
1360 4172 1420 4219 et
1458 4160 1630 4216 multa
1660 4159 1728 4214 ad
1756 4172 1854 4215 eos
1881 4155 2086 4251 retulit,

489 4248 612 4345 quae
656 4270 712 4324 in
754 4264 1015 4337 gentibus
1042 4264 1384 4331 perpetraret
1412 4272 1425 4308 :
1452 4253 1531 4309 illi
1564 4252 1697 4308 nihil
1733 4248 2092 4305 contulerunt

495 4369 573 4435 ei,
597 4364 694 4422 sed
725 4354 1105 4418 tantummodo
1132 4367 1257 4424 quae
1283 4350 1353 4405 ab
1378 4362 1446 4405 eo
1474 4347 1621 4402 dicta
1669 4352 1797 4401 sunt
1839 4355 2093 4412 compro-

496 4461 712 4523 bautes,
739 4454 996 4510 dexteras
1027 4444 1301 4502 dederunt
1323 4438 1615 4505 consortii,
1643 4447 1699 4492 et
1734 4451 1901 4490 unum
1933 4446 2089 4488 suum

2188 3226 2314 3282 dam
2349 3244 2361 3281 :
2398 3227 2493 3282 sed
2521 3240 2577 3283 ut
2602 3230 2720 3299 ipse
2748 3245 2966 3300 quoque
2996 3230 3193 3299 Legem
3223 3228 3499 3283 custodire
3519 3242 3582 3285 se
3612 3230 3789 3283 simu-

2188 3320 2329 3387 lans,
2370 3320 2629 3390 paulatim
2677 3320 2899 3376 JttdtBOS
2951 3321 3021 3374 ab
3073 3320 3303 3388 antiquo
3355 3318 3581 3374 vivendi
3627 3333 3791 3376 more

2187 3413 2500 3470 deduceret.
2542 3414 2656 3468 Non
2685 3414 2826 3469 enim
2862 3423 3113 3484 p0teraut
3146 3423 3354 3468 tantum
3383 3412 3791 3469 observationis

2187 3507 2459 3575 laborem,
2492 3518 2547 3562 ct
2577 3509 2780 3563 veteris
2809 3508 2936 3562 vitae
2958 3508 3331 3563 cautissimam
3360 3506 3527 3580 βοῇ
3551 3521 3790 3563 conver-

2187 3600 2477 3667 sationem,
2512 3601 2666 3671 quasi
2711 3614 3065 3671 purgamenta
3101 3601 3283 3656 subito
3316 3613 3370 3657 et
3407 3602 3607 3657 damna
3647 3615 3787 3657 con-

2191 3703 2460 3749 temnere.
2492 3691 2573 3746 Ex
2612 3706 2722 3760 quo
2772 3692 3157 3760 perspicimus,
3199 3701 3488 3762 propterea
3529 3692 3789 3747 dexteras

2189 3784 2344 3840 datas
2373 3785 2539 3839 Paulo
2586 3794 2645 3839 et
2683 3782 2948 3838 Barnaba:
2977 3781 3006 3820 δ
3052 3783 3367 3854 societatis,
3397 3799 3427 3837 a
3477 3783 3663 3847 Petro,
3690 3781 3789 3837 Ja-

2189 3876 2331 3932 cobo
2351 3885 2408 3932 et
2435 3875 2694 3931 Joanne:
2741 3890 2810 3928 ne
2850 3874 3245 3929 observatione
3282 3875 3458 3942 varia,
3508 3872 3791 3929 diversum

2188 3967 2401 4023 Christi
2444 3967 2795 4037 Evangelium
2844 3974 3164 4037 putaretur;
3205 3965 3303 4021 sed
3334 3975 3390 4021 et
3425 3963 3788 4021 circumcisoJ

2190 4075 2311 4114 rum
2339 4069 2395 4115 et
2426 4058 2741 4113 trahentium
2770 4058 3098 4127 praeputium
3129 4064 3277 4113 esset
3299 4072 3408 4113 una
3438 4055 3777 4112 communio.

2191 4152 2425 4208 Pulchre
2455 4161 2635 4206 autem
2681 4151 3021 4220 praestruxit,
3064 4151 3253 4205 dicens
3299 4167 3313 4201 :
3356 4148 3460 4215 Qui
3492 4148 3633 4201 enim
3664 4162 3792 4217 ope-

2191 4254 2333 4298 ratus
2387 4252 2462 4297 est
2504 4242 2659 4297 Petro
2698 4242 2753 4295 in
2807 4240 3157 4314 apostolatum
3207 4240 3615 4295 circumcisionis
3653 4254 3673 4293 :
3719 4254 3791 4295 ne

2192 4336 2315 4408 quis
2345 4352 2467 4392 eum
2511 4344 2726 4406 putaret
2765 4335 3062 4391 detrahere
3090 4334 3276 4402 Petro,
3324 4333 3421 4389 sed
3449 4344 3506 4387 ut
3537 4330 3789 4388 laudibus

2191 4431 2310 4501 eius
2339 4438 2468 4484 ante
2506 4429 2828 4497 pra'missis,
2862 4428 3262 4498 inteiligeretur
3293 4427 3489 4483 Petrus
3522 4424 3647 4482 ideo
3674 4425 3789 4481 cir-

499 4516 762 4620 Paulique
797 4540 1155 4613 Evangelium
1197 4536 1574 4590 firmaverunt.
1621 4528 1857 4584 Rursum
1895 4535 2090 4580 notau-
2114 4523 2167 4584 D
2192 4521 2586 4578 cumcisionem
2613 4523 2791 4591 aliqua
2830 4537 2896 4576 ex
2949 4529 3099 4589 parte
3140 4520 3446 4588 suscipere,
3481 4528 3540 4620 ut
3575 4532 3675 4620 eos
3693 4516 3791 4620 qui

491 4648 643 4707 dum,
662 4618 807 4710 quod
832 4645 860 4674 ι
879 4632 1227 4693 contulerunt,
1251 4625 1478 4682 verbum
1502 4625 1676 4694 ipsum
1707 4621 1781 4677 sit
1799 4621 1853 4674 in
1874 4618 2092 4685 Graeco,

493 4741 564 4796 de
592 4751 700 4806 quo
730 4743 859 4788 ante
889 4725 1263 4785 tractavimus.

564 4804 751 4906 (vers.
781 4827 836 4892 7,
867 4822 949 4892 8.)
968 4820 1076 4877 Sed
1104 4825 1287 4872 contra
1328 4829 1444 4868 cum
1474 4808 1892 4906 vidissent-quoa
1922 4804 2091 4906 credi-

496 4897 604 4982 tum
623 4932 697 4979 est
718 4918 843 4974 mihi
877 4910 1221 4983 anngelium
1251 4905 1518 4980 prtcputii,
1548 4905 1678 4957 sicut
1723 4900 1886 4973 503
1928 4897 2088 4952 Petro

490 5010 925 5074 circumcisionis.
993 5005 1098 5071 Qui
1159 5002 1298 5056 enim
1367 5004 1607 5067 operatus
1668 5004 1741 5049 est
1812 4990 1972 5046 Petro
2038 4990 2093 5043 in

493 5113 843 5181 apostolatum
872 5093 1311 5158 circumcisionis,
1339 5098 1582 5160 operatus
1604 5095 1678 5141 est
1709 5093 1759 5139 et
1803 5082 1932 5137 mihi
1963 5083 2096 5136 inter

494 5175 689 5274 gentes.
752 5193 819 5248 Et
862 5205 979 5244 cum
1025 5185 1385 5255 cognovissent
1442 5178 1664 5247 gratiam
1695 5194 1810 5247 qua:
1860 5175 1982 5228 data
2019 5182 2095 5227 est

495 5265 645 5356 nti/ti,
680 5282 963 5351 Petrusfzet
1004 5275 1255 5338 Iacobus,
1281 5276 1353 5341 [et
1377 5271 1631 5331 Joannes,
1673 5268 1758 5337 qui
1789 5265 2096 5319 uidebantur

500 5384 756 5439 columna:
781 5392 911 5440 esse,
954 5371 1165 5425 dextras
1192 5364 1443 5419 dederunt
1475 5360 1600 5414 mihi
1617 5368 1665 5414 et
1697 5357 1973 5419 Barnabat,
2006 5370 2090 5406 so.

499 5472 695 5528 cictatis
728 5484 745 5521 :
774 5475 829 5518 ut
857 5480 948 5517 nos
972 5463 1027 5513 in
1070 5466 1239 5529 gentes
1265 5472 1284 5520 ;
1324 5453 1425 5525 ipsi
1459 5461 1630 5505 autem
1654 5451 1709 5503 in
1738 5444 2091 5503 circumcisio-

574 5621 596 5644 η
642 5607 868 5657 Veteres
919 5597 1053 5650 editi
1098 5595 1278 5656 ipsum
1313 5590 1535 5645 verbum
1568 5587 1815 5642 Grmcum
1856 5582 2085 5635 interse-

508 5688 624 5740 runt
659 5693 672 5725 ι
707 5673 839 5735 quod
873 5666 1262 5743 xpoaaui_0tv_‘_ro:
1294 5660 1634 5742 contulerunt.
1670 5671 1775 5743 etc.

573 5746 600 5787 δ
646 5733 841 5798 νι-ςυιιι
874 5733 1135 5797 societatis
1168 5733 1398 5788 l’alatin.
1435 5745 1537 5785 nos.
1573 5733 1804 5797 ignorat.

2194 4614 2593 4671 sibiexJudzt-i's
2610 4614 2802 4669 crediti
2825 4614 3033 4668 fuerant
3048 4612 3416 4677 luerifaceret,
3443 4610 3562 4665 etin
3581 4609 3786 4665 Christi

2197 4707 2304 4763 ﬁde
2348 4719 2401 4763 et
2432 4707 2730 4777 Evangelio
2761 4704 3083 4761 custodiret.
3132 4715 3153 4742 ε
3197 4703 3571 4775 Subintelligit
3621 4702 3786 4759 etiam

2195 4800 2339 4871 quod
2369 4798 2415 4853 si
2446 4800 2537 4853 ille
2573 4801 2779 4868 absque
2800 4799 2960 4868 culpa
2989 4798 3214 4860 faceret.
3253 4805 3309 4852 et
3336 4798 3403 4851 ad
3443 4807 3657 4868 tempus
3684 4797 3788 4853 ob-

2197 4889 2486 4952 servando.
2516 4890 2660 4959 qttod
2693 4907 2798 4944 non
2837 4890 2989 4951 licet,
3039 4906 3108 4945 ne
3139 4889 3248 4944 sibi
3293 4890 3542 4945 creditos
3588 4889 3791 4961 perde-

2198 4994 2303 5050 ret,
2331 4998 2390 5038 se
2418 4984 2589 5051 magis
2634 4997 2735 5052 pro
2781 4981 3056 5052 Evangelii
3085 4982 3315 5037 veritate
3362 4981 3541 5039 facere
3586 4982 3788 5040 debere

2194 5076 2339 5148 quod
2368 5075 2471 5131 sibi
2503 5075 2771 5129 creditum
2819 5082 2906 5128 est
2939 5075 2991 5128 in
3026 5076 3315 5145 przvputio,
3357 5091 3427 5132 ne
3454 5084 3648 5146 gentes
3689 5074 3792 5131 Lc-

2194 5171 2273 5241 gis
2303 5186 2468 5226 Oncrc
2499 5180 2555 5221 et
2592 5168 2912 5222 difficultate
2940 5168 3241 5235 deterritas,
3293 5185 3319 5221 a
3360 5166 3566 5224 Christi
3595 5167 3701 5224 fide
3733 5176 3791 5225 et

2195 5261 2219 5299 ά
2245 5263 2562 5317 credulitate
2580 5260 2946 5315 discederent.
2965 5260 3191 5315 Occulta
3215 5260 3307 5316 hic
3327 5261 3503 5316 oritur
3523 5259 3788 5331 qutestio:

2195 5352 2330 5420 Quid
2365 5353 2570 5419 igitur?
2623 5353 2816 5407 Petrus
2846 5353 2892 5407 si
2940 5353 3239 5408 invenisset
3268 5369 3333 5407 ex
3371 5351 3642 5421 gentibus,
3678 5365 3790 5407 non

2193 5461 2288 5498 eos
2317 5443 2615 5499 adducebat
2648 5444 2713 5498 ad
2749 5444 2947 5499 fidenti
2979 5448 3085 5499 Aut
3112 5443 3324 5499 Paulus.
3356 5443 3403 5498 si
3446 5458 3515 5498 ex
3545 5443 3788 5499 circum--

2267 5593 2287 5655 ξ
2325 5581 2469 5655 idem
2506 5599 2633 5648 ms.,
2667 5583 2984 5655 subinteliigi
3010 5583 3187 5649 etiam,
3217 5584 3353 5653 quod
3379 5582 3490 5645 ille,
3524 5591 3637 5636 etc.

2263 5647 2291 5687 ἀ
2331 5653 2539 5725 Supino
2572 5668 2761 5708 errore
2793 5647 3073 5727 legebatur
3105 5647 3286 5723 antea,
3318 5655 3644 5711 crudelitate.
