4056 6306
279 311 386 374 557

807 317 1462 378 COMMENTARIOBUM
1502 316 1566 374 IN
1607 317 1996 376 EPISTOLAM
2036 321 2127 378 AD
2168 322 2492 384 GAL-VI‘AS
2529 325 2664 384 LIB.
2706 328 2745 385 l.
2788 329 2943 386 CAP.
2986 328 3054 386 ll.

3473 331 3578 391 558

277 430 494 486 cisione
547 431 764 502 aliquos
814 419 1114 504 reperisset
1141 477 1156 501 ,
1208 453 1314 491 non
1390 453 1488 491 eos
1542 437 1608 490 ad
1672 435 1876 491 Chriin
1907 439 1956 498 Λ
1985 437 2167 494 bentis
2205 442 2270 495 ad
2311 443 2662 506 Corinthios.
2706 454 2761 501 et
2800 447 2865 500 ad
2906 445 3464 511 Thessalonicenses,
3506 447 3570 499 atl

275 519 614 591 baptismum
658 527 1041 592 provocabat?
1087 527 1219 594 Qua:
1256 530 1330 582 ita
1356 531 1610 594 solvitur,
1646 539 1701 584 ut
1731 530 1882 584 diea-

274 630 401 671 mus
443 616 750 686 principale
792 621 1024 690 singulis
1060 622 1110 674 in
1153 622 1374 677 Judmos
1396 635 1450 678 et
1475 636 1667 693 gentes
1706 625 1880 680 fuisse

275 707 621 774 mandatum,
677 719 734 764 ut
774 711 864 780 qui
917 711 1288 768 defendebant
1339 715 1562 785 Legem,
1614 716 1881 772 haberent

273 817 437 872 quem
470 814 878 872 sequerentur;
911 807 1001 876 qui
1045 807 1174 877 Legi
1206 811 1438 878 gratiam
1485 812 1874 881 prmferebant,

274 908 387 948 non
417 892 636 948 deesset
662 895 741 949 eis
763 896 956 951 doctor
977 909 1032 952 et
1059 902 1315 966 prmvius.
1347 901 1404 956 In
1429 918 1716 960 commune
1745 921 1876 959 vero

275 985 385 1040 hoc
435 1000 532 1040 eos
563 986 819 1043 habuisse
858 991 1157 1060 pr0positi,
1191 1004 1245 1045 ut
1299 994 1520 1050 Christo
1551 1013 1617 1051 ex
1660 999 1874 1053 cunctis

276 1078 531 1148 gentibus
564 1079 865 1135 Ecclesiam
895 1096 1322 1154 congregarent.
1358 1087 1615 1158 Legimus
1643 1092 1788 1145 enim
1820 1103 1875 1148 et

279 1185 312 1225 a
339 1183 529 1226 sancto
569 1172 732 1226 Petro
762 1175 1023 1242 gentilem
1070 1177 1401 1246 baptizatum
1458 1181 1623 1237 fuisse
1669 1184 1875 1239 Corne-

277 1261 432 1325 lium,
464 1273 521 1316 et
549 1280 579 1318 a
613 1265 780 1319 Paulo
812 1267 864 1320 in
889 1270 1180 1339 synagogis
1225 1271 1554 1337 .ludazorum,
1596 1274 1870 1331 Christum

276 1357 581 1425 smpissime
609 1360 990 1428 prmdicatum.
1026 1363 1233 1429 Petrus,
1265 1377 1315 1420 et
1345 1366 1595 1432 Joannes,
1629 1381 1677 1423 et
1711 1370 1872 1425 Jaco-

277 1448 389 1516 bus,
412 1453 500 1521 qui
521 1453 825 1507 ridebantur
845 1457 1102 1510 columna:
1125 1474 1234 1512 esse
1256 1459 1456 1527 (Actor.
1482 1477 1537 1527 χ,
1563 1478 1680 1526 xm,
1713 1465 1868 1534 xv").

275 1543 387 1600 Ter
415 1546 788 1614 supradictum
840 1548 909 1604 de
961 1553 1231 1620 apostolis
1285 1554 1512 1624 legimus
1560 1574 1574 1610 :
1623 1558 1872 1614 Seorsum

277 1647 450 1691 autem
463 1637 543 1690 his
557 1640 646 1709 qui
671 1639 997 1694 uidebantur.
1021 1643 1083 1696 Et
1104 1661 1119 1698 :
1139 1644 1214 1696 Ab
1236 1647 1317 1698 his
1334 1647 1421 1715 qui
1442 1648 1748 1703 videbantur
1767 1669 1874 1706 esse

279 1730 496 1800 aliquid.
525 1731 590 1785 Et
613 1750 626 1785 :
654 1732 788 1786 Mihi
817 1736 953 1787 enim
983 1737 1070 1802 qui
1093 1738 1392 1791 ridebantur
1414 1756 1522 1794 esse
1544 1742 1762 1812 aliquid,
1790 1744 1872 1796 ni-

1981 545 2172 585 omnes
2219 535 2461 602 gentium
2506 535 2820 603 Eeclesias,
2868 548 2926 592 ut
2978 547 3345 608 prmpararent
3377 553 3572 592 munus

1982 620 2083 676 hoc
2114 638 2212 692 per
2249 639 2309 680 se
2349 627 2430 680 vel
2471 644 2569 696 per
2606 629 2744 683 alios
2780 631 2871 699 qui
2903 629 2985 684 eis
3024 631 3379 700 placuissent,
3415 631 3572 686 Jeru-

1978 713 2242 784 solymam
2276 715 2655 774 deferendum.
2687 719 2848 777 Unde
2877 738 3020 776 nunc
3051 723 3400 778 conlidenter
3419 725 3572 785 dicit,

1977 803 2118 873 quod
2155 806 2311 858 etiam
2348 809 2604 864 sollicitus
2643 813 2725 880 fui
2765 814 2934 880 facere.
2969 812 3066 866 hoc
3105 814 3297 885 ipsum.
3341 813 3576 868 Possunt

1977 907 2160 956 autem
2193 910 2247 954 et
2277 900 2386 953 alio
2415 917 2618 969 genere
2649 919 2918 974 pauperes
2948 906 3144 974 accipi,
3177 906 3246 960 de
3283 905 3481 976 quibus
3517 907 3568 959 in

1978 990 2277 1061 Evangelio
2307 991 2509 1046 dicitur
2539 1012 2552 1047 :
2587 992 2737 1048 Beati
2766 1012 3019 1066 pauperes
3052 997 3237 1067 spiritu
3272 1013 3291 1050 :
3325 999 3569 1065 quoniam

1976 1089 2209 1157 ipsorum
2236 1097 2310 1140 est
2339 1103 2556 1156 regnum
2587 1089 2831 1141 caelorum
2857 1089 3080 1160 (Matth.
3115 1106 3167 1153 v,
3196 1088 3276 1159 5).
3301 1090 3574 1144 Merentur

1976 1179 2176 1248 quippe
2205 1177 2342 1232 tales
2374 1179 2428 1233 in
2458 1180 2722 1234 memoria
2755 1195 2877 1236 esse
2913 1182 3313 1251 apostolorum.
3347 1181 3569 1237 Necnon

1976 1279 2032 1324 et
2063 1270 2139 1323 illi
2169 1285 2439 1340 pauperes
2463 1312 2477 1335 ,
2517 1272 2586 1326 de
2623 1273 2824 1342 quibus
2866 1274 2916 1326 in
2947 1273 3244 1328 Salomone
3284 1275 3570 1331 scribitur:

1973 1361 2282 1433 Redemptio
2304 1363 2402 1415 viri
2425 1363 2634 1428 animat,
2662 1363 2889 1434 prepria:
2911 1364 3103 1416 divitia:
3123 1363 3308 1436 (Prov.
3340 1380 3460 1431 xm,
3491 1365 3568 1432 8).

1973 1453 2140 1525 406
2178 1455 2391 1524 Pauper
2437 1471 2570 1511 vero
2622 1474 2728 1511 non
2779 1457 3014 1512 sustinet
3068 1458 3570 1512 comminatiouem.

1973 1546 2091 1602 Non
2123 1547 2266 1602 enim
2297 1558 2475 1617 potest
2508 1547 2747 1604 futurum
2782 1547 2890 1620 [ΑΙ.
2926 1549 3252 1621 futurarum]
3286 1565 3568 1619 pinnarum

1974 1641 2164 1695 audire
2204 1650 2495 1707 terrorem,
2539 1657 2746 1711 pauper
2786 1645 2838 1695 in
2882 1642 3009 1708 lide,
3054 1658 3260 1713 pauper
3289 1643 3342 1696 in
3372 1643 3568 1712 gratia,

1975 1750 2082 1788 non
2113 1733 2320 1788 habens
2351 1734 2570 1788 divitias
2600 1735 2940 1805 spirituales,
2982 1751 3084 1791 nec
3114 1735 3398 1792 scientiam
3426 1737 3572 1791 Scri-

275 1823 354 1876 hil
387 1825 745 1877 contulerunt.
784 1825 1068 1882 Sollicitus
1093 1829 1274 1898 itaque
1311 1831 1676 1898 requirebam,
1707 1834 1864 1902 quitl-
1902 1825 1949 1884 Β
1979 1834 2280 1894 Pllll'arllm,
2323 1840 2442 1894 quae
2481 1841 2614 1880 auro
2652 1836 2706 1880 et
2743 1836 3005 1897 argento,
3046 1837 3103 1882 et
3132 1828 3373 1898 pretioso
3406 1827 3568 1896 lapidi

274 1930 400 1971 nam
430 1918 744 1987 essetquod
793 1919 1023 1986 diceret,
1066 1924 1153 1991 qui
1182 1923 1487 1978 videbantur
1517 1942 1536 1979 :
1587 1926 1682 1981 sed
1725 1943 1871 1983 nunc

271 2023 362 2063 me
401 2009 552 2062 omni
585 2009 845 2078 scrupulo
886 2011 1164 2078 liberavit,
1196 2015 1481 2084 atljiciens.
1512 2017 1600 2086 qui
1625 2019 1871 2072 videban-

273 2107 359 2154 tur
402 2101 659 2155 columnw
707 2119 836 2158 esse.
883 2104 1161 2160 Columnae
1203 2106 1370 2176 igitur
1423 2119 1552 2164 sunt
1607 2109 1869 2167 Ecclesiae

269 2195 549 2263 apostoli,
593 2205 651 2250 et
698 2197 935 2252 maxime
992 2198 1223 2266 Petrus,
1273 2199 1552 2268 Jacobus,
1609 2212 1666 2258 et
1703 2205 1870 2258 Joan-

269 2304 368 2344 nes
391 2331 406 2355 ,
436 2305 501 2344 ex
525 2290 724 2359 quibus
750 2291 860 2345 duo
881 2307 1002 2347 cum
1034 2293 1268 2349 Domino
1317 2295 1616 2350 ascendere
1649 2313 1868 2352 meren-

268 2393 353 2439 tur
387 2383 550 2456 ωε
591 2385 642 2440 iu
682 2396 946 2451 montem,
985 2403 1220 2456 quorum
1261 2404 1402 2442 unus
1445 2390 1497 2444 in
1538 2391 1867 2462 Apocalypsi

273 2476 614 2532 Salvatorem
656 2479 959 2534 introducit
998 2481 1310 2551 loquentem
1346 2501 1359 2537 :
1393 2483 1492 2549 Qui
1531 2485 1742 2551 vicerit,
1786 2487 1868 2554 fa-

275 2569 407 2621 ciam
437 2585 553 2621 eum
584 2569 880 2624 columnam
906 2573 959 2624 in
981 2573 1170 2642 temtilo
1193 2570 1290 2627 Dei
1311 2575 1410 2627 mei
1434 2575 1617 2644 (Apoc.
1648 2592 1724 2640 ιιι,
1751 2577 1862 2644 1‘2),

276 2659 480 2716 docens
518 2678 711 2718 omnes
748 2665 1038 2720 credentes
1076 2666 1170 2735 qui
1208 2667 1580 2722 adversarium
1609 2669 1861 2740 vicerint,

277 2769 436 2825 posse
465 2757 749 2812 columnas
781 2757 1044 2814 Ecclesiae
1082 2761 1221 2815 ﬁeri.
1252 2761 1334 2816 Ad
1361 2761 1704 2818 Timotheum
1737 2781 1865 2821 vero

274 2846 478 2902 Paulus
512 2848 758 2905 scribens
793 2849 868 2904 ait
905 2867 919 2903 :
971 2850 1041 2906 Ut
1075 2853 1209 2906 scias
1243 2855 1502 2924 quomodo
1539 2867 1770 2923 Oporteat
1818 2868 1866 2910 te

271 2939 328 2993 in
379 2939 530 2993 domo
566 2939 667 2996 Dei
711 2945 1036 3008 conversari,
1083 2961 1198 3015 qua:
1235 2955 1310 2999 est
1344 2946 1578 3000 Ecclesia
1608 2947 1706 3000 Dei
1744 2949 1861 3011 riri,

268 3029 512 3085 columna
552 3043 724 3087 autem
767 3045 812 3088 et
851 3037 1240 3102 ﬁrmamentum
1275 3039 1506 3092 ueritatis
1541 3041 1595 3109 (l
1632 3039 1764 3094 Tim.
1801 3059 1860 3106 Il,

268 3124 384 3194 15).
405 3123 502 3179 His
519 3135 575 3181 et
595 3129 811 3182 caeteris
837 3129 1182 3196 instruimur,
1213 3141 1320 3185 tam
1347 3133 1630 3201 apostolos
1652 3149 1862 3189 omnes-

267 3231 375 3287 que
414 3218 739 3287 credentes,
779 3237 942 3289 quam
984 3224 1156 3291 ipsam
1186 3240 1405 3294 quoque.
1437 3227 1738 3281 Ecclesiam
1769 3246 1860 3282 co-
1887 3214 1932 3275 C

270 3309 507 3364 lumnam
536 3311 586 3365 in
611 3311 908 3381 Scriptnris
935 3315 1291 3384 appellari,et
1322 3317 1458 3371 nihil
1491 3319 1760 3374 interesse
1794 3321 1862 3376 de

269 3413 501 3470 corpore
537 3403 670 3472 quid
710 3403 940 3471 dicatur,
983 3423 1050 3460 an
1091 3408 1373 3472 membris,
1415 3426 1538 3464 cum
1571 3421 1624 3466 et
1655 3427 1854 3482 corpus

269 3491 544 3546 dividatur
597 3496 649 3548 in
705 3498 981 3563 membra,
1034 3509 1089 3552 et
1138 3501 1382 3554 membra
1429 3501 1542 3556 sint
1587 3505 1857 3572 corporis.

270 3581 550 3639 Dederunt
590 3586 771 3656 itaque
813 3588 1042 3654 Petrus,
1083 3601 1138 3644 et
1183 3592 1455 3658 Iacobus,
1497 3607 1550 3647 et
1594 3595 1856 3660 Joannes,

268 3678 360 3747 qui
389 3679 717 3734 videbantur
743 3682 1010 3737 columnae
1036 3699 1177 3751 esse,
1203 3685 1424 3742 dextras
1447 3687 1616 3743 Paulo
1648 3699 1703 3744 et
1729 3691 1861 3743 Bar-

267 3769 448 3836 nabae,
478 3773 790 3838 societatis;
819 3775 912 3829 sed
946 3776 1072 3831 Tito
1103 3778 1190 3847 qui
1222 3794 1344 3832 cum
1375 3794 1453 3834 eis
1476 3790 1613 3844 erat,
1639 3783 1860 3840 dextras

271 3877 381 3917 non
421 3863 714 3920 dederunt.
749 3866 988 3921 Necdum
1029 3871 1231 3939 quippe
1269 3871 1336 3925 ad
1377 3887 1499 3927 eam
1541 3891 1859 3930 mensuram

268 3967 617 4024 pervenerat,
650 3967 708 4013 ut
738 3970 962 4028 possent
991 3959 1099 4033 [AL
1134 3962 1364 4036 possint]
1394 3966 1442 4018 ei
1470 3967 1670 4021 ChriSIi
1714 3986 1861 4023 mer—

269 4047 504 4102 eimonia
531 4064 598 4104 ex
630 4065 789 4119 mquo
817 4068 938 4106 cum
973 4053 1272 4122 majoribus
1311 4057 1488 4119 credi,
1523 4068 1577 4112 et
1605 4063 1858 4116 enmtlem

268 4145 297 4175 ³
326 4149 517 4195 tenere
559 4145 946 4209 negotiationis
984 4145 1162 4200 locum
1193 4162 1353 4217 quem
1387 4149 1667 4204 Barnabas
1710 4163 1864 4207 lette-

253 4231 386 4297 'bat,
414 4243 468 4288 et
501 4234 725 4290 Paulus.
1472 4251 1476 4256 '

347 4324 527 4396 (Vers.
554 4328 667 4397 10.)
693 4327 920 4382 Tantum
949 4339 1004 4383 ut
1024 4348 1318 4402 pauperum
1343 4351 1590 4390 memores
1612 4355 1859 4407 essemus,

269 4416 413 4488 quod
454 4419 609 4472 etiam
653 4422 906 4474 sollicitus
952 4424 1030 4488 fui
1073 4426 1170 4477 hoc
1217 4426 1384 4492 ipsum
1433 4430 1626 4496 facere.
1678 4432 1860 4484 Sancti

270 4523 566 4580 pauperes,
609 4529 838 4582 quorum
879 4518 1159 4585 praecipue
1198 4517 1268 4571 ab
1306 4521 1567 4588 apostolis
1610 4523 1775 4576 Paulo
1811 4534 1864 4578 ct

1974 1929 2387 1990 comparantur.
2439 1920 2705 1988 Quoniam
2761 1921 2924 1990 igitur
2969 1938 3074 1976 non
3111 1933 3274 1992 egent
3305 1924 3420 1976 sani
3457 1941 3574 1975 lllt'-

1974 2012 2118 2078 dico,
2153 2013 2248 2068 sed
2281 2013 2333 2068 hi
2361 2015 2453 2084 qui
2484 2015 2629 2069 male
2657 2014 2882 2081 habent,
2908 2027 3195 2086 prepterea
3225 2029 3278 2072 et
3307 2020 3569 2086 apostolis
3643 2089 3650 2096 ‘

1974 2108 2026 2162 in
2059 2108 2409 2164 dexterarum
2449 2110 2948 2165 communicatione
2987 2111 3268 2174 convenit,
3311 2127 3378 2164 ne
3417 2125 3569 2179 sper-

1973 2208 2170 2254 nerent
2219 2216 2511 2271 pauperes,
2567 2217 2636 2257 ne
2682 2202 3032 2272 despicerent
3085 2213 3429 2272 peccatores;
3469 2204 3564 2257 St‘ll

1972 2306 2189 2360 semper
2227 2292 2608 2346 meminissent
2637 2308 2857 2355 eorum.
2894 2295 3037 2350 sicut
3067 2295 3267 2349 Paulus
3298 2295 3565 2348 Corinthii

1973 2385 2118 2439 illius
2167 2387 2446 2454 meminit,
2497 2401 2661 2456 quem
2691 2403 2815 2442 cum
2849 2388 2902 2442 in
2935 2387 3119 2458 priore
3149 2388 3391 2456 Epistola
3437 2404 3569 2442 con-

1971 2479 2245 2533 tristasset
2295 2479 2363 2532 ad
2413 2489 2648 2550 tempus,
2687 2491 2745 2534 ut
2782 2495 3016 2548 corpore
3055 2495 3151 2549 per
3189 2479 3564 2548 pmuitentiaut

1971 2570 2288 2635 laborante,
2339 2572 2534 2641 spiritu
2581 2573 2768 2626 salvus
2820 2573 2976 2628 ﬁeret
3030 2574 3085 2646 (l
3117 2573 3238 2628 Cor.
3269 2573 3450 2642 v):in
3481 2589 3569 2626 so-

1971 2663 2168 2727 cunda,
2200 2680 2268 2717 ne
2298 2664 2491 2733 majori
2523 2665 2744 2720 tristitia
2775 2665 3180 2730 absorberetur,
3229 2675 3449 2720 revocat
3499 2665 3564 2717 ad

1972 2756 2295 2812 Ecclesiam.
2329 2757 2582 2827 Petitque
2617 2769 2866 2829 cunctos,
2909 2771 2967 2813 ut
2996 2759 3322 2814 conﬁrment
3353 2762 3403 2813 in
3439 2777 3562 2813 eum

1969 2847 2317 2916 cbaritatem,
2365 2856 2419 2904 et
2465 2849 2673 2903 donent
2715 2849 2872 2904 fratri
2913 2851 3055 2905 sicut
3104 2852 3220 2920 ipse
3269 2852 3561 2919 unicuique.

1968 2955 2155 2994 eorum
2197 2941 2250 2994 in
2289 2940 2428 2994 faeie
2466 2939 2668 2994 Christi
2711 2942 3032 3009 donaverit,
3074 2943 3308 3013 implens
3349 2955 3562 3013 pactum

1967 3034 2112 3105 quod
2138 3035 2495 3105 Jerosolymis
2533 3034 2759 3102 fecerat,
2801 3045 2860 3090 ut
2897 3052 3116 3106 semper
3153 3051 3446 3108 pauperum
3480 3051 3565 3089 rc-

1966 3130 2306 3185 cordaretur.

2039 3219 2222 3290 (Vers.
2276 3221 2334 3275 Η
2389 3221 2531 3291 seq.)
2572 3220 2699 3274 Cum
2747 3233 2913 3276 autem
2943 3223 3160 3277 venisset
3187 3223 3373 3278 Petrus
3402 3223 3429 3262 δ
3461 3225 3566 3277 An-

1969 3311 2234 3375 tiochiam,
2254 3313 2306 3364 in
2336 3313 2522 3380 faciem
2544 3313 2590 3365 ei
2617 3313 2816 3366 restiti:
2839 3314 2962 3382 quia
2989 3314 3408 3383 reprehensibilis
3433 3326 3560 3369 erat.

1969 3401 2133 3456 Prius
2180 3403 2315 3455 enim
2359 3419 2515 3472 quam
2564 3404 2793 3457 uenirent
2835 3405 3050 3474 quidam
3099 3421 3131 3456 a
3178 3403 3398 3472 Iacobo,
3451 3423 3564 3459 cum

1967 3494 2199 3564 gentibus
2239 3493 2434 3547 edebat.
2477 3493 2603 3546 Cum
2641 3502 2812 3546 autent
2851 3494 3126 3560 venissent,
3156 3494 3484 3548 subtrahebat
3513 3505 3561 3547 et

1966 3587 2267 3660 segregabat
2298 3604 2352 3640 se
2383 3588 2567 3640 timens
2605 3603 2694 3642 eos
2731 3589 2823 3658 qui
2861 3603 2924 3640 ea:
2961 3587 3350 3641 circumcisione
3394 3599 3561 3652 erant,

1967 3689 2015 3733 et
2043 3680 2368 3732 simulationi
2397 3682 2513 3753 ejus
2542 3690 2932 3746 consenserunt,
2972 3688 3020 3733 et
3057 3681 3234 3734 ca’teri
3263 3679 3439 3734 Judtri
3460 3682 3565 3734 :ita

1967 3781 2025 3824 ut
2063 3781 2111 3826 et
2149 3769 2418 3824 Barnabas
2462 3773 2738 3825 duceretur
2775 3772 2840 3824 ab
2877 3772 2952 3825 eis
2989 3773 3045 3824 in
3081 3771 3179 3825 illa
3217 3773 3562 3826 simulatione.

1967 3863 2051 3920 Ex
2088 3881 2155 3920 eo
2192 3865 2336 3934 quod
2369 3866 2563 3920 Petrus
2600 3874 2891 3933 antequam
2927 3863 3149 3932 quidam
3189 3862 3260 3918 de
3287 3863 3567 3934 Jerosoly-

1967 3959 2072 4014 mis
2123 3958 2472 4013 Antiochiam
2527 3959 2810 4026 venirent,
2863 3957 3062 4012 edebat
3108 3971 3234 4011 cum
3287 3956 3566 4026 gentibus,

1967 4051 2274 4108 ostenditur
2297 4067 2403 4106 non
2432 4067 2556 4105 eum
2583 4051 2810 4105 oblitum
2835 4049 3007 4105 fuisse
3029 4050 3289 4119 praecepti
3313 4067 3323 4102 :
3353 4048 3561 4103 nullum

1970 4144 2246 4198 hominem
2297 4157 2648 4198 communem
2705 4154 2761 4196 et
2812 4141 3152 4196 immundum
3199 4140 3420 4206 dicere;
3471 4141 3563 4195 sed

1966 4239 2090 4308 quia
2145 4250 2368 4308 pr0pter
2419 4252 2545 4305 eos,
2587 4237 2676 4306 qui
2717 4235 2896 4291 adhuc
2926 4236 3129 4306 Legem
3163 4235 3560 4290 observandam

1968 4330 2266 4400 putabant,
2310 4331 2588 4398 paululum
2630 4346 2689 4384 se
2718 4347 2747 4384 a
2773 4331 3030 4384 convictu
3055 4329 3401 4383 subtraxerat
3438 4344 3568 4398 gen-

1968 4423 2100 4476 tium
2132 4423 2226 4490 (ita
2261 4432 2318 4475 ttt
2348 4424 2510 4476 etiam
2539 4422 2726 4477 caeteri
2755 4421 2848 4492 qui
2881 4437 2947 4476 ex
2974 4421 3180 4476 Judaais
3207 4431 3385 4485 erant,
3417 4421 3569 4474 simi-

1970 4515 2097 4569 liter
2128 4514 2391 4577 iacerent,
2439 4526 2494 4567 et
2525 4515 2800 4568 Barnabas
2828 4515 2921 4585 qui
2955 4531 3078 4570 cum
3107 4514 3280 4568 Paulo
3307 4515 3360 4568 in
3389 4516 3567 4584 genti-

269 4599 534 4656 Barnr-bze
581 4619 710 4657 cura
762 4607 1076 4670 mandatur,
1128 4609 1178 4661 hi
1233 4619 1393 4674 sunt,
1433 4612 1526 4680 qui
1562 4627 1629 4666 ex
1657 4616 1860 4670 .lutlmis

1972 4607 2068 4660 bus
2102 4607 2454 4673 Evangelium
2491 4605 2845 4673 prmdicabat,
2876 4606 2979 4659 hoc
3003 4605 3186 4660 facere
3218 4605 3566 4674 cogeretur),

268 4693 586 4761 credentes,
642 4701 814 4767 pretia
860 4704 1272 4768 possessionum
1317 4719 1536 4759 Suarum
1577 4708 1641 4760 ad
1696 4711 1860 4777 pelles

267 4788 645 4856 apostolorum
712 4791 1033 4846 deferebant
1092 4796 1376 4864 egentibus
1425 4797 1734 4868 largienda,
1780 4803 1863 4855 vel

267 4881 395 4950 quia
452 4883 897 4949 contribulibus,
951 4888 1200 4955 cognatis
1256 4898 1310 4942 et
1356 4890 1670 4956 parentibus
1723 4893 1868 4958 Suis,

267 4976 418 5046 quasi
448 4976 757 5032 desertores
797 4979 982 5049 Legis,
1039 4990 1094 5033 et
1134 4981 1188 5034 in
1232 4982 1548 5036 cruciﬁxum
1592 4983 1866 5040 hominem

271 5067 578 5133 credentes,
605 5069 951 5125 detestationi
979 5081 1032 5126 et
1060 5073 1276 5140 piaculo
1297 5073 1658 5130 ducebantur.
1679 5078 1736 5131 In
1767 5079 1866 5132 bo-

272 5172 393 5213 rum
445 5159 753 5216 ministerio
805 5172 1033 5217 sanctus
1079 5164 1362 5232 apostolus
1414 5166 1611 5220 Paulus
1661 5179 1868 5237 quanto

271 5250 458 5310 labore
504 5254 798 5321 sudaverit,
839 5256 1094 5325 Eptstola:
1141 5256 1262 5326 ejus
1312 5265 1477 5312 testes
1525 5269 1674 5324 sunt,
1733 5267 1868 5316 seri-

342 5456 789 5537 '_Sub_intell_ige,
839 5463 1231 5537 possetLquod
1271 5465 1514 5537 _verbum
1563 5467 1866 5537 elegantius

271 5541 343 5582 ex
392 5526 602 5605 Latina:
653 5526 850 5605 linguai
896 5526 1221 5605 ingenio—HS.
1271 5535 1434 5589 Pater
1484 5551 1588 5590 non
1635 5526 1863 5605 rip-tn;

273 5598 642 5677 nequidquam
673 5598 842 5677 enim,
878 5604 1408 5677 _teneretLVictorius
1439 5598 1744 5677 rescripsit,
1779 5611 1866 5664 cui

275 5669 508 5738 alioquin
541 5673 851 5727 claudicare
878 5674 1067 5728 Latina
1089 5669 1316 5729 locutio
1348 5677 1458 5728 viea
1494 5691 1592 5731 est

289 5773 295 5796 ι
347 5737 373 5776 ³³
401 5737 798 5816 ξιβτιιιῐιειιιάει
829 5745 1102 5816 Victorius
1129 5763 1295 5812 super
1324 5751 1707 5816 qll:tttl,llC(‘.-’ll.:
1739 5766 1860 5806 nam

278 5811 416 5880 quod
450 5814 502 5868 in
525 5814 746 5882 Vulgata
779 5826 833 5870 ct
861 5815 1084 5883 (ἔνατα),
1128 5811 1356 5889 (ἔρρΙιηεξ
1393 5836 1486 5888 pro
1521 5820 1698 5884 Petro,
1731 5827 1865 5873 st-ri-

1965 4698 2019 4751 hi
2048 4697 2139 4767 qui
2170 4696 2478 4750 Antiochia:
2507 4697 2856 4751 crediderant
2885 4712 2953 4751 ex
2991 4697 3244 4766 gentibus
3269 4743 3283 4766 ,
3326 4714 3426 4753 nec
3452 4700 3571 4752 iue-

1962 4799 2087 4846 rant
2131 4790 2486 4855 circumcisi,
2539 4791 3009 4859 compellebantur
3060 4791 3128 4846 ad
3187 4791 3347 4860 chis
3401 4806 3568 4846 onera

1971 4883 2398 4940 transcendere:
2426 4901 2533 4937 non
2566 4883 2932 4953 intelligentes
2960 4884 3433 4952 dispensationem
3466 4886 3568 4940 Pe-

1972 4979 2066 5044 tri,
2096 4994 2200 5048 qua
2229 4977 2451 5033 .ludaeos
2477 4978 2674 5030 salvari
2705 4985 2964 5045 cuperet:
2995 4977 3091 5032 sed
3121 4987 3376 5046 putantes
3402 4979 3480 5033 ita
3511 4995 3570 5034 se

1975 5071 2252 5142 Evangelii
2307 5071 2512 5126 habere
2561 5072 2853 5125 rationem.
2909 5069 3042 5125 Cum
3105 5071 3288 5141 itaque
3343 5072 3571 5128 vidisst-t

1972 5166 2250 5237 apostolus
2279 5165 2482 5219 Paulus
2530 5165 2826 5235 periclitari
2876 5164 3106 5236 gratiam
3143 5165 3380 5232 Christi,
3430 5182 3569 5221 nova

1973 5261 2204 5316 bellator
2238 5272 2260 5299 ο
2290 5271 2446 5315 vetus
2485 5275 2617 5316 usus
2655 5269 2744 5315 est
2779 5269 2901 5316 arte
2929 5260 3232 5332 pugnandi,
3264 5269 3324 5315 ut
3352 5260 3566 5332 dispen-

1969 5467 2143 5532 bitur,
2185 5476 2245 5522 ut
2280 5467 2528 5522 eamdem
2579 5475 2762 5524 servet
2799 5466 3267 5521 nomenclaturam
3308 5477 3416 5522 tam
3456 5467 3567 5532 hic,

1970 5555 2132 5610 quam
2175 5538 2337 5610 paulo
2378 5539 2537 5602 intra,
2569 5539 2896 5610 Hieronymi
2935 5537 3227 5593 lectionem
3268 5547 3460 5608 mutat,
3503 5555 3569 5595 ac

1969 5609 2137 5665 Petro
2166 5609 2403 5678 Cepham
2442 5610 2745 5664 Substituit.

1967 5737 1972 5740 _
2044 5693 2065 5719 ο
2098 5681 2474 5754 Bosel-ibimus
2505 5691 2668 5744 vetus,
2699 5696 2822 5754 cum
2861 5679 3123 5754 Victorio,
3166 5696 3266 5753 pro
3304 5699 3410 5754 quo
3437 5683 3570 5740 reli-

1962 5754 2089 5808 nuit
2120 5753 2462 5809 Martianmus
2493 5754 2672 5810 minus
2698 5753 2864 5820 bene,
2894 5752 3028 5821 ejus.
