4028 6364
265 268 379 336 διε

804 274 1458 337 COMMENTARIORUM
1494 275 1563 334 IN
1599 275 1991 336 EPISTOLAM
2031 276 2124 335 AD
2161 274 2486 337 GALATAS
2523 276 2656 336 LIB.
2697 276 2741 336 1.
2778 275 2936 337 CAP.
2974 275 3045 339 ll.

3465 276 3577 339 542

270 388 465 446 dicunt
509 404 855 465 nequaquam
897 390 1119 446 Petrum
1156 406 1187 445 a
1218 391 1477 447 convictu
1520 391 1763 463 gentium
1811 406 1871 448 se
1899 395 1949 456 A
1977 391 2230 448 omnibus.
2257 392 2410 450 Sicut
2436 393 2489 449 bi
2520 396 2610 465 qui
2642 396 2790 451 sanis
2832 396 3118 467 gressibus
3158 396 3470 454 claudicare
3509 413 3572 453 se

268 483 518 555 potuisse
547 482 903 549 subtrahere,
936 484 1028 553 qui
1054 490 1110 538 et
1136 484 1512 539 centurionem
1551 481 1871 539 Cornelium

271 578 595 651 baptizarat.
627 578 693 635 Et
720 594 844 634 cum
867 578 1211 637 ascendisset
1236 574 1631 651 Jerosolymam
1653 621 1670 646 ,
1696 579 1876 635 disce-

271 672 555 744 ptantibus
575 671 841 728 adversus
864 687 925 727 se
948 673 1041 743 qui
1071 683 1228 728 erant
1254 688 1317 728 ex
1342 671 1793 741 Circumcisione,
1822 683 1876 729 et

271 765 628 822 dicentibus:
659 764 836 835 Quare
875 767 1103 821 introisti
1132 767 1201 821 ad
1241 767 1378 821 viros
1419 771 1741 840 prmputium
1777 767 1876 822 ha-

274 857 469 927 bentes,
512 868 562 914 et
606 859 941 914 manducasti
985 874 1103 913 cum
1149 858 1255 913 illis
1308 858 1444 929 (Act.
1477 876 1552 927 χι,
1602 861 1704 930 5)?
1752 869 1876 931 post

274 953 648 1007 narrationem
683 951 938 1016 visionis,
985 952 1079 1005 tali
1122 952 1539 1022 responsionem
1581 968 1733 1008 suam
1767 952 1875 1009 ﬁne

275 1043 611 1099 concluserit
634 1062 649 1097 :
674 1043 735 1099 Si
759 1059 880 1115 ergo
907 1044 1141 1097 eamdem
1163 1045 1385 1116 gratiam
1409 1045 1551 1099 dedit
1581 1045 1686 1099 illis
1716 1045 1873 1114 Deus,

277 1137 411 1190 sicut
460 1144 509 1190 et
559 1135 704 1191 nobis
750 1136 838 1203 qui
888 1136 1205 1191 credidimus
1260 1137 1315 1190 in
1360 1135 1645 1191 Dominum
1696 1135 1875 1192 Jcsum

279 1226 546 1284 Christum
570 1244 589 1283 :
611 1244 701 1301 ego
721 1228 835 1299 quis
861 1245 1009 1283 eram
1028 1230 1120 1301 qui
1143 1246 1343 1301 possem
1371 1229 1641 1301 prohibere
1665 1229 1877 1284 Deum?

279 1318 481 1387 Quibus
510 1321 705 1375 auditis
729 1363 746 1387 ,
775 1328 1047 1375 tacuerunt
1074 1363 1089 1388 ,
1121 1328 1169 1373 ct
1199 1320 1623 1393 gloriﬁcaverunt
1663 1321 1831 1377 Deum
1860 1364 1874 1390 ,

280 1410 509 1467 dicentes
537 1427 557 1467 :
584 1428 706 1484 ergo
737 1416 785 1468 et
806 1412 1044 1485 gentibus
1073 1411 1209 1468 Deus
1237 1416 1593 1486 paenitentiam
1621 1416 1692 1469 ad
1718 1418 1877 1470 vitam

276 1504 451 1571 dedit;
478 1506 714 1561 maxime
744 1521 866 1560 cum
898 1505 1074 1561 Lucas
1103 1506 1341 1576 scriptor
1370 1507 1637 1574 historiae,
1670 1509 1873 1564 nullam

276 1597 440 1668 hujus
458 1600 825 1657 dissensionis
857 1600 1016 1656 faciat
1049 1602 1422 1667 mentionem;
1456 1618 1560 1659 nec
1584 1603 1729 1658 dicat
1758 1619 1878 1657 um-

275 1704 437 1762 quam
468 1691 693 1749 Petrum
725 1690 1033 1750 Antiochia:
1062 1692 1230 1750 fuisse
1273 1711 1398 1750 cum
1438 1695 1613 1751 Paulo
1638 1740 1654 1765 ,
1695 1705 1748 1750 et
1792 1695 1877 1750 Io-

1979 484 2279 552 simulant,
2310 499 2415 541 non
2449 486 2639 541 vitium
2690 487 2895 543 habent
2939 489 2992 543 in
3049 488 3280 560 pedibus
3307 531 3321 555 ,
3365 488 3461 544 sed
3494 497 3579 544 est

1979 577 2156 649 aliqua
2202 593 2367 634 causa
2415 595 2516 636 cur
2553 581 2867 637 claudicent
2893 624 2908 647 ,
2940 583 3012 637 ita
3058 591 3115 638 et
3158 585 3351 639 Petrus
3395 586 3575 638 sciens

1978 669 2450 730 circumcisiohem
2478 674 2535 730 et
2562 676 2886 749 praeputium
2913 675 3050 731 nihil
3078 691 3223 744 esse,
3254 676 3351 732 sed
3386 678 3577 731 obser-

1978 767 2254 824 vationem
2305 768 2687 826 mandatorum
2742 770 2882 838 Dei,
2932 769 3128 827 edebat
3178 770 3398 842 quidem
3450 777 3579 825 ante

1978 875 2101 916 cum
2131 860 2385 933 gentibus
2413 905 2429 929 ,
2461 862 2557 918 sed
2600 878 2703 937 pro
2753 873 2997 935 tempore
3043 864 3109 919 ab
3140 866 3220 920 eis
3249 881 3308 920 se
3330 907 3344 929 ,
3377 880 3447 920 ne
3476 865 3579 919 Ju-

1979 955 2130 1009 dzros
2163 970 2190 1008 a
2232 955 2337 1031 ﬁde
2362 955 2569 1011 Christi
2599 957 2896 1029 perderet,
2928 958 3306 1016 subtrahebat.
3338 956 3494 1016 Unde
3521 970 3580 1015 et

1978 1047 2181 1103 Paulus
2212 1049 2402 1103 eadem
2429 1058 2548 1105 arte
2576 1066 2679 1121 qua
2711 1051 2803 1106 ille
2839 1052 3173 1120 simulabat,
3205 1055 3255 1109 ei
3288 1055 3493 1109 restitit
3523 1054 3581 1110 in

1979 1137 2196 1205 faciem,
2238 1148 2292 1195 et
2321 1138 2565 1211 loquitur
2598 1157 2785 1197 coram
2831 1144 3129 1209 omnibus;
3189 1160 3295 1199 non
3346 1155 3452 1200 tam
3513 1154 3572 1201 ut

1984 1241 2006 1269 ο
2031 1231 2249 1286 Petrum
2282 1244 2503 1305 arguat,
2534 1249 2695 1306 quam
2725 1244 2785 1289 ut
2815 1232 2902 1301 bi,
2933 1252 3161 1305 quorum
3192 1252 3353 1292 causa
3388 1238 3579 1293 Petrus

1979 1322 2373 1397 simulaverat,
2420 1328 2791 1399 corrigantur,
2826 1328 2913 1383 vel
2945 1337 3001 1382 ut
3041 1330 3203 1385 etiam
3244 1328 3445 1385 Iullmis
3488 1348 3581 1386 su-

1979 1417 2163 1486 perbia
2194 1460 2207 1482 ,
2238 1419 2490 1489 gentibus
2517 1419 2834 1495 desperatio
2868 1418 3168 1477 tolleretur.
3205 1422 3357 1490 Quod
3407 1423 3450 1477 si
3488 1424 3580 1480 cui

1979 1506 2008 1547 ιι
2040 1509 2142 1564 iste
2173 1526 2279 1565 non
2309 1504 2488 1581 placet
2513 1526 2709 1566 sensus
2734 1553 2752 1577 ,
2786 1526 2895 1583 quo
2927 1529 3029 1569 nec
3056 1512 3248 1569 Petrus
3288 1529 3578 1583 peccasse,

1978 1616 2079 1657 nec
2111 1596 2310 1657 Paulus
2339 1603 2648 1673 procaciter
2672 1606 2982 1660 ostenditur
3007 1604 3255 1675 arguisse
3286 1605 3572 1673 majorem,

1979 1693 2144 1750 debet
2178 1710 2453 1765 exponere
2484 1711 2587 1767 qua
2615 1698 3005 1769 consequentia
3033 1696 3195 1772 411
3236 1700 3337 1754 hoc
3373 1698 3575 1757 Paulus

278 1798 399 1840 cum
427 1782 545 1839 dari
581 1784 888 1858 Porphyrio
918 1785 1354 1856 blasphemanti;
1386 1789 1429 1842 si
1465 1798 1645 1843 autem
1680 1787 1876 1845 Petrus
1908 1793 1954 1852 Β
1983 1787 2037 1842 in
2066 1787 2237 1842 altero
2267 1787 2656 1860 reprehendat,
2687 1787 2833 1860 quod
2866 1789 2986 1861 ipse
3022 1790 3327 1845 commisit.

278 1891 516 1944 errasse,
546 1886 641 1932 ant
671 1877 874 1934 Paulus
918 1880 1231 1949 procaciter
1260 1881 1630 1950 apostolorum
1676 1884 1879 1953 princi-

276 1984 400 2040 pem
444 1970 759 2027 conlutasse
805 1972 1077 2027 credatur.
1125 1971 1334 2042 Quibus
1377 1975 1610 2044 primum
1650 1990 1879 2046 respon-

277 2061 540 2131 dendum,
573 2064 799 2117 alterius
849 2065 1037 2120 nescio
1077 2064 1233 2136 cujus
1277 2064 1479 2135 Cephm
1523 2070 1734 2123 nescire
1778 2084 1877 2123 nos

277 2168 478 2210 nomen
506 2197 521 2222 ,
555 2153 661 2208 nisi
705 2154 826 2223 ejus
855 2156 946 2225 qui
981 2162 1036 2211 et
1077 2155 1130 2211 in
1178 2156 1482 2228 Evangelia
1507 2200 1522 2225 ,
1565 2166 1622 2215 et
1664 2159 1717 2214 in
1758 2160 1909 2215 aliis-

278 2246 435 2303 Pauli
466 2246 760 2317 Epistolis,
781 2257 837 2302 et
857 2247 909 2302 in
936 2245 1038 2303 hac
1064 2263 1282 2320 quoque
1311 2250 1427 2321 ipsa
1462 2250 1624 2308 modo
1652 2250 1875 2325 Cephas,

278 2341 445 2398 modo
478 2340 669 2396 Petrus
696 2383 710 2406 ,
742 2339 1027 2396 scribitur.
1073 2340 1193 2397 Non
1225 2344 1370 2412 quod
1409 2344 1562 2399 aliud
1612 2346 1885 2417 signiﬁcet

282 2432 498 2499 Petrus,
527 2432 670 2488 aliud
700 2429 915 2503 Cephas
944 2450 957 2487 :
992 2432 1086 2488 sed
1114 2434 1259 2505 quod
1292 2444 1318 2472 α
1348 2452 1512 2506 quam
1556 2452 1657 2492 nos
1693 2436 1884 2493 Latine

284 2534 340 2583 et
391 2525 582 2581 Graece
626 2533 827 2597 petram
866 2538 1166 2594 vocemus,
1215 2524 1356 2582 hanc
1402 2526 1617 2583 Hebraei
1663 2539 1720 2584 et
1757 2528 1885 2601 Syri

286 2628 515 2692 prepter
552 2619 759 2689 lingua:
798 2620 940 2675 inter
981 2635 1040 2676 se
1077 2621 1368 2689 viciniam,
1412 2620 1624 2694 Cephan
1673 2639 1886 2678 nuncu-

292 2721 441 2784 pent.
500 2712 710 2768 Deinde
773 2716 942 2767 totum
1004 2721 1378 2782 argumentum
1446 2715 1692 2786 epistolae
1743 2715 1888 2788 quod

290 2803 512 2875 oblique
541 2801 609 2859 de
654 2802 837 2873 Petro,
883 2804 1088 2862 Jacobo
1113 2847 1128 2871 ,
1175 2815 1229 2862 et
1257 2806 1473 2862 Joanne
1499 2808 1721 2876 dicitur,
1756 2809 1885 2867 huic

288 2894 673 2968 intelligentia:
709 2912 1033 2968 repugnare.
1083 2896 1197 2953 Nec
1226 2898 1420 2954 mirum
1453 2914 1576 2955 esse
1620 2900 1664 2955 si
1713 2900 1889 2957 Lucas

291 2989 440 3045 banc
480 3005 593 3045 rem
642 2990 919 3055 tacuerit,
964 3003 1086 3045 cum
1117 2997 1172 3044 et
1202 2989 1305 3044 alia
1348 2989 1516 3045 multa
1561 3007 1681 3062 qua:
1726 2991 1892 3066 410

293 3083 497 3139 Paulus
555 3081 879 3137 sustinuisse
927 3096 986 3137 se
1034 3082 1304 3155 replicat,
1355 3084 1781 3157 bistoriographi
1827 3087 1892 3141 li-

2060 1879 2124 1935 Si
2156 1890 2231 1945 tu,
2262 1897 2379 1934 cum
2421 1878 2643 1936 Judwus
2683 1881 2777 1950 sis,
2810 1882 3087 1954 gentiliter,
3122 1893 3169 1936 et
3212 1900 3316 1937 non
3355 1878 3582 1938 Judaice

1983 1973 2109 2028 vivis
2134 1990 2151 2028 :
2174 1973 2434 2045 quomodo
2470 1982 2645 2048 gentes
2685 1976 2827 2047 cogis
2856 1975 3177 2046 judaizare?
3208 1975 3585 2033 Indissolubili

1984 2060 2308 2137 argumento
2338 2062 2668 2140 constringit
2701 2065 2955 2137 Petrum,
2985 2066 3150 2123 immo
3190 2082 3288 2137 per
3324 2067 3583 2136 Petrum,

1985 2174 2081 2215 eos
2110 2144 2203 2230 qui
2243 2160 2543 2233 pugnantia
2584 2159 2737 2216 illum
2768 2159 2914 2216 inter
2952 2176 3011 2241 se
3043 2160 3227 2217 facere
3265 2160 3533 2232 cogebant
3567 2180 3583 2218 :

1987 2252 2080 2323 Si,
2107 2252 2313 2325 inquit,
2346 2268 2380 2308 ο
2406 2252 2567 2310 Petre
2593 2294 2609 2320 ,
2642 2246 2699 2307 tu
2745 2264 2938 2308 natura
2967 2253 3190 2309 Iudaeus
3217 2269 3277 2309 es
3301 2297 3317 2322 ,
3350 2255 3586 2309 circum-

1986 2346 2132 2403 cisns
2159 2360 2187 2399 a
2215 2358 2375 2421 parva
2402 2355 2594 2415 relate,
2625 2355 2677 2401 et
2705 2345 2958 2401 universa
2986 2342 3145 2419 Legis
3186 2358 3453 2417 przccopta
3491 2364 3586 2403 cu-

1987 2436 2252 2506 stodiens,
2275 2452 2417 2491 nunc
2438 2435 2509 2493 ob
2530 2435 2757 2507 gratiam
2786 2434 2987 2491 Christi
3015 2436 3123 2490 scis
3150 2452 3210 2490 ea
3238 2436 3372 2491 nihil
3404 2454 3497 2506 per
3523 2452 3583 2491 se

1990 2527 2192 2584 habere
2223 2527 2472 2583 utilitatis
2494 2568 2511 2593 ,
2541 2525 2636 2583 sed
2669 2526 2999 2596 exemplaria
3045 2543 3167 2582 esse
3216 2538 3270 2583 et
3317 2527 3582 2598 imagines

1991 2619 2316 2685 futurorum,
2349 2626 2405 2675 et
2434 2632 2555 2673 cum
2583 2616 2668 2673 bis
2700 2614 2791 2687 qui
2827 2630 2895 2672 ex
2926 2617 3179 2689 gentibus
3207 2630 3368 2686 sunt,
3401 2618 3584 2674 cibum

1990 2716 2162 2784 capis.
2194 2728 2533 2787 nequaquam
2567 2722 2625 2767 ut
2666 2718 2795 2766 ante
2830 2712 3247 2779 superstitiose,
3276 2712 3370 2767 sed
3402 2713 3578 2769 libere

1992 2817 2046 2863 et
2076 2805 2450 2862 indiﬁ'ereuter
2479 2804 2736 2860 victitans
2765 2821 2779 2859 :
2813 2803 3090 2874 quomodo
3118 2820 3218 2861 eos
3246 2806 3336 2878 qui
3365 2822 3427 2860 ex
3457 2820 3589 2875 gen-

1993 2899 2140 2955 tibus
2164 2897 2547 2964 eredideruut,
2578 2912 2721 2952 nunc
2752 2892 3018 2953 recedens
3048 2895 3118 2951 ab
3145 2896 3222 2951 eis
3248 2940 3262 2964 ,
3295 2908 3348 2952 et
3378 2899 3530 2968 quasi
3561 2913 3591 2951 a

1994 2990 2382 3046 contaminatis
2430 3001 2482 3045 te
2521 3003 2785 3060 separatis
2828 2998 2884 3043 et
2924 3003 3262 3056 secernens,
3306 2980 3593 3061 compellis

1989 3084 2316 3156 judaizare?
2344 3083 2402 3141 Si
2433 3083 2579 3138 enim
2609 3076 2873 3136 immundi
2915 3089 3043 3137 sunt
3069 3097 3099 3136 a
3129 3083 3327 3151 quibus
3353 3083 3590 3148 recedis,

291 3175 475 3231 centia
522 3175 934 3244 praetermiserit
980 3189 996 3231 :
1036 3185 1090 3230 et
1135 3189 1243 3230 non
1272 3177 1458 3231 statim
1502 3192 1623 3233 esse
1667 3188 1888 3234 contra—
1918 3186 1966 3252 α
1996 3176 2202 3232 idcirco
2225 3187 2406 3230 autem
2441 3172 2673 3240 recedis,
2704 3173 2829 3243 quia
2858 3188 2965 3227 non
2991 3173 3199 3229 habent
3225 3174 3595 3229 circumcisio-

291 3270 437 3327 rium
458 3312 474 3336 ,
502 3268 551 3324 si
580 3268 724 3341 quod
748 3268 887 3324 alius
916 3268 986 3324 ob
1018 3284 1238 3324 causam
1269 3270 1493 3342 dignum
1544 3271 1757 3342 putavit
1801 3288 1891 3328 re-

291 3365 442 3432 latu,
468 3363 610 3420 alius
638 3363 782 3427 inter
806 3373 1006 3418 caetera
1036 3363 1355 3434 dereliquit.
1384 3363 1630 3437 Denique
1658 3366 1891 3436 primum

295 3459 618 3530 episcopum
649 3454 1005 3512 Antiochense
1045 3456 1298 3512 Ecclesia:
1335 3456 1559 3513 Petrum
1592 3458 1765 3515 fuisse
1801 3477 1897 3516 ac-

296 3550 563 3621 cepimus,
596 3558 652 3605 et
685 3547 913 3604 Romam
942 3547 1142 3604 exinde
1172 3549 1516 3614 translatum,
1549 3550 1693 3621 quod
1722 3551 1898 3609 Lucas

298 3641 515 3714 penitus
557 3642 760 3697 omisit.
796 3632 876 3696 Ad
918 3650 1220 3698 extremum
1265 3643 1311 3697 si
1346 3652 1569 3715 propter
1610 3644 1898 3719 Porphyrii

298 3734 698 3806 blasphemiam
722 3777 737 3802 ,
768 3734 911 3789 alius
938 3734 1097 3791 nobis
1125 3733 1413 3805 ﬁngendus
1442 3744 1526 3791 est
1554 3733 1797 3805 Cephas,
1828 3752 1899 3794 ne

302 3827 499 3884 Petrus
528 3834 748 3896 putetur
777 3838 989 3881 errasse
1010 3867 1025 3891 ,
1061 3825 1269 3880 inﬁnita
1301 3824 1369 3880 de
1406 3824 1706 3894 Scripturis
1736 3834 1898 3883 erunt

302 3919 545 3976 radenda
573 3919 810 3987 divinis,
843 3933 964 3989 qua:
991 3919 1116 3987 ille,
1149 3920 1274 3989 quia
1320 3933 1427 3974 non
1461 3919 1748 3991 intelligit,
1788 3922 1899 3976 cri-

307 4014 567 4069 minatur.
599 4012 708 4069 Sed
747 4016 802 4068 et
840 4009 1130 4067 adversum
1163 4010 1545 4084 Porphyrium,
1590 4010 1641 4066 in
1674 4011 1820 4080 alio,
1852 4015 1898 4070 si

309 4106 559 4164 Christus
583 4107 851 4177 jusserit,
885 4120 1055 4177 opere
1085 4106 1445 4177 pugnabimus
1475 4124 1488 4161 :
1521 4121 1664 4161 nunc
1692 4106 1901 4181 reliqua

312 4213 722 4271 prosequamur.

386 4290 568 4363 (Vers.
600 4288 715 4362 M.)
765 4286 875 4346 Sed
899 4305 1017 4343 cum
1047 4286 1291 4344 uidissem
1318 4289 1455 4360 quod
1475 4306 1578 4343 non
1607 4299 1743 4345 recto
1774 4290 1902 4364 pede

317 4380 346 4423 δ
372 4380 617 4438 incedunt
643 4378 717 4437 ad
752 4384 1019 4438 veritatem
1049 4379 1359 4454 Evangelii,
1396 4380 1507 4437 dixi
1538 4380 1697 4439 Petro
1731 4392 1907 4438 coram

1997 3286 2144 3338 nem,
2174 3268 2457 3343 compellis
2482 3282 2577 3323 eos
2606 3260 2927 3321 circumcidi
2953 3275 3007 3321 et
3032 3266 3251 3321 Judaeos
3282 3268 3394 3322 ﬁeri
3432 3286 3442 3321 :
3471 3283 3595 3322 cum

2001 3374 2057 3420 tu
2106 3365 2223 3435 ipse
2255 3371 2416 3418 natus
2444 3360 2697 3428 Judzeus,
2735 3360 3017 3433 gentiliter
3045 3359 3269 3415 vixeris.
3308 3361 3371 3414 Et
3407 3361 3596 3415 lmtan-

2001 3469 2082 3513 ter
2108 3455 2352 3513 ostendit
2392 3468 2614 3510 causam
2650 3469 2820 3525 quare
2862 3452 3150 3509 adversum
3197 3469 3319 3508 eum
3352 3454 3600 3523 disputa-

2000 3554 2141 3608 verit
2168 3568 2181 3606 :
2205 3552 2334 3627 quia
2360 3550 2571 3629 scilicet
2597 3558 2791 3623 gentes
2818 3548 3164 3605 simulatione
3194 3563 3288 3601 sua
3317 3544 3599 3617 judaizare

2002 3644 2380 3714 compelleret,
2416 3653 2441 3680 ο
2464 3642 2593 3700 dum
2623 3656 2746 3697 eum
2775 3642 3008 3710 cupiunt
3037 3640 3303 3699 temtilari.

2078 3736 2261 3810 (Vers.
2294 3734 2409 3807 15.)
2437 3732 2548 3790 Nos
2597 3742 2786 3787 natura
2809 3730 3005 3800 Judwi,
3044 3740 3092 3786 et
3134 3750 3237 3787 non
3266 3750 3330 3788 ex
3358 3732 3596 3805 gentibus

2006 3840 2320 3903 peccatores.
2355 3827 2675 3899 Subrepunt
2715 3825 2819 3881 hoc
2848 3824 2969 3881 loco
3000 3822 3257 3881 ilaeretici
3286 3870 3301 3894 ,
3342 3827 3432 3896 qui
3472 3826 3608 3881 ridi-

2004 3925 2127 3981 cuia
2157 3911 2405 3995 quaedam
2442 3930 2499 3976 et
2527 3911 2710 3989 iu‘epta
2742 3918 3041 3989 ﬁngentes,
3078 3918 3259 3982 aiunt,
3293 3934 3394 3975 nec
3437 3919 3610 3991 spiri-

2007 4017 2209 4073 tuulem
2258 4029 2486 4083 peccare
2533 4004 2696 4084 posse
2726 4021 3020 4069 naturam:
3055 4026 3158 4066 nec
3202 4010 3349 4082 juste
3394 4011 3605 4082 aliquid

2008 4109 2191 4167 facere
2223 4118 2519 4163 terrenam.
2553 4106 2701 4177 Quos
2732 4104 3129 4173 interrogemus
3158 4118 3328 4172 quate
3353 4102 3421 4157 de
3466 4104 3609 4159 bona

2006 4202 2151 4257 oliva
2180 4200 2317 4255 rami
2341 4197 2504 4253 fracti
2533 4204 2683 4262 sunt,
2711 4206 2764 4251 et
2788 4211 2885 4250 cur
2910 4196 2980 4250 de
3005 4196 3247 4251 oleastro
3275 4196 3329 4249 in
3362 4194 3607 4253 radicem

2010 4290 2167 4349 bonae
2192 4290 2347 4345 oliva:
2372 4288 2567 4344 inserti
2592 4288 2722 4357 sint,
2755 4288 2799 4341 si
2829 4302 2929 4342 nec
2955 4286 3023 4343 de
3053 4288 3195 4342 bono
3223 4286 3421 4342 cadere
3451 4288 3610 4359 quid-

2008 4400 2173 4461 quam
2219 4390 2397 4456 potest
2421 4422 2436 4448 ,
2480 4393 2580 4436 nec
2610 4378 2679 4436 de
2723 4378 2868 4435 malo
2899 4380 3158 4451 surgere?
3187 4379 3298 4437 Aut
3337 4380 3612 4450 quomodo

318 4600 526 4647 certum
565 4600 685 4660 est,
727 4589 953 4646 Latinos
991 4589 1286 4661 plerosque
1324 4603 1517 4661 omnes
1556 4589 1892 4661 Scriptores.
1924 4588 2253 4661 Dsolidum.

318 4656 1098 4734 Cyprianum,i'rertulliant'tm,
1116 4660 1380 4734 llilarium
1414 4656 1704 4716 Diaconum
1719 4703 1736 4727 ,
1760 4658 1894 4718 Gre-

317 4733 530 4802 gorium
573 4734 642 4787 Μ.
672 4733 961 4799 Thomam,
1003 4746 1067 4787 ac
1104 4733 1393 4798 sequiores
1433 4738 1629 4801 magno
1668 4746 1896 4787 numero

321 4805 647 4875 interpretes
682 4805 771 4863 (ne
800 4804 921 4873 ipso
949 4803 1168 4873 quidem
1196 4812 1423 4875 excepto
1448 4804 1773 4875 Augustino,
1804 4803 1897 4875 qui

320 4874 511 4930 contra
558 4876 843 4947 probatam
892 4874 1657 4947 Hieronymosimulationem
1688 4874 1895 4947 sensit)

319 4961 421 5019 pro
469 4942 578 5001 uno
628 4946 932 5019 eodemque
959 4942 1178 5000 Petrum
1206 4942 1578 5019 _Cephamque
1622 4942 1901 5019 habuisse,

324 5015 682 5087 nostrumque
711 5015 1097 5087 Hieronymum
1146 5015 1313 5069 etiam
1364 5017 1706 5087 cumimulto
1758 5026 1903 5085 post,

322 5103 388 5144 ac
435 5087 551 5144 fere
596 5086 702 5144 sub
745 5087 870 5143 vitm
907 5086 1094 5153 ﬁnem,
1124 5087 1388 5141 adversus
1419 5086 1743 5155 Pelagianos
1773 5087 1913 5141 seria

328 5162 501 5222 heret.
549 5159 803 5214 eamdem
852 5159 1097 5212 tenuisse
1128 5157 1479 5222 sententiam,
1526 5173 1654 5213 vere
1685 5159 1908 5213 Petrum

327 5241 457 5291 tunc
499 5245 745 5295 errasse,
773 5232 932 5300 eique
956 5230 1081 5299 jure
1116 5232 1277 5300 plane
1306 5228 1757 5300 meritoPaulum
1782 5244 1908 5283 suc-

327 5302 612 5361 censuisse
651 5318 665 5357 :
708 5299 861 5369 Quis,
910 5301 1009 5363 ait,
1057 5299 1435 5371 indignabitur,
1464 5299 1517 5353 id
1540 5300 1639 5355 sibi
1664 5300 1915 5370 denegari

329 5373 735 5446 quodprinccps
760 5371 1114 5442 apostolorum
1145 5389 1245 5446 non
1276 5371 1497 5446 Itabttll?

402 5455 427 5482 ⁸
460 5440 691 5500 Palatia.
725 5440 829 5513 nis.
865 5459 1018 5513 quem
1057 5458 1148 5497 nos
1184 5442 1368 5498 Latine
1398 5453 1447 5497 et
1485 5441 1664 5498 erce
1705 5440 1925 5499 Petrum

330 5532 588 5579 vocemus,
614 5516 748 5570 hunc
783 5512 990 5569 Hrbran‘
1016 5557 1029 5575 ,
1067 5523 1173 5568 etc.
1222 5515 1313 5569 Est
1350 5529 1483 5569 vero
1509 5513 1719 5582 (Iephas
1750 5522 1918 5580 κε’),

334 5602 365 5640 a
401 5595 497 5648 5‘:
536 5589 723 5640 radice
751 5628 763 5646 ,
807 5589 948 5640 unde
989 5593 1129 5647 UE:
1168 5585 1402 5653 plurium
1451 5602 1676 5640 munero
1717 5585 1923 5639 Jereoi.

333 5672 405 5727 tv,
438 5659 542 5722 ‘29,
574 5666 632 5712 et
671 5657 919 5727 .lobxxx
942 5698 957 5717 .
990 5661 1059 5723 ti,
1106 5666 1264 5727 petra:
1306 5657 1671 5727 appellantur.
1721 5656 1924 5721 Desip’rt

337 5722 619 5792 Erasmus,
652 5732 743 5797 qui
775 5726 820 5783 ll
845 5722 1165 5798 eronymmn
1207 5722 1406 5797 negare
1434 5728 1545 5792 ait,
1574 5724 1790 5798 Cephas
1823 5727 1929 5782 lle-

335 5798 582 5857 braicum
623 5796 746 5857 eSSe
790 5796 1032 5863 nomen,
1087 5798 1181 5855 sed
1236 5796 1471 5870 syrmn,
1524 5807 1578 5855 ct
1622 5796 1930 5870 signiliCare

2074 4658 2101 4697 δ
2134 4659 2408 4715 Rescribit
2432 4658 2747 4731 Victorius,
2782 4658 3116 4731 incederent,
3148 4667 3204 4731 ut
3245 4658 3298 4713 in
3336 4658 3565 4731 Vulgata
3595 4675 3609 4714 :

2004 4732 2397 4808 contendimus
2440 4730 2620 4808 minus
2657 4739 2808 4808 recte
2851 4730 2903 4784 in
2946 4729 3140 4808 Graeco
3188 4729 3375 4808 haberi
3404 4773 3418 4793 ,
3447 4729 3614 4808 ’ὀρθο-

2004 4802 2265 4875 gradatim,
2317 4816 2416 4872 pro
2464 4799 2827 4875 ὀρθοποδῶσιε
2871 4801 3027 4875 quin_
3060 4802 3223 4855 etiam
3280 4799 3610 4875 impressam

2006 4870 2453 4931 lectionem'nec
2492 4870 2769 4937 'sensum,
2823 4885 2932 4928 nec
2988 4870 3394 4929 Grammatices
3454 4873 3615 4934 sequi

2087 4961 2103 4984 I‘

2087 4961 2103 4984 ι’

2006 4944 2294 5069 τεξηὲῗέἶῖ
2325 5014 2443 5069 scio
2472 5027 2598 5069 num
2626 5012 2833 5069 rectius
2861 5014 2914 5066 in
2945 5014 3056 5066 uno
3081 5008 3320 5067 Palatia.
3356 5027 3461 5065 ms.
3502 5028 3611 5065 non

2014 5095 2118 5140 tam
2161 5094 2213 5139 ut
2256 5086 2474 5149 Petrus,
2515 5094 2679 5154 quam
2709 5092 2767 5138 ut
2806 5083 2863 5137 Isi
2888 5125 2903 5148 ,
2944 5096 3167 5154 alterum
3211 5098 3372 5154 causa
3418 5081 3621 5136 Petrus

2011 5157 2380 5224 simulaverat,
2410 5153 2767 5227 corrigantur,
2809 5153 3041 5227 reliquis
3068 5195 3091 5227 ,ᾗ
3126 5168 3249 5223 quae
3293 5153 3380 5227 hic
3422 5154 3622 5227 subse-

2014 5237 2258 5298 quuntur
2288 5228 2472 5285 verbis
2494 5269 2508 5292 ,
2537 5223 2618 5285 uel
2652 5237 2707 5282 ut
2734 5228 2891 5283 etiam
2916 5223 3119 5298 Judazis
3161 5224 3410 5298 superbia
3431 5266 3445 5286 ,
3478 5223 3620 5298 63p.-

2016 5294 2154 5353 tibus
2174 5300 2474 5370 desperatio
2500 5300 2792 5362 tolleretur,
2827 5296 3234 5369 itrmtcrtnissis,
3278 5311 3401 5366 qua)
3431 5307 3486 5349 et
3520 5294 3621 5350 Vi-

2025 5371 2251 5435 ctorius,
2289 5381 2348 5426 et
2378 5380 2533 5429 vetus
2560 5370 2733 5426 editio
2765 5370 2999 5433 ignorat.

2095 5438 2119 5478 δ
2152 5440 2423 5501 Nimirum
2471 5442 2528 5500 S.
2560 5457 2683 5497 cum
2713 5441 2905 5510 primis
2934 5440 3272 5508 Augustinus
3294 5481 3311 5504 ,
3352 5436 3446 5510 qui
3477 5437 3628 5510 datis

2025 5513 2091 5569 ad
2141 5513 2530 5585 Hieronymum
2576 5508 2912 5585 epistolisin
2947 5523 3131 5585 nostra
3184 5509 3512 5566 recensione
3557 5508 3629 5564 56

2027 5596 2083 5643 et
2106 5586 2173 5640 57
2203 5582 2395 5639 contra
2427 5584 2569 5640 hanc
2597 5583 2932 5638 sententiam
2965 5582 3245 5637 velitatur.

2104 5667 2127 5693 θ
2163 5656 2373 5710 Vitiose
2417 5667 2566 5720 erat,
2600 5653 2726 5706 dum
2771 5654 2929 5707 enim.
2975 5652 3295 5721 Huiusmodi
3339 5651 3631 5712 manifesta

2030 5728 2228 5785 menda
2255 5728 2454 5799 sapius
2486 5726 2631 5783 taciti
2662 5730 3023 5794 castigamus.
