4028 6316
448 274 561 333 345

1680 254 1740 311 S.
1784 248 2057 310 EUSEBII
2097 248 2480 307 HIEROVYMl

3633 245 3760 305 5M

451 388 543 445 vel
574 389 778 446 Paulus
808 390 1126 458 persecutus
1158 378 1227 434 sit
1258 384 1385 431 ante
1417 370 1741 436 Ecclesiam,
1782 369 1826 422 si
1859 366 1926 422 de
1952 381 2050 421 na-
2078 368 2128 430 Α
2159 365 2292 421 riam
2317 364 2516 422 Cluiin
2541 365 2699 439 (Isai.
2731 364 2832 440 γι),
2862 374 2922 422 ιιι
2954 365 3196 423 Joannes
3224 365 3560 458 evangelista
3591 381 3760 421 com-

454 492 579 537 tttra
625 478 894 553 spirituali
927 474 1025 529 luit
1068 489 1083 524 :
1126 477 1222 524 aut
1251 476 1438 537 postea
1481 462 1780 534 Apostolus
1829 460 2000 513 factus
2025 497 2041 522 ,

453 575 505 631 si
535 574 606 630 de
634 582 847 629 terrena
879 568 1014 623 frece
1042 569 1337 630 generatus
1367 567 1472 614 est.
1497 556 1655 625 Quod
1685 555 1732 611 si
1766 562 2045 608 terrenum

455 679 585 722 eum
609 678 717 719 non
746 662 911 715 fuisse
935 652 1344 713 contenderint,
1362 650 1533 719 ipsius
1556 646 1718 704 verba
1742 657 2046 716 ponamus:

454 753 690 811 Eramus
714 750 813 822 ﬁlii
840 758 1028 802 natura
1055 747 1168 811 irae,
1193 745 1329 798 sicut
1353 751 1402 795 et
1425 740 1597 796 caueri
1619 736 1843 812 (Ephes.
1872 751 1931 799 ιι,
1963 734 2043 803 5).

451 844 664 903 Natura
690 842 915 899 Judazus
946 845 1031 895 est
1055 837 1148 909 qui
1179 836 1247 891 de
1294 849 1496 906 genere
1535 840 1621 888 est
1646 830 1921 886 Abraham
1948 869 1964 894 ,
1994 836 2049 881 et

447 957 484 997 a
511 938 837 1012 parentibus
863 935 953 990 die
983 942 1185 988 octavo
1213 926 1573 985 circumcisus
1598 933 1702 981 est.
1738 932 1763 960 ⁸
1792 921 1910 977 Νοιι
1954 934 2051 975 na-

451 1042 580 1089 tura
609 1030 830 1087 Judaeus
850 1069 866 1095 ,
894 1027 984 1098 qui
1017 1034 1206 1096 postea
1242 1032 1323 1078 est
1353 1021 1527 1075 lactus
1559 1033 1626 1073 ex
1665 1015 1938 1087 gentibus.
1982 1012 2052 1068 Ut

452 1137 645 1183 autem
687 1131 860 1178 totum
891 1127 1273 1192 argumentum
1306 1114 1457 1170 brevi
1503 1124 1759 1167 sermone
1799 1122 2051 1177 compre-

451 1215 696 1272 hendam
718 1254 734 1281 ,
764 1224 963 1268 sensus
1004 1217 1089 1264 est
1130 1208 1236 1262 iste
1260 1204 1355 1276 qui
1386 1202 1590 1259 texitur
1623 1218 1636 1255 :
1669 1199 1781 1255 Nos
1805 1240 1821 1265 ,
1853 1199 1904 1253 id
1932 1206 2050 1263 est,

452 1323 560 1380 ego
592 1317 649 1364 et
675 1316 768 1373 tu,
803 1305 959 1359 Petre
987 1300 1235 1376 (miscuit
1270 1296 1418 1353 enim
1447 1309 1738 1367 personam
1771 1307 1948 1361 suam,
1984 1306 2051 1344 ne

450 1401 535 1459 illi
563 1400 745 1457 facere
772 1398 1061 1454 videretur
1085 1393 1248 1467 412
1286 1390 1590 1461 iniuriam),
1621 1403 1747 1444 cum
1773 1402 2051 1449 essemus,

450 1493 672 1565 inquit,
715 1501 911 1547 natura
942 1487 1158 1551 Judaei,
1198 1500 1263 1540 ea
1293 1482 1566 1538 facientes
1597 1495 1716 1551 qua:
1753 1479 1873 1551 lege
1914 1493 2056 1549 pra:—

458 1596 621 1658 cepta
652 1592 821 1649 sunt,
849 1591 906 1637 et
935 1596 1044 1636 non
1075 1595 1145 1635 ex
1172 1576 1429 1649 gentibus
1457 1581 1776 1645 peccatores
1801 1614 1817 1640 ,
1845 1573 1937 1642 qui
1965 1572 2053 1625 vel

451 1676 811 1750 generaliter,
845 1673 972 1745 quia
1006 1671 1169 1726 idolis
1211 1670 1497 1732 serviunt,
1534 1673 1850 1736 peccatores
1883 1672 2010 1718 sunt
2034 1706 2048 1729 ,

2149 467 2454 523 memorat,
2491 467 2547 512 et
2575 458 2748 514 Judas
2776 459 2846 513 de
2886 457 3142 513 omnibus
3182 457 3520 527 generaliter
3548 474 3564 514 :
3591 457 3760 514 Com-

2148 567 2379 616 monere,
2402 552 2599 623 inquit,
2624 570 2709 607 vos
2738 551 2876 622 volo,
2904 550 3067 625 413
3097 553 3313 608 scientes
3336 552 3496 608 semel
3520 554 3704 608 omnia
3734 567 3756 607 :

2150 650 2396 720 quoniam
2438 648 2595 705 Iesus
2637 652 2889 723 populum
2935 651 3000 706 de
3043 659 3184 706 terra
3227 650 3453 726 Egypti
3498 651 3708 708 salvan:
3737 670 3761 709 .'

2151 743 2381 797 secundo
2423 760 2509 799 eos
2550 744 2638 814 qui
2667 762 2773 800 non
2815 744 3181 808 crediderunt,
3214 746 3442 816 perdidit
3482 745 3633 819 (Iud.
3662 745 3756 819 v).

2156 834 2311 892 Unde
2342 852 2448 892 non
2483 848 2589 892 tam
2621 838 2783 910 Legis
2813 854 2977 909 opera
3004 838 3358 909 damnantur,
3389 856 3551 912 quam
3582 841 3634 898 Ιιί
3657 843 3761 913 qui

2154 938 2363 983 tantum
2395 946 2461 985 ex
2491 931 2749 1001 operibus
2784 931 3077 1002 iustiﬁcari
3108 947 3170 988 se
3218 948 3381 1003 posse
3424 933 3711 991 conﬁdunt
3740 977 3758 1001 ,

2155 1019 2443 1078 Salvatore
2473 1038 2690 1094 quoque
2727 1024 2791 1078 ad
2833 1023 3134 1095 discipulos
3176 1024 3471 1097 loquente,
3502 1027 3624 1082 Nisi
3659 1044 3765 1082 su-

2156 1114 2589 1183 perabundaverit
2622 1118 2837 1186 justitia
2862 1129 3037 1173 vestra
3085 1117 3205 1190 plus
3244 1137 3403 1191 quam
3445 1121 3763 1178 Scribarum

2154 1217 2204 1262 et
2237 1206 2623 1265 Pharisaeorum
2649 1250 2665 1275 ,
2710 1228 2815 1265 non
2860 1212 3123 1267 intrabitis
3160 1212 3215 1267 in
3253 1230 3475 1287 regnum
3503 1215 3761 1269 caelorum

2160 1299 2384 1368 (Matth.
2410 1317 2466 1369 v,
2497 1302 2617 1373 20).
2646 1300 3100 1374 Congregandum
3130 1303 3238 1377 [ΑΙ.
3270 1305 3762 1378 considerandum]

2158 1388 2263 1445 hoc
2288 1390 2343 1445 in
2373 1391 2495 1447 loco
2518 1403 2721 1460 quanta
2760 1394 2813 1448 iu
2855 1393 3002 1465 Lege
3029 1404 3301 1466 praecepta
3329 1395 3471 1462 sint,
3503 1412 3624 1463 quae
3652 1412 3764 1452 ex-

2158 1482 2314 1552 plere
2354 1483 2540 1538 nullus
2568 1495 2753 1555 queat.
2800 1485 2863 1540 Et
2895 1487 3214 1542 econtrario
3241 1487 3527 1544 dicendum
3547 1529 3564 1555 ,
3597 1504 3762 1559 qua?-

2158 1575 2281 1629 datn
2317 1575 2477 1647 Legis
2504 1578 2666 1632 etiam
2689 1579 2757 1633 ab
2789 1580 2873 1633 his
2903 1578 3023 1635 ﬁeri
3048 1580 3138 1650 qui
3169 1581 3423 1652 ignorent
3457 1597 3596 1637 eam.
3640 1583 3760 1638 Sed

2160 1669 2286 1724 ideo
2315 1684 2419 1726 non
2439 1671 2723 1740 iustiﬁcari
2748 1682 3067 1743 operatores
3093 1674 3237 1743 ejus,
3262 1676 3389 1745 quia
3409 1675 3618 1746 absque
3645 1676 3764 1732 ﬁde

454 1769 544 1827 vel
574 1782 716 1841 quos
745 1779 890 1821 nunc
936 1775 1194 1836 putamus
1244 1757 1556 1815 immundos
1582 1798 1597 1822 ,
1641 1758 1879 1811 scientes
1905 1754 2048 1827 quod
2084 1756 2131 1817 Β
2157 1759 2362 1817 Christi
2393 1762 2523 1818 ﬁant
2556 1781 2568 1817 :
2605 1765 2754 1820 verbi
2799 1766 3001 1836 gratia,
3041 1781 3146 1821 non
3184 1767 3429 1822 dormire
3473 1784 3597 1825 cum
3636 1769 3766 1825 viro

452 1878 569 1921 non
596 1860 868 1933 possimus
894 1873 960 1912 ex
988 1855 1150 1926 Legis
1181 1869 1368 1924 opere,
1404 1850 1499 1907 sed
1526 1867 1591 1906 ex
1621 1848 1825 1906 Christi
1854 1850 2049 1903 salvari

453 1954 598 2021 ﬁde,
647 1951 986 2008 credidimus
1033 1949 1085 2002 in
1131 1947 1441 2009 Christum,
1477 1952 1536 1998 ιιι
1559 1942 1703 2013 quod
1740 1942 1852 1997 Lex
1896 1941 2054 1996 nobis

454 2059 571 2102 non
600 2042 852 2108 dederat,
895 2038 1032 2095 ﬁdes
1063 2038 1330 2093 tribueret
1353 2049 1518 2107 quam
1569 2033 1906 2090 habebamus
1941 2031 2050 2106 [ΑΙ.

455 2131 750 2207 habemus]
799 2134 853 2188 in
899 2130 1140 2188 Christo.
1182 2128 1338 2198 Quod
1370 2128 1417 2182 si
1449 2125 1768 2182 recedentes
1795 2141 1827 2180 a
1863 2125 2010 2195 Lege
2037 2170 2051 2192 ,

456 2230 517 2286 in
533 2244 639 2300 qua
652 2226 851 2284 salvari
868 2240 976 2280 non
995 2223 1296 2295 potuimus,
1318 2219 1753 2275 transcendimus
1772 2217 1840 2272 ad
1866 2216 2051 2278 Iidem,

452 2320 512 2378 in
544 2336 651 2392 qua
684 2334 791 2375 non
824 2316 1011 2373 carnis
1039 2316 1302 2385 quaeritur
1327 2310 1680 2367 circumcisio
1702 2351 1716 2374 ,
1746 2309 1844 2364 sed
1872 2307 2054 2364 cordis

456 2413 586 2485 puri
614 2410 885 2467 devotio:
924 2417 982 2462 et
1023 2422 1167 2461 nunc
1213 2421 1243 2460 a
1289 2404 1552 2477 gentibus
1592 2401 1901 2458 recedendo
1951 2401 2056 2455 hoc

457 2504 716 2574 agimus,
763 2510 824 2555 ut
852 2499 1186 2570 quicumque
1234 2512 1342 2550 non
1395 2497 1468 2550 sit
1507 2494 1907 2560 circumcisus,
1956 2493 2057 2547 itu-

456 2592 699 2651 mundus
746 2593 818 2646 sit
853 2608 867 2644 :
899 2605 1031 2660 ergo
1082 2590 1215 2643 ﬁdas
1254 2586 1308 2641 in
1349 2585 1668 2650 Christum,
1714 2586 1767 2639 in
1808 2600 1911 2655 qua
1956 2598 2056 2638 nos

454 2685 790 2760 putabamus
826 2691 955 2738 ante
1001 2681 1243 2745 salvari,
1282 2679 1455 2750 magis
1502 2679 1708 2748 peccati
1758 2691 1843 2732 εει
1897 2678 2056 2731 mini-

457 2788 593 2850 stra,
636 2794 799 2851 quam
843 2776 1073 2848 iustitiae
1099 2817 1114 2839 ,
1145 2788 1270 2844 quae
1313 2770 1494 2827 aufert
1537 2771 2011 2825 t-ircutucisionem
2037 2809 2053 2837 ,

466 2889 628 2946 quam
655 2873 749 2944 qui
776 2886 882 2927 nou
911 2868 1166 2925 habuerit
1191 2908 1207 2934 ,
1238 2867 1549 2920 immundus
1580 2875 1685 2919 est.
1731 2863 1839 2919 Sed
1868 2865 2008 2917 absit
2036 2906 2050 2929 ,

458 2965 684 3036 utquod
715 2964 886 3019 semel
914 2962 1186 3026 destruxi,
1212 2969 1266 3015 et
1289 2960 1421 3014 scivi
1454 2958 1584 3011 mihi
1617 2974 1723 3014 non
1756 2958 2051 3028 profuisse,

450 3070 677 3114 rursum
726 3054 1027 3110 vindicem.
1083 3051 1322 3108 Semela
1356 3051 1498 3121 Lege
1541 3051 1871 3116 discedens,
1924 3048 2053 3117 Legi

2158 1855 2551 1914 dormitatione
2578 1860 2825 1914 mulieris
2851 1901 2866 1924 ,
2894 1875 3005 1915 non
3035 1861 3358 1929 adulterari,
3393 1877 3500 1919 nou
3532 1880 3760 1934 rapere,

2157 1946 2253 2002 sed
2286 1949 2459 2018 magis
2492 1951 2767 2006 honorare
2816 1960 3027 2021 patrem
3058 1962 3112 2008 ct
3142 1964 3409 2024 matrem,
3446 1966 3501 2011 et
3521 1966 3721 2013 cratera
3743 1998 3763 2023 ,

2151 2053 2279 2121 quae
2304 2039 2574 2110 imperata
2604 2049 2765 2107 sunt,
2796 2042 3000 2102 facere.
3031 2043 3184 2112 Quod
3215 2047 3261 2102 si
3293 2047 3362 2104 de
3392 2050 3595 2104 sanctis
3623 2048 3771 2106 viris

2160 2128 2320 2185 nobis
2349 2131 2605 2202 exempla
2650 2133 2980 2203 protulerint
3012 2152 3026 2190 :
3055 2136 3201 2207 quod
3245 2139 3299 2193 itt
3345 2138 3492 2210 Lege
3525 2144 3764 2206 versati,

2160 2234 2223 2274 ea
2253 2235 2374 2291 qua:
2398 2221 2559 2292 Legis
2582 2222 2802 2279 fuerant
2828 2267 2841 2291 ,
2870 2228 3269 2298 perpetrarint,
3293 2229 3539 2287 dicemus
3575 2251 3587 2288 :
3619 2233 3769 2300 Quia

2156 2312 2305 2383 iusto
2330 2312 2440 2368 Lex
2473 2329 2580 2369 non
2606 2324 2692 2370 est
2715 2316 2913 2386 posita,
2944 2320 3039 2375 sed
3067 2320 3269 2392 iniquis
3291 2331 3477 2379 etnon
3505 2325 3767 2393 subditis,

2162 2404 2345 2474 impiis
2394 2417 2449 2460 et
2499 2409 2899 2476 peccatoribus,
2930 2414 3320 2469 contaminatis
3367 2425 3423 2470 et
3465 2415 3773 2474 immundis

2164 2496 2207 2565 (l
2243 2495 2383 2550 Tim.
2408 2497 2474 2569 t).
2498 2497 2600 2566 Qui
2637 2510 2822 2556 autem
2858 2517 2884 2554 a
2921 2502 3044 2557 Deo
3065 2503 3262 2560 doctus
3291 2506 3386 2574 sit,
3421 2524 3527 2562 non
3561 2509 3773 2566 habere

2162 2603 2286 2642 eum
2329 2604 2584 2657 necesse,
2620 2600 2677 2645 ut
2711 2602 2733 2631 ο
2764 2593 2848 2649 vel
2879 2593 2947 2648 de
2978 2594 3248 2652 charitate
3277 2598 3558 2666 doceatur,
3594 2603 3774 2659 Paulo

2161 2678 2376 2736 dicente
2403 2698 2417 2734 :
2452 2680 2530 2737 De
2557 2684 2815 2738 charitate
2854 2695 3025 2740 autem
3056 2705 3160 2743 non
3200 2706 3407 2745 necesse
3433 2692 3597 2748 habeo
3633 2698 3776 2751 scri-

2161 2772 2279 2826 bere
2307 2773 2448 2829 vobis
2480 2789 2501 2829 :
2529 2776 2629 2847 ipsi
2660 2778 2798 2831 enim
2829 2795 2915 2832 vos
2944 2795 2977 2832 a
3002 2779 3115 2834 Deo
3154 2782 3293 2837 docti
3334 2784 3459 2840 estis
3479 2829 3492 2854 ,
3536 2795 3590 2841 ut
3631 2788 3772 2843 (15Ιὶ-

2160 2869 2297 2939 gatis
2331 2868 2551 2924 invicem
2583 2870 2671 2941 (IV
2708 2870 2891 2928 Thess.
2921 2888 2997 2942 tv,
3030 2872 3109 2946 9).

2238 2961 2419 3025 (Vers.
2452 2963 2543 3031 l7,
2572 2965 2686 3035 18.)
2721 2965 2944 3036 Propter
2963 2972 3099 3037 quod
3122 2986 3187 3025 ea:
3215 2972 3453 3045 operibus
3479 2974 3632 3048 Legis
3659 2995 3772 3033 non

2152 3057 2535 3127 justi/imbitur
2562 3061 2729 3113 omnis
2760 3078 2905 3115 caro.
2938 3059 2965 3099 ἀ
2999 3064 3154 3128 Quod
3173 3066 3218 3118 si
3239 3079 3520 3130 qnwrentes
3553 3072 3773 3143 justifi-

456 3163 578 3205 sum
610 3157 885 3213 mortuus,
921 3158 977 3201 ut
1006 3145 1060 3201 in
1090 3142 1307 3200 Christo
1336 3146 1574 3198 viverem
1602 3185 1617 3208 ,
1649 3141 1910 3211 crocique
1937 3140 2047 3209 eius

2162 3150 2270 3202 cari
2310 3150 2363 3203 in
2407 3148 2645 3217 Christo,
2699 3152 2894 3206 inventi
2937 3170 3119 3208 sumus
3163 3165 3212 3210 et
3260 3157 3361 3225 ipsi
3409 3140 3704 3228 peccatores
3748 3178 3773 3218 :

458 3241 679 3311 affixus,
705 3249 763 3297 et
803 3242 856 3296 in
896 3255 1095 3295 novum
1140 3249 1357 3293 renatus
1400 3237 1702 3297 hominem.
1744 3234 1848 3288 ﬁde
1890 3232 2059 3302 magis

457 3350 623 3407 quam
650 3348 819 3390 carne
848 3333 1204 3389 subsisterem
1226 3372 1240 3395 ,
1283 3342 1337 3385 et
1364 3344 1486 3384 cum
1517 3327 1736 3383 Christo
1766 3328 2058 3397 egrederer

457 3443 492 3485 ε
517 3427 740 3484 mundo.
768 3416 925 3495 Quod
947 3427 1119 3480 semel
1147 3423 1381 3478 adorsus
1406 3438 1549 3487 sum,
1578 3432 1757 3477 teneo.
1785 3422 1899 3473 Non
1926 3419 2054 3472 mihi

449 3523 622 3595 gratis
649 3521 901 3577 Christus
921 3527 1010 3572 est
1041 3524 1287 3570 mortuus
1322 3530 1338 3568 :
1370 3513 1422 3568 in
1454 3530 1563 3584 quo
1590 3514 1793 3567 frustra
1824 3511 2052 3577 credidi,

450 3615 481 3658 1³
515 3618 562 3673 si
594 3617 743 3687 potui
770 3616 980 3683 absque
1011 3609 1117 3663 ﬁde
1145 3611 1264 3677 eius
1294 3608 1348 3661 in
1381 3607 1552 3660 veteri
1578 3605 1725 3674 Lege
1760 3604 1979 3658 salvari.

527 3709 714 3782 (νει-ε.
760 3707 874 3777 16).
908 3704 1146 3760 Scientes
1192 3709 1363 3753 autem
1403 3699 1541 3768 quod
1586 3714 1689 3750 non
1726 3696 2056 3768 justiﬁcatnr

454 3802 610 3859 homo
640 3814 705 3852 ea:
733 3794 975 3867 operibus
1010 3792 1161 3862 Legis
1186 3832 1201 3857 ,
1229 3791 1332 3842 nisi
1363 3806 1452 3859 per
1476 3789 1632 3859 fidem
1654 3785 1781 3841 Iesu
1818 3787 2011 3840 Christi
2033 3803 2052 3840 :

453 3899 502 3947 st
526 3905 621 3943 nos
662 3889 715 3940 in
750 3885 959 3940 Christo
980 3883 1110 3937 Iesu
1138 3880 1455 3934 credidimus
1478 3920 1494 3946 ,
1539 3887 1595 3932 ut
1618 3878 1972 3949 justi/icemur
1999 3879 2051 3932 in

462 3979 565 4053 ﬁde
591 3974 808 4043 Christi,
833 3984 881 4030 et
912 3991 1013 4029 non
1042 3989 1106 4027 ea:
1131 3972 1371 4044 operibus
1397 3970 1570 4044 Legis.
1598 3972 1761 4026 Aiunt
1788 3972 2005 4041 quidam
2035 3990 2050 4027 :

442 4074 492 4129 si
520 4084 710 4124 verum
733 4069 835 4123 hoc
864 4067 940 4122 sit
961 4065 1107 4136 quod
1143 4066 1339 4117 Paulus
1372 4063 1654 4128 afﬁrmat,
1688 4079 1753 4118 ex
1785 4062 2049 4132 Operibus

448 4165 611 4236 Legis
638 4164 913 4219 nemiuem
934 4159 1225 4232 iustiﬁcari
1250 4201 1264 4223 ,
1293 4159 1391 4214 sed
1419 4175 1483 4213 ex
1519 4160 1624 4213 ﬁde
1647 4159 1779 4215 Jesu
1810 4157 2048 4225 Christi,

449 4257 788 4333 patriarchas
810 4264 865 4311 et
889 4254 1209 4327 prophetas,
1234 4263 1290 4307 et
1312 4259 1555 4319 sanctos,
1577 4252 1672 4321 qui
1697 4260 1823 4305 ante
1843 4249 2046 4305 Christi

446 4350 738 4407 adventum
769 4346 1023 4411 fuerunt,
1058 4344 1408 4415 imperfectos
1444 4343 1635 4398 fuisse.
1670 4343 1821 4410 Quos
1858 4341 2048 4398 admo-

442 4456 578 4500 nere
605 4440 868 4495 debemus
901 4454 996 4493 eos
1024 4436 1111 4491 hic
1137 4437 1242 4491 dici
1274 4437 1538 4506 inatitiam
1562 4451 1669 4490 non
1694 4446 2042 4506 consecutos,

2165 3242 2417 3311 numquid
2443 3239 2678 3297 Christus
2708 3243 2907 3313 peccati
2927 3243 3167 3298 minister
3193 3256 3267 3299 est
3287 3247 3312 3299 ?
3338 3247 3502 3301 Absit.
3534 3249 3596 3304 Si
3624 3253 3769 3306 enim

2165 3349 2282 3404 qua:
2320 3334 2556 3387 destruxi
2583 3375 2597 3399 ,
2629 3334 2738 3388 haec
2762 3335 2947 3387 iterum
2978 3336 3263 3405 rea’diﬁco,
3314 3339 3769 3405 pravaricatorem

2164 3440 2244 3476 me
2272 3424 2552 3477 constituo.
2580 3421 2701 3477 Non
2725 3422 3120 3492 iustiﬁcabitur
3147 3423 3276 3497 [AL
3302 3426 3661 3503 iustiﬁcatur]
3692 3448 3768 3490 ex

2162 3516 2420 3585 Operibus
2463 3515 2624 3587 Legis
2663 3531 2794 3571 caro
2821 3517 2914 3574 illa
2936 3560 2953 3586 ,
2987 3518 3055 3575 de
3094 3536 3203 3592 qua
3233 3521 3497 3579 scribitur
3530 3542 3543 3578 :
3577 3525 3766 3583 Omnis

2162 3625 2284 3662 caro
2332 3613 2547 3679 fenum;
2588 3617 2634 3664 et
2668 3611 2835 3666 omnis
2867 3614 3037 3685 gloria
3080 3616 3215 3687 ejus,
3266 3619 3415 3688 quasi
3462 3620 3562 3689 ﬂos
3595 3632 3619 3658 ⁶
3644 3625 3767 3694 agri

2160 3697 2321 3769 (Isai.
2354 3716 2441 3766 χι,
2471 3700 2553 3773 6).
2580 3701 2925 3761 Justiﬁcatnr
2954 3714 3136 3762 autem
3160 3725 3226 3764 ex
3251 3710 3359 3768 ﬁde
3400 3711 3526 3769 Iesu
3554 3714 3761 3771 Christi

2159 3808 2290 3848 Caro
2334 3792 2454 3860 illa,
2505 3794 2574 3850 de
2620 3810 2726 3867 qua
2771 3797 2825 3852 in
2859 3802 3286 3858 resurrectionis
3333 3805 3533 3860 dicitur
3578 3824 3767 3864 sacta-

2160 3897 2348 3941 mento
2383 3905 2396 3941 :
2432 3885 2613 3942 Omnis
2642 3906 2765 3944 caro
2792 3890 2979 3947 videbit
3007 3894 3242 3950 salutare
3260 3893 3359 3950 Dei
3392 3896 3544 3966 (Luc.
3571 3914 3650 3964 ιιι,
3673 3902 3759 3974 6).

2159 3980 2268 4038 Sed
2296 3988 2353 4036 et
2391 3982 2543 4052 iuxta
2576 3982 2927 4039 humiliorem
2959 3986 3322 4055 intellectum,
3354 3988 3760 4058 iustilicabatur

2158 4072 2433 4143 quondam
2465 4090 2534 4130 ex
2567 4074 2714 4144 Lege
2744 4091 2852 4131 non
2892 4079 3076 4133 omnis
3120 4094 3284 4147 caro,
3312 4080 3405 4136 sed
3453 4091 3660 4137 tantum
3702 4085 3757 4141 hi

2161 4166 2410 4221 homines
2440 4167 2531 4237 qui
2556 4168 2608 4221 in
2636 4167 2926 4224 Palaestina
2954 4180 3137 4226 erant.
3164 4171 3318 4228 Nunc
3346 4181 3523 4229 autem
3554 4192 3618 4230 ex
3652 4176 3761 4232 ﬁde

2155 4257 2285 4313 Jesu
2325 4255 2536 4314 Christi
2563 4259 2897 4330 iustiﬁcatur
2941 4262 3119 4318 omnis
3146 4278 3310 4334 caro,
3349 4264 3478 4321 dum
3513 4265 3755 4326 Ecclesia

2155 4351 2275 4421 eius
2308 4352 2362 4405 in
2395 4360 2509 4406 toto
2532 4353 2667 4408 orbe
2699 4352 2979 4410 fundatur.

2226 4442 2412 4513 (Vers.
2446 4442 2563 4516 19.)
2586 4444 2698 4515 Ego
2725 4446 2861 4499 enim
2886 4463 2977 4517 per
2999 4446 3188 4520 Legem
3209 4447 3336 4520 Legi
3361 4461 3593 4504 mortuus
3613 4468 3751 4521 sum,

436 4535 531 4609 qui
556 4543 765 4588 tantum
793 4547 863 4586 ex
896 4530 1163 4601 operibus
1182 4527 1481 4595 iustiﬁcari
1513 4541 1675 4597 posse
1701 4541 1763 4583 se
1785 4527 2040 4584 credunt.
2074 4529 2130 4589 D
2151 4532 2319 4607 ἀ,ιά
2362 4545 2421 4590 ut
2463 4534 2574 4591 Deo
2614 4536 2801 4592 vivam.
2870 4538 3033 4594 Aliud
3059 4537 3077 4577 τ
3108 4551 3193 4595 est
3226 4556 3322 4610 per
3350 4541 3546 4610 Legem
3591 4548 3751 4613 mort,

446 4628 680 4687 Sanctos
703 4635 905 4693 autem,
934 4626 1027 4695 qui
1051 4625 1351 4695 antiquitus
1373 4623 1597 4691 fuerint,
1622 4640 1689 4678 ex
1714 4623 1819 4680 lide
1839 4623 2043 4680 Christi

433 4722 793 4797 iustiﬁcatos.
834 4720 1110 4790 Siquidem
1146 4716 1421 4773 Abraham
1453 4717 1592 4772 vidit
1623 4717 1770 4773 diem
1804 4716 2042 4785 Christi,

443 4826 506 4875 et
536 4815 753 4870 laetatus
784 4823 885 4868 est.
916 4814 981 4867 Et
1001 4812 1218 4879 Moyses
1243 4811 1481 4880 maiores
1509 4810 1727 4865 divitias
1752 4812 2046 4867 aestimavit

450 4910 714 4965 thesauro
744 4905 1120 4979 [Egyptioruut
1141 4945 1157 4971 ,
1198 4904 1594 4972 improperium
1623 4902 1847 4958 Christi.
1876 4905 2038 4974 Aspi-

445 5002 624 5061 ciebat
652 5003 798 5059 enim
831 5002 884 5056 in
911 4996 1442 5056 remunerationem.
1474 4997 1542 5052 Et
1568 4995 1737 5052 Isaias
1759 4998 1899 5053 vidit
1925 4999 2045 5069 glo-

509 5173 539 5203 ι
566 5162 769 5220 lterum
800 5162 995 5216 vitiose
1024 5169 1080 5215 et
1105 5160 1385 5215 contrario
1410 5173 1578 5229 sensu
1612 5173 1780 5229 penes
1813 5159 2030 5216 Martia-

438 5250 617 5295 meum
646 5243 784 5299 erat,
821 5231 963 5286 Nam
994 5240 1200 5294 natura,
1229 5246 1345 5301 pro,
1379 5228 1522 5301 Non,
1546 5228 1651 5286 etc.

2154 4627 2302 4683 aliud
2330 4627 2460 4699 Legi
2490 4629 2654 4684 mori.
2686 4629 2788 4696 Qui
2819 4629 2947 4701 Legi
2976 4632 3227 4698 moritur,
3256 4633 3479 4688 vivebat
3510 4634 3561 4688 ei
3594 4645 3752 4689 ante-

2155 4736 2320 4791 quam
2344 4732 2675 4786 moreretur,
2698 4720 3003 4776 observans
3032 4721 3256 4779 sahbata
3314 4734 3371 4778 et
3402 4726 3743 4793 neomeuias,

2153 4825 2210 4871 et
2234 4814 2352 4870 dies
2376 4814 2545 4870 lestos
2567 4856 2583 4880 ,
2616 4824 2672 4870 ει
2701 4814 3045 4870 victimarum
3078 4816 3316 4887 typicam
3347 4820 3741 4889 curiositatem,

2151 4917 2207 4962 et
2237 4905 2448 4960 fabulas
2469 4905 2747 4973 Judaicas,
2771 4915 2824 4961 et
2842 4908 3217 4979 genealogias.
3245 4910 3538 4981 Postquam
3562 4922 3743 4966 autent

2149 4998 2301 5053 venit
2319 4985 2570 5052 Christus
2596 5006 2652 5052 et
2678 4997 2812 5066 Lex,
2846 4999 2916 5054 de
2941 5014 3051 5070 qua
3086 5001 3349 5071 scriptum
3381 5013 3465 5060 est
3495 5021 3509 5058 :
3539 5002 3748 5059 Scimus

2220 5170 2262 5236 ᾗ
2287 5159 2561 5236 Rescribjt
2582 5161 2861 5236 Victorius
2904 5162 3043 5234 feni,
3093 5177 3174 5236 exp
3196 5160 3396 5236 Graeco
3417 5162 3617 5236 χόρτου
3642 5204 3656 5228 ,
3691 5170 3748 5218 et

2138 5231 2391 5288 codicum
2421 5232 2699 5302 sulfragio.
2749 5231 3016 5302 Pulat‘que
3060 5233 3129 5287 ah
3161 5231 3746 5304 imperitis's'ubstitn-

510 5306 540 5346 δ
569 5305 893 5360 Nostrorum
916 5302 1162 5376 codd-et
1187 5300 1324 5370 quos
1355 5300 1554 5376 Victor.
1579 5302 1893 5376 consuluit,
1922 5319 2036 5376 mea
2138 5312 2249 5376 tam
2280 5317 2468 5376 vocem
2492 5344 2508 5369 ,
2560 5300 2860 5376 agrijmqui
2917 5300 3256 5376 Hieronymi'
3280 5305 3742 5376 consuetudinem

439 5377 547 5433 lior
588 5376 704 5460 hac
739 5376 851 5430 visa
891 5382 978 5430 est
1015 5373 1177 5429 lectio
1213 5388 1325 5443 prae
1367 5372 1459 5428 illa
1490 5390 1611 5444 qua:
1639 5373 1962 5442 obtinebat,
1992 5375 2039 5429 si

438 5456 699 5571 Nimbis.
728 5530 759 5569 e
788 5515 991 5569 nostris
1021 5532 1156 5570 mss.
1203 5525 1259 5570 et
1296 5514 1620 5580 Rabhauus,
1669 5526 1721 5570 ut
1747 5517 1929 5571 saltent
1973 5516 2036 5571 de

444 5587 688 5644 charitate
718 5588 984 5640 doceatur.

510 5655 538 5694 ἀ
576 5657 866 5730 Quaehinc
910 5656 1263 5728 subsequitur
1326 5659 1466 5713 sacri
1512 5668 1693 5714 textus
1739 5658 2029 5730 pericopen

480 5732 612 5781 ostri
638 5724 795 5786 codd.
823 5734 1025 5780 tacent.

2145 5373 2471 5444 ignorarint,
2494 5361 2640 5438 quod
2668 5361 2813 5430 LXX
2841 5376 3075 5443 scilicet,
3110 5361 3215 5429 non
3248 5391 3400 5430 suam
3425 5375 3516 5430 ille
3535 5375 3744 5430 citaret

2144 5443 2464 5519 editionem.
2489 5446 2658 5501 Nobis
2698 5452 2749 5501 in
2786 5450 2923 5501 hanc
2954 5448 3072 5519 eius
3117 5447 3489 5514 opinationem
3530 5461 3743 5501 conce-

2143 5516 2275 5572 dere
2306 5532 2402 5584 per
2429 5534 2563 5572 mss.
2596 5516 3111 5573 auctoritatem’noa
3149 5519 3294 5571 licet.

2219 5585 2237 5625 τ
2275 5586 2432 5661 (Unus
2463 5589 2738 5644 Palatinus
2757 5631 2773 5657 ,
2804 5590 2962 5643 Aliud
2987 5599 3058 5643 est
3084 5604 3176 5661 per
3199 5587 3385 5660 Legem
3412 5586 3538 5659 Legi
3569 5585 3740 5656 mori,

2136 5658 2283 5713 aliud
2294 5700 2310 5725 ,
2337 5671 2445 5715 etc.
