4056 6354
247 309 352 368 315

746 299 1400 364 COMMENTARIORUM
1439 298 1506 354 ΙΝ
1548 293 1940 353 EPISTOLAM
1982 294 2076 350 AD
2113 292 2437 350 GALATAS
2481 293 2608 348 LIB.
2641 293 2681 348 l.
2725 292 2883 350 CAP.
2925 291 3013 349 ΠΙ.

3429 293 3536 352 316

250 435 415 481 autem
455 425 577 495 quia
606 423 716 477 Lex
753 420 1041 489 spiritualis
1073 429 1142 470 est
1175 417 1192 483 (
1231 415 1382 469 Rom.
1415 431 1486 468 vit
1507 459 1519 478 ,
1548 415 1614 468 1-1
1642 412 1694 479 ),
1741 428 1812 482 pe‘

1938 409 2269 480 semetipsum
2318 426 2410 478 pro
2438 427 2535 462 me.
2571 409 2649 464 Ad
2696 410 2974 465 Romanos
3017 407 3086 464 de
3129 409 3243 464 Deo
3272 409 3534 481 loquitur.

251 518 625 588 Evangelieam
657 517 851 582 legem,
885 511 1012 577 Legi
1059 508 1300 578 pristina!
1343 518 1588 560 mortuus
1619 516 1700 559 est
1732 525 1744 558 :
1776 518 1828 559 et

252 612 445 673 anima,
487 624 603 680 qua!
635 605 930 662 secundum
965 603 1015 657 id
1049 602 1189 673 quod
1235 601 1492 654 scribitur
1519 600 1584 653 ad
1633 599 1830 651 Roma-

247 719 346 761 nos
369 703 528 758 :Viro
549 701 793 766 vivente,
822 699 866 751 si
895 695 1192 765 nupsisset,
1225 693 1468 746 adultera
1488 691 1787 744 vocabatur
1814 709 1825 742 :

244 805 455 852 mortuo
486 792 598 846 viro
637 807 774 855 suo,
825 789 876 844 id
923 797 1005 841 est
1033 828 1047 851 ,
1089 787 1206 855 lege
1236 784 1444 849 veleri,
1479 785 1657 852 nupsit
1700 781 1829 850 Legi

242 885 547 957 Spirituali,
580 892 642 938 ut
666 881 1018 937 fructificaret
1057 879 1186 933 Deo.
1223 877 1376 933 Unde
1407 887 1462 932 et
1507 878 1559 931 in
1589 876 1730 931 Osce
1761 875 1827 928 ad

245 993 366 1035 eam
395 978 592 1034 dicitur
622 995 634 1028 :
672 975 755 1030 Ea:
784 991 864 1028 nte
905 978 1107 1045 fructus
1140 983 1258 1026 tuus
1285 973 1519 1025 inventus
1559 980 1630 1024 est
1655 972 1671 1040 (
1699 970 1830 1024 Osee

246 1087 358 1141 xxv,
391 1072 422 1126 9
446 1071 486 1141 ).
516 1070 609 1124 Cui
639 1069 858 1137 pulchre
898 1067 1185 1138 mysticum
1216 1064 1346 1118 illttd
1390 1064 1617 1119 infertur
1651 1081 1663 1117 :
1702 1064 1828 1130 Quis

245 1165 475 1232 sapiens,
519 1172 564 1216 et
607 1161 858 1232 intelliget
889 1162 988 1214 ista
1023 1177 1040 1213 :
1070 1169 1094 1195 ³·
1124 1159 1438 1229 intelligens,
1481 1169 1528 1212 et
1560 1170 1827 1229 cognoscet

242 1256 342 1310 ea?
365 1253 466 1321 Qui
501 1270 595 1324 per
635 1255 810 1322 legem
848 1253 1010 1322 igitur
1041 1252 1423 1321 spiritualem,
1466 1250 1592 1319 Legi
1633 1252 1829 1304 litterae

243 1349 494 1414 moritur,
523 1347 636 1402 Deo
661 1349 825 1411 vivit,
859 1363 982 1402 cum
1018 1364 1123 1401 non
1171 1347 1240 1401 sit
1263 1348 1384 1401 sine
1434 1347 1550 1414 lege
1579 1347 1696 1409 Dei,
1733 1345 1826 1399 sed

241 1439 298 1496 in
319 1439 438 1510 lege
457 1440 530 1494 sit
555 1439 779 1494 Christi.
805 1440 905 1508 Qui
934 1455 1066 1493 vero
1095 1440 1195 1508 legi
1222 1439 1455 1493 moritur
1485 1438 1556 1494 ob
1587 1448 1824 1506 peccata,

241 1542 484 1587 mortuus
515 1531 735 1600 quidem
761 1544 872 1595 eSt;
906 1531 1000 1586 sed
1033 1545 1139 1584 non
1165 1540 1342 1600 potest
1371 1529 1438 1585 de
1468 1545 1534 1584 eo
1553 1529 1658 1583 dici
1683 1529 1825 1600 quod

241 1622 503 1692 sequitur,
537 1631 591 1674 ut
619 1623 751 1675 ttit'al
782 1620 911 1676 Deo.
942 1622 1076 1677 Esse
1099 1631 1285 1675 autem
1321 1623 1494 1691 legem
1527 1622 1686 1674 aliam
1718 1621 1828 1688 spi-

238 1711 479 1768 ritualem
507 1721 660 1767 extra
689 1713 888 1783 Legem
914 1714 1133 1779 litterm,
1164 1723 1218 1768 et
1247 1714 1375 1767 alibi
1405 1715 1698 1784 Apostolus
1730 1713 1827 1767 do-

237 1813 356 1870 cet,
389 1803 574 1860 dicens
603 1822 618 1859 :
647 1803 838 1876 Itaque
868 1805 952 1859 lea:
979 1807 1184 1876 quidem
1212 1814 1414 1870 sancta,
1446 1817 1492 1858 et
1519 1806 1823 1860 mandatum
1856 1793 1900 1852 Β
1933 1800 2155 1854 lradidit
2204 1820 2216 1854 :

232 1906 482 1966 sanctum,
506 1906 556 1952 et
576 1901 806 1970 justum,
835 1908 883 1952 et
910 1899 1098 1952 bonum
1121 1897 1299 1967 (Rom.
1336 1915 1428 1962 vlt,
1464 1898 1574 1968 19.).
1603 1899 1673 1952 Et
1695 1901 1826 1953 Eze-

232 1986 371 2043 chiel
411 2003 479 2044 ex
509 2004 752 2058 persona
786 1989 879 2044 Dei
921 2007 936 2045 :
979 1989 1151 2044 Eduxi
1173 2031 1187 2054 ,
1222 1991 1420 2059 inquit,
1469 2007 1588 2054 eos,
1621 1990 1672 2044 id
1704 2001 1786 2044 est
1807 2033 1821 2057 ,

229 2078 488 2150 populum
518 2077 860 2148 Judteorum,
888 2085 952 2134 de
981 2090 1117 2134 terra
1148 2080 1370 2152 zEgypti
1398 2097 1417 2135 :
1446 2091 1493 2134 et
1517 2081 1716 2135 adduxi
1739 2099 1823 2135 eos

229 2171 285 2224 in
313 2172 575 2226 desertum
609 2187 629 2227 :
657 2181 704 2227 et
736 2173 857 2226 dedi
897 2175 971 2227 eis
1013 2183 1266 2243 prtecepta
1300 2189 1442 2238 nica,
1475 2183 1522 2226 et
1560 2175 1825 2245 justiﬁed-

229 2263 391 2318 tiones
409 2281 556 2320 meas
587 2265 790 2320 ostendi
816 2266 923 2320 illis
954 2282 972 2320 :
1001 2283 1131 2337 quas
1161 2267 1311 2336 faciet
1337 2265 1511 2334 homo,
1545 2277 1591 2320 et
1614 2268 1743 2321 viret
1769 2269 1821 2320 in

228 2356 303 2409 eis
331 2355 554 2428 (Ezech.
580 2373 672 2424 xx,
716 2357 828 2429 10).
859 2359 934 2412 lie
957 2372 1020 2412 ea
1051 2373 1186 2412 vero
1207 2358 1326 2428 lege
1360 2374 1480 2426 qum
1509 2359 1648 2412 iram
1691 2374 1823 2428 ope-

227 2454 398 2511 ratur,
431 2448 520 2501 eui
554 2457 607 2502 et
636 2446 934 2517 Apostolus
977 2457 1221 2503 mortuus
1250 2459 1357 2511 est,
1386 2460 1572 2518 postea
1601 2448 1773 2504 infert
1805 2468 1817 2502 :

228 2533 296 2590 Et
324 2553 415 2608 ego
446 2539 576 2592 dedi
604 2540 678 2592 eis
718 2549 977 2611 pracepta
1006 2557 1108 2592 non
1138 2539 1304 2603 bona,
1337 2551 1381 2594 et
1417 2541 1819 2610 justificationes

224 2629 279 2684 in
303 2631 486 2701 quibus
512 2647 626 2686 non
654 2633 828 2686 virent
856 2633 909 2685 in
937 2634 1009 2686 eis
1030 2632 1359 2704 (lbid.,‘25).
1390 2635 1629 2701 ldipsum
1661 2635 1821 2704 signi-

223 2720 414 2777 ticatur
442 2734 495 2779 et
521 2723 584 2778 in
608 2724 882 2780 Psalterio
907 2745 920 2780 :
957 2726 1215 2793 Quoniam
1249 2744 1351 2780 non
1381 2729 1596 2800 cognovi
1615 2729 1816 2782 littera-

219 2820 408 2883 turam,
430 2817 664 2870 introibo
692 2818 745 2870 in
771 2819 1130 2888 fortitudinem
1161 2817 1373 2873 Domini
1401 2819 1520 2891 (Ps.
1546 2837 1675 2885 ιη,
1700 2823 1814 2890 51).

287 2905 492 2963 Christo
521 2911 767 2978 conﬁxus
812 2928 928 2964 sunt
959 2914 1121 2966 cruci.
1169 2912 1305 2980 Quia
1349 2913 1569 2968 dixerat
1612 2929 1672 2969 se
1722 2931 1818 2984 per

217 2998 388 3072 legem
444 3004 552 3074 legi
611 3014 932 3072 mortuum,
982 3007 1258 3076 quomodo
1316 3020 1563 3062 mortuus
1610 3009 1812 3074 fuerit,

213 3094 453 3152 ostendit
482 3115 496 3152 :
533 3094 750 3151 Christo
778 3099 1018 3167 conﬁxus
1049 3116 1162 3152 sunt
1186 3101 1348 3164 cruci,
1374 3100 1572 3155 tollens
1597 3117 1813 3155 crttcem

1935 502 2077 570 quod
2108 502 2241 555 Filio
2264 517 2364 554 suo
2388 518 2492 556 non
2520 503 2784 571 pepercit,
2815 504 2909 558 sed
2938 519 3036 572 pro
3059 503 3215 558 nobis
3240 505 3534 560 tradiderit

1933 607 2078 646 eum.
2110 593 2262 647 Nunc
2289 610 2415 647 vero
2445 595 2512 648 de
2541 594 2798 659 Christo,
2835 595 2980 663 quod
3023 610 3081 650 se
3112 595 3230 664 ipse
3262 595 3485 651 tradidit
3517 615 3531 652 :

1936 686 2042 752 Qui
2074 687 2258 741 dilexit
2290 703 2388 753 me,
2412 690 2606 757 inquit,
2632 696 2677 742 et
2707 689 2921 741 tradidit
2947 689 3279 760 semetipsum
3305 705 3400 753 pro
3427 706 3526 745 me.

1937 775 1994 830 ln
2023 777 2323 846 Evangelio
2353 794 2482 834 vero
2516 779 2606 833 ubi
2651 779 2896 849 Apostoli
2924 791 3330 846 enumerantur,
3366 781 3532 838 infer-

1932 878 2025 923 tur
2055 887 2068 924 :
2102 869 2170 922 Et
2199 869 2368 924 Iudas
2399 869 2671 925 Iscariotis
2695 872 2806 943 [AL
2840 871 3105 945 Scarioth]
3127 875 3214 943 qui
3241 883 3289 928 et
3311 875 3527 930 tradidit

1930 978 2045 1015 eum
2074 962 2092 1031 (
2120 961 2248 1016 Luc.
2284 978 2361 1027 vt,
2399 963 2509 1033 16).
2546 963 2781 1018 Rursum
2814 965 2865 1018 in
2894 965 3087 1020 eodem
3126 983 3138 1016 :
3175 965 3311 1020 Ecce
3338 983 3530 1038 appro-

1930 1054 2198 1125 pinquavit
2232 1057 2322 1124 qui
2355 1057 2522 1108 tradet
2553 1072 2634 1109 me
2665 1056 2846 1126 (Matt.
2879 1074 3026 1122 xxvt,
3063 1058 3178 1129 46).
3227 1059 3302 1114 De
3329 1060 3527 1130 prioci-

1933 1148 2094 1216 pibus
2123 1163 2256 1203 vero
2287 1149 2669 1213 sacerdotum,
2699 1160 2754 1204 et
2792 1151 3106 1206 senioribus
3156 1153 3339 1222 populi
3383 1155 3529 1209 Seri-

1930 1249 2083 1311 plura
2125 1252 2560 1308 commemorat,
2609 1243 2753 1312 quod
2801 1244 3294 1301 condetnnaverint
3336 1247 3525 1303 Jesum

1931 1334 2114 1398 morti,
2135 1345 2186 1389 et
2214 1336 2437 1404 ligantes
2461 1350 2607 1402 eum,
2634 1335 2897 1390 duxerint
2923 1347 2974 1390 et
3002 1337 3329 1394 tradiderint
3351 1340 3526 1396 Pilato

1928 1427 2147 1495 prtesidi
2201 1426 2406 1497 (lbid.,
2441 1445 2611 1492 xxvu,
2641 1439 2688 1482 et
2720 1427 2889 1482 Marc.
2926 1429 3041 1500 xv).
3076 1429 3143 1483 Et
3169 1430 3432 1502 deinceps
3460 1433 3526 1487 de

1931 1519 2104 1573 Pilato
2142 1537 2154 1573 :
2196 1521 2400 1574 Dimisit
2430 1523 2501 1575 eis
2533 1521 2815 1575 Barrabam
2839 1564 2854 1588 ,
2880 1521 3062 1577 Jesum
3089 1534 3262 1578 autem
3289 1527 3529 1598 flagella-

1930 1622 2036 1665 tum
2067 1615 2285 1667 tradidit
2329 1616 2434 1680 eis,
2466 1623 2519 1668 ut
2563 1616 2924 1688 crueiﬁgereut
2956 1615 3103 1670 illunt
3134 1616 3333 1686 (Joan.
3363 1635 3448 1672 utx
3481 1620 3526 1688 ).

1927 1705 2098 1775 Igitur
2135 1718 2190 1762 et
2242 1709 2402 1764 Pater
2435 1711 2663 1764 tradidit
2703 1711 2898 1765 Filium
2947 1729 2960 1764 :
3009 1723 3060 1766 et
3107 1711 3280 1766 Filius
3313 1714 3428 1782 ipse
3467 1729 3528 1770 se

2265 1813 2319 1855 et
2368 1801 2542 1857 ludas
2581 1811 2636 1856 et
2672 1803 2988 1858 sacerdotes
3027 1818 3152 1859 eum
3192 1805 3526 1874 principibus

1930 1894 2300 1959 tradiderunt,
2333 1905 2387 1950 et
2430 1897 2495 1949 ad
2527 1904 2830 1950 extremum
2866 1897 3122 1951 traditum
3150 1897 3274 1962 sibi,
3306 1899 3528 1954 tradidit

1928 1987 2045 2055 ipse
2073 1988 2308 2042 Pilatus.
2343 1988 2452 2044 Sed
2486 1989 2648 2044 Pater
2679 1989 2933 2056 tradidit,
2985 2000 3040 2044 ιιι
3071 1991 3314 2046 salvaret
3347 1991 3529 2060 perdi-

1929 2087 2043 2134 tum
2094 2080 2356 2134 mundum
2392 2099 2403 2134 :
2436 2081 2596 2136 Jesus
2645 2083 2760 2150 ipse
2821 2096 2880 2136 se
2939 2080 3200 2146 tradidit,
3245 2092 3303 2136 ut
3351 2082 3532 2138 Patris

1875 2165 1894 2180 ⁸
1927 2187 2192 2241 suamque
2219 2173 2420 2227 faceret
2445 2174 2784 2228 voluntatem
2818 2192 2829 2227 :
2859 2173 3028 2228 Judas
3057 2184 3236 2228 autem
3261 2185 3318 2229 et
3347 2188 3526 2228 sacer-

1927 2264 2088 2318 dotes
2115 2277 2168 2320 et
2197 2267 2449 2320 seniores
2475 2267 2686 2336 populi,
2713 2278 2764 2322 et
2790 2265 3018 2331 Pilatus,
3041 2267 3207 2321 vitam
3238 2267 3398 2321 morti
3431 2283 3527 2321 ne-

1925 2358 2024 2410 scii
2057 2357 2424 2413 tradiderunt.
2451 2358 2584 2422 Qua:
2612 2373 2734 2412 eum
2758 2359 2876 2426 ipsa
2893 2373 3108 2424 quoque
3136 2373 3195 2412 se
3210 2374 3310 2428 pro
3335 2369 3520 2412 nostra

1925 2449 2099 2504 salute
2143 2450 2462 2511 tradiderit.
2491 2451 2684 2505 beatus
2734 2449 3080 2520 multumque
3111 2450 3277 2515 felix,
3329 2452 3418 2519 qui
3445 2451 3525 2504 vi-

1922 2552 2090 2596 vente
2136 2542 2189 2596 in
2239 2557 2299 2597 se
2345 2540 2594 2606 Christo,
2649 2557 2745 2610 per
2772 2541 3016 2610 singulas
3061 2541 3420 2610 cogitationes
3470 2552 3529 2596 et

1925 2647 2091 2704 Opera
2123 2637 2319 2703 potest
2359 2634 2548 2688 dicere
2586 2651 2601 2686 :
2642 2631 2708 2686 In
2739 2634 2842 2700 ﬁde
2871 2635 2985 2686 viro
3012 2631 3143 2686 Filii
3178 2632 3344 2705 416
3382 2631 3520 2698 Dei,

1921 2727 2008 2793 qui
2037 2726 2218 2781 dilexit
2247 2744 2326 2780 me
2345 2768 2358 2790 ,
2391 2737 2440 2779 et
2468 2729 2680 2780 tradidit
2720 2729 3052 2798 semetipsum
3081 2744 3174 2798 pro
3203 2744 3302 2782 me.

1997 2819 2182 2889 (Vers.
2214 2817 2349 2887 21.)
2379 2817 2502 2871 Non
2542 2818 2732 2888 abjicio
2762 2821 2986 2890 gratiam
3017 2817 3118 2872 Dei
3147 2835 3166 2871 :
3190 2820 3237 2872 si
3267 2821 3400 2872 enint
3427 2835 3518 2890 per

1920 2914 2106 2985 Legem
2143 2913 2387 2979 iustitia;
2417 2930 2537 2981 ergo
2567 2912 2808 2966 Christus
2838 2914 3000 2984 gratis
3029 2923 3262 2968 mortuus
3283 2922 3378 2966 est.
3409 2913 3520 2966 Αιιο

1918 3007 2033 3075 jicit
2068 3005 2303 3074 gratiam
2337 3003 2452 3070 Dei,
2491 3013 2597 3056 tam
2629 3005 2718 3058 ille
2749 3005 2838 3071 qui
2867 3013 2987 3072 post
3011 3005 3360 3073 Evangelium
3389 3004 3520 3058 vivit

1923 3101 1973 3153 in
2010 3099 2184 3168 Lege,
2234 3113 2390 3166 quam
2424 3098 2468 3148 is
2495 3097 2586 3162 qui
2619 3097 2861 3164 peccatis
2893 3107 3013 3165 post
3040 3095 3369 3163 baptismum
3403 3111 3519 3149 Sor-

212 3199 386 3252 suam,
413 3197 468 3244 et
515 3186 803 3243 Christum
836 3204 1096 3258 sequens,
1131 3201 1182 3245 et
1233 3191 1285 3244 in
1319 3191 1436 3260 ipsa
1462 3190 1488 3229 δ
1521 3191 1812 3246 obsecrans
1841 3181 1886 3243 C
1918 3191 2154 3245 ditlatur.
2187 3188 2289 3254 Qtti
2317 3197 2498 3242 autem
2533 3198 2708 3256 poteSI
2748 3188 2902 3257 juxta
2935 3187 3260 3256 Apostolum
3295 3187 3473 3243 dicere
3501 3207 3514 3242 :

217 3278 473 3348 passione
503 3295 515 3336 :
551 3277 815 3334 Memento
838 3283 956 3344 mei,
987 3299 1103 3334 cum
1130 3283 1324 3336 veneris
1345 3284 1398 3336 in
1429 3300 1648 3354 regnum
1671 3293 1812 3336 tuum

213 3365 366 3440 (Luc.
395 3386 564 3437 xxut,
593 3369 685 3436 42,
710 3371 829 3441 45).
863 3371 1168 3443 Statimque
1197 3375 1422 3428 audiens
1454 3393 1464 3426 :
1501 3375 1675 3428 Hodie
1703 3392 1808 3430 me-

211 3475 323 3515 cum
360 3464 462 3518 eris
509 3466 575 3518 in
607 3463 872 3533 paradiso.
915 3467 974 3520 Si
1024 3468 1145 3536 quis
1185 3467 1519 3522 moruilieatis
1553 3467 1813 3522 membris

211 3565 373 3624 super
427 3567 682 3622 terram,
739 3567 794 3614 et
847 3561 1048 3617 mundo
1103 3571 1384 3625 mortuus,
1444 3561 1809 3633 configuratus

207 3643 364 3721 515
415 3647 592 3705 fuerit
633 3653 796 3706 morti
841 3651 970 3708 Jesu
1018 3652 1252 3720 Christi,
1301 3656 1641 3727 crucifigitur
1686 3674 1807 3714 cum

207 3735 353 3806 Iesu,
385 3753 439 3798 et
474 3753 748 3812 tropaeum
781 3747 1220 3804 mortificationis
1263 3764 1399 3818 suae,
1433 3752 1485 3805 in
1518 3752 1662 3822 ligno
1701 3754 1808 3807 Do-

208 3831 418 3887 minieze
449 3835 738 3904 passionis
762 3840 955 3908 attigit.

276 3922 463 3989 (Vers.
495 3925 598 3980 20.
630 3925 650 3996 )
680 3926 808 3982 Vivo
835 3938 1003 3984 autem
1037 3933 1152 4001 jam
1181 3948 1284 3986 non
1315 3949 1408 4004 ego
1441 3949 1460 3988 :
1486 3935 1605 3989 vivit
1635 3946 1806 3990 autem

203 4013 259 4066 in
295 4032 372 4070 me
403 4017 675 4074 Christus.
721 4020 836 4076 Non
863 4023 999 4076 vivit
1029 4023 1120 4080 ille
1157 4026 1247 4096 qui
1291 4027 1565 4095 quondam
1591 4029 1808 4083 vivebat

205 4104 260 4161 in
289 4107 465 4181 Lege,
498 4112 708 4182 quippe
731 4115 824 4182 qui
861 4117 1290 4186 persequebatur
1315 4118 1636 4175 Ecclesiant.
1665 4120 1808 4175 Vivit

200 4209 378 4254 autem
426 4201 480 4256 in
525 4217 598 4258 eo
629 4202 917 4274 Christus,
947 4208 1238 4278 sapientia,
1275 4208 1568 4272 fortitudo.
1599 4227 1802 4280 sermo,

201 4303 341 4360 pax,
389 4296 672 4364 gaudium,
704 4308 1026 4368 ceteraeque
1056 4301 1323 4366 virtutes;
1375 4319 1510 4372 quas
1556 4306 1646 4374 qui
1696 4321 1800 4360 non

197 4379 396 4452 habet,
445 4402 558 4441 non
589 4397 765 4457 potest
793 4389 975 4445 dicere
1009 4410 1022 4447 :
1071 4390 1202 4445 Viuit
1241 4403 1410 4447 autem
1453 4396 1504 4448 in
1534 4413 1613 4448 me
1645 4395 1800 4449 Chri-

194 4481 340 4542 stus,
384 4474 491 4532 ltoc
539 4492 720 4534 autem
753 4491 925 4536 totum
955 4484 1057 4538 sub
1104 4499 1199 4538 sua
1246 4502 1474 4555 persona
1508 4489 1796 4544 adversum

195 4562 419 4622 Petrum
453 4570 523 4626 de
546 4569 712 4627 Petro
741 4574 1006 4644 disputat.

275 4658 429 4726 Quod
459 4673 641 4717 autem
669 4681 804 4719 nunc
830 4669 940 4722 uitio
973 4669 1025 4722 in
1055 4686 1232 4722 carne.
1263 4670 1418 4725 Aliud
1439 4683 1520 4726 est
1551 4673 1603 4726 in
1633 4689 1796 4730 carne

190 4767 342 4819 esse,
371 4767 426 4810 et
450 4756 506 4811 itt
538 4773 706 4816 carne
731 4763 936 4817 vivere.
967 4764 1070 4831 Qui
1093 4767 1228 4818 enim
1261 4768 1312 4818 in
1338 4782 1494 4820 carne
1521 4778 1660 4836 sinit,
1685 4767 1796 4822 Deo

189 4841 401 4914 placere
425 4864 535 4902 non
561 4861 776 4916 possunt
804 4852 823 4923 (
848 4853 1005 4907 Rom.
1036 4870 1156 4923 vm,
1186 4856 1238 4917 8,
1267 4855 1342 4926 9).
1380 4856 1535 4911 Unde
1565 4858 1630 4912 ad
1658 4859 1798 4915 bene

190 4935 444 4992 viventes
475 4940 679 4996 dicitur
710 4959 728 4994 .'
767 4942 868 4997 Vos
895 4957 1064 4999 autem
1090 4964 1192 5000 non
1223 4949 1340 5001 estis
1361 4948 1414 5001 in
1435 4965 1608 5002 carne.

257 5027 328 5086 In
358 5032 472 5102 ﬁde
500 5035 614 5088 vivo
651 5033 786 5092 Filii
817 5037 914 5093 Dei
945 5051 993 5105 ε,
1026 5041 1114 5109 qui
1141 5042 1324 5096 dilexit
1370 5059 1448 5096 nte
1489 5054 1535 5098 et
1577 5047 1795 5102 tradidit

256 5219 282 5291 ξι
321 5211 767 5291 Ideni__tns._,_aut
795 5220 1112 5291 intelligens.

251 5279 280 5320 δ
321 5281 382 5338 1η
429 5286 561 5342 aliis
615 5288 808 5357 libris,
859 5301 906 5344 et
952 5279 1006 5346 iit
1055 5295 1218 5365 ipsam
1272 5295 1546 5352 observans
1596 5298 1794 5367 passio-

177 5367 328 5421 nem,
364 5367 476 5411 etc.

259 5435 280 5462 ε
324 5425 680 5508 Ιηιιςτεθειιιιι
723 5432 832 5508 duo
871 5450 1002 5489 mss.
1039 5447 1092 5489 et
1121 5438 1416 5493 Rabbanus
1439 5481 1454 5503 ,
1484 5449 1529 5492 et
1556 5437 1787 5508 Christi,

176 5510 303 5570 quge
325 5499 504 5570 verba
538 5500 760 5557 Graecus
789 5505 904 5570 ipse
936 5516 1118 5561 textus
1150 5520 1384 5564 recusat.

247 5564 275 5603 ά
319 5569 376 5622 1η
407 5581 546 5626 ante
578 5589 674 5625 nos
706 5564 868 5629 editis
895 5578 1050 5631 libris
1092 5579 1228 5635 falso
1258 5583 1502 5643 additur,
1533 5598 1637 5634 non
1679 5598 1788 5634 cre-

172 5638 297 5692 dere
312 5643 566 5720 per-itali,
596 5660 716 5698 cum
743 5647 859 5714 ipse
885 5648 1244 5720 llieronmes
1269 5651 1460 5707 doceat
1481 5638 1596 5704 ba'c
1621 5651 1785 5708 verba

170 5724 281 5792 non
311 5710 512 5766 haberi
543 5715 597 5769 in
615 5710 1022 5792 exerit-pluribus
1045 5710 1379 5786 Adamantii,
1407 5740 1526 5792 qua:
1542 5722 1638 5778 Vir
1658 5737 1783 5777 san-

166 5789 293 5835 ctus
338 5794 578 5842 secutus
602 5797 706 5843 est.
738 5789 919 5845 Mur.
949 5820 1018 5830 —
1047 5792 1178 5861 Qua:
1209 5795 1336 5851 olim
1368 5789 1455 5850 hic
1485 5793 1778 5864 subjunge-

1920 3281 2103 3336 Cratia
2129 3282 2240 3350 ejus
2268 3281 2321 3332 in
2350 3296 2428 3331 me
2452 3296 2552 3331 non
2581 3279 2680 3347 fuit
2712 3295 2871 3332 t'acuu
2899 3279 2917 3348 (
2945 3280 2961 3332 l
2991 3277 3108 3332 Cor.
3144 3295 3231 3344 xv,
3269 3278 3381 3348 10),
3415 3280 3516 3334 istc

1917 3383 1972 3427 et
2011 3373 2114 3425 hoc
2153 3370 2393 3437 l0quitur
2442 3371 2784 3425 confidenter
2825 3389 2838 3423 :
2885 3369 3006 3423 Non
3049 3370 3236 3440 abjicio
3289 3371 3513 3440 gratiam

1917 3465 2035 3519 Dei.
2069 3465 2223 3532 Quod
2267 3473 2446 3517 autem
2481 3463 2765 3531 sequitur,
2816 3462 2977 3515 valde
3019 3463 3388 3516 necessarium
3438 3471 3522 3514 est

1914 3559 2207 3614 adversum
2237 3573 2332 3611 cos
2375 3557 2467 3626 qui
2495 3565 2621 3626 post
2664 3554 2827 3609 fidem
2878 3555 3083 3608 Christi
3123 3564 3312 3624 putant
3354 3554 3517 3624 Legis

1915 3662 2194 3724 prtecepta
2226 3649 2516 3705 servanda.
2565 3647 2864 3703 Dicendum
2906 3647 3112 3718 quippe
3141 3649 3220 3702 eis
3265 3665 3278 3700 :
3328 3647 3385 3703 Si
3418 3663 3517 3718 per

1916 3747 2088 3816 legem
2131 3745 2346 3816 justitia
2393 3752 2507 3808 est,
2540 3757 2672 3811 ergo
2694 3739 2712 3812 [
2737 3741 2821 3794 Αι.
2847 3741 2988 3809 quod
3017 3739 3037 3812 ]
3066 3740 3316 3796 Cbrisms
3346 3741 3521 3810 gratis

1915 3849 2164 3894 mortuus
2187 3845 2275 3891 est
2306 3836 2434 3908 [ΑΙ.
2473 3835 2540 3889 sit
2566 3833 2608 3905 ].
2641 3837 2745 3887 Aut
2776 3843 2924 3888 certe
2964 3833 3213 3896 doceant,
3238 3832 3512 3902 quomodo

1913 3950 2025 3989 non
2049 3933 2302 3987 Christus
2330 3932 2499 4001 gratis
2529 3939 2781 3984 mortuus
2809 3929 2902 3992 sit,
2930 3928 2973 3981 si
3003 3942 3167 3995 Opera
3209 3927 3512 3996 justilieant

1915 4027 2043 4100 (At.
2067 4027 2364 4097 justilicent
2389 4024 2431 4097 ].
2466 4023 2572 4078 Sed
2605 4022 2854 4092 quamvis
2897 4022 3006 4075 sint
3037 4020 3292 4082 hebetes,
3326 4019 3512 4081 dicere
3579 4054 3586 4060 -

1912 4136 2021 4175 non
2066 4119 2345 4173 audebunt
2395 4116 2674 4171 Christum
2724 4115 2842 4168 sine
2887 4127 3048 4167 causa
3099 4123 3392 4168 mortuum.
3426 4111 3506 4166 Ad

1912 4212 2234 4282 particulam
2264 4211 2446 4279 itaque
2469 4205 2797 4278 syllogismi,
2827 4220 2948 4272 qua:
2974 4204 3061 4258 hic
3085 4205 3424 4272 proponitur.
3461 4202 3510 4258 id

1911 4317 1998 4363 est
2029 4325 2042 4360 :
2078 4306 2139 4361 Si
2164 4305 2300 4359 enint
2333 4321 2422 4373 per
2451 4301 2639 4374 Legem
2662 4301 2905 4374 justitia,
2937 4315 3060 4371 ergo
3091 4297 3326 4353 Christus
3353 4299 3516 4372 gratis

1911 4409 2142 4454 mortuus
2186 4408 2291 4461 est,
2340 4397 2606 4452 debemus
2653 4394 2781 4448 illud
2826 4407 3109 4448 assumere
3139 4392 3279 4458 quod
3311 4406 3508 4447 conse—

1911 4500 2142 4562 quenter
2173 4490 2428 4552 infertur,
2455 4499 2509 4542 et
2537 4488 2723 4557 negari
2748 4502 2854 4540 non
2887 4494 3069 4554 potest
3101 4501 3114 4539 :
3141 4484 3391 4538 Christus
3419 4499 3510 4538 au-

1829 4569 1884 4629 D
1913 4597 2018 4640 tem
2069 4601 2174 4638 non
2208 4593 2291 4636 est
2337 4583 2506 4651 gratis
2554 4590 2834 4643 mortuus;
2874 4589 2928 4631 et
2965 4576 3297 4632 concludere
3343 4594 3356 4629 :
3389 4576 3511 4631 Non

1911 4679 2076 4748 igitur
2104 4692 2200 4744 per
2229 4674 2425 4743 Legem
2452 4673 2687 4741 jtlSlilia.
2722 4671 3013 4740 [lucusque
3045 4681 3234 4724 contra
3264 4669 3508 4733 Petrum,

1912 4785 2056 4824 nunc
2083 4767 2150 4822 ad
2183 4766 2408 4820 Galatas
2441 4765 2750 4820 revertitur.

1979 4864 2154 4933 (Cap.
2186 4861 2275 4916 lll.
2310 4890 2380 4900 -—
2413 4859 2565 4912 Vers.
2592 4860 2647 4913 'l.
2677 4858 2694 4928 )
2731 4856 2775 4910 0
2812 4855 3071 4910 Insensati
3121 4855 3326 4909 Galata’
3348 4898 3361 4920 ,
3394 4857 3511 4924 quis

1901 4975 1987 5012 vos
2019 4957 2298 5026 fascinavit
2323 4953 2348 4992 ἀ
2381 4956 2405 5009 ?
2436 4954 2734 5024 Dupliciter
2757 4953 2844 5007 hic
2873 4954 3024 5005 locus
3046 4951 3278 5020 intelligi
3306 4959 3503 5020 potest.

1904 5050 2005 5105 Vel
2039 5050 2161 5106 ideo
2187 5051 2496 5104 insensatos
2527 5046 2752 5102 Galatas
2783 5044 3112 5114 appellatos,
3145 5057 3172 5095 a
3206 5040 3504 5110 majoribus

1903 5227 2102 5282 bantur
2133 5243 2200 5282 ex
2234 5227 2460 5296 Vulgato
2495 5228 2801 5294 lnterprele
2829 5224 3021 5288 verba,
3053 5241 3154 5278 non
3179 5225 3386 5278 credere
3414 5240 3499 5276 ve-

1899 5301 2075 5364 ritati,
2107 5299 2380 5353 Victorius
2411 5299 2615 5368 pridem
2644 5300 2770 5367 jure
2801 5299 3007 5364 optimo
3034 5297 3318 5364 expunxit,
3355 5296 3502 5362 quod

1900 5385 1967 5424 ex
1997 5372 2280 5440 ipsiusmet
2307 5369 2626 5441 lliet'onymi
2651 5368 2996 5441 expositione
3022 5369 3268 5441 subnexa
3287 5375 3508 5420 constet

1897 5456 1924 5492 a
1955 5439 2029 5493 se
2047 5445 2438 5507 praetermissa,
2467 5439 2753 5509 propterea
2785 5439 2926 5508 quod
2960 5441 3011 5493 in
3036 5440 3288 5507 Origenis
3315 5452 3505 5509 exeni-

1900 5513 2143 5580 plarihus
2174 5528 2278 5567 non
2305 5507 2747 5566 inveniebantur.
2790 5511 3028 5579 ldipsum
3065 5507 3509 5580 luculentissima

1895 5579 2182 5637 conﬁrmat
2213 5589 2270 5642 S.
2303 5583 2462 5636 Pater
2490 5583 2626 5636 infra
2653 5628 2665 5644 ,
2696 5582 2822 5635 dum
2852 5581 3068 5647 exponit
3115 5597 3177 5635 ea
3217 5579 3380 5633 verba
3412 5594 3504 5632 ca-

1895 5656 2022 5723 pitis
2051 5657 2223 5723 quinti
2262 5675 2273 5708 :
2311 5655 2609 5708 Currebatis
2640 5655 2762 5706 bene
2800 5670 2817 5705 :
2849 5653 2961 5717 quis
2990 5669 3076 5704 eos
3105 5651 3374 5723 impedivit
3401 5667 3508 5723 ruc-

1890 5722 2035 5779 ritati
2065 5722 2166 5780 non
2199 5727 2405 5780 obedire
2426 5727 2451 5778 .9
2479 5725 2631 5781 Adde
2667 5724 2811 5794 quod
2856 5739 3034 5794 neque
3065 5724 3116 5776 in
3149 5722 3265 5788 his,
3301 5722 3506 5792 quibus

1889 5812 1990 5852 nos
2022 5800 2246 5864 utimur,
2273 5813 2404 5854 mss.
2437 5797 2568 5853 sint.
