4028 6332
486 238 595 301 547
1740 234 1802 293 S.
1844 233 2120 293 EUSEBII

2247 231 2463 291 ERONY
2470 230 2540 288 Ml
3693 213 3823 289 548

489 357 560 414 ad
589 358 804 416 minora
827 355 1134 422 venientes,
1156 350 1564 426 quiacteperint
1589 350 1807 423 spiritu,
1838 360 1892 405 et
1917 365 2083 406 carne
2111 355 2162 413 Α
2190 360 2462 420 sumptum
2493 355 2748 419 putamus
2778 340 3095 413 exemplum
3129 355 3144 396 :
3192 343 3256 395 ut
3282 334 3558 408 quomodo
3601 341 3824 391 tenera

493 457 954 509 consummentur
986 466 1001 505 :
1031 447 1118 504 vel
1145 447 1219 503 ob
1252 446 1340 514 id,
1387 444 1533 516 quod
1574 459 1913 515 unaqumque
1956 459 2087 514 pro-
2194 456 2328 499 anas
2375 443 2561 498 noceri
2602 440 2802 496 dicitur
2844 438 3054 493 fascino
3098 451 3113 488 :
3159 433 3243 489 sic
3284 432 3449 488 etiam
3492 427 3710 485 Galatas
3757 426 3821 483 in

492 548 675 603 vincia
715 559 840 601 suas
879 541 1079 598 habeat
1125 540 1512 611 proprietates.
1545 537 1841 595 Cretenses
1873 553 2095 609 semper
2194 536 2396 592 Christi
2427 535 2532 589 ﬁde
2568 548 2740 603 nuper
2772 531 2913 595 nati,
2958 536 3015 584 et
3043 524 3232 582 nutriti
3275 523 3437 590 lacte,
3471 532 3530 577 et
3572 535 3685 611 nort
3720 533 3827 611 sq-

501 640 799 699 mendaees
819 679 834 705 ,
865 636 1039 692 malas
1079 608 1317 699 bestias,
1348 644 1568 690 ventres
1608 632 1794 704 pigros
1814 674 1829 698 ,
1868 608 2005 688 vere
2025 632 2094 688 ab
2197 627 2311 683 lido
2330 626 2454 682 cibo
2478 624 2523 697 (l
2550 622 2672 679 Cor.
2704 620 2809 694 tu),
2839 619 3009 675 veluti
3035 614 3268 689 quodam
3300 611 3607 705 fasciaante
3631 608 3830 683 5.18

501 702 1005 804 Epimenidepoeta
1027 727 1221 793 dictos,
1242 726 1538 797 Apostolus
1565 702 2095 796 comprobat.Vanos
2198 720 2308 775 sint
2348 717 2514 773 nociti
2547 732 2561 770 :
2606 723 2658 770 et
2698 712 2984 769 stomacho
3016 709 3155 804 ﬁdei
3189 713 3485 804 nauseaute
3512 702 3623 804 [ΑΞ.
3659 717 3823 804 nati:

497 792 749 888 Mauros,
785 792 1080 879 et-l'eroces
1105 792 1412 884 Dalmatas,
1449 819 1675 875 Latinus
1695 792 1888 891 pulsat
1928 818 2097 873 histo-
2199 810 2461 882 seantesj.
2485 807 2725 878 Spiritus
2755 805 2930 861 sancti
2958 802 3143 858 cibum
3164 798 3535 891 evomueriﬁnt.
3567 793 3735 863 Quod
3772 792 3827 891 si

499 918 675 974 ricus.
722 914 970 971 Titnidos
1016 913 1301 987 Phrygas,
1352 929 1544 969 omnes
1598 887 1774 984 poetae
1833 913 2096 969 lacerant.
2201 905 2397 974 aliquis
2437 900 2788 966 contradicit,
2824 904 3065 968 exponat
3103 891 3381 965 quomodo
3429 890 3497 946 de
3526 887 3831 944 communi

501 1012 737 1071 Athenis
777 983 1316 1081 expeditiora'nasci
1355 983 1610 1077 ingenia,
1635 1006 1948 1079 philosophi
1981 1008 2103 1076 glo-
2203 998 2461 1069 Opinione
2491 998 2564 1051 sit
2592 1004 2889 1063 sumptum,
2923 989 3078 1046 vallis
3109 988 3472 1081 Titanorum,
3506 984 3560 1038 in
3588 983 3831 1081 Regna:

502 1106 746 1163 riantur.
774 1077 1002 1160 Griecos
1045 1102 1223 1169 leves,
1257 1101 1398 1170 apud
1429 1098 1493 1155 C.
1531 1077 1804 1155 Caasarem
1847 1100 2104 1169 suggillat
2203 1108 2323 1148 rum
2364 1091 2518 1146 libris
2563 1088 2655 1162 (iV
2687 1086 2819 1160 Reg.
2854 1085 3054 1153 χχιιι),
3096 1085 3306 1138 Sirena:
3351 1089 3408 1135 et
3435 1077 3834 1135 Onoceutauri

505 1199 743 1264 Tullius,
761 1197 985 1253 dicens:
1006 1198 1105 1251 Aut
1137 1197 1321 1251 levium
1340 1194 1662 1265 ercorum,
1682 1204 1775 1249 aut
1796 1195 2103 1249 inmanium

509 1291 872 1348 barbarorum.
908 1287 978 1344 Et
1006 1304 1104 1359 pro
1129 1288 1356 1347 Flacco:
1375 1285 1639 1359 Ingenita,
1671 1290 1866 1359 inquit,
1897 1289 2101 1356 levitas,

509 1392 562 1441 et
581 1383 784 1439 erudita
808 1383 1029 1438 vanitas.
1064 1382 1245 1453 Ipsum
1269 1381 1464 1449 Israel,
1498 1384 1644 1453 gravi
1675 1384 1862 1455 corde,
1887 1393 1943 1439 et
1971 1385 2105 1441 dura

511 1476 750 1543 cervice,
778 1489 969 1532 omnes
991 1476 1287 1546 Scriptum
1310 1485 1564 1547 arguunt.
1589 1476 1646 1532 In
1672 1476 1817 1532 hunc
1838 1493 1968 1548 ergo
1992 1492 2109 1532 tuo-

511 1570 641 1626 dum
678 1569 918 1625 arbitror
944 1577 1000 1626 et
1039 1570 1361 1638 Apostolum
1406 1568 1568 1642 417
1606 1571 1826 1627 Galatas
1870 1572 2108 1642 regionis

515 1678 633 1720 sua:
657 1661 992 1734 proprietate
1020 1662 1287 1733 pulsasse.
1315 1661 1465 1718 Licet
1490 1664 1709 1733 quidam
1738 1664 2023 1734 profundis
2050 1681 2111 1721 se

2205 1187 2259 1242 in
2285 1186 2418 1243 Isaia
2452 1184 2608 1257 (Cap.
2629 1180 2837 1254 χχχιιι),
2872 1182 3140 1236 Arcturus
3168 1185 3224 1233 et
3248 1174 3444 1241 Orion,
3470 1183 3528 1229 et
3555 1171 3835 1229 Pleiades

2204 1282 2260 1339 in
2289 1280 2393 1336 Job
2432 1276 2587 1351 (Cap.
2615 1275 2715 1346 ix),
2751 1285 2805 1329 et
2847 1283 3044 1328 caetera
3076 1270 3163 1326 his
3199 1267 3422 1332 similia,
3461 1281 3580 1337 quae
3617 1266 3843 1335 utique

2207 1371 2493 1437 vocabula,
2524 1368 2825 1427 Gentilium
2852 1364 3158 1422 fabularum
3182 1370 3243 1418 et
3266 1374 3461 1416 causas
3482 1367 3537 1414 et
3565 1358 3840 1430 origines

2209 1465 2393 1521 habet.
2432 1464 2835 1531 lnterrogemus
2862 1472 2994 1528 ergo
3034 1455 3140 1512 hoc
3170 1455 3291 1510 loco
3323 1451 3668 1515 Marcionem,
3717 1448 3841 1521 qui

2210 1558 2508 1628 prophetas
2536 1552 2805 1624 repudiat,
2837 1548 3116 1620 quomodo
3151 1547 3539 1615 interpretetur
3571 1541 3626 1600 id
3660 1540 3837 1613 quod

2200 1650 2482 1719 sequitur.

516 1729 905 1828 questionibus
930 1729 1267 1820 inserentes,
1299 1754 1454 1825 quasi
1493 1729 1593 1810 sub
1623 1729 1850 1813 obtentu
1876 1758 2111 1812 vitaudm
2142 1741 2191 1801 Β
2286 1744 2420 1798 Aule
2446 1757 2666 1807 quorum
2705 1738 2886 1794 οσυῑοδ
2931 1733 3374 1828 19872870!”le
3420 1741 3449 1772 ⁸
3493 1729 3845 1828 Ρνοισνῖρῖιξι

517 1849 817 1916 btereseos,
835 1863 960 1918 quae
978 1849 1219 1904 diversas
1245 1857 1466 1903 naturas
1486 1848 1667 1915 infert,
1693 1850 1896 1917 dicant,
1919 1850 2113 1921 Tyrios

517 1956 736 2014 quoque
755 1951 811 1997 et
840 1940 1117 2009 Sidonios,
1147 1938 1411 1996 Moabitas
1439 1949 1492 1996 et
1518 1941 1879 2008 Atnmonitas,
1908 1950 1961 1997 et
1992 1944 2115 1999 ldu-

519 2050 712 2101 mmos,
738 2034 1069 2109 Babylonios
1107 2045 1163 2091 et
1188 2034 1507 2107 Egyptlos,
1547 2052 1847 2109 omnesque
1875 2038 2076 2095 Geutcs
2096 2085 2111 2109 ,

516 2143 641 2201 qutc
670 2129 722 2184 in
744 2128 1047 2201 Scripturis
1070 2130 1447 2196 nominantur,
1478 2130 1684 2187 habere
1706 2133 1951 2201 quadam
1983 2133 2118 2189 idio-

519 2233 667 2281 mata
710 2239 780 2280 ex
825 2224 1003 2281 causis
1051 2216 1522 2295 prtecedcntibus,
1555 2231 1612 2280 et
1659 2226 1853 2280 merito
1891 2240 2117 2296 operum

522 2316 911 2387 pristinorum,
943 2330 1012 2371 ne
1034 2315 1243 2385 justitia
1276 2310 1372 2370 Del
1400 2315 1662 2371 veniatin
1692 2314 1917 2371 dubium
1952 2333 1966 2370 :
1997 2332 2118 2372 cum

520 2424 865 2483 unaquaeque
894 2424 1030 2481 gens
1057 2410 1145 2465 vel
1175 2409 1401 2479 bonum,
1432 2409 1520 2466 vel
1549 2410 1750 2465 malum
1784 2410 1992 2468 habere
2036 2426 2125 2468 as-

522 2511 759 2571 seratur,
792 2502 937 2573 quod
960 2502 1065 2557 alia
1096 2516 1203 2557 non
1234 2501 1453 2558 habeat.
1487 2501 1595 2556 Nos
1637 2502 1771 2558 istas
1800 2502 2123 2561 altitudines

520 2580 882 2664 declinantes,
913 2596 1198 2668 superiora
1232 2594 1567 2654 sectabimur
1598 2614 1611 2651 :
1645 2605 1737 2651 aut
1757 2598 2001 2654 stultitiae
2027 2613 2123 2655 eos

524 2693 699 2765 argui,
729 2692 999 2759 dicentes,
1033 2706 1131 2763 per
1157 2708 1316 2763 quam
1339 2691 1592 2763 Spiritum
1617 2691 1777 2763 Legis
1804 2700 1858 2748 et
1889 2692 2123 2748 litteram

529 2787 829 2858 dijudicare
860 2803 968 2843 non
1016 2787 1232 2858 possint
1268 2803 1286 2844 ε
1328 2796 1424 2843 aut
1452 2788 1588 2844 vitio
1633 2786 1762 2861 [AL
1793 2787 1923 2861 via]
1951 2788 2128 2859 gentis

533 2882 737 2952 corripi
760 2922 775 2948 ,
822 2880 967 2952 quod
997 2880 1266 2938 indociles
1294 2883 1407 2938 sint
1433 2892 1488 2939 et
1512 2882 1813 2950 vecordes,
1847 2890 1902 2936 et
1944 2882 2011 2937 ad
2043 2897 2133 2939 sa-

534 2973 796 3045 pientiam
839 2972 1125 3030 tardiores.
1161 2974 1317 3042 Quod
1359 2984 1539 3031 autem
1566 2977 1812 3048 sequitur
1842 2992 1857 3031 :
1888 2974 2015 3042 Quis
2042 2992 2132 3031 vos

535 3065 813 3137 fascinavt't
842 3062 894 3137 (l
925 3064 1044 3121 Cor.
1073 3066 1176 3136 XI),
1207 3064 1368 3139 digne
1393 3066 1560 3123 Paulo
1588 3068 1703 3140 (qui
1728 3067 1829 3122 ctsi
1853 3066 2132 3137 imperitus

540 3165 627 3214 est
653 3170 908 3214 sermone
927 3197 944 3225 ,
989 3172 1098 3213 non
1130 3131 1312 3215 tamen
1340 3158 1567 3217 scientia
1596 3131 1943 3231 ldebemus-
1968 3174 2136 3229 expo-
2162 3131 2211 3194 ο

542 3263 679 3307 nere
708 3268 721 3307 :
754 3265 862 3307 non
893 3265 1002 3322 quo
1028 3251 1213 3308 scierit
1251 3266 1373 3309 esse
1405 3250 1695 3319 fascinum,
1727 3254 1816 3324 qui
1846 3251 2005 3323 vulgo
2034 3268 2138 3325 pu—

544 3351 693 3399 tatur
717 3357 947 3410 nocere;
979 3343 1075 3400 sed
1105 3360 1237 3401 usus
1260 3360 1512 3402 sermone
1542 3348 1612 3401 sit
1640 3343 1788 3400 trivii
1816 3344 1934 3417 [Αἰ.
1966 3345 2137 3417 trito],

546 3444 603 3492 et
632 3437 769 3492 utin
810 3432 1049 3502 creteris,
1094 3436 1167 3492 ita
1191 3444 1245 3493 et
1274 3437 1331 3492 in
1360 3435 1464 3493 hoc
1491 3452 1709 3508 quoque
1741 3437 1881 3502 loco,
1914 3438 2139 3491 verbum

545 3531 881 3600 quotidianae
907 3529 1383 3587 sermocinationis
1404 3530 1779 3599 assumpserit.
1814 3528 2068 3598 Legimus
2088 3528 2143 3584 in

547 3620 867 3683 Proverbiis
902 3642 914 3679 :
948 3623 1155 3679 Donum
1188 3623 1354 3678 invidi
1376 3626 1573 3677 cruciat
1614 3620 1811 3676 oculos.
1852 3620 1957 3688 Qui
2005 3613 2144 3689 apud

551 3734 654 3776 nos
673 3720 901 3783 invidus,
932 3718 984 3772 in
1008 3717 1201 3773 Graeco
1226 3716 1625 3786 signiﬁcantius
1654 3717 1891 3785 ponitur,
1918 3715 2149 3786 fascina-

552 3821 677 3867 tor:
708 3820 764 3868 et
788 3811 840 3866 in
873 3809 1156 3880 Sapientia
1195 3823 1317 3880 quae
1360 3808 1669 3865 Salomonis
1709 3806 2006 3862 scribitur:
2038 3805 2150 3862 Fa-

552 3906 774 3961 scinatio
793 3903 1130 3979 malignitatis
1156 3903 1401 3959 obscurat
1423 3904 1555 3957 bona
1583 3902 1738 3975 (Sap.
1773 3916 1847 3966 tv,
1879 3898 1995 3972 29.).
2021 3900 2152 3970 Qui-

556 3994 660 4051 bus
686 3996 947 4052 docemur
967 3998 1257 4068 exemplis,
1286 3995 1431 4067 quod
1463 3995 1549 4051 vel
1580 3994 1793 4049 invidus
1821 3991 1997 4048 aliena
2032 3993 2155 4049 feli-

557 4090 723 4146 citate
751 4090 1031 4147 crucietur
1058 4107 1073 4147 :
1108 4090 1199 4146 vel
1223 4090 1268 4145 is
1288 4088 1345 4145 in
1378 4104 1485 4160 quo
1518 4086 1657 4143 bona
1683 4088 1795 4142 siut
1814 4086 2018 4157 aliqua,
2046 4088 2154 4144 alio

554 4181 882 4251 fascinante,
914 4182 971 4239 id
993 4191 1100 4249 est,
1128 4181 1408 4238 invidente
1438 4191 1722 4237 noceatur.
1750 4179 1961 4235 Dicitur
1989 4178 2155 4235 fasci-

562 4291 668 4333 nus
693 4276 915 4347 proprie
942 4274 1242 4331 infantibus
1267 4290 1495 4341 nocere,
1529 4283 1589 4329 et
1626 4273 1773 4327 tutati
1815 4272 2074 4342 parvulae,
2103 4281 2158 4328 et

562 4369 648 4426 his
675 4369 767 4442 qui
800 4366 1030 4426 necdum
1060 4368 1219 4426 ﬁrmo
1244 4370 1479 4442 vestigio
1519 4367 1691 4441 ﬁgant
1717 4364 1968 4438 gradum.
2002 4354 2158 4422 Unde

563 4471 620 4520 et
645 4461 866 4534 quidam
902 4477 935 4519 e
963 4460 1232 4519 Gentibus
1266 4480 1282 4518 :

657 4595 837 4650 Nescio
853 4600 968 4665 quis
989 4605 1196 4652 teneros
1215 4597 1396 4665 oculus
1409 4600 1527 4665 mihi
1539 4600 1752 4665 fascinat
1774 4614 1949 4665 agnos.

1378 4660 1585 4732 (Virgil.
1612 4663 1777 4730 Ectog.
1804 4660 1877 4729 δ.)

562 4794 678 4852 lloe
708 4802 891 4853 utrum
912 4809 1105 4852 verum
1123 4840 1140 4865 ,
1162 4806 1337 4852 necne
1361 4796 1460 4864 sit,
1489 4796 1631 4851 Deus
1653 4794 1854 4851 viderit
1878 4812 1893 4849 :
1919 4796 2162 4869 quiapo-

565 4899 673 4947 test
706 4889 849 4957 ﬁeri,
881 4900 941 4947 ut
977 4899 1037 4946 et
1063 4889 1346 4947 daemones
1375 4890 1502 4945 huic
1530 4899 1755 4960 peccato
1796 4892 2076 4958 serviant;
2108 4901 2164 4948 et

564 4998 936 5057 quoscumth
975 4985 1031 5042 in
1076 4984 1172 5041 Dei
1220 4999 1389 5055 opere
1428 4986 1515 5041 vel
1561 4985 1819 5056 coepisse,
1850 4986 1938 5042 vel
1983 4986 2166 5055 proie-

563 5080 708 5135 cisse
747 5081 1144 5152 cognoverint,
1189 5095 1286 5137 eos
1332 5095 1361 5134 a
1391 5081 1551 5137 bonis
1591 5082 1853 5152 operibus
1890 5088 2163 5136 avertant.

565 5170 725 5231 Nunc
768 5171 901 5229 illud
950 5172 1009 5229 in
1057 5186 1224 5230 causa
1261 5180 1370 5240 est,
1419 5172 1565 5244 quod
1606 5188 1675 5229 ex
1721 5173 1983 5245 Opinione
2025 5172 2170 5245 vulgi

641 5409 671 5440 δ
696 5399 1032 5473 Proscriptus
1055 5398 1312 5473 similiter
1333 5398 1513 5468 legunt
1549 5398 1679 5455 editi
1711 5399 1832 5454 libri
1858 5416 1875 5465 ;
1904 5397 1998 5452 sed
2030 5411 2163 5473 mss.

566 5473 727 5529 codd.
771 5470 1017 5528 retinent
1073 5472 1278 5540 ubique
1318 5488 1506 5525 vocem
1539 5473 1906 5543 prwscriptﬂa.
1959 5478 2011 5523 et
2068 5470 2170 5543 hoc

568 5544 732 5598 tundo
787 5545 1072 5613 legentium
1124 5539 1257 5597 satis
1309 5539 1607 5597 ostendunt
1664 5543 2041 5613 expositiones
2111 5539 2169 5592 S.

565 5612 909 5686 Hieronymi,
938 5615 1028 5685 qui
1051 5615 1127 5669 ait
1155 5614 1432 5669 Christum
1459 5616 1620 5669 nobis
1642 5629 1764 5686 esse
1788 5612 2167 5686 prmscriptum,

566 5686 621 5755 id
651 5695 735 5739 est
778 5680 1085 5754 praedictum
1106 5727 1122 5751 ,
1158 5688 1213 5740 in
1242 5686 1500 5740 omnibus
1543 5683 1847 5755 prophetis.
1881 5680 2061 5755 Mur.
2103 5710 2174 5721 -—

570 5753 820 5814 Placeret
853 5757 1169 5814 Martianazo
1208 5756 1355 5828 legi,
1386 5753 1734 5828 prmeriptno
1759 5795 1775 5826 ,
1815 5753 2171 5825 quemadmo—

2219 1845 2313 1899 εει,
2337 1838 2390 1889 in
2414 1835 2556 1887 vobis
2592 1831 2873 1899 cruciﬁxus
2892 1837 2989 1884 est.
3014 1827 3184 1884 Nobis
3207 1826 3351 1881 enim
3381 1832 3534 1881 recte
3562 1820 3846 1893 praescri-

2221 1934 2345 1997 ptus
2378 1930 2463 1979 est
2498 1921 2772 1986 ChrislUS,
2808 1919 2878 1975 de
2924 1919 3082 1987 cuius
3126 1916 3369 1988 patibulo
3418 1924 3473 1971 et
3521 1913 3841 1987 passione.

2221 2017 2394 2087 alapis
2425 2025 2479 2072 et
2508 2014 2761 2083 ﬂagellis,
2792 2012 2973 2067 omnis
3000 2010 3387 2081 prophetarum
3412 2006 3669 2080 praedicit
3688 2005 3845 2063 clio-

2162 2112 2177 2123 '
2227 2124 2320 2165 rus
2350 2127 2362 2162 :
2392 2117 2452 2164 ut
2478 2122 2693 2162 crucem
2724 2106 2893 2174 ipsius
2929 2117 3036 2159 non
3066 2103 3133 2157 de
3165 2100 3461 2172 Evangelio
3496 2109 3736 2167 tantum,
3774 2097 3842 2153 in

2223 2219 2332 2275 quo
2376 2201 2673 2259 cruciﬁxus
2716 2198 2990 2263 refertur;
3042 2197 3138 2253 sed
3177 2196 3350 2252 multo
3385 2206 3680 2265 antequam
3730 2191 3845 2249 de-

2226 2296 2488 2354 scendere
2530 2296 2847 2366 dignaretur
2885 2291 2952 2347 ad
2993 2300 3195 2355 terras,
3227 2299 3283 2346 et
3307 2289 3582 2345 hominem
3610 2288 3701 2357 qui
3745 2295 3850 2342 est

2225 2391 2520 2447 cruciﬁxus
2567 2394 2898 2449 assumeret,
2957 2383 3291 2439 noverimus.
3343 2380 3454 2439 Nec
3494 2394 3657 2449 parva
3708 2379 3847 2434 laus

2228 2482 2541 2538 Galatarum
2574 2489 2681 2545 est,
2722 2478 2867 2547 quod
2907 2477 2980 2532 ita
3011 2475 3344 2532 crediderint
3381 2474 3437 2529 in
3480 2473 3846 2539 cruciﬁxum,

2227 2584 2289 2631 ut
2316 2581 2443 2629 ante
2464 2572 2641 2628 fuerat
2669 2569 2750 2627 eis
2777 2570 3128 2641 praescriptus
3156 2586 3171 2623 :
3203 2582 3313 2637 quo
3340 2565 3549 2622 scilicet
3578 2563 3851 2619 lectitan‘

2231 2676 2313 2723 tes
2348 2666 2671 2737 pr0phetas,
2704 2672 2759 2718 et
2796 2662 2976 2717 omnia
3026 2658 3251 2716 veteris.
3276 2657 3439 2728 Legis
3481 2662 3847 2712 sacramenta

2232 2769 2547 2824 noscentes,
2570 2758 2656 2813 via
2678 2766 2733 2813 et
2757 2753 2950 2811 ordine
2975 2752 3229 2808 venerint
3250 2750 3316 2804 ad
3344 2746 3702 2805 credendum.
3734 2745 3853 2803 Le-

2233 2855 2381 2926 gitur
2425 2854 2478 2909 in
2528 2850 2859 2923 quibusdam
2897 2844 3223 2903 codicibus:
3260 2842 3392 2911 Quis
3428 2856 3515 2895 vos
3561 2838 3851 2910 fascinavit

2234 2966 2339 3006 non
2376 2948 2582 3003 credere
2618 2944 2859 3000 veritati!
2883 2940 2994 2999 Sed
3025 2940 3130 2995 hoc
3169 2938 3295 3009 quia
3342 2937 3396 2991 in
3425 2932 3855 3004 exemplaribus

2236 3040 2550 3098 Adamantii
2579 3053 2684 3094 non
2712 3037 2963 3098 habetur,
2994 3032 3297 3088 omisimus.

2314 3134 2499 3204 (Vers.
2530 3130 2618 3202 2.)
2645 3128 2765 3185 Hoc
2795 3124 2965 3181 solum
2986 3143 3017 3179 a
3048 3123 3189 3179 vobis
3208 3121 3326 3177 volo
3354 3119 3550 3175 discere
3576 3133 3593 3172 :
3615 3134 3681 3173 ea:
3710 3133 3855 3186 ope—

2240 3227 2385 3282 ribus
2417 3225 2568 3296 Legis
2596 3223 2838 3292 spiritum
2877 3217 3183 3289 accepistis,
3228 3231 3296 3269 an
3338 3229 3407 3268 ea:
3450 3213 3632 3267 auditu
3673 3209 3857 3282 ﬁdei?

2246 3322 2384 3379 Sunt
2409 3320 2654 3391 quidem,
2687 3317 2787 3381 ait,
2816 3313 2984 3369 multa
3007 3326 3131 3380 quae
3160 3318 3383 3378 possunt
3410 3305 3862 3374 interrogatione

2246 3429 2346 3469 vos
2387 3426 2584 3482 cogere
2610 3450 2624 3474 ,
2666 3408 2796 3479 Legi
2840 3403 3193 3475 Evangelium
3240 3398 3639 3471 praeferendum
3689 3414 3703 3451 :
3748 3398 3861 3455 sed

2246 3506 2505 3578 quoniam
2544 3502 2806 3556 insensati
2838 3498 2998 3566 estis,
3048 3506 3104 3553 et
3132 3508 3471 3567 nequaquam
3513 3507 3578 3548 ea
3617 3492 3862 3562 potestis

2248 3597 2466 3660 audire,
2498 3593 2735 3663 simplici
2764 3591 3046 3647 vobiscum
3079 3603 3335 3646 sermone
3361 3587 3576 3657 loquor,
3605 3593 3659 3640 et
3681 3585 3752 3641 de
3785 3596 3863 3642 eo

2251 3688 2392 3760 quod
2438 3696 2747 3759 promptum
2793 3694 2901 3751 est,
2946 3682 3201 3740 sciscitor
3245 3679 3551 3751 :Spiritum
3598 3685 3864 3732 sanctum

2251 3796 2415 3852 quem
2462 3778 2772 3848 accepistis,
2803 3785 2984 3832 utrum
3014 3775 3171 3831 vobis
3209 3771 3369 3841 Magis
3405 3785 3595 3840 opera,
3638 3767 3865 3824 sabbati

2253 3870 2587 3945 observatio,
2619 3867 3054 3925 circumcisionis
3079 3907 3095 3932 ,
3133 3874 3190 3922 et
3216 3863 3627 3919 neomeniarum
3658 3874 3868 3930 super-

2254 3964 2405 4020 stitio
2430 3961 2705 4030 dederint,
2735 3978 2803 4016 an
2835 3959 3053 4015 auditus
3085 3957 3232 4023 ﬁdei,
3256 3969 3353 4026 per
3386 3968 3545 4023 quam
3578 3968 3644 4006 ex
3673 3954 3868 4021 genti.

2256 4058 2359 4114 bus
2380 4055 2724 4112 credidistis?
2746 4053 2900 4122 Quod
2921 4051 2967 4107 si
3001 4050 3188 4121 negari
3219 4064 3326 4103 non
3358 4053 3560 4116 potest,
3588 4043 3865 4114 Spiritum

2258 4158 2507 4208 sanctum
2537 4156 2591 4203 et
2615 4149 2867 4212 virtutes,
2898 4159 3020 4215 qui:
3050 4144 3102 4198 in
3125 4139 3397 4214 principio
3426 4138 3549 4193 ﬁdei
3572 4145 3864 4207 acceptum

2262 4241 2526 4311 Spiritum
2571 4239 2959 4309 sequebantur,
3004 4250 3118 4291 non
3148 4249 3217 4290 ex
3258 4230 3518 4303 operibus
3546 4229 3727 4301 Legis,
3760 4227 3863 4284 sed

2262 4350 2331 4391 ex
2362 4334 2469 4388 ﬁde
2498 4331 2700 4389 Christi
2729 4331 2905 4398 datas,
2947 4327 3296 4384 manifestum
3323 4332 3430 4390 est,
3458 4337 3563 4378 vos
3594 4338 3625 4377 a
3670 4323 3865 4378 melioo

2266 4425 2420 4482 ribus
2449 4437 2676 4479 exorsos
2697 4420 2806 4495 [Αι.
2839 4417 3082 4492 exosus],
3115 4419 3169 4473 in
3197 4416 3382 4487 pejora
3405 4422 3688 4470 corruere.
3716 4409 3867 4467 Con.

2185 4526 2242 4589 Ι)
2266 4520 2570 4574 sideremus
2596 4525 2774 4569 autem
2807 4514 3116 4583 diligenter,
3161 4508 3285 4579 quia
3312 4522 3421 4563 non
3454 4504 3690 4560 dixerit:
3733 4501 3864 4558 Volo

2267 4630 2299 4668 a
2318 4611 2458 4667 vobis
2479 4612 2675 4666 discere
2703 4617 2876 4663 utrum
2904 4622 2971 4661 ea:
3000 4603 3239 4677 operibus
3270 4600 3528 4673 Spiritum
3554 4596 3863 4668 accepistis;

2267 4704 2363 4762 sed
2395 4702 2680 4774 adiecerit,
2714 4716 2778 4755 ea:
2804 4697 2970 4772 519
2997 4695 3236 4763 operibus
3262 4692 3436 4765 Legis.
3470 4689 3688 4748 Sciebat
3716 4687 3864 4742 enim

2267 4809 2324 4855 et
2354 4796 2666 4852 Cornelium
2694 4794 3070 4849 centurionem
3101 4787 3366 4859 Spiritum
3398 4800 3465 4839 ex
3493 4781 3750 4852 operibus
3775 4792 3869 4833 aco

2271 4888 2481 4958 cepisse
2504 4886 2703 4958 (Actor.
2733 4883 2824 4957 x);
2855 4883 2951 4938 sed
2976 4897 3083 4935 non
3107 4896 3170 4934 ex
3203 4877 3466 4946 operibus
3494 4872 3677 4944 Legis,
3702 4883 3863 4941 quam

2274 4981 2578 5037 nesciebat.
2609 4978 2665 5032 Si
2693 4987 2872 5032 autem
2908 4971 3221 5030 econtrario
3248 4970 3447 5025 dicitur
3473 4986 3486 5023 :
3514 4980 3647 5036 ergo
3666 4972 3721 5021 et
3747 4963 3865 5017 sine

2274 5075 2553 5141 auditione
2583 5072 2705 5127 ﬁdei
2726 5069 2902 5138 accipi
2934 5067 3172 5138 Spiritus
3200 5072 3400 5136 potest.
3427 5063 3537 5118 Nos
3570 5056 3867 5128 reSpoude-

2278 5171 2480 5238 bimus,
2509 5165 2787 5239 accepisse
2816 5165 3037 5237 quidem
3066 5178 3193 5219 eum
3221 5160 3487 5233 Spiritum
3505 5196 3523 5225 ,
3550 5155 3649 5211 sed
3675 5168 3740 5209 ex
3776 5165 3870 5205 au-

2273 5395 2401 5449 dum
2430 5394 2560 5449 etin
2590 5393 2831 5449 subnexa
2859 5391 3205 5462 expositione
3238 5387 3599 5462 Hieronymus
3628 5378 3866 5462 prii-fert2

2274 5476 2329 5521 ct
2376 5468 2429 5520 in
2481 5467 2592 5520 suis
2636 5466 2729 5520 ilio
2770 5445 3051 5519 clulicihus
3100 5477 3158 5515 se
3208 5462 3283 5514 ait
3336 5445 3645 5512 imnfuissr.’
3694 5445 3869 5505 Nostri

2276 5541 2586 5591 crnutwrin
2621 5540 2707 5590 hic
2753 5538 3072 5603 impressam
3114 5532 3399 5586 lectionem
3442 5531 3717 5603 asserunt,
3755 5531 3868 5590 quin

2278 5624 2380 5663 nec
2409 5626 2465 5661 re.
2503 5612 2614 5677 ipsa
2647 5595 2901 5662 dissentit
2931 5609 3029 5660 abs
3066 5595 3863 5677 iiitizruuytttiautiacceptione2

2281 5696 2381 5735 nec
2421 5664 2670 5759 (ιρι-ινφ
2718 5688 2888 5759 textu,
2931 5664 3572 5759 προεγράφη.’γίοιηι·ἰιις
3617 5664 3872 5722 continuo

2281 5753 2603 5824 proscriptus
2635 5751 2782 5821 legit.

3634 6022 3655 6051 1,

3550 6052 3631 6129 /
