4028 6380
220 291 333 352 349

740 291 1401 350 COMMENTARIORUM
1438 291 1506 349 IN
1543 292 1937 351 EPISTOLAM
1965 295 2060 352 AD
2100 296 2425 364 GALATAS
2464 305 2596 366 LIB.
2627 306 2670 364 I.
2713 308 2875 368 CAP.
2916 307 3006 365 III.

3423 307 3535 369 550

223 416 342 472 ditu
374 414 521 484 lidei,
554 423 612 472 et
639 423 665 452 ιι
693 416 925 470 naturali
959 415 1113 485 lege,
1145 429 1266 482 quae
1293 413 1532 484 loquitur
1565 415 1618 468 in
1651 413 1812 469 cordi.

1935 436 2097 489 quem
2145 439 2211 478 ex
2257 425 2401 481 dono
2449 428 2543 482 Dei
2575 429 2984 498 consequimur,
3020 434 3070 482 et
3105 440 3211 482 non
3243 426 3483 483 hominis
3514 448 3529 484 :

225 509 331 564 bus
361 507 591 573 nostris,
624 507 764 561 bona
797 521 1032 576 quaeque
1074 505 1352 569 facienda,
1388 515 1442 560 et
1469 506 1686 560 vitanda
1718 521 1832 560 ma-

225 602 275 657 la
309 619 322 655 :
357 618 452 670 per
492 616 656 672 quam
684 601 888 654 dudum
919 613 1136 670 quoque
1162 598 1460 665 Abraham,
1496 599 1745 669 Moysen,
1777 611 1829 656 et

226 705 455 751 caeteros
493 704 713 750 sanctos
737 692 1068 764 jusdlicatos
1098 692 1407 759 retulimus,
1439 709 1600 762 quam
1631 710 1828 764 augere

225 787 490 858 deinceps
527 793 710 856 potest
755 800 982 856 operum
1022 785 1352 849 observatio,
1402 785 1671 857 Legisque
1716 778 1824 859 [Αι.

225 879 386 950 Legis
428 878 667 952 quoque]
705 879 915 950 justitia
957 896 972 933 :
1006 894 1116 933 non
1152 888 1332 934 tamen
1379 879 1618 934 carnalis
1668 879 1823 950 legis,

225 991 352 1047 qua:
397 975 682 1046 praeteriit,
728 974 822 1029 sed
851 973 1176 1044 spiritualis,
1220 974 1346 1043 quia
1387 973 1496 1029 Lex
1528 973 1827 1042 spirituaiis

225 1077 333 1124 est.
362 1068 549 1139 Neque
573 1083 723 1135 vero,
747 1069 870 1138 quia
897 1068 1057 1121 iidem
1090 1067 1451 1136 praeferimus,
1477 1067 1638 1139 Legis
1659 1083 1824 1139 opera

225 1163 562 1219 desuruitnus
591 1163 766 1222 (Rom.
801 1162 907 1234 ιιι),
937 1178 1036 1218 nec
1064 1162 1298 1218 dicimus
1325 1163 1622 1220 secundum
1665 1180 1827 1235 quos-

225 1255 354 1310 dam
384 1271 399 1310 :
434 1255 714 1310 Faciamus
751 1255 926 1322 mala,
968 1256 1131 1311 donec
1165 1260 1370 1311 veniant
1408 1259 1537 1312 bona
1571 1258 1822 1330 (qu0rtnn

224 1347 506 1403 damnatio
527 1346 672 1416 justa
700 1347 806 1418 est)
829 1389 842 1413 ,
875 1347 970 1402 sed
999 1350 1250 1403 servituti
1279 1350 1507 1420 gratiam
1537 1351 1822 1418 anteponi-

220 1457 367 1496 mus.
427 1439 794 1511 Dieimnsque,
827 1439 970 1511 quod
1019 1441 1194 1497 Judari
1238 1453 1458 1512 propter
1498 1452 1699 1497 metum
1747 1445 1824 1496 ra-

221 1536 397 1599 eiunt,
429 1534 481 1588 id
516 1549 614 1589 nos
642 1534 823 1591 facere
855 1548 1080 1606 propter
1103 1538 1452 1593 charitatem.
1478 1535 1608 1592 Ilios
1631 1553 1820 1592 servos

221 1641 368 1693 esse,
413 1642 515 1682 nos
561 1627 706 1681 filios
740 1645 753 1682 :
787 1627 910 1683 illos
938 1631 1059 1699 cogi
1089 1628 1154 1683 ad
1194 1629 1421 1696 bonum,
1472 1644 1572 1684 nos
1614 1628 1817 1683 bonum

218 1729 416 1789 sponte
445 1719 742 1790 suscipere.
780 1719 898 1776 Non
930 1719 1097 1790 igitur
1124 1736 1190 1776 es
1235 1721 1339 1776 lide
1366 1720 1568 1775 Christi
1601 1721 1816 1775 licentia

1934 515 2002 570 de
2029 532 2135 585 qtto
2184 518 2314 572 alibi
2356 521 2654 575 scribitur:
2691 519 3036 592 Incorruptus
3084 519 3316 590 Spiritus
3361 529 3434 574 cst
3475 521 3530 577 in

1933 608 2168 662 omnibus
2192 611 2350 682 (Sap.
2383 627 2478 680 xtl,
2508 613 2582 680 1).
2619 611 2688 668 ΕΙ.
2719 631 2732 668 :
2768 611 2892 684 Ipse
2921 613 3154 680 Spiritus
3180 614 3529 667 testimonium

1931 702 2100 755 reddit
2128 701 2239 775 [AL
2269 704 2473 779 reddet]
2502 707 2705 778 spiritui
2733 715 2909 760 nostro
2945 705 3124 775 (Rom.
3162 722 3274 772 Vttt,
3311 705 3423 778 16).
3462 709 3529 762 Et

1931 794 1984 848 in
2014 796 2124 850 alio
2154 795 2276 851 loco
2306 814 2323 851 :
2357 797 2522 852 Nemo
2555 801 2648 854 scit
2681 817 2738 854 ea
2767 818 2881 872 qua?
2906 801 2960 854 in
2985 802 3193 855 homine
3219 811 3339 855 sunt
3364 843 3378 863 ,
3427 801 3533 856 nisi

1929 887 2141 956 spiritus
2183 886 2411 942 hominis
2457 891 2545 960 qui
2577 892 2730 945 estin
2761 910 2817 945 eo
2859 891 2902 964 (Ι
2935 893 3052 947 Cor.
3101 909 3162 958 ll,
3212 893 3324 963 il).
3361 893 3426 948 Et
3472 895 3526 950 in

1933 976 2154 1033 Daniele
2187 994 2204 1032 :
2231 977 2550 1045 Benedicite,
2579 983 2796 1052 spiritus
2817 993 2862 1038 et
2883 985 3070 1038 anima:
3094 988 3379 1060 justorum,
3415 983 3524 1039 Do-

1929 1070 2125 1123 minum
2150 1069 2316 1137 (Dan.
2343 1087 2424 1136 ut,
2458 1073 2573 1140 86).

2000 1163 2183 1232 (Vers.
2210 1164 2289 1234 5.)
2319 1165 2410 1219 Sic
2437 1167 2588 1220 stulti
2610 1167 2755 1237 estis,
2785 1177 2842 1222 ut
2862 1183 2979 1222 cum
3013 1167 3221 1238 Spiritu
3246 1170 3525 1241 carpet-itis,

1929 1273 2063 1309 nunc.
2087 1273 2242 1311 carne
2268 1260 2739 1314 cousummemini?
2768 1259 2824 1314 Si
2855 1271 3103 1316 sanetum
3143 1263 3402 1331 Spiritum
3435 1279 3525 1318 ac-

1927 1363 2184 1419 ceperant
2220 1349 2449 1418 Galatae,
2482 1351 2755 1420 quomodo
2786 1352 2938 1406 stulti
2964 1353 3154 1407 erant?
3190 1353 3389 1409 Verum
3416 1367 3527 1410 Sta-

1927 1441 2018 1497 tim
2048 1443 2298 1504 solvitur.
2330 1447 2564 1515 crepisse
2594 1445 2815 1516 quidem
2841 1462 2934 1500 eos
2967 1446 3253 1516 Spiritum,
3286 1447 3380 1502 sed
3402 1463 3526 1504 eum

1924 1548 2092 1590 Carne
2121 1549 2656 1612 consumtnarentur,
2685 1537 2946 1608 Spiritum
2979 1537 3048 1593 ab
3073 1540 3152 1594 eis
3191 1537 3361 1594 fuisse
3389 1539 3525 1594 sub-

1924 1625 2114 1680 latum.
2152 1627 2305 1683 Unde
2342 1629 2458 1683 sine
2485 1645 2647 1684 causa
2689 1631 2829 1700 passi
2862 1639 2989 1684 sunt
3025 1639 3172 1685 tanta
3217 1647 3338 1701 quae
3377 1629 3531 1704 passi

1921 1730 2068 1776 sunt.
2102 1722 2261 1790 Quod
2303 1739 2370 1779 ne
2413 1724 2519 1778 sibi
2572 1733 2691 1794 post
2724 1736 3001 1794 peccatum
3047 1726 3318 1792 eveniret,
3355 1723 3525 1782 David

220 1813 472 1868 nascitur
500 1811 886 1880 delinquendi;
915 1812 1008 1867 sed
1041 1829 1106 1867 ex
1139 1813 1435 1868 dilectione
1466 1813 1590 1866 lidei
1623 1813 1815 1867 volun-
1849 1800 1896 1859 Β
1924 1827 2201 1887 precatur,
2232 1816 2420 1873 dicens
2447 1836 2459 1871 :
2493 1818 2752 1890 Spiritum
2781 1830 3016 1873 sanctum
3048 1830 3194 1873 tuum
3224 1837 3287 1874 ne
3313 1826 3523 1891 auferas

220 1914 304 1959 tas
327 1905 451 1960 boni
479 1905 660 1974 operis
685 1914 931 1974 augetur,
962 1904 1086 1958 dum
1122 1905 1260 1958 bona
1286 1905 1408 1959 ideo
1432 1904 1682 1970 facimus,
1709 1919 1818 1958 non

215 2000 345 2072 quia
367 1999 607 2066 judicem
638 1998 1014 2062 formidamus,
1045 1997 1138 2053 sed
1165 1998 1288 2068 quia
1310 1998 1511 2052 scimus
1540 2012 1600 2051 ea
1629 1999 1674 2052 ei
1707 1999 1819 2066 pla-

215 2107 347 2148 cere
378 2091 431 2147 in
470 2107 630 2162 quem
662 2091 956 2147 credimus.
995 2092 1213 2160 Quaerat
1263 2092 1553 2162 quispiam,
1593 2090 1640 2144 si
1684 2091 1818 2146 ﬁdes

216 2203 330 2244 non
353 2197 438 2242 est
470 2189 570 2243 nisi
595 2203 660 2242 ex
691 2187 901 2252 auditu,
926 2187 1202 2257 quomodo
1228 2185 1322 2256 qui
1353 2187 1501 2242 surdi
1531 2188 1640 2240 natl
1663 2193 1813 2252 sunt,

215 2288 447 2351 possunt
497 2279 612 2335 fieri
661 2279 982 2335 Christiani.
1034 2279 1199 2335 Deum
1236 2279 1436 2349 quippe
1481 2278 1696 2333 Patrem
1751 2293 1815 2332 ex

216 2372 596 2443 magnitudine
635 2381 690 2427 et
739 2371 1143 2442 pulchritudine
1210 2381 1586 2426 creaturarum
1639 2377 1819 2441 potest

212 2467 342 2536 quis
373 2463 703 2534 intelligere,
736 2475 788 2518 et
818 2479 848 2518 a
895 2463 1302 2519 conditionibus
1341 2464 1593 2519 conditor
1621 2478 1817 2519 conse-

213 2565 450 2630 quenter
494 2557 830 2628 agnoscitur.
861 2556 1064 2612 Christi
1115 2567 1295 2613 autem
1338 2557 1615 2623 nativitas,
1657 2572 1812 2625 crux,

215 2665 388 2716 mors,
420 2650 775 2718 resurrectio,
818 2649 922 2704 nisi
952 2665 1021 2704 ex
1062 2650 1251 2705 auditu
1289 2650 1416 2705 sciri
1459 2665 1564 2706 non
1613 2658 1810 2720 potest.

212 2742 326 2798 Ant
355 2743 507 2799 surdi
537 2744 702 2816 igitur
728 2742 1026 2800 Christiani
1075 2761 1182 2799 non
1231 2755 1356 2800 sunt
1395 2764 1407 2799 :
1456 2755 1548 2800 aut
1587 2745 1632 2800 si
1662 2745 1812 2799 surdi

213 2844 346 2892 sunt
386 2836 707 2906 Christiani,
757 2837 953 2894 falsum
995 2845 1074 2894 est
1120 2840 1261 2910 quod
1312 2840 1438 2894 alibi
1469 2839 1538 2894 ab
1568 2839 1813 2908 apostolo

211 2927 454 2984 dicitur:
496 2928 686 3001 Itaque
729 2931 859 3001 ﬁdes
888 2949 951 2986 ex
991 2932 1180 2986 auditu
1211 2947 1230 2988 :
1258 2933 1468 2986 auditus
1510 2940 1682 2986 autem
1725 2948 1815 3006 per

211 3021 426 3076 verbum
455 3019 573 3078 Dei.
605 3023 686 3079 Ad
717 3023 860 3095 quod
889 3025 982 3096 qui
1025 3026 1258 3096 simplici
1293 3028 1650 3096 respm‘isione
1679 3041 1812 3081 con-

214 3122 398 3170 tentus
432 3124 536 3184 est,
571 3115 726 3185 dicit,
762 3132 870 3172 non
899 3133 1022 3174 eum
1057 3119 1391 3192 generaliter
1419 3118 1644 3184 dixisse,
1681 3118 1812 3172 lides

211 3212 460 3268 omnium
489 3229 559 3268 ex
584 3214 771 3268 auditu
801 3223 913 3280 est;
944 3216 1040 3270 sed
1079 3214 1214 3271 lldes
1242 3231 1307 3270 ex
1337 3215 1550 3285 auditu,
1588 3216 1728 3286 quod
1760 3224 1812 3270 et

211 3305 268 3359 in
305 3315 479 3374 parte,
547 3316 601 3360 et
641 3306 694 3360 in
737 3314 850 3361 toto
885 3308 1056 3378 accipi
1105 3316 1332 3378 potest:
1381 3322 1571 3364 eorum
1603 3307 1814 3364 scilicet

213 3396 354 3452 ﬁdes
385 3413 450 3452 ex
474 3397 684 3467 auditu,
711 3401 801 3472 qui
825 3401 1074 3466 audiunt,
1105 3401 1196 3472 qui
1223 3401 1469 3458 credunt.
1503 3402 1605 3471 Qui
1629 3413 1810 3458 autem

210 3489 341 3546 huic
366 3489 394 3528 δ
429 3492 686 3560 scrupulo
716 3491 1034 3548 satisfacere
1063 3502 1312 3559 conatur,
1348 3495 1496 3564 prius
1524 3493 1656 3548 illud
1689 3503 1810 3549 ten‘

214 3582 349 3637 labit
373 3598 641 3652 asserere,
687 3584 831 3655 quod
860 3585 1082 3640 nutibus
1111 3584 1276 3658 520
1305 3602 1520 3658 quoque
1545 3595 1602 3642 et
1628 3587 1812 3658 quoti-

209 3673 370 3729 diana
397 3677 835 3743 conversatione,
865 3686 920 3732 ct
951 3689 1008 3731 ut
1037 3677 1110 3731 ita
1141 3678 1394 3742 dixerim,
1431 3679 1593 3733 totius
1614 3693 1811 3748 corpo-

210 3767 289 3823 ris
336 3768 594 3840 loquente
638 3777 792 3839 gestu
818 3810 834 3836 ,
876 3768 1025 3825 surdi
1058 3779 1288 3841 possunt
1319 3769 1673 3842 Evangelium
1724 3769 1808 3824 di-

207 3873 364 3917 scere
399 3879 414 3916 :
442 3860 640 3917 delnde
678 3861 842 3917 etiam
873 3860 996 3931 hoc,
1030 3863 1175 3932 quod
1205 3861 1303 3918 Del
1343 3875 1526 3918 sermo
1557 3861 1642 3916 cui
1672 3860 1809 3916 nihil

207 3954 434 4010 surdum
463 3962 570 4021 est,
601 3954 668 4011 ad
699 3971 793 4012 eas
823 3956 996 4030 magis
1025 3956 1280 4026 loquatur
1305 3971 1484 4024 aures,
1516 3956 1586 4011 de
1615 3957 1810 4027 quibus

206 4054 265 4102 et
293 4050 408 4118 ipse
443 4050 522 4103 ait
566 4047 620 4104 in
659 4045 994 4120 Evangelio:
1029 4047 1129 4116 Qui
1163 4047 1316 4102 habet
1343 4065 1496 4102 aures
1531 4047 1804 4113 audiendi,

207 4141 392 4196 audiat
432 4141 588 4213 (Luc.
619 4157 745 4208 vttt,
792 4142 868 4212 8).
913 4142 980 4197 Et
1022 4142 1073 4196 in
1107 4143 1435 4214 Apocalypsi
1467 4160 1480 4196 :
1518 4143 1620 4210 Qui
1657 4142 1810 4195 habet

205 4251 384 4289 aurem
409 4276 422 4299 ,
451 4235 633 4290 audiat
662 4235 791 4306 quid
817 4235 1034 4306 spiritus
1072 4235 1214 4290 dicat
1243 4234 1492 4290 Ecclesiis
1517 4235 1701 4307 (Apoc.
1740 4250 1802 4300 tt,

209 4330 322 4404 11).
372 4329 444 4385 Et
496 4329 665 4386 Isaias
711 4347 726 4386 :
777 4329 1034 4384 Dominus
1088 4329 1293 4383 addidit
1339 4328 1472 4382 mihi
1512 4329 1806 4383 auriculam

205 4423 369 4499 (Isai.
411 4440 486 4494 γι,
526 4425 595 4480 35
627 4433 674 4478 et
716 4425 834 4494 55).
871 4423 977 4480 Iste
1016 4430 1104 4480 est
1141 4425 1282 4478 alius
1314 4424 1499 4491 homo,
1543 4425 1629 4480 cui
1663 4424 1807 4480 Deus

200 4517 450 4589 loquitur
477 4515 530 4572 in
571 4519 807 4581 occulto,
842 4518 930 4590 qui
959 4519 1156 4572 clamat
1185 4517 1238 4572 in
1270 4518 1435 4580 corde
1480 4519 1753 4574 credentis
1789 4537 1802 4574 :

1923 1927 1954 1963 a
1979 1926 2057 1962 me
2081 1909 2199 1980 (Ps.
2225 1928 2275 1976 ι,
2306 1911 2416 1983 15).
2458 1911 2756 1984 Diligenter
2788 1912 3057 1969 attendite
3090 1915 3230 1986 quod
3259 1915 3349 1986 qui
3379 1913 3528 1970 Scri-

1925 2004 2280 2074 pturasjuxta
2307 2005 2542 2059 litteram
2567 2007 2838 2076 sequitur,
2859 2008 3231 2062 consummari
3255 2023 3417 2064 carne
3445 2003 3528 2063 di-

1921 2104 2094 2154 catur.
2121 2096 2486 2164 Quamobrem
2514 2097 2645 2151 illud
2665 2097 2808 2170 quod
2833 2098 2898 2153 ad
2922 2098 3232 2154 Corinthios
3255 2101 3517 2171 scriptum

1921 2197 2004 2240 est
2033 2203 2045 2239 :
2078 2185 2143 2241 In
2173 2203 2325 2241 carne
2361 2189 2604 2255 viventes,
2647 2206 2750 2243 non
2784 2193 2945 2262 juxta
2989 2205 3199 2243 carnem
3234 2190 3523 2246 militamus

1924 2279 1990 2350 (ll
2022 2277 2141 2334 Cor.
2187 2296 2240 2344 κ,
2271 2279 2350 2351 5),
2380 2279 2573 2334 melius
2602 2280 2679 2336 sic
2709 2281 2936 2350 intelligi
2968 2289 3165 2349 petest,
3198 2293 3253 2334 ut
3295 2281 3346 2336 hi
3377 2280 3520 2336 mili-

1922 2379 2038 2425 tare
2066 2371 2319 2426 dicantur
2350 2372 2403 2425 in
2432 2387 2616 2436 carne,
2645 2374 2742 2442 qui.
2775 2380 2931 2427 vetus
2962 2373 3368 2428 Testamentum
3414 2373 3517 2430 htt-

1919 2465 2123 2520 militer
2142 2464 2474 2520 edisserunt.
2500 2464 2601 2532 Qui
2625 2480 2756 2520 vero
2779 2474 3080 2536 sequuntur
3102 2465 3516 2534 intelligentiam

1919 2556 2283 2626 Spiritualem,
2311 2556 2419 2611 sint
2443 2557 2660 2627 quidem
2690 2557 2742 2612 in
2774 2573 2959 2627 carne,
2986 2559 3106 2631 quia
3140 2559 3389 2614 eamdem
3423 2558 3519 2613 ita-

1920 2650 2084 2705 beant
2116 2652 2352 2706 litteram
2377 2651 2536 2724 421
2567 2667 2726 2722 quam
2751 2651 2948 2720 Judtei,
2981 2651 3077 2708 sed
3102 2668 3208 2706 non
3229 2653 3382 2724 juxta
3400 2668 3522 2708 car-

1920 2762 2043 2802 nem
2087 2747 2345 2812 militent,
2379 2764 2408 2800 a
2439 2763 2605 2801 carne
2649 2747 2715 2801 ad
2748 2748 3000 2818 spiritum
3043 2745 3516 2808 transcendentes.

1919 2838 2145 2907 Quando
2178 2837 2426 2893 videritis
2456 2853 2579 2892 eum
2617 2838 2708 2908 qui
2740 2839 2976 2908 primum
3008 2839 3181 2894 credit
3232 2855 3299 2895 ex
3331 2839 3524 2896 Genti-

1919 2929 2040 2994 bns,
2089 2937 2146 2984 et
2187 2929 2255 2982 ad
2291 2928 2500 2983 Christi
2546 2938 2787 2984 aratrum
2836 2930 3005 2985 mittit
3041 2947 3282 3000 manum,
3314 2933 3520 3003 praevio

1918 3024 2103 3094 aliquo
2131 3022 2358 3078 doctore
2388 3022 2679 3093 prudente,
2703 3024 2783 3078 sic
2807 3039 2903 3094 per
2925 3024 3085 3096 Legis
3113 3024 3220 3079 iter
3243 3024 3310 3080 ad
3343 3027 3519 3081 Evan-

1917 3117 2116 3188 geliutn
2148 3130 2381 3187 pergere
2401 3156 2416 3180 ,
2447 3122 2510 3170 ut
2538 3117 2721 3170 omnia
2751 3115 2839 3170 illa
2871 3131 2992 3187 qua:
3023 3116 3096 3172 ibi
3135 3117 3336 3187 scripta
3369 3128 3515 3185 sunt,

1838 3190 1885 3253 δ
1917 3210 1986 3265 de
2016 3211 2266 3275 sabbato,
2301 3208 2371 3263 de
2408 3209 2633 3280 azymis,
2662 3209 2732 3266 de
2762 3209 3185 3265 circumcisione
3211 3253 3224 3275 ,
3258 3212 3326 3267 de
3355 3212 3518 3266 victi-

1917 3302 2044 3367 mis,
2078 3300 2238 3371 digne
2262 3301 2376 3356 Deo
2408 3301 2698 3371 intelligat,
2725 3311 2780 3357 et
2801 3301 3062 3371 deinceps
3087 3313 3209 3372 post
3234 3303 3515 3375 Evangelii

1915 3396 2209 3452 lectionem
2239 3411 2266 3448 a
2291 3395 2481 3450 .Iudaao
2509 3395 2712 3464 aliquo,
2744 3405 2837 3450 aut
2863 3395 3172 3452 Judtrorum
3205 3397 3356 3451 socio
3390 3411 3515 3465 per-

1915 3491 2159 3554 suaderi,
2182 3499 2237 3545 ttt
2262 3491 2487 3547 umbras
2511 3498 2566 3545 et
2593 3489 2864 3562 allegorize
2887 3491 3072 3545 nubila
3097 3490 3508 3561 derelinquens,

1913 3584 1993 3641 sic
2027 3583 2339 3654 Scripturas
2371 3584 2771 3655 interpretetur
2796 3630 2809 3653 ,
2859 3591 2916 3638 ut
2957 3584 3176 3654 scripta:
3220 3591 3346 3638 sunt
3381 3601 3394 3636 :
3444 3583 3514 3640 de

1914 3675 2018 3732 hoc
2056 3676 2286 3744 potestis
2323 3675 2508 3730 dicere
2542 3693 2554 3729 :
2588 3673 2679 3730 Sic
2708 3675 2911 3731 stultus
2941 3690 3021 3739 es,
3057 3683 3117 3729 ut
3157 3691 3278 3730 cum
3317 3675 3514 3746 Spiritu

1912 3768 2170 3838 coeperis,
2199 3783 2346 3823 nunc
2371 3782 2538 3824 carne
2565 3766 3000 3823 consummcris?

1985 3860 2168 3936 (Vers.
2199 3863 2280 3931 4.)
2312 3859 2481 3916 Tanta
2538 3861 2678 3934 passi
2721 3861 2842 3915 estis
2889 3861 3002 3915 sine
3055 3877 3233 3927 causa,
3264 3859 3312 3914 si
3342 3869 3515 3916 tamen

1912 3955 2023 4009 sine
2048 3971 2222 4009 causa.
2255 3950 2681 4009 Cunsideremus
2731 3951 2976 4007 infelices
3026 3950 3269 4017 Iudices,
3303 3962 3507 4022 quanta

1912 4049 2302 4120 superstitione
2344 4056 2398 4103 et
2447 4047 2853 4102 observationis
2902 4046 3088 4100 labore
3133 4047 3318 4100 vivant
3364 4047 3509 4102 inter

1911 4151 2139 4197 caeteras
2161 4139 2434 4205 nationes,
2463 4140 2730 4206 dicentes,
2759 4155 2828 4195 ne
2860 4140 3123 4210 tetigeris,
3157 4155 3224 4194 ne
3253 4148 3510 4210 gustave-

1912 4235 2007 4302 ris,
2030 4249 2098 4288 ne
2124 4233 2527 4300 attrectaveris,
2550 4242 2602 4287 et
2633 4233 2982 4300 probabimus
3013 4247 3200 4286 verum
3221 4245 3342 4287 esse
3364 4231 3510 4302 quod

1911 4326 2110 4382 dicitur
2135 4345 2148 4379 :
2174 4324 2348 4380 Tanta
2383 4325 2529 4392 passi
2551 4326 2673 4380 estis
2700 4325 2812 4379 sine
2834 4339 3027 4389 causa;
3063 4323 3160 4378 sed
3187 4339 3291 4378 non
3322 4326 3507 4378 statim

1909 4419 1976 4474 ad
2008 4434 2102 4474 eos
2160 4419 2433 4474 sententia
2468 4427 2824 4489 temperatur,
2850 4425 2906 4473 et
2949 4416 3111 4472 dubia
3141 4415 3219 4482 ﬁt,
3263 4417 3308 4470 si
3335 4425 3505 4469 tamen

1909 4513 2018 4567 sine
2038 4527 2195 4565 causa
2225 4528 2244 4567 :
2276 4513 2398 4581 quia
2432 4511 2499 4565 de
2527 4510 2611 4565 bis
2635 4510 2853 4574 dicitur,
2881 4511 2971 4580 qui
3004 4520 3230 4579 possunt
3261 4519 3383 4580 post
3406 4506 3510 4563 Lc-

198 4577 366 4677 Ablia,
399 4609 561 4664 Pater
581 4609 760 4686 (Rom.
787 4577 904 4674 in},
938 4609 1026 4682 15)
1057 4627 1071 4666 :
1102 4621 1157 4666 et
1178 4612 1258 4683 (nt
1287 4577 1604 4683 frequenter
1629 4628 1802 4681 expo-
1830 4577 1887 4637 Β
1912 4619 2032 4676 gem
2056 4604 2121 4658 ad
2150 4577 2498 4674 Evangelium
2520 4603 2739 4659 reverti.
2758 4577 2946 4657 Melius
2973 4577 3150 4657 autem
3179 4577 3509 4672 sie-intelligi

196 4705 433 4776 suimus)
459 4704 737 4772 quomodo
759 4720 962 4775 corpus
993 4705 1172 4760 omnia
1206 4706 1473 4770 membra,
1507 4714 1562 4760 et
1611 4720 1806 4763 sensus

196 4794 366 4851 habet
406 4813 417 4850 ε
454 4796 526 4850 ita
557 4797 795 4851 animam
830 4811 1047 4868 quoque
1081 4797 1374 4852 universos
1417 4806 1473 4852 et
1505 4812 1723 4862 sensus,
1755 4808 1809 4856 et

193 4889 442 4946 membra
493 4890 719 4959 habere,
778 4901 801 4929 °
853 4899 908 4948 et
959 4891 1104 4948 inter
1148 4899 1350 4946 etetera
1387 4892 1811 4978 aureseliatn:

192 4999 328 5056 quas
360 4983 455 5055 qui
489 4982 762 5050 habuerit,
793 4998 902 5038 non
928 4997 1264 5058 magnopere
1298 4983 1564 5056 indigebit
1595 4985 1678 5040 his
1709 5002 1808 5040 au-

188 5077 340 5130 ribus
361 5075 613 5146 corporis
632 5074 697 5128 ad
722 5073 925 5130 Christi
951 5075 1319 5145 Evangelium
1343 5077 1805 5148 cognoscendum.

187 5165 362 5222 Simul
393 5177 576 5222 autem
613 5169 784 5223 etiam
818 5167 951 5222 illud
987 5167 1285 5235 attendite,
1335 5168 1482 5240 quod
1519 5168 1606 5224 hic
1638 5169 1812 5238 Spiri~

191 5267 276 5316 tus
315 5260 524 5334 absque
575 5259 688 5314 ullo
727 5259 1100 5316 additamenta
1155 5259 1392 5316 Sanctus
1445 5261 1803 5334 intelligatur,

266 5397 293 5426 ⁸
333 5388 464 5459 Legi
505 5389 726 5446 Natum
763 5390 855 5447 hic
904 5390 1026 5460 plus
1067 5390 1216 5459 justo
1259 5391 1506 5449 tribuere
1549 5393 1802 5451 videatur

196 5457 563 5535 Ijieronimus
591 5478 604 5514 :
633 5463 720 5535 qui
751 5477 856 5517 non
886 5457 1170 5535 esttamen
1197 5463 1305 5518 alio
1332 5478 1499 5519 sensu
1527 5468 1802 5535 accipien-

186 5529 319 5594 dus,
351 5529 516 5599 quam
551 5529 660 5598 quo
689 5531 742 5587 in
773 5548 893 5600 cap.
927 5531 1081 5586 Isaia:
1122 5550 1264 5593 xxiv.
1301 5536 1356 5598 li,
1400 5536 1590 5588 scribit
1613 5577 1626 5595 ,
1648 5529 1803 5600 'prtc-

186 5603 301 5655 mia
341 5604 664 5674 adepturus,
707 5608 794 5674 qui
827 5606 1130 5656 naturalezn
1169 5608 1364 5673 Legem
1411 5612 1797 5662 set-Vaterint:

183 5681 240 5748 ει
279 5675 330 5726 in
358 5675 637 5748 Ezechiel.
671 5691 768 5748 χι,
801 5677 866 5748 1-7
892 5692 904 5726 :
930 5675 1266 5730 condemnari
1296 5695 1386 5729 nos
1417 5680 1804 5748 ceinp'tratione

183 5739 517 5818 Gentilium,
566 5747 627 5818 si
677 5744 758 5799 illi
802 5745 959 5818 Lege,
986 5749 1189 5817 faciant
1249 5739 1658 5818 naturaliﬂqua
1710 5766 1804 5802 nos

203 5815 392 5886 scripta
431 5817 769 5890 negligimus.
817 5815 1196 5889 Conferendgus
1244 5815 1598 5891 Augustinus,
1646 5821 1803 5892 cujus

1914 4705 2112 4769 potest,
2143 4695 2288 4766 quod
2336 4695 2575 4765 primum
2629 4696 2917 4751 credentes
2965 4696 3172 4751 Galatae
3227 4698 3278 4749 in
3310 4693 3509 4750 Cruci-

1918 4790 2108 4858 lixum,
2143 4800 2195 4845 et
2226 4805 2254 4844 a
2297 4789 2524 4855 Judzeis,
2566 4797 2620 4843 et
2646 4803 2675 4842 a
2704 4789 2955 4857 gentibus
2991 4788 3288 4858 opprobria
3338 4785 3512 4840 multa

1920 4887 2168 4956 perpessi
2202 4885 2332 4948 sint,
2365 4884 2774 4952 persecutiones
2813 4899 2919 4936 non
2953 4883 3204 4936 minimas
3232 4883 3516 4936 sustinue-

1918 4979 2047 5033 rint.
2079 4978 2222 5045 Qnas
2279 4979 2476 5031 frustra
2526 4985 2826 5043 arguuntur
2881 4973 3049 5029 luisse
3098 4975 3380 5045 perpessi,
3415 4973 3514 5028 sia

1918 5072 2092 5143 gratia
2121 5068 2326 5124 Christi
2348 5067 2630 5129 recedant,
2656 5076 2881 5138 promer
2902 5081 3063 5135 quam
3086 5073 3232 5119 tanta
3266 5066 3513 5136 perpessi

1915 5177 2064 5222 sunt.
2100 5165 2274 5223 Simul
2303 5173 2356 5220 et
2386 5161 2413 5200 ἀ
2445 5163 2532 5218 illa
2560 5161 2870 5233 spes,quod
2901 5161 3225 5231 quicumque
3250 5159 3320 5214 ob
3346 5159 3508 5213 Chri-

1913 5259 1982 5316 sti
2006 5257 2168 5314 lidem
2191 5257 2544 5324 laboraverit,
2571 5265 2627 5312 et
2648 5263 2838 5328 postea
2871 5253 3056 5323 lapsus
3088 5252 3252 5308 fuerit
3295 5251 3347 5305 in
3384 5267 3512 5322 pee-

1907 5393 2200 5465 Summajtl
2229 5392 2329 5450 hac
2359 5395 2666 5465 quaestione
2706 5392 3141 5465 anctoritas_est_
3149 5391 3244 5446 lib.
3277 5391 3346 5465 de
3386 5390 3510 5465 Sp}-
3605 5383 3616 5390 '

1909 5466 2000 5538 _rit.
2035 5477 2089 5520 et
2120 5462 2347 5538 Littera,
2377 5461 2499 5534 cap.
2526 5480 2669 5538 sxvn
2694 5474 2749 5538 et
2769 5474 2988 5538 seqq.et
3016 5463 3075 5518 S.
3101 5461 3510 5535 Fulgentius’de

1909 5535 2184 5591 lucarnat.
2217 5545 2272 5590 et
2299 5535 2484 5592 Gratia
2515 5535 2744 5599 Christi,
2775 5535 2900 5604 cap.
2930 5551 3076 5589 xxvi.

1981 5606 2006 5645 ι)
2035 5609 2088 5660 In
2124 5624 2227 5659 uno
2262 5607 2456 5670 Palat.,
2483 5608 2904 5678 scrupttlosilltles
2959 5607 3147 5678 facere.

1983 5690 2005 5750 ς
2038 5679 2189 5748 Apud
2217 5677 2538 5744 Virtutium,
2564 5677 2779 5750 legimus
2809 5688 2854 5731 ct
2879 5677 3012 5750 inter
3041 5688 3249 5741 caetera,
3279 5689 3383 5750 etc.

1981 5745 2215 5874 ddPL-nes
2264 5745 2816 5818 Victoriuntfsimul
2877 5759 2924 5804 ct
2965 5749 3052 5802 ltic
3101 5749 3500 5823 aspiciendam,

1981 5838 2008 5874 0
2053 5862 2067 5874 .
2095 5830 2199 5874 etc.

1907 5830 2067 5892 quod,
2095 5830 2199 5877 etc.
