  <div class='ocr_page' id='page_1' title='image "/cluster/home/n/w/nwhite01/storage/ocr_20150623/26/uva.x000826568/183.png"; bbox 0 0 4056 6330; ppageno 0'>
   <div class='ocr_carea' id='block_1_1' title="bbox 528 264 637 330">
    <p class='ocr_par' dir='ltr' id='par_1_1' title="bbox 528 264 637 330">
     <span class='ocr_line' id='line_1_1' title="bbox 528 264 637 330; baseline -0.037 -1"><span class='ocrx_word' id='word_1_1' title='bbox 528 264 637 330; x_wconf 71' lang='grc'><strong>581</strong></span> 
     </span>
    </p>
   </div>
   <div class='ocr_carea' id='block_1_2' title="bbox 1774 261 3855 324">
    <p class='ocr_par' dir='ltr' id='par_1_2' title="bbox 1774 261 3855 324">
     <span class='ocr_line' id='line_1_2' title="bbox 1774 261 3855 324; baseline 0 -1"><span class='ocrx_word' id='word_1_2' title='bbox 1774 266 1836 323; x_wconf 89' lang='lat' dir='ltr'><strong>S.</strong></span> <span class='ocrx_word' id='word_1_3' title='bbox 1854 261 2139 323; x_wconf 59' lang='lat' dir='ltr'><strong>.EUSEBII</strong></span> <span class='ocrx_word' id='word_1_4' title='bbox 2181 266 2561 324; x_wconf 72' lang='lat' dir='ltr'><strong>IIIERONYMI</strong></span> <span class='ocrx_word' id='word_1_5' title='bbox 3736 266 3855 324; x_wconf 70' lang='lat'><strong>352</strong></span> 
     </span>
    </p>
   </div>
   <div class='ocr_carea' id='block_1_3' title="bbox 531 384 3854 460">
    <p class='ocr_par' dir='ltr' id='par_1_3' title="bbox 531 384 3854 460">
     <span class='ocr_line' id='line_1_3' title="bbox 531 384 3854 460; baseline -0.001 -18"><span class='ocrx_word' id='word_1_6' title='bbox 531 398 755 456; x_wconf 89' lang='lat' dir='ltr'><strong>catum,</strong></span> <span class='ocrx_word' id='word_1_7' title='bbox 788 389 926 447; x_wconf 99' lang='lat' dir='ltr'><strong>sicut</strong></span> <span class='ocrx_word' id='word_1_8' title='bbox 948 385 1123 458; x_wconf 83' lang='lat' dir='ltr'><strong>priora</strong></span> <span class='ocrx_word' id='word_1_9' title='bbox 1154 384 1274 441; x_wconf 86' lang='lat' dir='ltr'><strong>sine</strong></span> <span class='ocrx_word' id='word_1_10' title='bbox 1310 399 1470 440; x_wconf 86' lang='lat' dir='ltr'><strong>causa</strong></span> <span class='ocrx_word' id='word_1_11' title='bbox 1497 384 1701 441; x_wconf 89' lang='lat' dir='ltr'><strong>dicitur</strong></span> <span class='ocrx_word' id='word_1_12' title='bbox 1741 399 1935 455; x_wconf 89' lang='lat' dir='ltr'><strong>passus</strong></span> <span class='ocrx_word' id='word_1_13' title='bbox 1968 384 2135 440; x_wconf 79' lang='lat' dir='ltr'><strong>fuisse</strong></span> <span class='ocrx_word' id='word_1_14' title='bbox 2164 391 2217 452; x_wconf 79' lang='grc' dir='ltr'><strong>Α</strong></span> <span class='ocrx_word' id='word_1_15' title='bbox 2315 386 2498 455; x_wconf 83' lang='lat' dir='ltr'><strong>(Vcrs.</strong></span> <span class='ocrx_word' id='word_1_16' title='bbox 2522 387 2602 459; x_wconf 88' lang='lat'><strong>6.)</strong></span> <span class='ocrx_word' id='word_1_17' title='bbox 2636 386 2787 444; x_wconf 86' lang='lat' dir='ltr'><strong>Sicut</strong></span> <span class='ocrx_word' id='word_1_18' title='bbox 2826 386 3083 443; x_wconf 78' lang='lat' dir='ltr'><strong>Abraham</strong></span> <span class='ocrx_word' id='word_1_19' title='bbox 3110 388 3338 443; x_wconf 81' lang='lat' dir='ltr'><strong>credidit</strong></span> <span class='ocrx_word' id='word_1_20' title='bbox 3370 386 3500 453; x_wconf 79' lang='lat' dir='ltr'><strong>Deo,</strong></span> <span class='ocrx_word' id='word_1_21' title='bbox 3529 397 3578 442; x_wconf 86' lang='lat' dir='ltr'><strong>et</strong></span> <span class='ocrx_word' id='word_1_22' title='bbox 3619 395 3854 460; x_wconf 77' lang='lat' dir='ltr'><strong>reputo-</strong></span> 
     </span>
    </p>
   </div>
   <div class='ocr_carea' id='block_1_4' title="bbox 542 478 2117 551">
    <p class='ocr_par' dir='ltr' id='par_1_4' title="bbox 542 478 2117 551">
     <span class='ocr_line' id='line_1_4' title="bbox 542 478 2117 551; baseline -0.003 -15"><span class='ocrx_word' id='word_1_23' title='bbox 542 480 676 536; x_wconf 89' lang='lat' dir='ltr'><strong>dum</strong></span> <span class='ocrx_word' id='word_1_24' title='bbox 711 494 917 551; x_wconf 89' lang='lat' dir='ltr'><strong>peccat,</strong></span> <span class='ocrx_word' id='word_1_25' title='bbox 948 481 1025 534; x_wconf 81' lang='lat' dir='ltr'><strong>sic</strong></span> <span class='ocrx_word' id='word_1_26' title='bbox 1056 493 1267 533; x_wconf 84' lang='lat' dir='ltr'><strong>rursum</strong></span> <span class='ocrx_word' id='word_1_27' title='bbox 1299 494 1405 532; x_wconf 91' lang='lat' dir='ltr'><strong>non</strong></span> <span class='ocrx_word' id='word_1_28' title='bbox 1433 478 1624 549; x_wconf 90' lang='lat' dir='ltr'><strong>perdat</strong></span> <span class='ocrx_word' id='word_1_29' title='bbox 1651 494 1734 543; x_wconf 87' lang='lat' dir='ltr'><strong>ea,</strong></span> <span class='ocrx_word' id='word_1_30' title='bbox 1760 478 1808 532; x_wconf 90' lang='lat' dir='ltr'><strong>si</strong></span> <span class='ocrx_word' id='word_1_31' title='bbox 1838 478 1904 532; x_wconf 88' lang='lat' dir='ltr'><strong>ad</strong></span> <span class='ocrx_word' id='word_1_32' title='bbox 1954 478 2117 537; x_wconf 66' lang='lat' dir='ltr'><strong>priszi</strong></span> 
     </span>
    </p>
   </div>
   <div class='ocr_carea' id='block_1_5' title="bbox 544 569 2139 638">
    <p class='ocr_par' dir='ltr' id='par_1_5' title="bbox 544 569 2139 638">
     <span class='ocr_line' id='line_1_5' title="bbox 544 569 2139 638; baseline -0.002 -11"><span class='ocrx_word' id='word_1_33' title='bbox 544 586 670 627; x_wconf 88' lang='lat' dir='ltr'><strong>nam</strong></span> <span class='ocrx_word' id='word_1_34' title='bbox 695 573 857 628; x_wconf 87' lang='lat' dir='ltr'><strong>tidem</strong></span> <span class='ocrx_word' id='word_1_35' title='bbox 887 584 939 626; x_wconf 90' lang='lat' dir='ltr'><strong>et</strong></span> <span class='ocrx_word' id='word_1_36' title='bbox 966 569 1030 623; x_wconf 85' lang='lat' dir='ltr'><strong>ad</strong></span> <span class='ocrx_word' id='word_1_37' title='bbox 1061 570 1343 638; x_wconf 88' lang='lat' dir='ltr'><strong>antiquum</strong></span> <span class='ocrx_word' id='word_1_38' title='bbox 1385 570 1626 625; x_wconf 90' lang='lat' dir='ltr'><strong>studium</strong></span> <span class='ocrx_word' id='word_1_39' title='bbox 1676 577 2003 625; x_wconf 78' lang='lat' dir='ltr'><strong>revertatur.</strong></span> <span class='ocrx_word' id='word_1_40' title='bbox 2026 571 2139 624; x_wconf 67' lang='lat' dir='ltr'><strong>AiP</strong></span> 
     </span>
    </p>
   </div>
   <div class='ocr_carea' id='block_1_6' title="bbox 544 660 2134 732">
    <p class='ocr_par' dir='ltr' id='par_1_6' title="bbox 544 660 2134 732">
     <span class='ocr_line' id='line_1_6' title="bbox 544 660 2134 732; baseline -0.003 -15"><span class='ocrx_word' id='word_1_41' title='bbox 544 671 667 718; x_wconf 91' lang='lat' dir='ltr'><strong>ter:</strong></span> <span class='ocrx_word' id='word_1_42' title='bbox 700 661 757 718; x_wconf 88' lang='lat' dir='ltr'>Si</span> <span class='ocrx_word' id='word_1_43' title='bbox 791 660 1286 727; x_wconf 87' lang='lat' dir='ltr'><strong>circumcisionem,</strong></span> <span class='ocrx_word' id='word_1_44' title='bbox 1316 661 1509 731; x_wconf 84' lang='lat' dir='ltr'><strong>inquit,</strong></span> <span class='ocrx_word' id='word_1_45' title='bbox 1550 663 1752 732; x_wconf 82' lang='lat' dir='ltr'><strong>putatis</strong></span> <span class='ocrx_word' id='word_1_46' title='bbox 1799 660 2134 730; x_wconf 85' lang='lat' dir='ltr'><strong>sequendam</strong></span> 
     </span>
    </p>
   </div>
   <div class='ocr_carea' id='block_1_7' title="bbox 545 755 2139 827">
    <p class='ocr_par' dir='ltr' id='par_1_7' title="bbox 545 755 2139 827">
     <span class='ocr_line' id='line_1_7' title="bbox 545 755 2139 827; baseline -0.004 -14"><span class='ocrx_word' id='word_1_47' title='bbox 545 769 668 813; x_wconf 87' lang='lat' dir='ltr'><strong>esse</strong></span> <span class='ocrx_word' id='word_1_48' title='bbox 698 766 824 827; x_wconf 90' lang='lat' dir='ltr'><strong>post</strong></span> <span class='ocrx_word' id='word_1_49' title='bbox 851 755 1079 826; x_wconf 80' lang='lat' dir='ltr'><strong>gratiam</strong></span> <span class='ocrx_word' id='word_1_50' title='bbox 1116 773 1128 808; x_wconf 91' lang='lat'>:</span> <span class='ocrx_word' id='word_1_51' title='bbox 1160 770 1296 825; x_wconf 87' lang='lat' dir='ltr'><strong>ergo</strong></span> <span class='ocrx_word' id='word_1_52' title='bbox 1329 770 1505 825; x_wconf 89' lang='lat' dir='ltr'><strong>usque</strong></span> <span class='ocrx_word' id='word_1_53' title='bbox 1553 755 1620 810; x_wconf 90' lang='lat' dir='ltr'><strong>ad</strong></span> <span class='ocrx_word' id='word_1_54' title='bbox 1652 768 1895 826; x_wconf 65' lang='lat' dir='ltr'><strong>praesens</strong></span> <span class='ocrx_word' id='word_1_55' title='bbox 1925 763 2139 823; x_wconf 86' lang='lat' dir='ltr'><strong>tempus</strong></span> 
     </span>
    </p>
   </div>
   <div class='ocr_carea' id='block_1_8' title="bbox 541 848 2136 920">
    <p class='ocr_par' dir='ltr' id='par_1_8' title="bbox 541 848 2136 920">
     <span class='ocr_line' id='line_1_8' title="bbox 541 848 2136 920; baseline -0.003 -14"><span class='ocrx_word' id='word_1_56' title='bbox 541 850 663 906; x_wconf 87' lang='lat' dir='ltr'><strong>sine</strong></span> <span class='ocrx_word' id='word_1_57' title='bbox 692 850 1112 906; x_wconf 87' lang='lat' dir='ltr'><strong>circumcisione</strong></span> <span class='ocrx_word' id='word_1_58' title='bbox 1134 851 1404 919; x_wconf 84' lang='lat' dir='ltr'><strong>viventes,</strong></span> <span class='ocrx_word' id='word_1_59' title='bbox 1442 849 1623 904; x_wconf 85' lang='lat' dir='ltr'><strong>omnia</strong></span> <span class='ocrx_word' id='word_1_60' title='bbox 1656 864 1780 919; x_wconf 69' lang='lat' dir='ltr'><strong>qua:</strong></span> <span class='ocrx_word' id='word_1_61' title='bbox 1806 848 1953 920; x_wconf 88' lang='lat' dir='ltr'><strong>passi</strong></span> <span class='ocrx_word' id='word_1_62' title='bbox 1981 849 2136 913; x_wconf 86' lang='lat' dir='ltr'><strong>estis,</strong></span> 
     </span>
    </p>
   </div>
   <div class='ocr_carea' id='block_1_9' title="bbox 542 941 2137 1013">
    <p class='ocr_par' dir='ltr' id='par_1_9' title="bbox 542 941 2137 1013">
     <span class='ocr_line' id='line_1_9' title="bbox 542 941 2137 1013; baseline -0.003 -14"><span class='ocrx_word' id='word_1_63' title='bbox 542 943 599 1000; x_wconf 87' lang='lat' dir='ltr'><strong>in</strong></span> <span class='ocrx_word' id='word_1_64' title='bbox 627 942 845 998; x_wconf 88' lang='lat' dir='ltr'><strong>irritum</strong></span> <span class='ocrx_word' id='word_1_65' title='bbox 874 952 1002 997; x_wconf 88' lang='lat' dir='ltr'><strong>sunt</strong></span> <span class='ocrx_word' id='word_1_66' title='bbox 1030 943 1285 999; x_wconf 87' lang='lat' dir='ltr'><strong>deducta.</strong></span> <span class='ocrx_word' id='word_1_67' title='bbox 1322 944 1454 1011; x_wconf 67' lang='lat' dir='ltr'><strong>Quae</strong></span> <span class='ocrx_word' id='word_1_68' title='bbox 1482 942 1701 1013; x_wconf 85' lang='lat' dir='ltr'><strong>quidem</strong></span> <span class='ocrx_word' id='word_1_69' title='bbox 1727 942 1857 996; x_wconf 90' lang='lat' dir='ltr'><strong>mihi</strong></span> <span class='ocrx_word' id='word_1_70' title='bbox 1882 941 2137 996; x_wconf 82' lang='lat' dir='ltr'><strong>videmini</strong></span> 
     </span>
    </p>
   </div>
   <div class='ocr_carea' id='block_1_10' title="bbox 546 1035 2141 1108">
    <p class='ocr_par' dir='ltr' id='par_1_10' title="bbox 546 1035 2141 1108">
     <span class='ocr_line' id='line_1_10' title="bbox 546 1035 2141 1108; baseline -0.003 -14"><span class='ocrx_word' id='word_1_71' title='bbox 546 1052 654 1094; x_wconf 88' lang='lat' dir='ltr'><strong>non</strong></span> <span class='ocrx_word' id='word_1_72' title='bbox 684 1035 891 1092; x_wconf 77' lang='lat' dir='ltr'><strong>frustra</strong></span> <span class='ocrx_word' id='word_1_73' title='bbox 921 1036 1278 1100; x_wconf 87' lang='lat' dir='ltr'><strong>sustinuisse,</strong></span> <span class='ocrx_word' id='word_1_74' title='bbox 1305 1038 1395 1108; x_wconf 93' lang='lat' dir='ltr'><strong>qui</strong></span> <span class='ocrx_word' id='word_1_75' title='bbox 1447 1038 1558 1092; x_wconf 91' lang='lat' dir='ltr'><strong>scio</strong></span> <span class='ocrx_word' id='word_1_76' title='bbox 1580 1036 1781 1107; x_wconf 84' lang='lat' dir='ltr'><strong>Legem</strong></span> <span class='ocrx_word' id='word_1_77' title='bbox 1810 1045 1932 1106; x_wconf 93' lang='lat' dir='ltr'><strong>post</strong></span> <span class='ocrx_word' id='word_1_78' title='bbox 1962 1036 2141 1091; x_wconf 87' lang='lat' dir='ltr'><strong>Evan-</strong></span> 
     </span>
    </p>
   </div>
   <div class='ocr_carea' id='block_1_11' title="bbox 544 1128 2138 1200">
    <p class='ocr_par' dir='ltr' id='par_1_11' title="bbox 544 1128 2138 1200">
     <span class='ocr_line' id='line_1_11' title="bbox 544 1128 2138 1200; baseline -0.002 -15"><span class='ocrx_word' id='word_1_79' title='bbox 544 1128 747 1200; x_wconf 82' lang='lat' dir='ltr'><strong>gelium</strong></span> <span class='ocrx_word' id='word_1_80' title='bbox 781 1144 891 1184; x_wconf 91' lang='lat' dir='ltr'><strong>non</strong></span> <span class='ocrx_word' id='word_1_81' title='bbox 938 1129 1143 1185; x_wconf 86' lang='lat' dir='ltr'><strong>valere.</strong></span> <span class='ocrx_word' id='word_1_82' title='bbox 1200 1129 1300 1184; x_wconf 79' lang='lat' dir='ltr'><strong>Vel</strong></span> <span class='ocrx_word' id='word_1_83' title='bbox 1351 1138 1505 1185; x_wconf 89' lang='lat' dir='ltr'><strong>certe</strong></span> <span class='ocrx_word' id='word_1_84' title='bbox 1533 1128 1797 1184; x_wconf 81' lang='lat' dir='ltr'><strong>siczNon</strong></span> <span class='ocrx_word' id='word_1_85' title='bbox 1847 1128 1964 1183; x_wconf 89' lang='lat' dir='ltr'><strong>leve</strong></span> <span class='ocrx_word' id='word_1_86' title='bbox 2022 1135 2138 1182; x_wconf 91' lang='lat' dir='ltr'><strong>erat</strong></span> 
     </span>
    </p>
   </div>
   <div class='ocr_carea' id='block_1_12' title="bbox 546 1220 2142 1291">
    <p class='ocr_par' dir='ltr' id='par_1_12' title="bbox 546 1220 2142 1291">
     <span class='ocr_line' id='line_1_12' title="bbox 546 1220 2142 1291; baseline -0.001 -15"><span class='ocrx_word' id='word_1_87' title='bbox 546 1220 836 1289; x_wconf 87' lang='lat' dir='ltr'><strong>damnum,</strong></span> <span class='ocrx_word' id='word_1_88' title='bbox 869 1223 914 1277; x_wconf 93' lang='lat' dir='ltr'><strong>si</strong></span> <span class='ocrx_word' id='word_1_89' title='bbox 942 1221 1417 1278; x_wconf 89' lang='lat' dir='ltr'><strong>circumcisionem</strong></span> <span class='ocrx_word' id='word_1_90' title='bbox 1446 1233 1764 1291; x_wconf 83' lang='lat' dir='ltr'><strong>sequentes,</strong></span> <span class='ocrx_word' id='word_1_91' title='bbox 1798 1230 2003 1276; x_wconf 88' lang='lat' dir='ltr'><strong>tantum</strong></span> <span class='ocrx_word' id='word_1_92' title='bbox 2028 1222 2142 1290; x_wconf 83' lang='lat' dir='ltr'><strong>pri-</strong></span> 
     </span>
    </p>
   </div>
   <div class='ocr_carea' id='block_1_13' title="bbox 546 1313 2143 1385">
    <p class='ocr_par' dir='ltr' id='par_1_13' title="bbox 546 1313 2143 1385">
     <span class='ocr_line' id='line_1_13' title="bbox 546 1313 2143 1385; baseline -0.002 -14"><span class='ocrx_word' id='word_1_93' title='bbox 546 1313 755 1371; x_wconf 87' lang='lat' dir='ltr'><strong>stinum</strong></span> <span class='ocrx_word' id='word_1_94' title='bbox 794 1314 922 1370; x_wconf 86' lang='lat' dir='ltr'><strong>ﬁdei</strong></span> <span class='ocrx_word' id='word_1_95' title='bbox 976 1314 1352 1385; x_wconf 87' lang='lat' dir='ltr'><strong>perdidissetis</strong></span> <span class='ocrx_word' id='word_1_96' title='bbox 1397 1315 1641 1371; x_wconf 92' lang='lat' dir='ltr'><strong>laborem</strong></span> <span class='ocrx_word' id='word_1_97' title='bbox 1674 1332 1687 1368; x_wconf 91' lang='lat'>:</span> <span class='ocrx_word' id='word_1_98' title='bbox 1723 1331 1864 1370; x_wconf 91' lang='lat' dir='ltr'><strong>nunc</strong></span> <span class='ocrx_word' id='word_1_99' title='bbox 1912 1329 2045 1369; x_wconf 90' lang='lat' dir='ltr'><strong>vero</strong></span> <span class='ocrx_word' id='word_1_100' title='bbox 2076 1313 2143 1368; x_wconf 92' lang='lat' dir='ltr'><strong>ad</strong></span> 
     </span>
    </p>
   </div>
   <div class='ocr_carea' id='block_1_14' title="bbox 547 1406 2147 1479">
    <p class='ocr_par' dir='ltr' id='par_1_14' title="bbox 547 1406 2147 1479">
     <span class='ocr_line' id='line_1_14' title="bbox 547 1406 2147 1479; baseline -0.003 -15"><span class='ocrx_word' id='word_1_101' title='bbox 547 1406 654 1464; x_wconf 86' lang='lat' dir='ltr'><strong>hoc</strong></span> <span class='ocrx_word' id='word_1_102' title='bbox 675 1407 1068 1465; x_wconf 88' lang='lat' dir='ltr'><strong>detrimentum</strong></span> <span class='ocrx_word' id='word_1_103' title='bbox 1089 1409 1253 1464; x_wconf 89' lang='lat' dir='ltr'><strong>etiam</strong></span> <span class='ocrx_word' id='word_1_104' title='bbox 1284 1408 1753 1479; x_wconf 83' lang='lat' dir='ltr'><strong>praevaricationis</strong></span> <span class='ocrx_word' id='word_1_105' title='bbox 1784 1423 1941 1474; x_wconf 88' lang='lat' dir='ltr'><strong>poena</strong></span> <span class='ocrx_word' id='word_1_106' title='bbox 1970 1406 2147 1462; x_wconf 88' lang='lat' dir='ltr'><strong>socia-</strong></span> 
     </span>
    </p>
   </div>
   <div class='ocr_carea' id='block_1_15' title="bbox 550 1500 2143 1570">
    <p class='ocr_par' dir='ltr' id='par_1_15' title="bbox 550 1500 2143 1570">
     <span class='ocr_line' id='line_1_15' title="bbox 550 1500 2143 1570; baseline -0.002 -15"><span class='ocrx_word' id='word_1_107' title='bbox 550 1509 664 1570; x_wconf 85' lang='lat' dir='ltr'><strong>tur,</strong></span> <span class='ocrx_word' id='word_1_108' title='bbox 692 1508 752 1554; x_wconf 91' lang='lat' dir='ltr'><strong>ut</strong></span> <span class='ocrx_word' id='word_1_109' title='bbox 782 1508 837 1555; x_wconf 90' lang='lat' dir='ltr'><strong>et</strong></span> <span class='ocrx_word' id='word_1_110' title='bbox 866 1500 1141 1570; x_wconf 68' lang='lat' dir='ltr'><strong>praeterita</strong></span> <span class='ocrx_word' id='word_1_111' title='bbox 1191 1502 1309 1556; x_wconf 90' lang='lat' dir='ltr'><strong>sine</strong></span> <span class='ocrx_word' id='word_1_112' title='bbox 1360 1516 1524 1555; x_wconf 89' lang='lat' dir='ltr'><strong>causa</strong></span> <span class='ocrx_word' id='word_1_113' title='bbox 1571 1501 1813 1570; x_wconf 88' lang='lat' dir='ltr'><strong>perpessi</strong></span> <span class='ocrx_word' id='word_1_114' title='bbox 1845 1501 1980 1563; x_wconf 90' lang='lat' dir='ltr'><strong>sitis,</strong></span> <span class='ocrx_word' id='word_1_115' title='bbox 2017 1509 2071 1555; x_wconf 91' lang='lat' dir='ltr'><strong>et</strong></span> <span class='ocrx_word' id='word_1_116' title='bbox 2094 1500 2143 1554; x_wconf 93' lang='lat' dir='ltr'><strong>iu</strong></span> 
     </span>
    </p>
   </div>
   <div class='ocr_carea' id='block_1_16' title="bbox 550 1590 2149 1665">
    <p class='ocr_par' dir='ltr' id='par_1_16' title="bbox 550 1590 2149 1665">
     <span class='ocr_line' id='line_1_16' title="bbox 550 1590 2149 1665; baseline 0 -19"><span class='ocrx_word' id='word_1_117' title='bbox 550 1590 715 1665; x_wconf 61' lang='grc'><strong>422</strong></span> <span class='ocrx_word' id='word_1_118' title='bbox 736 1590 921 1647; x_wconf 86' lang='lat' dir='ltr'><strong>futuro</strong></span> <span class='ocrx_word' id='word_1_119' title='bbox 944 1593 1293 1648; x_wconf 90' lang='lat' dir='ltr'><strong>crueiemini.</strong></span> <span class='ocrx_word' id='word_1_120' title='bbox 1333 1592 1566 1662; x_wconf 85' lang='lat' dir='ltr'><strong>Quidam</strong></span> <span class='ocrx_word' id='word_1_121' title='bbox 1600 1594 1843 1649; x_wconf 88' lang='lat' dir='ltr'><strong>coactius</strong></span> <span class='ocrx_word' id='word_1_122' title='bbox 1889 1592 1961 1646; x_wconf 91' lang='lat' dir='ltr'><strong>ita</strong></span> <span class='ocrx_word' id='word_1_123' title='bbox 1992 1592 2149 1647; x_wconf 87' lang='lat' dir='ltr'><strong>intel-</strong></span> 
     </span>
    </p>
   </div>
   <div class='ocr_carea' id='block_1_17' title="bbox 548 1682 2150 1757">
    <p class='ocr_par' dir='ltr' id='par_1_17' title="bbox 548 1682 2150 1757">
     <span class='ocr_line' id='line_1_17' title="bbox 548 1682 2150 1757; baseline 0 -18"><span class='ocrx_word' id='word_1_124' title='bbox 548 1682 725 1756; x_wconf 87' lang='lat' dir='ltr'><strong>ligunt</strong></span> <span class='ocrx_word' id='word_1_125' title='bbox 757 1702 771 1739; x_wconf 87' lang='lat'><strong>:</strong></span> <span class='ocrx_word' id='word_1_126' title='bbox 803 1682 1162 1741; x_wconf 84' lang='lat' dir='ltr'><strong>Considerate</strong></span> <span class='ocrx_word' id='word_1_127' title='bbox 1190 1686 1480 1757; x_wconf 86' lang='lat' dir='ltr'><strong>pristinam</strong></span> <span class='ocrx_word' id='word_1_128' title='bbox 1541 1688 1731 1756; x_wconf 74' lang='lat' dir='ltr'><strong>gratia:</strong></span> <span class='ocrx_word' id='word_1_129' title='bbox 1760 1686 2065 1741; x_wconf 88' lang='lat' dir='ltr'><strong>libertatem</strong></span> <span class='ocrx_word' id='word_1_130' title='bbox 2096 1694 2150 1739; x_wconf 90' lang='lat' dir='ltr'><strong>et</strong></span> 
     </span>
    </p>
   </div>
   <div class='ocr_carea' id='block_1_18' title="bbox 550 1777 2226 1850">
    <p class='ocr_par' dir='ltr' id='par_1_18' title="bbox 550 1777 2226 1850">
     <span class='ocr_line' id='line_1_18' title="bbox 550 1777 2226 1850; baseline -0.001 -17"><span class='ocrx_word' id='word_1_131' title='bbox 550 1777 845 1848; x_wconf 67' lang='lat' dir='ltr'><strong>praesentis</strong></span> <span class='ocrx_word' id='word_1_132' title='bbox 874 1793 1043 1834; x_wconf 90' lang='lat' dir='ltr'><strong>onera</strong></span> <span class='ocrx_word' id='word_1_133' title='bbox 1070 1781 1474 1835; x_wconf 81' lang='lat' dir='ltr'><strong>observationis</strong></span> <span class='ocrx_word' id='word_1_134' title='bbox 1524 1781 1575 1834; x_wconf 90' lang='lat' dir='ltr'><strong>in</strong></span> <span class='ocrx_word' id='word_1_135' title='bbox 1608 1780 1775 1850; x_wconf 82' lang='lat' dir='ltr'><strong>Lege,</strong></span> <span class='ocrx_word' id='word_1_136' title='bbox 1814 1790 1869 1835; x_wconf 88' lang='lat' dir='ltr'><strong>et</strong></span> <span class='ocrx_word' id='word_1_137' title='bbox 1898 1777 2149 1834; x_wconf 80' lang='lat' dir='ltr'><strong>videbitis</strong></span> <span class='ocrx_word' id='word_1_138' title='bbox 2181 1781 2226 1840; x_wconf 89' lang='lat' dir='ltr'><strong>B</strong></span> 
     </span>
    </p>
   </div>
   <div class='ocr_carea' id='block_1_19' title="bbox 555 1871 2153 1941">
    <p class='ocr_par' dir='ltr' id='par_1_19' title="bbox 555 1871 2153 1941">
     <span class='ocr_line' id='line_1_19' title="bbox 555 1871 2153 1941; baseline 0.001 -17"><span class='ocrx_word' id='word_1_139' title='bbox 555 1884 719 1941; x_wconf 88' lang='lat' dir='ltr'><strong>quam</strong></span> <span class='ocrx_word' id='word_1_140' title='bbox 748 1872 917 1926; x_wconf 86' lang='lat' dir='ltr'><strong>multa</strong></span> <span class='ocrx_word' id='word_1_141' title='bbox 952 1886 1112 1927; x_wconf 87' lang='lat' dir='ltr'><strong>casso</strong></span> <span class='ocrx_word' id='word_1_142' title='bbox 1140 1872 1328 1927; x_wconf 87' lang='lat' dir='ltr'><strong>studio</strong></span> <span class='ocrx_word' id='word_1_143' title='bbox 1376 1872 1658 1927; x_wconf 82' lang='lat' dir='ltr'><strong>feceritis:</strong></span> <span class='ocrx_word' id='word_1_144' title='bbox 1694 1872 1821 1926; x_wconf 87' lang='lat' dir='ltr'><strong>licet</strong></span> <span class='ocrx_word' id='word_1_145' title='bbox 1856 1888 1962 1928; x_wconf 91' lang='lat' dir='ltr'><strong>non</strong></span> <span class='ocrx_word' id='word_1_146' title='bbox 1999 1871 2153 1941; x_wconf 81' lang='lat' dir='ltr'><strong>peni-</strong></span> 
     </span>
    </p>
   </div>
   <div class='ocr_carea' id='block_1_20' title="bbox 557 1963 2154 2035">
    <p class='ocr_par' dir='ltr' id='par_1_20' title="bbox 557 1963 2154 2035">
     <span class='ocr_line' id='line_1_20' title="bbox 557 1963 2154 2035; baseline 0 -17"><span class='ocrx_word' id='word_1_147' title='bbox 557 1970 650 2020; x_wconf 86' lang='lat' dir='ltr'><strong>tus</strong></span> <span class='ocrx_word' id='word_1_148' title='bbox 669 1963 878 2020; x_wconf 83' lang='lat' dir='ltr'><strong>fructus</strong></span> <span class='ocrx_word' id='word_1_149' title='bbox 906 1966 1117 2021; x_wconf 87' lang='lat' dir='ltr'><strong>erroris</strong></span> <span class='ocrx_word' id='word_1_150' title='bbox 1148 1965 1303 2021; x_wconf 85' lang='lat' dir='ltr'><strong>istius</strong></span> <span class='ocrx_word' id='word_1_151' title='bbox 1351 1966 1730 2035; x_wconf 86' lang='lat' dir='ltr'><strong>desperandtts</strong></span> <span class='ocrx_word' id='word_1_152' title='bbox 1758 1966 1852 2031; x_wconf 88' lang='lat' dir='ltr'><strong>sit,</strong></span> <span class='ocrx_word' id='word_1_153' title='bbox 1876 1968 2002 2020; x_wconf 90' lang='lat' dir='ltr'><strong>dum</strong></span> <span class='ocrx_word' id='word_1_154' title='bbox 2034 1965 2154 2020; x_wconf 88' lang='lat' dir='ltr'><strong>zelo</strong></span> 
     </span>
    </p>
   </div>
   <div class='ocr_carea' id='block_1_21' title="bbox 558 2054 2152 2130">
    <p class='ocr_par' dir='ltr' id='par_1_21' title="bbox 558 2054 2152 2130">
     <span class='ocr_line' id='line_1_21' title="bbox 558 2054 2152 2130; baseline 0.001 -16"><span class='ocrx_word' id='word_1_155' title='bbox 558 2054 657 2114; x_wconf 85' lang='lat' dir='ltr'><strong>Dei</strong></span> <span class='ocrx_word' id='word_1_156' title='bbox 682 2057 752 2114; x_wconf 89' lang='lat' dir='ltr'><strong>ad</strong></span> <span class='ocrx_word' id='word_1_157' title='bbox 777 2060 881 2115; x_wconf 89' lang='lat' dir='ltr'><strong>hoc</strong></span> <span class='ocrx_word' id='word_1_158' title='bbox 917 2060 1096 2130; x_wconf 90' lang='lat' dir='ltr'><strong>ipsum</strong></span> <span class='ocrx_word' id='word_1_159' title='bbox 1143 2060 1282 2115; x_wconf 85' lang='lat' dir='ltr'><strong>estis</strong></span> <span class='ocrx_word' id='word_1_160' title='bbox 1321 2060 1563 2116; x_wconf 88' lang='lat' dir='ltr'><strong>adducti.</strong></span> <span class='ocrx_word' id='word_1_161' title='bbox 1595 2060 1977 2130; x_wconf 85' lang='lat' dir='ltr'><strong>ignorantibus</strong></span> <span class='ocrx_word' id='word_1_162' title='bbox 2006 2061 2152 2115; x_wconf 88' lang='lat' dir='ltr'><strong>enim</strong></span> 
     </span>
    </p>
   </div>
   <div class='ocr_carea' id='block_1_22' title="bbox 551 2147 2153 2219">
    <p class='ocr_par' dir='ltr' id='par_1_22' title="bbox 551 2147 2153 2219">
     <span class='ocr_line' id='line_1_22' title="bbox 551 2147 2153 2219; baseline 0.001 -16"><span class='ocrx_word' id='word_1_163' title='bbox 551 2147 780 2204; x_wconf 88' lang='lat' dir='ltr'><strong>concedi</strong></span> <span class='ocrx_word' id='word_1_164' title='bbox 847 2151 1007 2205; x_wconf 89' lang='lat' dir='ltr'><strong>venia</strong></span> <span class='ocrx_word' id='word_1_165' title='bbox 1045 2158 1259 2219; x_wconf 90' lang='lat' dir='ltr'><strong>p0test,</strong></span> <span class='ocrx_word' id='word_1_166' title='bbox 1323 2149 1371 2205; x_wconf 89' lang='lat' dir='ltr'><strong>si</strong></span> <span class='ocrx_word' id='word_1_167' title='bbox 1437 2150 1503 2206; x_wconf 90' lang='lat' dir='ltr'><strong>ad</strong></span> <span class='ocrx_word' id='word_1_168' title='bbox 1570 2151 1794 2205; x_wconf 88' lang='lat' dir='ltr'><strong>meliora</strong></span> <span class='ocrx_word' id='word_1_169' title='bbox 1852 2151 2153 2215; x_wconf 86' lang='lat' dir='ltr'><strong>conversi,</strong></span> 
     </span>
    </p>
   </div>
   <div class='ocr_carea' id='block_1_23' title="bbox 556 2241 2153 2313">
    <p class='ocr_par' dir='ltr' id='par_1_23' title="bbox 556 2241 2153 2313">
     <span class='ocr_line' id='line_1_23' title="bbox 556 2241 2153 2313; baseline 0.002 -15"><span class='ocrx_word' id='word_1_170' title='bbox 556 2241 845 2299; x_wconf 86' lang='lat' dir='ltr'><strong>scientiam</strong></span> <span class='ocrx_word' id='word_1_171' title='bbox 902 2243 957 2299; x_wconf 92' lang='lat' dir='ltr'><strong>in</strong></span> <span class='ocrx_word' id='word_1_172' title='bbox 1005 2245 1162 2300; x_wconf 84' lang='lat' dir='ltr'><strong>vobis</strong></span> <span class='ocrx_word' id='word_1_173' title='bbox 1220 2245 1463 2300; x_wconf 86' lang='lat' dir='ltr'><strong>doceatis</strong></span> <span class='ocrx_word' id='word_1_174' title='bbox 1508 2245 1836 2313; x_wconf 82' lang='lat' dir='ltr'><strong>ﬂuctuasse,</strong></span> <span class='ocrx_word' id='word_1_175' title='bbox 1896 2261 2006 2301; x_wconf 89' lang='lat' dir='ltr'><strong>non</strong></span> <span class='ocrx_word' id='word_1_176' title='bbox 2039 2254 2153 2301; x_wconf 88' lang='lat' dir='ltr'><strong>stu-</strong></span> 
     </span>
    </p>
   </div>
   <div class='ocr_carea' id='block_1_24' title="bbox 558 2330 735 2388">
    <p class='ocr_par' dir='ltr' id='par_1_24' title="bbox 558 2330 735 2388">
     <span class='ocr_line' id='line_1_24' title="bbox 558 2330 735 2388; baseline 0 0"><span class='ocrx_word' id='word_1_177' title='bbox 558 2330 735 2388; x_wconf 88' lang='lat' dir='ltr'><strong>dium.</strong></span> 
     </span>
    </p>
   </div>
   <div class='ocr_carea' id='block_1_25' title="bbox 633 2425 2162 2505">
    <p class='ocr_par' dir='ltr' id='par_1_25' title="bbox 633 2425 2162 2505">
     <span class='ocr_line' id='line_1_25' title="bbox 633 2425 2162 2505; baseline 0.003 -24"><span class='ocrx_word' id='word_1_178' title='bbox 633 2425 817 2500; x_wconf 82' lang='lat' dir='ltr'><strong>(Vers.</strong></span> <span class='ocrx_word' id='word_1_179' title='bbox 849 2427 931 2500; x_wconf 84' lang='lat'><strong>5.)</strong></span> <span class='ocrx_word' id='word_1_180' title='bbox 965 2428 1071 2496; x_wconf 84' lang='lat' dir='ltr'><strong>Qui</strong></span> <span class='ocrx_word' id='word_1_181' title='bbox 1091 2444 1216 2501; x_wconf 86' lang='lat' dir='ltr'><strong>ergo</strong></span> <span class='ocrx_word' id='word_1_182' title='bbox 1238 2430 1417 2484; x_wconf 91' lang='lat' dir='ltr'><strong>tribuit</strong></span> <span class='ocrx_word' id='word_1_183' title='bbox 1438 2431 1577 2485; x_wconf 80' lang='lat' dir='ltr'><strong>vobis</strong></span> <span class='ocrx_word' id='word_1_184' title='bbox 1599 2432 1862 2502; x_wconf 82' lang='lat' dir='ltr'><strong>spiritum,</strong></span> <span class='ocrx_word' id='word_1_185' title='bbox 1887 2442 1934 2486; x_wconf 87' lang='lat' dir='ltr'><strong>et</strong></span> <span class='ocrx_word' id='word_1_186' title='bbox 1976 2449 2162 2505; x_wconf 84' lang='lat' dir='ltr'><strong>opera-</strong></span> 
     </span>
    </p>
   </div>
   <div class='ocr_carea' id='block_1_26' title="bbox 562 2518 2162 2593">
    <p class='ocr_par' dir='ltr' id='par_1_26' title="bbox 562 2518 2162 2593">
     <span class='ocr_line' id='line_1_26' title="bbox 562 2518 2162 2593; baseline 0.003 -20"><span class='ocrx_word' id='word_1_187' title='bbox 562 2523 649 2573; x_wconf 78' lang='lat' dir='ltr'><strong>tur</strong></span> <span class='ocrx_word' id='word_1_188' title='bbox 676 2518 886 2573; x_wconf 82' lang='lat' dir='ltr'><strong>virtutes</strong></span> <span class='ocrx_word' id='word_1_189' title='bbox 908 2519 962 2573; x_wconf 85' lang='lat' dir='ltr'><strong>in</strong></span> <span class='ocrx_word' id='word_1_190' title='bbox 1000 2519 1162 2586; x_wconf 86' lang='lat' dir='ltr'><strong>vobis,</strong></span> <span class='ocrx_word' id='word_1_191' title='bbox 1207 2536 1271 2573; x_wconf 82' lang='lat' dir='ltr'><strong>ea:</strong></span> <span class='ocrx_word' id='word_1_192' title='bbox 1296 2521 1536 2593; x_wconf 84' lang='lat' dir='ltr'><strong>aperibus</strong></span> <span class='ocrx_word' id='word_1_193' title='bbox 1589 2522 1760 2593; x_wconf 82' lang='lat' dir='ltr'><strong>Legis,</strong></span> <span class='ocrx_word' id='word_1_194' title='bbox 1794 2541 1861 2577; x_wconf 88' lang='lat' dir='ltr'><strong>an</strong></span> <span class='ocrx_word' id='word_1_195' title='bbox 1882 2541 1947 2578; x_wconf 74' lang='lat' dir='ltr'><strong>ea:</strong></span> <span class='ocrx_word' id='word_1_196' title='bbox 1977 2525 2162 2578; x_wconf 87' lang='lat' dir='ltr'><strong>auditu</strong></span> 
     </span>
    </p>
   </div>
   <div class='ocr_carea' id='block_1_27' title="bbox 562 2609 2165 2687">
    <p class='ocr_par' dir='ltr' id='par_1_27' title="bbox 562 2609 2165 2687">
     <span class='ocr_line' id='line_1_27' title="bbox 562 2609 2165 2687; baseline 0.001 -22"><span class='ocrx_word' id='word_1_197' title='bbox 562 2609 725 2680; x_wconf 76' lang='lat' dir='ltr'><strong>ﬁdei?</strong></span> <span class='ocrx_word' id='word_1_198' title='bbox 749 2609 972 2679; x_wconf 83' lang='lat' dir='ltr'><strong>Tribuit,</strong></span> <span class='ocrx_word' id='word_1_199' title='bbox 1000 2611 1106 2667; x_wconf 85' lang='lat' dir='ltr'><strong>hoc</strong></span> <span class='ocrx_word' id='word_1_200' title='bbox 1136 2622 1239 2675; x_wconf 88' lang='lat' dir='ltr'><strong>est.</strong></span> <span class='ocrx_word' id='word_1_201' title='bbox 1264 2613 1620 2682; x_wconf 80' lang='lat' dir='ltr'><strong>administrat,</strong></span> <span class='ocrx_word' id='word_1_202' title='bbox 1639 2621 1929 2685; x_wconf 71' lang='lat' dir='ltr'><strong>przcseutis</strong></span> <span class='ocrx_word' id='word_1_203' title='bbox 1957 2628 2165 2687; x_wconf 87' lang='lat' dir='ltr'><strong>tempo-</strong></span> 
     </span>
    </p>
   </div>
   <div class='ocr_carea' id='block_1_28' title="bbox 562 2705 2163 2782">
    <p class='ocr_par' dir='ltr' id='par_1_28' title="bbox 562 2705 2163 2782">
     <span class='ocr_line' id='line_1_28' title="bbox 562 2705 2163 2782; baseline 0.004 -21"><span class='ocrx_word' id='word_1_204' title='bbox 562 2705 645 2762; x_wconf 86' lang='lat' dir='ltr'><strong>ris</strong></span> <span class='ocrx_word' id='word_1_205' title='bbox 664 2714 749 2763; x_wconf 86' lang='lat' dir='ltr'><strong>est</strong></span> <span class='ocrx_word' id='word_1_206' title='bbox 776 2707 1062 2779; x_wconf 86' lang='lat' dir='ltr'><strong>legendum</strong></span> <span class='ocrx_word' id='word_1_207' title='bbox 1095 2725 1109 2775; x_wconf 93' lang='lat'><strong>;</strong></span> <span class='ocrx_word' id='word_1_208' title='bbox 1144 2720 1203 2765; x_wconf 93' lang='lat' dir='ltr'><strong>ut</strong></span> <span class='ocrx_word' id='word_1_209' title='bbox 1236 2710 1560 2766; x_wconf 72' lang='lat' dir='ltr'><strong>oswndatur</strong></span> <span class='ocrx_word' id='word_1_210' title='bbox 1602 2727 1699 2780; x_wconf 92' lang='lat' dir='ltr'><strong>per</strong></span> <span class='ocrx_word' id='word_1_211' title='bbox 1721 2712 1965 2782; x_wconf 86' lang='lat' dir='ltr'><strong>singulas</strong></span> <span class='ocrx_word' id='word_1_212' title='bbox 1997 2714 2163 2768; x_wconf 84' lang='lat' dir='ltr'><strong>horas</strong></span> 
     </span>
    </p>
   </div>
   <div class='ocr_carea' id='block_1_29' title="bbox 563 2807 2161 2877">
    <p class='ocr_par' dir='ltr' id='par_1_29' title="bbox 563 2807 2161 2877">
     <span class='ocr_line' id='line_1_29' title="bbox 563 2807 2161 2877; baseline 0.001 -18"><span class='ocrx_word' id='word_1_213' title='bbox 563 2811 731 2876; x_wconf 87' lang='lat' dir='ltr'><strong>atque</strong></span> <span class='ocrx_word' id='word_1_214' title='bbox 787 2816 1059 2862; x_wconf 88' lang='lat' dir='ltr'><strong>momenta</strong></span> <span class='ocrx_word' id='word_1_215' title='bbox 1116 2822 1335 2877; x_wconf 81' lang='lat' dir='ltr'><strong>semper</strong></span> <span class='ocrx_word' id='word_1_216' title='bbox 1362 2807 1540 2877; x_wconf 78' lang='lat' dir='ltr'><strong>dignis</strong></span> <span class='ocrx_word' id='word_1_217' title='bbox 1586 2817 1835 2863; x_wconf 88' lang='lat' dir='ltr'><strong>sanctum</strong></span> <span class='ocrx_word' id='word_1_218' title='bbox 1895 2807 2161 2877; x_wconf 84' lang='lat' dir='ltr'><strong>Spiritum</strong></span> 
     </span>
    </p>
   </div>
   <div class='ocr_carea' id='block_1_30' title="bbox 568 2898 2166 2971">
    <p class='ocr_par' dir='ltr' id='par_1_30' title="bbox 568 2898 2166 2971">
     <span class='ocr_line' id='line_1_30' title="bbox 568 2898 2166 2971; baseline 0.003 -17"><span class='ocrx_word' id='word_1_219' title='bbox 568 2898 868 2955; x_wconf 87' lang='lat' dir='ltr'><strong>ministrari</strong></span> <span class='ocrx_word' id='word_1_220' title='bbox 899 2916 913 2966; x_wconf 89' lang='lat'><strong>;</strong></span> <span class='ocrx_word' id='word_1_221' title='bbox 945 2909 1002 2956; x_wconf 91' lang='lat' dir='ltr'><strong>et</strong></span> <span class='ocrx_word' id='word_1_222' title='bbox 1039 2913 1240 2971; x_wconf 89' lang='lat' dir='ltr'><strong>quanto</strong></span> <span class='ocrx_word' id='word_1_223' title='bbox 1266 2904 1391 2971; x_wconf 88' lang='lat' dir='ltr'><strong>quis</strong></span> <span class='ocrx_word' id='word_1_224' title='bbox 1437 2902 1491 2956; x_wconf 89' lang='lat' dir='ltr'><strong>in</strong></span> <span class='ocrx_word' id='word_1_225' title='bbox 1552 2902 1644 2957; x_wconf 89' lang='lat' dir='ltr'><strong>Dei</strong></span> <span class='ocrx_word' id='word_1_226' title='bbox 1678 2917 1843 2971; x_wconf 88' lang='lat' dir='ltr'><strong>opere</strong></span> <span class='ocrx_word' id='word_1_227' title='bbox 1873 2912 1930 2957; x_wconf 91' lang='lat' dir='ltr'><strong>et</strong></span> <span class='ocrx_word' id='word_1_228' title='bbox 1977 2918 2166 2958; x_wconf 88' lang='lat' dir='ltr'><strong>amore</strong></span> 
     </span>
    </p>
   </div>
   <div class='ocr_carea' id='block_1_31' title="bbox 564 2991 2166 3066">
    <p class='ocr_par' dir='ltr' id='par_1_31' title="bbox 564 2991 2166 3066">
     <span class='ocr_line' id='line_1_31' title="bbox 564 2991 2166 3066; baseline 0.001 -18"><span class='ocrx_word' id='word_1_229' title='bbox 564 2991 886 3065; x_wconf 85' lang='lat' dir='ltr'><strong>profecerit,</strong></span> <span class='ocrx_word' id='word_1_230' title='bbox 921 3003 1072 3049; x_wconf 88' lang='lat' dir='ltr'><strong>tanto</strong></span> <span class='ocrx_word' id='word_1_231' title='bbox 1122 2996 1292 3064; x_wconf 75' lang='lat' dir='ltr'><strong>magis</strong></span> <span class='ocrx_word' id='word_1_232' title='bbox 1317 2996 1491 3051; x_wconf 88' lang='lat' dir='ltr'><strong>sancti</strong></span> <span class='ocrx_word' id='word_1_233' title='bbox 1521 2996 1758 3066; x_wconf 88' lang='lat' dir='ltr'><strong>Spiritus</strong></span> <span class='ocrx_word' id='word_1_234' title='bbox 1786 2996 1840 3050; x_wconf 90' lang='lat' dir='ltr'><strong>in</strong></span> <span class='ocrx_word' id='word_1_235' title='bbox 1874 3010 1933 3050; x_wconf 89' lang='lat' dir='ltr'><strong>se</strong></span> <span class='ocrx_word' id='word_1_236' title='bbox 1965 2996 2166 3050; x_wconf 77' lang='lat' dir='ltr'><strong>habere</strong></span> 
     </span>
    </p>
   </div>
   <div class='ocr_carea' id='block_1_32' title="bbox 566 3085 2168 3159">
    <p class='ocr_par' dir='ltr' id='par_1_32' title="bbox 566 3085 2168 3159">
     <span class='ocr_line' id='line_1_32' title="bbox 566 3085 2168 3159; baseline 0.002 -19"><span class='ocrx_word' id='word_1_237' title='bbox 566 3085 825 3151; x_wconf 87' lang='lat' dir='ltr'><strong>virtutes,</strong></span> <span class='ocrx_word' id='word_1_238' title='bbox 851 3102 984 3157; x_wconf 89' lang='lat' dir='ltr'><strong>quas</strong></span> <span class='ocrx_word' id='word_1_239' title='bbox 1009 3088 1232 3144; x_wconf 86' lang='lat' dir='ltr'><strong>auditus</strong></span> <span class='ocrx_word' id='word_1_240' title='bbox 1265 3089 1412 3157; x_wconf 85' lang='lat' dir='ltr'><strong>ﬁdei,</strong></span> <span class='ocrx_word' id='word_1_241' title='bbox 1433 3100 1489 3144; x_wconf 90' lang='lat' dir='ltr'><strong>et</strong></span> <span class='ocrx_word' id='word_1_242' title='bbox 1517 3106 1623 3144; x_wconf 88' lang='lat' dir='ltr'><strong>non</strong></span> <span class='ocrx_word' id='word_1_243' title='bbox 1654 3088 1813 3159; x_wconf 68' lang='lat' dir='ltr'><strong>ngis</strong></span> <span class='ocrx_word' id='word_1_244' title='bbox 1835 3103 2002 3158; x_wconf 87' lang='lat' dir='ltr'><strong>opera</strong></span> <span class='ocrx_word' id='word_1_245' title='bbox 2036 3104 2168 3143; x_wconf 88' lang='lat' dir='ltr'><strong>con-</strong></span> 
     </span>
    </p>
   </div>
   <div class='ocr_carea' id='block_1_33' title="bbox 566 3159 2240 3250">
    <p class='ocr_par' dir='ltr' id='par_1_33' title="bbox 566 3159 2240 3250">
     <span class='ocr_line' id='line_1_33' title="bbox 566 3159 2240 3250; baseline 0 -17"><span class='ocrx_word' id='word_1_246' title='bbox 566 3187 866 3233; x_wconf 89' lang='lat' dir='ltr'><strong>summant.</strong></span> <span class='ocrx_word' id='word_1_247' title='bbox 897 3178 1013 3234; x_wconf 87' lang='lat' dir='ltr'><strong>Non</strong></span> <span class='ocrx_word' id='word_1_248' title='bbox 1044 3195 1152 3249; x_wconf 91' lang='lat' dir='ltr'><strong>quo</strong></span> <span class='ocrx_word' id='word_1_249' title='bbox 1185 3179 1342 3249; x_wconf 83' lang='lat' dir='ltr'><strong>Legis</strong></span> <span class='ocrx_word' id='word_1_250' title='bbox 1374 3195 1537 3250; x_wconf 89' lang='lat' dir='ltr'><strong>opera</strong></span> <span class='ocrx_word' id='word_1_251' title='bbox 1593 3179 2003 3235; x_wconf 89' lang='lat' dir='ltr'><strong>contemnenda</strong></span> <span class='ocrx_word' id='word_1_252' title='bbox 2033 3179 2162 3241; x_wconf 86' lang='lat' dir='ltr'><strong>sint.</strong></span> <span class='ocrx_word' id='word_1_253' title='bbox 2195 3159 2240 3222; x_wconf 70' lang='grc' dir='ltr'>Ο</span> 
     </span>
    </p>
   </div>
   <div class='ocr_carea' id='block_1_34' title="bbox 566 3271 2166 3344">
    <p class='ocr_par' dir='ltr' id='par_1_34' title="bbox 566 3271 2166 3344">
     <span class='ocr_line' id='line_1_34' title="bbox 566 3271 2166 3344; baseline 0 -17"><span class='ocrx_word' id='word_1_254' title='bbox 566 3278 625 3327; x_wconf 84' lang='lat' dir='ltr'><strong>et</strong></span> <span class='ocrx_word' id='word_1_255' title='bbox 648 3271 855 3343; x_wconf 88' lang='lat' dir='ltr'><strong>absque</strong></span> <span class='ocrx_word' id='word_1_256' title='bbox 877 3273 955 3327; x_wconf 83' lang='lat' dir='ltr'><strong>eis</strong></span> <span class='ocrx_word' id='word_1_257' title='bbox 981 3274 1211 3341; x_wconf 75' lang='lat' dir='ltr'><strong>simplex</strong></span> <span class='ocrx_word' id='word_1_258' title='bbox 1258 3272 1392 3329; x_wconf 89' lang='lat' dir='ltr'><strong>ﬁdes</strong></span> <span class='ocrx_word' id='word_1_259' title='bbox 1420 3274 1758 3344; x_wconf 88' lang='lat' dir='ltr'><strong>appetenda;</strong></span> <span class='ocrx_word' id='word_1_260' title='bbox 1788 3274 1883 3329; x_wconf 88' lang='lat' dir='ltr'><strong>sed</strong></span> <span class='ocrx_word' id='word_1_261' title='bbox 1916 3290 2026 3344; x_wconf 91' lang='lat' dir='ltr'><strong>quo</strong></span> <span class='ocrx_word' id='word_1_262' title='bbox 2050 3275 2166 3344; x_wconf 89' lang='lat' dir='ltr'><strong>ipsa</strong></span> 
     </span>
    </p>
   </div>
   <div class='ocr_carea' id='block_1_35' title="bbox 567 3362 2166 3436">
    <p class='ocr_par' dir='ltr' id='par_1_35' title="bbox 567 3362 2166 3436">
     <span class='ocr_line' id='line_1_35' title="bbox 567 3362 2166 3436; baseline 0.001 -18"><span class='ocrx_word' id='word_1_263' title='bbox 567 3377 735 3434; x_wconf 83' lang='lat' dir='ltr'><strong>opera</strong></span> <span class='ocrx_word' id='word_1_264' title='bbox 766 3362 874 3419; x_wconf 89' lang='lat' dir='ltr'><strong>ﬁde</strong></span> <span class='ocrx_word' id='word_1_265' title='bbox 894 3363 1094 3419; x_wconf 90' lang='lat' dir='ltr'><strong>Christi</strong></span> <span class='ocrx_word' id='word_1_266' title='bbox 1118 3367 1481 3420; x_wconf 76' lang='lat' dir='ltr'><strong>adorirentur.</strong></span> <span class='ocrx_word' id='word_1_267' title='bbox 1500 3366 1650 3420; x_wconf 89' lang='lat' dir='ltr'><strong>Scita</strong></span> <span class='ocrx_word' id='word_1_268' title='bbox 1666 3376 1748 3420; x_wconf 90' lang='lat' dir='ltr'><strong>est</strong></span> <span class='ocrx_word' id='word_1_269' title='bbox 1766 3368 1911 3420; x_wconf 85' lang='lat' dir='ltr'><strong>enim</strong></span> <span class='ocrx_word' id='word_1_270' title='bbox 1940 3367 2166 3436; x_wconf 87' lang='lat' dir='ltr'><strong>sapien-</strong></span> 
     </span>
    </p>
   </div>
   <div class='ocr_carea' id='block_1_36' title="bbox 563 3453 2168 3528">
    <p class='ocr_par' dir='ltr' id='par_1_36' title="bbox 563 3453 2168 3528">
     <span class='ocr_line' id='line_1_36' title="bbox 563 3453 2168 3528; baseline 0.003 -20"><span class='ocrx_word' id='word_1_271' title='bbox 563 3453 637 3510; x_wconf 90' lang='lat' dir='ltr'><strong>tis</strong></span> <span class='ocrx_word' id='word_1_272' title='bbox 659 3453 758 3509; x_wconf 90' lang='lat' dir='ltr'><strong>viri</strong></span> <span class='ocrx_word' id='word_1_273' title='bbox 781 3455 874 3511; x_wconf 87' lang='lat' dir='ltr'><strong>illa</strong></span> <span class='ocrx_word' id='word_1_274' title='bbox 902 3456 1198 3525; x_wconf 86' lang='lat' dir='ltr'><strong>sententia,</strong></span> <span class='ocrx_word' id='word_1_275' title='bbox 1230 3475 1249 3509; x_wconf 84' lang='grc'><strong>‹</strong></span> <span class='ocrx_word' id='word_1_276' title='bbox 1284 3458 1402 3513; x_wconf 68' lang='lat' dir='ltr'><strong>Non</strong></span> <span class='ocrx_word' id='word_1_277' title='bbox 1431 3457 1647 3513; x_wconf 89' lang='lat' dir='ltr'><strong>ﬁdelem</strong></span> <span class='ocrx_word' id='word_1_278' title='bbox 1672 3458 1857 3513; x_wconf 83' lang='lat' dir='ltr'><strong>vivere</strong></span> <span class='ocrx_word' id='word_1_279' title='bbox 1884 3474 1952 3514; x_wconf 79' lang='lat' dir='ltr'><strong>ex</strong></span> <span class='ocrx_word' id='word_1_280' title='bbox 1998 3460 2168 3528; x_wconf 86' lang='lat' dir='ltr'><strong>justi-</strong></span> 
     </span>
    </p>
   </div>
   <div class='ocr_carea' id='block_1_37' title="bbox 568 3546 2168 3618">
    <p class='ocr_par' dir='ltr' id='par_1_37' title="bbox 568 3546 2168 3618">
     <span class='ocr_line' id='line_1_37' title="bbox 568 3546 2168 3618; baseline 0.004 -16"><span class='ocrx_word' id='word_1_281' title='bbox 568 3546 667 3612; x_wconf 90' lang='lat' dir='ltr'><strong>tia,</strong></span> <span class='ocrx_word' id='word_1_282' title='bbox 700 3546 798 3603; x_wconf 89' lang='lat' dir='ltr'><strong>sed</strong></span> <span class='ocrx_word' id='word_1_283' title='bbox 818 3547 1029 3618; x_wconf 85' lang='lat' dir='ltr'><strong>justum</strong></span> <span class='ocrx_word' id='word_1_284' title='bbox 1059 3564 1125 3605; x_wconf 82' lang='lat' dir='ltr'><strong>ex</strong></span> <span class='ocrx_word' id='word_1_285' title='bbox 1165 3549 1290 3605; x_wconf 83' lang='lat' dir='ltr'><strong>title.</strong></span> <span class='ocrx_word' id='word_1_286' title='bbox 1325 3570 1345 3603; x_wconf 73' lang='grc' dir='ltr'><strong>ο</strong></span> <span class='ocrx_word' id='word_1_287' title='bbox 1378 3551 1552 3606; x_wconf 91' lang='lat' dir='ltr'><strong>Simul</strong></span> <span class='ocrx_word' id='word_1_288' title='bbox 1576 3551 1887 3607; x_wconf 89' lang='lat' dir='ltr'><strong>ostenditur</strong></span> <span class='ocrx_word' id='word_1_289' title='bbox 1923 3552 2168 3618; x_wconf 84' lang='lat' dir='ltr'><strong>Galatas,</strong></span> 
     </span>
    </p>
   </div>
   <div class='ocr_carea' id='block_1_38' title="bbox 572 3640 2173 3714">
    <p class='ocr_par' dir='ltr' id='par_1_38' title="bbox 572 3640 2173 3714">
     <span class='ocr_line' id='line_1_38' title="bbox 572 3640 2173 3714; baseline 0.004 -19"><span class='ocrx_word' id='word_1_290' title='bbox 572 3648 800 3710; x_wconf 89' lang='lat' dir='ltr'><strong>accepto</strong></span> <span class='ocrx_word' id='word_1_291' title='bbox 851 3650 974 3710; x_wconf 91' lang='lat' dir='ltr'><strong>post</strong></span> <span class='ocrx_word' id='word_1_292' title='bbox 1007 3640 1167 3696; x_wconf 87' lang='lat' dir='ltr'><strong>ﬁdem</strong></span> <span class='ocrx_word' id='word_1_293' title='bbox 1220 3651 1411 3698; x_wconf 88' lang='lat' dir='ltr'><strong>sancto</strong></span> <span class='ocrx_word' id='word_1_294' title='bbox 1463 3642 1691 3714; x_wconf 89' lang='lat' dir='ltr'><strong>Spiritu,</strong></span> <span class='ocrx_word' id='word_1_295' title='bbox 1744 3644 1885 3699; x_wconf 87' lang='lat' dir='ltr'><strong>dona</strong></span> <span class='ocrx_word' id='word_1_296' title='bbox 1919 3645 2173 3701; x_wconf 80' lang='lat' dir='ltr'><strong>habuisse</strong></span> 
     </span>
    </p>
   </div>
   <div class='ocr_carea' id='block_1_39' title="bbox 572 3729 2170 3807">
    <p class='ocr_par' dir='ltr' id='par_1_39' title="bbox 572 3729 2170 3807">
     <span class='ocr_line' id='line_1_39' title="bbox 572 3729 2170 3807; baseline 0.003 -22"><span class='ocrx_word' id='word_1_297' title='bbox 572 3731 860 3795; x_wconf 84' lang='lat' dir='ltr'><strong>virtutum,</strong></span> <span class='ocrx_word' id='word_1_298' title='bbox 894 3729 946 3785; x_wconf 91' lang='lat' dir='ltr'><strong>id</strong></span> <span class='ocrx_word' id='word_1_299' title='bbox 983 3743 1087 3796; x_wconf 89' lang='lat' dir='ltr'><strong>est,</strong></span> <span class='ocrx_word' id='word_1_300' title='bbox 1146 3732 1490 3804; x_wconf 90' lang='lat' dir='ltr'><strong>prophetiam</strong></span> <span class='ocrx_word' id='word_1_301' title='bbox 1520 3779 1535 3801; x_wconf 93' lang='lat'><strong>,</strong></span> <span class='ocrx_word' id='word_1_302' title='bbox 1590 3749 1794 3803; x_wconf 81' lang='lat' dir='ltr'><strong>genera</strong></span> <span class='ocrx_word' id='word_1_303' title='bbox 1840 3734 2170 3807; x_wconf 84' lang='lat' dir='ltr'><strong>linguarum,</strong></span> 
     </span>
    </p>
   </div>
   <div class='ocr_carea' id='block_1_40' title="bbox 574 3821 2173 3896">
    <p class='ocr_par' dir='ltr' id='par_1_40' title="bbox 574 3821 2173 3896">
     <span class='ocr_line' id='line_1_40' title="bbox 574 3821 2173 3896; baseline 0.004 -18"><span class='ocrx_word' id='word_1_304' title='bbox 574 3821 896 3878; x_wconf 88' lang='lat' dir='ltr'><strong>morborum</strong></span> <span class='ocrx_word' id='word_1_305' title='bbox 925 3822 1261 3890; x_wconf 83' lang='lat' dir='ltr'><strong>curationes,</strong></span> <span class='ocrx_word' id='word_1_306' title='bbox 1286 3833 1341 3879; x_wconf 92' lang='lat' dir='ltr'><strong>et</strong></span> <span class='ocrx_word' id='word_1_307' title='bbox 1363 3833 1585 3893; x_wconf 69' lang='lat' dir='ltr'><strong>Caetera,</strong></span> <span class='ocrx_word' id='word_1_308' title='bbox 1614 3842 1736 3896; x_wconf 70' lang='lat' dir='ltr'><strong>qua:</strong></span> <span class='ocrx_word' id='word_1_309' title='bbox 1762 3825 1830 3880; x_wconf 91' lang='lat' dir='ltr'><strong>ad</strong></span> <span class='ocrx_word' id='word_1_310' title='bbox 1860 3828 2173 3885; x_wconf 76' lang='lat' dir='ltr'><strong>Corinthios</strong></span> 
     </span>
    </p>
   </div>
   <div class='ocr_carea' id='block_1_41' title="bbox 576 3914 2176 3993">
    <p class='ocr_par' dir='ltr' id='par_1_41' title="bbox 576 3914 2176 3993">
     <span class='ocr_line' id='line_1_41' title="bbox 576 3914 2176 3993; baseline 0.006 -23"><span class='ocrx_word' id='word_1_311' title='bbox 576 3914 633 3971; x_wconf 92' lang='lat' dir='ltr'><strong>in</strong></span> <span class='ocrx_word' id='word_1_312' title='bbox 679 3914 843 3969; x_wconf 86' lang='lat' dir='ltr'><strong>donis</strong></span> <span class='ocrx_word' id='word_1_313' title='bbox 888 3916 1262 3985; x_wconf 87' lang='lat' dir='ltr'><strong>spiritualibus</strong></span> <span class='ocrx_word' id='word_1_314' title='bbox 1290 3928 1680 3975; x_wconf 89' lang='lat' dir='ltr'><strong>enumerantur</strong></span> <span class='ocrx_word' id='word_1_315' title='bbox 1707 3920 1751 3993; x_wconf 90' lang='grc' dir='ltr'>(ι</span> <span class='ocrx_word' id='word_1_316' title='bbox 1806 3920 1929 3976; x_wconf 86' lang='lat' dir='ltr'><strong>Cor.</strong></span> <span class='ocrx_word' id='word_1_317' title='bbox 1958 3924 2077 3991; x_wconf 86' lang='lat' dir='ltr'><strong>vn).</strong></span> <span class='ocrx_word' id='word_1_318' title='bbox 2107 3923 2176 3978; x_wconf 91' lang='lat' dir='ltr'><strong>Et</strong></span> 
     </span>
    </p>
   </div>
   <div class='ocr_carea' id='block_1_42' title="bbox 574 4010 2170 4084">
    <p class='ocr_par' dir='ltr' id='par_1_42' title="bbox 574 4010 2170 4084">
     <span class='ocr_line' id='line_1_42' title="bbox 574 4010 2170 4084; baseline 0.006 -22"><span class='ocrx_word' id='word_1_319' title='bbox 574 4014 760 4062; x_wconf 83' lang='lat' dir='ltr'><strong>tamen</strong></span> <span class='ocrx_word' id='word_1_320' title='bbox 789 4019 913 4078; x_wconf 86' lang='lat' dir='ltr'><strong>post</strong></span> <span class='ocrx_word' id='word_1_321' title='bbox 940 4016 1089 4064; x_wconf 86' lang='lat' dir='ltr'><strong>tanta</strong></span> <span class='ocrx_word' id='word_1_322' title='bbox 1143 4010 1293 4081; x_wconf 85' lang='lat' dir='ltr'><strong>(quia</strong></span> <span class='ocrx_word' id='word_1_323' title='bbox 1321 4011 1554 4068; x_wconf 74' lang='lat' dir='ltr'><strong>forsitan</strong></span> <span class='ocrx_word' id='word_1_324' title='bbox 1582 4015 1813 4084; x_wconf 84' lang='lat' dir='ltr'><strong>gratiam</strong></span> <span class='ocrx_word' id='word_1_325' title='bbox 1845 4015 2170 4072; x_wconf 81' lang='lat' dir='ltr'><strong>discernen-</strong></span> 
     </span>
    </p>
   </div>
   <div class='ocr_carea' id='block_1_43' title="bbox 580 4100 2171 4178">
    <p class='ocr_par' dir='ltr' id='par_1_43' title="bbox 580 4100 2171 4178">
     <span class='ocr_line' id='line_1_43' title="bbox 580 4100 2171 4178; baseline 0.006 -21"><span class='ocrx_word' id='word_1_326' title='bbox 580 4100 778 4157; x_wconf 89' lang='lat' dir='ltr'><strong>dorum</strong></span> <span class='ocrx_word' id='word_1_327' title='bbox 810 4102 1098 4173; x_wconf 88' lang='lat' dir='ltr'><strong>spirituum</strong></span> <span class='ocrx_word' id='word_1_328' title='bbox 1131 4120 1237 4159; x_wconf 92' lang='lat' dir='ltr'><strong>non</strong></span> <span class='ocrx_word' id='word_1_329' title='bbox 1268 4104 1564 4178; x_wconf 86' lang='lat' dir='ltr'><strong>habebant)</strong></span> <span class='ocrx_word' id='word_1_330' title='bbox 1591 4121 1619 4161; x_wconf 90' lang='lat' dir='ltr'><strong>a</strong></span> <span class='ocrx_word' id='word_1_331' title='bbox 1653 4107 1806 4163; x_wconf 62' lang='lat' dir='ltr'><strong>falsis</strong></span> <span class='ocrx_word' id='word_1_332' title='bbox 1853 4110 2171 4165; x_wconf 83' lang='lat' dir='ltr'><strong>doctoribus</strong></span> 
     </span>
    </p>
   </div>
   <div class='ocr_carea' id='block_1_44' title="bbox 576 4192 2176 4273">
    <p class='ocr_par' dir='ltr' id='par_1_44' title="bbox 576 4192 2176 4273">
     <span class='ocr_line' id='line_1_44' title="bbox 576 4192 2176 4273; baseline 0.004 -24"><span class='ocrx_word' id='word_1_333' title='bbox 576 4192 777 4249; x_wconf 90' lang='lat' dir='ltr'><strong>irretiti</strong></span> <span class='ocrx_word' id='word_1_334' title='bbox 801 4206 948 4250; x_wconf 90' lang='lat' dir='ltr'><strong>sunt.</strong></span> <span class='ocrx_word' id='word_1_335' title='bbox 978 4196 1390 4254; x_wconf 82' lang='lat' dir='ltr'><strong>Observandum</strong></span> <span class='ocrx_word' id='word_1_336' title='bbox 1418 4200 1602 4267; x_wconf 89' lang='lat' dir='ltr'><strong>etiam,</strong></span> <span class='ocrx_word' id='word_1_337' title='bbox 1632 4201 1772 4272; x_wconf 90' lang='lat' dir='ltr'><strong>quod</strong></span> <span class='ocrx_word' id='word_1_338' title='bbox 1821 4203 2035 4273; x_wconf 83' lang='lat' dir='ltr'><strong>operari</strong></span> <span class='ocrx_word' id='word_1_339' title='bbox 2067 4203 2176 4255; x_wconf 83' lang='lat' dir='ltr'><strong>vir-</strong></span> 
     </span>
    </p>
   </div>
   <div class='ocr_carea' id='block_1_45' title="bbox 577 4287 2179 4367">
    <p class='ocr_par' dir='ltr' id='par_1_45' title="bbox 577 4287 2179 4367">
     <span class='ocr_line' id='line_1_45' title="bbox 577 4287 2179 4367; baseline 0.007 -26"><span class='ocrx_word' id='word_1_340' title='bbox 577 4294 725 4342; x_wconf 81' lang='lat' dir='ltr'><strong>tutes</strong></span> <span class='ocrx_word' id='word_1_341' title='bbox 750 4287 1004 4344; x_wconf 84' lang='lat' dir='ltr'><strong>dicantur</strong></span> <span class='ocrx_word' id='word_1_342' title='bbox 1041 4290 1097 4346; x_wconf 90' lang='lat' dir='ltr'><strong>in</strong></span> <span class='ocrx_word' id='word_1_343' title='bbox 1129 4290 1238 4355; x_wconf 88' lang='lat' dir='ltr'><strong>bis,</strong></span> <span class='ocrx_word' id='word_1_344' title='bbox 1271 4291 1365 4361; x_wconf 91' lang='lat' dir='ltr'><strong>qui</strong></span> <span class='ocrx_word' id='word_1_345' title='bbox 1395 4308 1499 4346; x_wconf 90' lang='lat' dir='ltr'><strong>non</strong></span> <span class='ocrx_word' id='word_1_346' title='bbox 1553 4302 1737 4350; x_wconf 90' lang='lat' dir='ltr'><strong>tenent</strong></span> <span class='ocrx_word' id='word_1_347' title='bbox 1785 4296 2061 4367; x_wconf 84' lang='lat' dir='ltr'><strong>Evangelii</strong></span> <span class='ocrx_word' id='word_1_348' title='bbox 2090 4312 2179 4352; x_wconf 81' lang='lat' dir='ltr'><strong>ve-</strong></span> 
     </span>
    </p>
   </div>
   <div class='ocr_carea' id='block_1_46' title="bbox 578 4378 2176 4458">
    <p class='ocr_par' dir='ltr' id='par_1_46' title="bbox 578 4378 2176 4458">
     <span class='ocr_line' id='line_1_46' title="bbox 578 4378 2176 4458; baseline 0.005 -23"><span class='ocrx_word' id='word_1_349' title='bbox 578 4378 800 4436; x_wconf 88' lang='lat' dir='ltr'><strong>ritatem</strong></span> <span class='ocrx_word' id='word_1_350' title='bbox 834 4381 1017 4437; x_wconf 85' lang='lat' dir='ltr'><strong>:sicut</strong></span> <span class='ocrx_word' id='word_1_351' title='bbox 1045 4384 1100 4437; x_wconf 93' lang='lat' dir='ltr'><strong>in</strong></span> <span class='ocrx_word' id='word_1_352' title='bbox 1125 4383 1229 4439; x_wconf 89' lang='lat' dir='ltr'><strong>illis</strong></span> <span class='ocrx_word' id='word_1_353' title='bbox 1270 4385 1363 4455; x_wconf 89' lang='lat' dir='ltr'><strong>qui</strong></span> <span class='ocrx_word' id='word_1_354' title='bbox 1397 4386 1680 4441; x_wconf 85' lang='lat' dir='ltr'><strong>Dominum</strong></span> <span class='ocrx_word' id='word_1_355' title='bbox 1708 4402 1816 4442; x_wconf 93' lang='lat' dir='ltr'><strong>non</strong></span> <span class='ocrx_word' id='word_1_356' title='bbox 1840 4395 2135 4458; x_wconf 77' lang='lat' dir='ltr'><strong>sequentes</strong></span> <span class='ocrx_word' id='word_1_357' title='bbox 2161 4431 2176 4457; x_wconf 96' lang='lat'><strong>,</strong></span> 
     </span>
    </p>
   </div>
   <div class='ocr_carea' id='block_1_47' title="bbox 581 4474 2174 4549">
    <p class='ocr_par' dir='ltr' id='par_1_47' title="bbox 581 4474 2174 4549">
     <span class='ocr_line' id='line_1_47' title="bbox 581 4474 2174 4549; baseline 0.004 -18"><span class='ocrx_word' id='word_1_358' title='bbox 581 4474 641 4531; x_wconf 83' lang='lat' dir='ltr'><strong>in</strong></span> <span class='ocrx_word' id='word_1_359' title='bbox 690 4477 912 4533; x_wconf 89' lang='lat' dir='ltr'><strong>nomine</strong></span> <span class='ocrx_word' id='word_1_360' title='bbox 937 4478 1053 4549; x_wconf 85' lang='lat' dir='ltr'><strong>ejus</strong></span> <span class='ocrx_word' id='word_1_361' title='bbox 1084 4480 1235 4549; x_wconf 85' lang='lat' dir='ltr'><strong>signa</strong></span> <span class='ocrx_word' id='word_1_362' title='bbox 1268 4480 1559 4546; x_wconf 83' lang='lat' dir='ltr'><strong>faciebant,</strong></span> <span class='ocrx_word' id='word_1_363' title='bbox 1583 4479 1796 4537; x_wconf 84' lang='lat' dir='ltr'><strong>Joanne</strong></span> <span class='ocrx_word' id='word_1_364' title='bbox 1819 4482 1903 4537; x_wconf 90' lang='lat' dir='ltr'><strong>vel</strong></span> <span class='ocrx_word' id='word_1_365' title='bbox 1934 4482 2174 4538; x_wconf 86' lang='lat' dir='ltr'><strong>maxime</strong></span> 
     </span>
    </p>
   </div>
   <div class='ocr_carea' id='block_1_48' title="bbox 2240 480 3853 554">
    <p class='ocr_par' dir='ltr' id='par_1_48' title="bbox 2240 480 3853 554">
     <span class='ocr_line' id='line_1_48' title="bbox 2240 480 3853 554; baseline -0.002 -21"><span class='ocrx_word' id='word_1_366' title='bbox 2240 488 2347 533; x_wconf 87' lang='lat' dir='ltr'><strong>tum</strong></span> <span class='ocrx_word' id='word_1_367' title='bbox 2378 492 2450 534; x_wconf 86' lang='lat' dir='ltr'><strong>est</strong></span> <span class='ocrx_word' id='word_1_368' title='bbox 2491 481 2573 535; x_wconf 85' lang='lat' dir='ltr'><strong>illi</strong></span> <span class='ocrx_word' id='word_1_369' title='bbox 2625 481 2694 534; x_wconf 90' lang='lat' dir='ltr'><strong>ad</strong></span> <span class='ocrx_word' id='word_1_370' title='bbox 2726 482 3010 554; x_wconf 80' lang='lat' dir='ltr'><strong>justitiam.</strong></span> <span class='ocrx_word' id='word_1_371' title='bbox 3029 481 3109 536; x_wconf 96' lang='lat' dir='ltr'><strong>Ab</strong></span> <span class='ocrx_word' id='word_1_372' title='bbox 3142 484 3246 536; x_wconf 84' lang='lat' dir='ltr'><strong>ltoc</strong></span> <span class='ocrx_word' id='word_1_373' title='bbox 3274 482 3393 535; x_wconf 85' lang='lat' dir='ltr'><strong>loco</strong></span> <span class='ocrx_word' id='word_1_374' title='bbox 3420 496 3597 551; x_wconf 76' lang='lat' dir='ltr'><strong>usque</strong></span> <span class='ocrx_word' id='word_1_375' title='bbox 3616 480 3687 535; x_wconf 86' lang='lat' dir='ltr'><strong>ad</strong></span> <span class='ocrx_word' id='word_1_376' title='bbox 3717 494 3853 533; x_wconf 85' lang='lat' dir='ltr'><strong>etttn</strong></span> 
     </span>
    </p>
   </div>
   <div class='ocr_carea' id='block_1_49' title="bbox 2240 571 3858 644">
    <p class='ocr_par' dir='ltr' id='par_1_49' title="bbox 2240 571 3858 644">
     <span class='ocr_line' id='line_1_49' title="bbox 2240 571 3858 644; baseline -0.001 -18"><span class='ocrx_word' id='word_1_377' title='bbox 2240 572 2330 626; x_wconf 91' lang='lat' dir='ltr'><strong>ubi</strong></span> <span class='ocrx_word' id='word_1_378' title='bbox 2352 572 2609 627; x_wconf 88' lang='lat' dir='ltr'><strong>scribitur</strong></span> <span class='ocrx_word' id='word_1_379' title='bbox 2642 591 2655 628; x_wconf 93' lang='lat'><strong>:</strong></span> <span class='ocrx_word' id='word_1_380' title='bbox 2690 573 2792 639; x_wconf 74' lang='lat' dir='ltr'><strong>Qui</strong></span> <span class='ocrx_word' id='word_1_381' title='bbox 2816 590 2881 628; x_wconf 76' lang='lat' dir='ltr'><strong>ea:</strong></span> <span class='ocrx_word' id='word_1_382' title='bbox 2897 574 3002 644; x_wconf 83' lang='lat' dir='ltr'><strong>[ide</strong></span> <span class='ocrx_word' id='word_1_383' title='bbox 3021 582 3161 637; x_wconf 88' lang='lat' dir='ltr'><strong>sunt,</strong></span> <span class='ocrx_word' id='word_1_384' title='bbox 3178 575 3540 628; x_wconf 80' lang='lat' dir='ltr'><strong>benedicentur</strong></span> <span class='ocrx_word' id='word_1_385' title='bbox 3559 590 3677 628; x_wconf 89' lang='lat' dir='ltr'><strong>cum</strong></span> <span class='ocrx_word' id='word_1_386' title='bbox 3697 571 3858 642; x_wconf 76' lang='lat' dir='ltr'><strong>fideli</strong></span> 
     </span>
    </p>
   </div>
   <div class='ocr_carea' id='block_1_50' title="bbox 2240 664 3857 738">
    <p class='ocr_par' dir='ltr' id='par_1_50' title="bbox 2240 664 3857 738">
     <span class='ocr_line' id='line_1_50' title="bbox 2240 664 3857 738; baseline 0.002 -18"><span class='ocrx_word' id='word_1_387' title='bbox 2240 664 2503 721; x_wconf 82' lang='lat' dir='ltr'><strong>Abraham</strong></span> <span class='ocrx_word' id='word_1_388' title='bbox 2537 710 2552 734; x_wconf 93' lang='lat'><strong>,</strong></span> <span class='ocrx_word' id='word_1_389' title='bbox 2605 668 2847 723; x_wconf 81' lang='lat' dir='ltr'><strong>Marcion</strong></span> <span class='ocrx_word' id='word_1_390' title='bbox 2888 670 2957 724; x_wconf 90' lang='lat' dir='ltr'><strong>de</strong></span> <span class='ocrx_word' id='word_1_391' title='bbox 2999 685 3098 723; x_wconf 87' lang='lat' dir='ltr'><strong>suo</strong></span> <span class='ocrx_word' id='word_1_392' title='bbox 3127 669 3392 738; x_wconf 83' lang='lat' dir='ltr'><strong>Apostolo</strong></span> <span class='ocrx_word' id='word_1_393' title='bbox 3447 669 3635 723; x_wconf 85' lang='lat' dir='ltr'><strong>erasit.</strong></span> <span class='ocrx_word' id='word_1_394' title='bbox 3677 664 3857 738; x_wconf 65' lang='grc'><strong>423</strong></span> 
     </span>
    </p>
   </div>
   <div class='ocr_carea' id='block_1_51' title="bbox 2240 757 3859 830">
    <p class='ocr_par' dir='ltr' id='par_1_51' title="bbox 2240 757 3859 830">
     <span class='ocr_line' id='line_1_51' title="bbox 2240 757 3859 830; baseline -0.002 -16"><span class='ocrx_word' id='word_1_395' title='bbox 2240 759 2346 814; x_wconf 87' lang='lat' dir='ltr'><strong>Sed</strong></span> <span class='ocrx_word' id='word_1_396' title='bbox 2373 760 2500 830; x_wconf 88' lang='lat' dir='ltr'><strong>qttid</strong></span> <span class='ocrx_word' id='word_1_397' title='bbox 2526 760 2734 830; x_wconf 84' lang='lat' dir='ltr'><strong>profuit</strong></span> <span class='ocrx_word' id='word_1_398' title='bbox 2756 762 2859 816; x_wconf 91' lang='lat' dir='ltr'><strong>hoc</strong></span> <span class='ocrx_word' id='word_1_399' title='bbox 2909 760 3122 827; x_wconf 79' lang='lat' dir='ltr'><strong>tulisse,</strong></span> <span class='ocrx_word' id='word_1_400' title='bbox 3144 776 3269 815; x_wconf 90' lang='lat' dir='ltr'><strong>cum</strong></span> <span class='ocrx_word' id='word_1_401' title='bbox 3317 771 3513 816; x_wconf 69' lang='lat' dir='ltr'><strong>camera</strong></span> <span class='ocrx_word' id='word_1_402' title='bbox 3543 774 3665 830; x_wconf 63' lang='lat' dir='ltr'><strong>quae</strong></span> <span class='ocrx_word' id='word_1_403' title='bbox 3723 757 3859 812; x_wconf 80' lang='lat' dir='ltr'><strong>reli-</strong></span> 
     </span>
    </p>
   </div>
   <div class='ocr_carea' id='block_1_52' title="bbox 2242 852 3857 923">
    <p class='ocr_par' dir='ltr' id='par_1_52' title="bbox 2242 852 3857 923">
     <span class='ocr_line' id='line_1_52' title="bbox 2242 852 3857 923; baseline -0.002 -16"><span class='ocrx_word' id='word_1_404' title='bbox 2242 854 2396 921; x_wconf 84' lang='lat' dir='ltr'><strong>quit,</strong></span> <span class='ocrx_word' id='word_1_405' title='bbox 2455 855 2683 909; x_wconf 77' lang='lat' dir='ltr'><strong>insaniae</strong></span> <span class='ocrx_word' id='word_1_406' title='bbox 2715 855 2835 923; x_wconf 88' lang='lat' dir='ltr'><strong>ejus</strong></span> <span class='ocrx_word' id='word_1_407' title='bbox 2875 854 3106 910; x_wconf 89' lang='lat' dir='ltr'><strong>adversa</strong></span> <span class='ocrx_word' id='word_1_408' title='bbox 3168 855 3326 910; x_wconf 83' lang='lat' dir='ltr'><strong>sint?</strong></span> <span class='ocrx_word' id='word_1_409' title='bbox 3364 852 3611 910; x_wconf 88' lang='lat' dir='ltr'><strong>Credidit</strong></span> <span class='ocrx_word' id='word_1_410' title='bbox 3658 865 3857 907; x_wconf 90' lang='lat' dir='ltr'><strong>autem</strong></span> 
     </span>
    </p>
   </div>
   <div class='ocr_carea' id='block_1_53' title="bbox 2244 946 3857 1016">
    <p class='ocr_par' dir='ltr' id='par_1_53' title="bbox 2244 946 3857 1016">
     <span class='ocr_line' id='line_1_53' title="bbox 2244 946 3857 1016; baseline -0.002 -16"><span class='ocrx_word' id='word_1_411' title='bbox 2244 946 2515 1000; x_wconf 85' lang='lat' dir='ltr'><strong>Abraham</strong></span> <span class='ocrx_word' id='word_1_412' title='bbox 2546 946 2679 1013; x_wconf 90' lang='lat' dir='ltr'><strong>Deo,</strong></span> <span class='ocrx_word' id='word_1_413' title='bbox 2713 947 2906 1001; x_wconf 81' lang='lat' dir='ltr'><strong>exiens</strong></span> <span class='ocrx_word' id='word_1_414' title='bbox 2931 946 2997 1000; x_wconf 86' lang='lat' dir='ltr'><strong>de</strong></span> <span class='ocrx_word' id='word_1_415' title='bbox 3026 947 3197 1016; x_wconf 89' lang='lat' dir='ltr'><strong>patria</strong></span> <span class='ocrx_word' id='word_1_416' title='bbox 3235 961 3333 1001; x_wconf 87' lang='lat' dir='ltr'><strong>sua</strong></span> <span class='ocrx_word' id='word_1_417' title='bbox 3360 947 3414 1001; x_wconf 91' lang='lat' dir='ltr'><strong>in</strong></span> <span class='ocrx_word' id='word_1_418' title='bbox 3445 955 3646 1001; x_wconf 89' lang='lat' dir='ltr'><strong>terram</strong></span> <span class='ocrx_word' id='word_1_419' title='bbox 3679 959 3857 1014; x_wconf 82' lang='lat' dir='ltr'><strong>quant</strong></span> 
     </span>
    </p>
   </div>
   <div class='ocr_carea' id='block_1_54' title="bbox 2245 1037 3864 1111">
    <p class='ocr_par' dir='ltr' id='par_1_54' title="bbox 2245 1037 3864 1111">
     <span class='ocr_line' id='line_1_54' title="bbox 2245 1037 3864 1111; baseline -0.002 -18"><span class='ocrx_word' id='word_1_420' title='bbox 2245 1040 2525 1095; x_wconf 72' lang='lat' dir='ltr'><strong>nesciebat</strong></span> <span class='ocrx_word' id='word_1_421' title='bbox 2557 1039 2716 1108; x_wconf 83' lang='lat' dir='ltr'><strong>(Gen.</strong></span> <span class='ocrx_word' id='word_1_422' title='bbox 2742 1056 2815 1095; x_wconf 64' lang='grc' dir='ltr'>χιι</span> <span class='ocrx_word' id='word_1_423' title='bbox 2868 1039 3036 1111; x_wconf 91' lang='lat' dir='ltr'><strong>seqq.)</strong></span> <span class='ocrx_word' id='word_1_424' title='bbox 3067 1057 3080 1093; x_wconf 90' lang='lat'>:</span> <span class='ocrx_word' id='word_1_425' title='bbox 3110 1037 3244 1095; x_wconf 89' lang='lat' dir='ltr'><strong>Sara</strong></span> <span class='ocrx_word' id='word_1_426' title='bbox 3308 1039 3772 1110; x_wconf 88' lang='lat' dir='ltr'><strong>nonagenariatn.</strong></span> <span class='ocrx_word' id='word_1_427' title='bbox 3804 1046 3864 1091; x_wconf 94' lang='lat' dir='ltr'><strong>et</strong></span> 
     </span>
    </p>
   </div>
   <div class='ocr_carea' id='block_1_55' title="bbox 2244 1129 3864 1202">
    <p class='ocr_par' dir='ltr' id='par_1_55' title="bbox 2244 1129 3864 1202">
     <span class='ocr_line' id='line_1_55' title="bbox 2244 1129 3864 1202; baseline -0.003 -16"><span class='ocrx_word' id='word_1_428' title='bbox 2244 1133 2485 1187; x_wconf 87' lang='lat' dir='ltr'><strong>sterilem</strong></span> <span class='ocrx_word' id='word_1_429' title='bbox 2518 1132 2801 1187; x_wconf 81' lang='lat' dir='ltr'><strong>conlidens</strong></span> <span class='ocrx_word' id='word_1_430' title='bbox 2841 1146 2963 1188; x_wconf 90' lang='lat' dir='ltr'><strong>esse</strong></span> <span class='ocrx_word' id='word_1_431' title='bbox 3001 1130 3338 1202; x_wconf 88' lang='lat' dir='ltr'><strong>parituram;</strong></span> <span class='ocrx_word' id='word_1_432' title='bbox 3368 1139 3423 1185; x_wconf 91' lang='lat' dir='ltr'><strong>et</strong></span> <span class='ocrx_word' id='word_1_433' title='bbox 3447 1129 3629 1184; x_wconf 86' lang='lat' dir='ltr'><strong>audita</strong></span> <span class='ocrx_word' id='word_1_434' title='bbox 3657 1142 3864 1195; x_wconf 85' lang='lat' dir='ltr'><strong>repro-</strong></span> 
     </span>
    </p>
   </div>
   <div class='ocr_carea' id='block_1_56' title="bbox 2247 1219 3857 1295">
    <p class='ocr_par' dir='ltr' id='par_1_56' title="bbox 2247 1219 3857 1295">
     <span class='ocr_line' id='line_1_56' title="bbox 2247 1219 3857 1295; baseline -0.005 -16"><span class='ocrx_word' id='word_1_435' title='bbox 2247 1226 2511 1280; x_wconf 78' lang='lat' dir='ltr'><strong>missione</strong></span> <span class='ocrx_word' id='word_1_436' title='bbox 2537 1225 2653 1291; x_wconf 90' lang='lat' dir='ltr'><strong>Dei,</strong></span> <span class='ocrx_word' id='word_1_437' title='bbox 2692 1224 2839 1295; x_wconf 89' lang='lat' dir='ltr'><strong>quod</strong></span> <span class='ocrx_word' id='word_1_438' title='bbox 2888 1224 2943 1279; x_wconf 91' lang='lat' dir='ltr'><strong>in</strong></span> <span class='ocrx_word' id='word_1_439' title='bbox 2976 1222 3127 1278; x_wconf 87' lang='lat' dir='ltr'><strong>Isaae</strong></span> <span class='ocrx_word' id='word_1_440' title='bbox 3152 1231 3438 1279; x_wconf 89' lang='lat' dir='ltr'><strong>vocaretur</strong></span> <span class='ocrx_word' id='word_1_441' title='bbox 3481 1236 3668 1276; x_wconf 85' lang='lat' dir='ltr'><strong>semen</strong></span> <span class='ocrx_word' id='word_1_442' title='bbox 3700 1219 3857 1288; x_wconf 82' lang='lat' dir='ltr'><strong>ejus,</strong></span> 
     </span>
    </p>
   </div>
   <div class='ocr_carea' id='block_1_57' title="bbox 2248 1313 3865 1388">
    <p class='ocr_par' dir='ltr' id='par_1_57' title="bbox 2248 1313 3865 1388">
     <span class='ocr_line' id='line_1_57' title="bbox 2248 1313 3865 1388; baseline -0.006 -14"><span class='ocrx_word' id='word_1_443' title='bbox 2248 1328 2273 1355; x_wconf 72' lang='grc'>⁸</span> <span class='ocrx_word' id='word_1_444' title='bbox 2304 1319 2480 1388; x_wconf 90' lang='lat' dir='ltr'><strong>ipsum</strong></span> <span class='ocrx_word' id='word_1_445' title='bbox 2516 1320 2661 1374; x_wconf 90' lang='lat' dir='ltr'><strong>Isaae</strong></span> <span class='ocrx_word' id='word_1_446' title='bbox 2706 1317 2942 1373; x_wconf 81' lang='lat' dir='ltr'><strong>oll‘erens</strong></span> <span class='ocrx_word' id='word_1_447' title='bbox 2990 1317 3289 1382; x_wconf 88' lang='lat' dir='ltr'><strong>victimam,</strong></span> <span class='ocrx_word' id='word_1_448' title='bbox 3321 1327 3376 1373; x_wconf 90' lang='lat' dir='ltr'><strong>et</strong></span> <span class='ocrx_word' id='word_1_449' title='bbox 3431 1327 3609 1370; x_wconf 89' lang='lat' dir='ltr'><strong>tatneu</strong></span> <span class='ocrx_word' id='word_1_450' title='bbox 3641 1313 3711 1369; x_wconf 68' lang='lat' dir='ltr'><strong>dt:</strong></span> <span class='ocrx_word' id='word_1_451' title='bbox 3754 1314 3865 1366; x_wconf 82' lang='lat' dir='ltr'><strong>Du-</strong></span> 
     </span>
    </p>
   </div>
   <div class='ocr_carea' id='block_1_58' title="bbox 2251 1410 3863 1482">
    <p class='ocr_par' dir='ltr' id='par_1_58' title="bbox 2251 1410 3863 1482">
     <span class='ocr_line' id='line_1_58' title="bbox 2251 1410 3863 1482; baseline -0.003 -17"><span class='ocrx_word' id='word_1_452' title='bbox 2251 1411 2380 1465; x_wconf 89' lang='lat' dir='ltr'><strong>mini</strong></span> <span class='ocrx_word' id='word_1_453' title='bbox 2413 1412 2839 1482; x_wconf 89' lang='lat' dir='ltr'><strong>repromissione</strong></span> <span class='ocrx_word' id='word_1_454' title='bbox 2864 1429 2968 1466; x_wconf 91' lang='lat' dir='ltr'><strong>non</strong></span> <span class='ocrx_word' id='word_1_455' title='bbox 2997 1410 3273 1466; x_wconf 91' lang='lat' dir='ltr'><strong>dubitans.</strong></span> <span class='ocrx_word' id='word_1_456' title='bbox 3296 1410 3468 1464; x_wconf 81' lang='lat' dir='ltr'><strong>Ret-te</strong></span> <span class='ocrx_word' id='word_1_457' title='bbox 3502 1410 3592 1463; x_wconf 87' lang='lat' dir='ltr'><strong>tali</strong></span> <span class='ocrx_word' id='word_1_458' title='bbox 3620 1415 3823 1477; x_wconf 74' lang='lat' dir='ltr'><strong>reputa</strong></span> <span class='ocrx_word' id='word_1_459' title='bbox 3844 1437 3863 1447; x_wconf 83' lang='lat'><strong>-</strong></span> 
     </span>
    </p>
   </div>
   <div class='ocr_carea' id='block_1_59' title="bbox 2254 1502 3860 1573">
    <p class='ocr_par' dir='ltr' id='par_1_59' title="bbox 2254 1502 3860 1573">
     <span class='ocr_line' id='line_1_59' title="bbox 2254 1502 3860 1573; baseline 0.001 -17"><span class='ocrx_word' id='word_1_460' title='bbox 2254 1512 2341 1557; x_wconf 92' lang='lat' dir='ltr'><strong>tur</strong></span> <span class='ocrx_word' id='word_1_461' title='bbox 2368 1502 2507 1558; x_wconf 90' lang='lat' dir='ltr'><strong>ﬁdes</strong></span> <span class='ocrx_word' id='word_1_462' title='bbox 2530 1503 2597 1558; x_wconf 90' lang='lat' dir='ltr'><strong>ad</strong></span> <span class='ocrx_word' id='word_1_463' title='bbox 2625 1504 3024 1573; x_wconf 87' lang='lat' dir='ltr'><strong>justitiatn,qui</strong></span> <span class='ocrx_word' id='word_1_464' title='bbox 3059 1502 3219 1572; x_wconf 86' lang='lat' dir='ltr'><strong>Legis</strong></span> <span class='ocrx_word' id='word_1_465' title='bbox 3237 1517 3404 1572; x_wconf 87' lang='lat' dir='ltr'><strong>opera</strong></span> <span class='ocrx_word' id='word_1_466' title='bbox 3428 1515 3860 1571; x_wconf 67' lang='lat' dir='ltr'><strong>supergressus.</strong></span> 
     </span>
    </p>
   </div>
   <div class='ocr_carea' id='block_1_60' title="bbox 2252 1592 3867 1666">
    <p class='ocr_par' dir='ltr' id='par_1_60' title="bbox 2252 1592 3867 1666">
     <span class='ocr_line' id='line_1_60' title="bbox 2252 1592 3867 1666; baseline -0.003 -15"><span class='ocrx_word' id='word_1_467' title='bbox 2252 1597 2420 1652; x_wconf 90' lang='lat' dir='ltr'><strong>Deum</strong></span> <span class='ocrx_word' id='word_1_468' title='bbox 2445 1612 2552 1652; x_wconf 93' lang='lat' dir='ltr'><strong>non</strong></span> <span class='ocrx_word' id='word_1_469' title='bbox 2575 1607 2743 1666; x_wconf 92' lang='lat' dir='ltr'><strong>metu,</strong></span> <span class='ocrx_word' id='word_1_470' title='bbox 2768 1598 2865 1654; x_wconf 87' lang='lat' dir='ltr'><strong>sed</strong></span> <span class='ocrx_word' id='word_1_471' title='bbox 2887 1596 3182 1653; x_wconf 90' lang='lat' dir='ltr'><strong>dilectione</strong></span> <span class='ocrx_word' id='word_1_472' title='bbox 3207 1595 3572 1666; x_wconf 89' lang='lat' dir='ltr'><strong>promeruerit</strong></span> <span class='ocrx_word' id='word_1_473' title='bbox 3593 1592 3700 1666; x_wconf 76' lang='lat' dir='ltr'><strong>(At.</strong></span> <span class='ocrx_word' id='word_1_474' title='bbox 3727 1608 3867 1662; x_wconf 84' lang='lat' dir='ltr'><strong>pru-</strong></span> 
     </span>
    </p>
   </div>
   <div class='ocr_carea' id='block_1_61' title="bbox 2252 1690 2495 1764">
    <p class='ocr_par' dir='ltr' id='par_1_61' title="bbox 2252 1690 2495 1764">
     <span class='ocr_line' id='line_1_61' title="bbox 2252 1690 2495 1764; baseline -0.008 -19"><span class='ocrx_word' id='word_1_475' title='bbox 2252 1690 2495 1764; x_wconf 90' lang='lat' dir='ltr'><strong>meruit].</strong></span> 
     </span>
    </p>
   </div>
   <div class='ocr_carea' id='block_1_62' title="bbox 2327 1778 3864 1856">
    <p class='ocr_par' dir='ltr' id='par_1_62' title="bbox 2327 1778 3864 1856">
     <span class='ocr_line' id='line_1_62' title="bbox 2327 1778 3864 1856; baseline -0.008 -15"><span class='ocrx_word' id='word_1_476' title='bbox 2327 1785 2505 1854; x_wconf 83' lang='lat' dir='ltr'><strong>(Vers.</strong></span> <span class='ocrx_word' id='word_1_477' title='bbox 2542 1784 2619 1852; x_wconf 83' lang='lat'><strong>7.)</strong></span> <span class='ocrx_word' id='word_1_478' title='bbox 2647 1784 2967 1856; x_wconf 83' lang='lat' dir='ltr'><strong>Cognoscitis</strong></span> <span class='ocrx_word' id='word_1_479' title='bbox 3005 1799 3150 1855; x_wconf 84' lang='lat' dir='ltr'><strong>ergo,</strong></span> <span class='ocrx_word' id='word_1_480' title='bbox 3178 1784 3301 1854; x_wconf 85' lang='lat' dir='ltr'><strong>quia</strong></span> <span class='ocrx_word' id='word_1_481' title='bbox 3336 1782 3426 1853; x_wconf 86' lang='lat' dir='ltr'><strong>qui</strong></span> <span class='ocrx_word' id='word_1_482' title='bbox 3463 1796 3526 1835; x_wconf 76' lang='lat' dir='ltr'><strong>ex</strong></span> <span class='ocrx_word' id='word_1_483' title='bbox 3564 1778 3669 1848; x_wconf 83' lang='lat' dir='ltr'><strong>[ide</strong></span> <span class='ocrx_word' id='word_1_484' title='bbox 3705 1786 3864 1841; x_wconf 83' lang='lat' dir='ltr'><strong>sunt,</strong></span> 
     </span>
    </p>
   </div>
   <div class='ocr_carea' id='block_1_63' title="bbox 2256 1874 3868 1950">
    <p class='ocr_par' dir='ltr' id='par_1_63' title="bbox 2256 1874 3868 1950">
     <span class='ocr_line' id='line_1_63' title="bbox 2256 1874 3868 1950; baseline -0.003 -17"><span class='ocrx_word' id='word_1_485' title='bbox 2256 1879 2313 1933; x_wconf 86' lang='lat' dir='ltr'><strong>hi</strong></span> <span class='ocrx_word' id='word_1_486' title='bbox 2349 1880 2449 1950; x_wconf 79' lang='lat' dir='ltr'><strong>ﬁlii</strong></span> <span class='ocrx_word' id='word_1_487' title='bbox 2487 1889 2604 1934; x_wconf 85' lang='lat' dir='ltr'><strong>sunt</strong></span> <span class='ocrx_word' id='word_1_488' title='bbox 2632 1880 2921 1935; x_wconf 81' lang='lat' dir='ltr'><strong>Abraham.</strong></span> <span class='ocrx_word' id='word_1_489' title='bbox 2963 1879 3187 1935; x_wconf 84' lang='lat' dir='ltr'><strong>Plenius</strong></span> <span class='ocrx_word' id='word_1_490' title='bbox 3219 1879 3288 1936; x_wconf 88' lang='lat' dir='ltr'><strong>de</strong></span> <span class='ocrx_word' id='word_1_491' title='bbox 3321 1880 3423 1933; x_wconf 88' lang='lat' dir='ltr'><strong>hoc</strong></span> <span class='ocrx_word' id='word_1_492' title='bbox 3453 1877 3507 1931; x_wconf 87' lang='lat' dir='ltr'><strong>itt</strong></span> <span class='ocrx_word' id='word_1_493' title='bbox 3531 1875 3771 1946; x_wconf 82' lang='lat' dir='ltr'><strong>epistula</strong></span> <span class='ocrx_word' id='word_1_494' title='bbox 3796 1874 3868 1928; x_wconf 90' lang='lat' dir='ltr'><strong>ad</strong></span> 
     </span>
    </p>
   </div>
   <div class='ocr_carea' id='block_1_64' title="bbox 2259 1964 3869 2042">
    <p class='ocr_par' dir='ltr' id='par_1_64' title="bbox 2259 1964 3869 2042">
     <span class='ocr_line' id='line_1_64' title="bbox 2259 1964 3869 2042; baseline -0.006 -16"><span class='ocrx_word' id='word_1_495' title='bbox 2259 1973 2535 2027; x_wconf 84' lang='lat' dir='ltr'><strong>Romanos</strong></span> <span class='ocrx_word' id='word_1_496' title='bbox 2555 1971 2814 2042; x_wconf 85' lang='lat' dir='ltr'><strong>disputat,</strong></span> <span class='ocrx_word' id='word_1_497' title='bbox 2846 1971 2991 2042; x_wconf 89' lang='lat' dir='ltr'><strong>quod</strong></span> <span class='ocrx_word' id='word_1_498' title='bbox 3020 1971 3155 2025; x_wconf 89' lang='lat' dir='ltr'><strong>tides</strong></span> <span class='ocrx_word' id='word_1_499' title='bbox 3178 1978 3423 2039; x_wconf 86' lang='lat' dir='ltr'><strong>reptttata</strong></span> <span class='ocrx_word' id='word_1_500' title='bbox 3445 1964 3774 2022; x_wconf 78' lang='lat' dir='ltr'><strong>sitAbraItze</strong></span> <span class='ocrx_word' id='word_1_501' title='bbox 3799 1964 3869 2017; x_wconf 86' lang='lat' dir='ltr'><strong>ad</strong></span> 
     </span>
    </p>
   </div>
   <div class='ocr_carea' id='block_1_65' title="bbox 2253 2056 3871 2135">
    <p class='ocr_par' dir='ltr' id='par_1_65' title="bbox 2253 2056 3871 2135">
     <span class='ocr_line' id='line_1_65' title="bbox 2253 2056 3871 2135; baseline -0.004 -20"><span class='ocrx_word' id='word_1_502' title='bbox 2253 2062 2546 2135; x_wconf 83' lang='lat' dir='ltr'><strong>justitiam,</strong></span> <span class='ocrx_word' id='word_1_503' title='bbox 2598 2079 2704 2117; x_wconf 87' lang='lat' dir='ltr'><strong>non</strong></span> <span class='ocrx_word' id='word_1_504' title='bbox 2768 2063 2818 2117; x_wconf 90' lang='lat' dir='ltr'><strong>itt</strong></span> <span class='ocrx_word' id='word_1_505' title='bbox 2864 2061 3303 2125; x_wconf 88' lang='lat' dir='ltr'><strong>circumcisione,</strong></span> <span class='ocrx_word' id='word_1_506' title='bbox 3350 2056 3446 2114; x_wconf 92' lang='lat' dir='ltr'><strong>sed</strong></span> <span class='ocrx_word' id='word_1_507' title='bbox 3494 2058 3547 2111; x_wconf 91' lang='lat' dir='ltr'><strong>itt</strong></span> <span class='ocrx_word' id='word_1_508' title='bbox 3593 2056 3871 2126; x_wconf 60' lang='lat' dir='ltr'><strong>praeputio</strong></span> 
     </span>
    </p>
   </div>
   <div class='ocr_carea' id='block_1_66' title="bbox 2261 2146 3871 2229">
    <p class='ocr_par' dir='ltr' id='par_1_66' title="bbox 2261 2146 3871 2229">
     <span class='ocr_line' id='line_1_66' title="bbox 2261 2146 3871 2229; baseline -0.007 -19"><span class='ocrx_word' id='word_1_509' title='bbox 2261 2155 2442 2229; x_wconf 81' lang='lat' dir='ltr'><strong>(Rom.</strong></span> <span class='ocrx_word' id='word_1_510' title='bbox 2485 2156 2583 2225; x_wconf 90' lang='lat' dir='ltr'><strong>tv).</strong></span> <span class='ocrx_word' id='word_1_511' title='bbox 2618 2157 2682 2209; x_wconf 78' lang='lat' dir='ltr'><strong>Et</strong></span> <span class='ocrx_word' id='word_1_512' title='bbox 2702 2153 2993 2225; x_wconf 87' lang='lat' dir='ltr'><strong>diligenter</strong></span> <span class='ocrx_word' id='word_1_513' title='bbox 3022 2155 3342 2219; x_wconf 64' lang='lat' dir='ltr'><strong>observans,</strong></span> <span class='ocrx_word' id='word_1_514' title='bbox 3371 2151 3531 2206; x_wconf 89' lang='lat' dir='ltr'><strong>docet</strong></span> <span class='ocrx_word' id='word_1_515' title='bbox 3573 2164 3670 2204; x_wconf 90' lang='lat' dir='ltr'><strong>eos</strong></span> <span class='ocrx_word' id='word_1_516' title='bbox 3723 2146 3803 2201; x_wconf 89' lang='lat' dir='ltr'><strong>tili</strong></span> <span class='ocrx_word' id='word_1_517' title='bbox 3829 2160 3871 2200; x_wconf 61' lang='lat' dir='ltr'><strong>ts</strong></span> 
     </span>
    </p>
   </div>
   <div class='ocr_carea' id='block_1_67' title="bbox 2260 2241 3869 2318">
    <p class='ocr_par' dir='ltr' id='par_1_67' title="bbox 2260 2241 3869 2318">
     <span class='ocr_line' id='line_1_67' title="bbox 2260 2241 3869 2318; baseline -0.008 -14"><span class='ocrx_word' id='word_1_518' title='bbox 2260 2265 2381 2304; x_wconf 88' lang='lat' dir='ltr'><strong>esse</strong></span> <span class='ocrx_word' id='word_1_519' title='bbox 2433 2249 2701 2310; x_wconf 71' lang='lat' dir='ltr'><strong>Abrahm.</strong></span> <span class='ocrx_word' id='word_1_520' title='bbox 2748 2249 3081 2318; x_wconf 90' lang='lat' dir='ltr'><strong>quicumque</strong></span> <span class='ocrx_word' id='word_1_521' title='bbox 3109 2245 3212 2301; x_wconf 89' lang='lat' dir='ltr'><strong>hac</strong></span> <span class='ocrx_word' id='word_1_522' title='bbox 3258 2255 3444 2299; x_wconf 89' lang='lat' dir='ltr'><strong>mente</strong></span> <span class='ocrx_word' id='word_1_523' title='bbox 3483 2241 3869 2300; x_wconf 84' lang='lat' dir='ltr'><strong>crediderunt.</strong></span> 
     </span>
    </p>
   </div>
   <div class='ocr_carea' id='block_1_68' title="bbox 2262 2330 3875 2411">
    <p class='ocr_par' dir='ltr' id='par_1_68' title="bbox 2262 2330 3875 2411">
     <span class='ocr_line' id='line_1_68' title="bbox 2262 2330 3875 2411; baseline -0.008 -17"><span class='ocrx_word' id='word_1_524' title='bbox 2262 2357 2366 2411; x_wconf 90' lang='lat' dir='ltr'><strong>qua</strong></span> <span class='ocrx_word' id='word_1_525' title='bbox 2388 2340 2804 2396; x_wconf 88' lang='lat' dir='ltr'><strong>incircumcisus</strong></span> <span class='ocrx_word' id='word_1_526' title='bbox 2856 2338 3089 2394; x_wconf 88' lang='lat' dir='ltr'><strong>credidit</strong></span> <span class='ocrx_word' id='word_1_527' title='bbox 3114 2336 3413 2399; x_wconf 84' lang='lat' dir='ltr'><strong>Abraham,</strong></span> <span class='ocrx_word' id='word_1_528' title='bbox 3445 2335 3535 2404; x_wconf 90' lang='lat' dir='ltr'><strong>qtti</strong></span> <span class='ocrx_word' id='word_1_529' title='bbox 3567 2330 3875 2387; x_wconf 71' lang='lat' dir='ltr'><strong>exsultavit</strong></span> 
     </span>
    </p>
   </div>
   <div class='ocr_carea' id='block_1_69' title="bbox 2263 2426 3875 2493">
    <p class='ocr_par' dir='ltr' id='par_1_69' title="bbox 2263 2426 3875 2493">
     <span class='ocr_line' id='line_1_69' title="bbox 2263 2426 3875 2493; baseline -0.007 -8"><span class='ocrx_word' id='word_1_530' title='bbox 2263 2443 2321 2486; x_wconf 84' lang='grc' dir='ltr'><strong>ιιι</strong></span> <span class='ocrx_word' id='word_1_531' title='bbox 2349 2431 2559 2487; x_wconf 87' lang='lat' dir='ltr'><strong>videret</strong></span> <span class='ocrx_word' id='word_1_532' title='bbox 2616 2432 2758 2486; x_wconf 89' lang='lat' dir='ltr'><strong>diem</strong></span> <span class='ocrx_word' id='word_1_533' title='bbox 2812 2428 3055 2493; x_wconf 90' lang='lat' dir='ltr'><strong>Domini,</strong></span> <span class='ocrx_word' id='word_1_534' title='bbox 3099 2442 3153 2482; x_wconf 88' lang='lat' dir='ltr'><strong>et</strong></span> <span class='ocrx_word' id='word_1_535' title='bbox 3198 2427 3375 2493; x_wconf 86' lang='lat' dir='ltr'><strong>vidit,</strong></span> <span class='ocrx_word' id='word_1_536' title='bbox 3423 2435 3475 2480; x_wconf 86' lang='lat' dir='ltr'><strong>et</strong></span> <span class='ocrx_word' id='word_1_537' title='bbox 3533 2426 3752 2478; x_wconf 72' lang='lat' dir='ltr'><strong>Iactatus</strong></span> <span class='ocrx_word' id='word_1_538' title='bbox 3788 2430 3875 2475; x_wconf 81' lang='lat' dir='ltr'><strong>est</strong></span> 
     </span>
    </p>
   </div>
   <div class='ocr_carea' id='block_1_70' title="bbox 2265 2512 3875 2596">
    <p class='ocr_par' dir='ltr' id='par_1_70' title="bbox 2265 2512 3875 2596">
     <span class='ocr_line' id='line_1_70' title="bbox 2265 2512 3875 2596; baseline -0.006 -19"><span class='ocrx_word' id='word_1_539' title='bbox 2265 2522 2448 2596; x_wconf 83' lang='lat' dir='ltr'><strong>(Joan.</strong></span> <span class='ocrx_word' id='word_1_540' title='bbox 2480 2523 2613 2593; x_wconf 88' lang='lat' dir='ltr'><strong>vut).</strong></span> <span class='ocrx_word' id='word_1_541' title='bbox 2648 2522 2808 2579; x_wconf 89' lang='lat' dir='ltr'><strong>Unde</strong></span> <span class='ocrx_word' id='word_1_542' title='bbox 2834 2532 2888 2577; x_wconf 87' lang='lat' dir='ltr'><strong>et</strong></span> <span class='ocrx_word' id='word_1_543' title='bbox 2917 2521 2982 2576; x_wconf 86' lang='lat' dir='ltr'><strong>ad</strong></span> <span class='ocrx_word' id='word_1_544' title='bbox 3016 2520 3264 2575; x_wconf 79' lang='lat' dir='ltr'><strong>inﬁdeles</strong></span> <span class='ocrx_word' id='word_1_545' title='bbox 3293 2518 3510 2572; x_wconf 69' lang='lat' dir='ltr'><strong>Judmos</strong></span> <span class='ocrx_word' id='word_1_546' title='bbox 3538 2516 3744 2570; x_wconf 85' lang='lat' dir='ltr'><strong>dicitur</strong></span> <span class='ocrx_word' id='word_1_547' title='bbox 3773 2533 3784 2567; x_wconf 91' lang='lat'><strong>:</strong></span> <span class='ocrx_word' id='word_1_548' title='bbox 3813 2512 3875 2567; x_wconf 88' lang='lat' dir='ltr'><strong>Si</strong></span> 
     </span>
    </p>
   </div>
   <div class='ocr_carea' id='block_1_71' title="bbox 2267 2606 3872 2687">
    <p class='ocr_par' dir='ltr' id='par_1_71' title="bbox 2267 2606 3872 2687">
     <span class='ocr_line' id='line_1_71' title="bbox 2267 2606 3872 2687; baseline -0.006 -17"><span class='ocrx_word' id='word_1_549' title='bbox 2267 2617 2367 2684; x_wconf 75' lang='lat' dir='ltr'><strong>ﬁlii</strong></span> <span class='ocrx_word' id='word_1_550' title='bbox 2389 2617 2563 2671; x_wconf 75' lang='lat' dir='ltr'><strong>essetis</strong></span> <span class='ocrx_word' id='word_1_551' title='bbox 2589 2615 2828 2679; x_wconf 61' lang='lat' dir='ltr'><strong>Abrahae,</strong></span> <span class='ocrx_word' id='word_1_552' title='bbox 2865 2632 3019 2687; x_wconf 81' lang='lat' dir='ltr'><strong>Opera</strong></span> <span class='ocrx_word' id='word_1_553' title='bbox 3050 2612 3270 2667; x_wconf 73' lang='lat' dir='ltr'><strong>Abraha&#39;</strong></span> <span class='ocrx_word' id='word_1_554' title='bbox 3291 2611 3525 2682; x_wconf 73' lang='lat' dir='ltr'><strong>faceretis</strong></span> <span class='ocrx_word' id='word_1_555' title='bbox 3546 2606 3720 2676; x_wconf 83' lang='lat' dir='ltr'><strong>(Ibid.</strong></span> <span class='ocrx_word' id='word_1_556' title='bbox 3751 2606 3872 2675; x_wconf 74' lang='lat'><strong>59).</strong></span> 
     </span>
    </p>
   </div>
   <div class='ocr_carea' id='block_1_72' title="bbox 2266 2698 3875 2782">
    <p class='ocr_par' dir='ltr' id='par_1_72' title="bbox 2266 2698 3875 2782">
     <span class='ocr_line' id='line_1_72' title="bbox 2266 2698 3875 2782; baseline -0.006 -18"><span class='ocrx_word' id='word_1_557' title='bbox 2266 2710 2396 2778; x_wconf 56' lang='lat' dir='ltr'><strong>Quae</strong></span> <span class='ocrx_word' id='word_1_558' title='bbox 2418 2717 2598 2765; x_wconf 89' lang='lat' dir='ltr'><strong>autem</strong></span> <span class='ocrx_word' id='word_1_559' title='bbox 2614 2712 2716 2764; x_wconf 90' lang='lat' dir='ltr'><strong>alia</strong></span> <span class='ocrx_word' id='word_1_560' title='bbox 2745 2708 2867 2782; x_wconf 90' lang='lat' dir='ltr'><strong>(illo</strong></span> <span class='ocrx_word' id='word_1_561' title='bbox 2890 2709 2943 2763; x_wconf 87' lang='lat' dir='ltr'><strong>itt</strong></span> <span class='ocrx_word' id='word_1_562' title='bbox 2961 2718 3207 2777; x_wconf 86' lang='lat' dir='ltr'><strong>tempore</strong></span> <span class='ocrx_word' id='word_1_563' title='bbox 3227 2721 3350 2760; x_wconf 91' lang='lat' dir='ltr'><strong>cum</strong></span> <span class='ocrx_word' id='word_1_564' title='bbox 3375 2704 3489 2758; x_wconf 53' lang='lat' dir='ltr'><strong>haec</strong></span> <span class='ocrx_word' id='word_1_565' title='bbox 3515 2698 3875 2766; x_wconf 63' lang='lat' dir='ltr'><strong>dicebantur)</strong></span> 
     </span>
    </p>
   </div>
   <div class='ocr_carea' id='block_1_73' title="bbox 2266 2792 3873 2873">
    <p class='ocr_par' dir='ltr' id='par_1_73' title="bbox 2266 2792 3873 2873">
     <span class='ocr_line' id='line_1_73' title="bbox 2266 2792 3873 2873; baseline -0.007 -15"><span class='ocrx_word' id='word_1_566' title='bbox 2266 2804 2336 2858; x_wconf 90' lang='lat' dir='ltr'><strong>ab</strong></span> <span class='ocrx_word' id='word_1_567' title='bbox 2361 2804 2442 2858; x_wconf 89' lang='lat' dir='ltr'><strong>eis</strong></span> <span class='ocrx_word' id='word_1_568' title='bbox 2465 2817 2631 2873; x_wconf 89' lang='lat' dir='ltr'><strong>opera</strong></span> <span class='ocrx_word' id='word_1_569' title='bbox 2682 2803 2946 2856; x_wconf 91' lang='lat' dir='ltr'><strong>Dominus</strong></span> <span class='ocrx_word' id='word_1_570' title='bbox 2983 2799 3295 2869; x_wconf 80' lang='lat' dir='ltr'><strong>expetebat,</strong></span> <span class='ocrx_word' id='word_1_571' title='bbox 3327 2798 3431 2852; x_wconf 91' lang='lat' dir='ltr'><strong>nisi</strong></span> <span class='ocrx_word' id='word_1_572' title='bbox 3484 2792 3873 2849; x_wconf 59' lang='lat' dir='ltr'><strong>credulitatem</strong></span> 
     </span>
    </p>
   </div>
   <div class='ocr_carea' id='block_1_74' title="bbox 2268 2884 3877 2965">
    <p class='ocr_par' dir='ltr' id='par_1_74' title="bbox 2268 2884 3877 2965">
     <span class='ocr_line' id='line_1_74' title="bbox 2268 2884 3877 2965; baseline -0.008 -14"><span class='ocrx_word' id='word_1_573' title='bbox 2268 2897 2318 2951; x_wconf 88' lang='lat' dir='ltr'><strong>itt</strong></span> <span class='ocrx_word' id='word_1_574' title='bbox 2348 2896 2545 2951; x_wconf 89' lang='lat' dir='ltr'><strong>Filium</strong></span> <span class='ocrx_word' id='word_1_575' title='bbox 2573 2895 2688 2963; x_wconf 91' lang='lat' dir='ltr'><strong>Dei,</strong></span> <span class='ocrx_word' id='word_1_576' title='bbox 2725 2909 2884 2965; x_wconf 88' lang='lat' dir='ltr'><strong>quem</strong></span> <span class='ocrx_word' id='word_1_577' title='bbox 2919 2893 3078 2947; x_wconf 83' lang='lat' dir='ltr'><strong>Pater</strong></span> <span class='ocrx_word' id='word_1_578' title='bbox 3110 2893 3334 2945; x_wconf 90' lang='lat' dir='ltr'><strong>miserat</strong></span> <span class='ocrx_word' id='word_1_579' title='bbox 3362 2891 3672 2958; x_wconf 89' lang='lat' dir='ltr'><strong>loquentem</strong></span> <span class='ocrx_word' id='word_1_580' title='bbox 3722 2902 3733 2937; x_wconf 87' lang='lat'><em>:</em></span> <span class='ocrx_word' id='word_1_581' title='bbox 3769 2884 3877 2952; x_wconf 81' lang='lat' dir='ltr'><strong>Qui</strong></span> 
     </span>
    </p>
   </div>
   <div class='ocr_carea' id='block_1_75' title="bbox 2267 2978 3879 3052">
    <p class='ocr_par' dir='ltr' id='par_1_75' title="bbox 2267 2978 3879 3052">
     <span class='ocr_line' id='line_1_75' title="bbox 2267 2978 3879 3052; baseline -0.007 -9"><span class='ocrx_word' id='word_1_582' title='bbox 2267 2990 2425 3044; x_wconf 85' lang='lat' dir='ltr'><strong>credit</strong></span> <span class='ocrx_word' id='word_1_583' title='bbox 2456 2990 2507 3042; x_wconf 85' lang='lat' dir='ltr'><strong>in</strong></span> <span class='ocrx_word' id='word_1_584' title='bbox 2539 3005 2640 3052; x_wconf 90' lang='lat' dir='ltr'><strong>me,</strong></span> <span class='ocrx_word' id='word_1_585' title='bbox 2668 3004 2769 3041; x_wconf 83' lang='lat' dir='ltr'><strong>non</strong></span> <span class='ocrx_word' id='word_1_586' title='bbox 2800 2988 2963 3040; x_wconf 65' lang='lat' dir='ltr'><strong>credit</strong></span> <span class='ocrx_word' id='word_1_587' title='bbox 3003 2987 3056 3039; x_wconf 91' lang='lat' dir='ltr'><strong>in</strong></span> <span class='ocrx_word' id='word_1_588' title='bbox 3085 3003 3185 3049; x_wconf 88' lang='lat' dir='ltr'><strong>me,</strong></span> <span class='ocrx_word' id='word_1_589' title='bbox 3205 2984 3296 3039; x_wconf 88' lang='lat' dir='ltr'><strong>sed</strong></span> <span class='ocrx_word' id='word_1_590' title='bbox 3327 2983 3381 3036; x_wconf 91' lang='lat' dir='ltr'><strong>in</strong></span> <span class='ocrx_word' id='word_1_591' title='bbox 3417 2998 3533 3036; x_wconf 83' lang='lat' dir='ltr'><strong>eum</strong></span> <span class='ocrx_word' id='word_1_592' title='bbox 3557 2980 3646 3051; x_wconf 90' lang='lat' dir='ltr'><strong>qui</strong></span> <span class='ocrx_word' id='word_1_593' title='bbox 3672 2997 3759 3032; x_wconf 87' lang='lat' dir='ltr'><strong>me</strong></span> <span class='ocrx_word' id='word_1_594' title='bbox 3783 2978 3879 3032; x_wconf 83' lang='lat' dir='ltr'><strong>mi-</strong></span> 
     </span>
    </p>
   </div>
   <div class='ocr_carea' id='block_1_76' title="bbox 2270 3071 3879 3151">
    <p class='ocr_par' dir='ltr' id='par_1_76' title="bbox 2270 3071 3879 3151">
     <span class='ocr_line' id='line_1_76' title="bbox 2270 3071 3879 3151; baseline -0.007 -15"><span class='ocrx_word' id='word_1_595' title='bbox 2270 3082 2336 3136; x_wconf 87' lang='lat' dir='ltr'><strong>sit</strong></span> <span class='ocrx_word' id='word_1_596' title='bbox 2378 3080 2559 3151; x_wconf 81' lang='lat' dir='ltr'><strong>(Joan.</strong></span> <span class='ocrx_word' id='word_1_597' title='bbox 2596 3097 2690 3146; x_wconf 82' lang='lat' dir='ltr'><strong>xu,</strong></span> <span class='ocrx_word' id='word_1_598' title='bbox 2732 3079 2870 3151; x_wconf 69' lang='lat'><strong>44)?</strong></span> <span class='ocrx_word' id='word_1_599' title='bbox 2912 3078 3066 3134; x_wconf 88' lang='lat' dir='ltr'><strong>Unde</strong></span> <span class='ocrx_word' id='word_1_600' title='bbox 3094 3085 3150 3133; x_wconf 90' lang='lat' dir='ltr'><strong>et</strong></span> <span class='ocrx_word' id='word_1_601' title='bbox 3176 3078 3228 3132; x_wconf 88' lang='lat' dir='ltr'><strong>itt</strong></span> <span class='ocrx_word' id='word_1_602' title='bbox 3258 3077 3366 3130; x_wconf 91' lang='lat' dir='ltr'><strong>alio</strong></span> <span class='ocrx_word' id='word_1_603' title='bbox 3390 3076 3512 3130; x_wconf 89' lang='lat' dir='ltr'><strong>loco</strong></span> <span class='ocrx_word' id='word_1_604' title='bbox 3542 3073 3609 3128; x_wconf 89' lang='lat' dir='ltr'><strong>de</strong></span> <span class='ocrx_word' id='word_1_605' title='bbox 3648 3071 3879 3143; x_wconf 79' lang='lat' dir='ltr'><strong>generis</strong></span> 
     </span>
    </p>
   </div>
   <div class='ocr_carea' id='block_1_77' title="bbox 2273 3166 3880 3242">
    <p class='ocr_par' dir='ltr' id='par_1_77' title="bbox 2273 3166 3880 3242">
     <span class='ocr_line' id='line_1_77' title="bbox 2273 3166 3880 3242; baseline -0.008 -14"><span class='ocrx_word' id='word_1_606' title='bbox 2273 3173 2375 3228; x_wconf 90' lang='lat' dir='ltr'><strong>sibi</strong></span> <span class='ocrx_word' id='word_1_607' title='bbox 2406 3172 2749 3242; x_wconf 82' lang='lat' dir='ltr'><strong>antiquitate,</strong></span> <span class='ocrx_word' id='word_1_608' title='bbox 2781 3180 2836 3224; x_wconf 88' lang='lat' dir='ltr'><strong>et</strong></span> <span class='ocrx_word' id='word_1_609' title='bbox 2885 3170 3167 3225; x_wconf 89' lang='lat' dir='ltr'><strong>nobilitate</strong></span> <span class='ocrx_word' id='word_1_610' title='bbox 3216 3166 3598 3237; x_wconf 86' lang='lat' dir='ltr'><strong>plaudentibus</strong></span> <span class='ocrx_word' id='word_1_611' title='bbox 3640 3178 3880 3234; x_wconf 74' lang='lat' dir='ltr'><strong>respon-</strong></span> 
     </span>
    </p>
   </div>
   <div class='ocr_carea' id='block_1_78' title="bbox 2274 3258 3877 3334">
    <p class='ocr_par' dir='ltr' id='par_1_78' title="bbox 2274 3258 3877 3334">
     <span class='ocr_line' id='line_1_78' title="bbox 2274 3258 3877 3334; baseline -0.01 -10"><span class='ocrx_word' id='word_1_612' title='bbox 2274 3268 2434 3324; x_wconf 85' lang='lat' dir='ltr'><strong>detur</strong></span> <span class='ocrx_word' id='word_1_613' title='bbox 2464 3282 2476 3319; x_wconf 92' lang='lat'><strong>:</strong></span> <span class='ocrx_word' id='word_1_614' title='bbox 2513 3266 2579 3319; x_wconf 81' lang='lat' dir='ltr'><strong>Et</strong></span> <span class='ocrx_word' id='word_1_615' title='bbox 2602 3282 2664 3320; x_wconf 90' lang='lat' dir='ltr'><strong>ne</strong></span> <span class='ocrx_word' id='word_1_616' title='bbox 2687 3265 3079 3334; x_wconf 69' lang='lat' dir='ltr'><strong>dixrritis,quia</strong></span> <span class='ocrx_word' id='word_1_617' title='bbox 3102 3271 3300 3333; x_wconf 86' lang='lat' dir='ltr'><strong>patrem</strong></span> <span class='ocrx_word' id='word_1_618' title='bbox 3320 3261 3561 3314; x_wconf 85' lang='lat' dir='ltr'><strong>habemus</strong></span> <span class='ocrx_word' id='word_1_619' title='bbox 3584 3258 3877 3312; x_wconf 75' lang='lat' dir='ltr'><strong>Abraham.</strong></span> 
     </span>
    </p>
   </div>
   <div class='ocr_carea' id='block_1_79' title="bbox 2275 3351 3882 3428">
    <p class='ocr_par' dir='ltr' id='par_1_79' title="bbox 2275 3351 3882 3428">
     <span class='ocr_line' id='line_1_79' title="bbox 2275 3351 3882 3428; baseline -0.006 -14"><span class='ocrx_word' id='word_1_620' title='bbox 2275 3359 2452 3414; x_wconf 85' lang='lat' dir='ltr'><strong>Potest</strong></span> <span class='ocrx_word' id='word_1_621' title='bbox 2496 3359 2636 3413; x_wconf 85' lang='lat' dir='ltr'><strong>enim</strong></span> <span class='ocrx_word' id='word_1_622' title='bbox 2680 3357 2817 3413; x_wconf 88' lang='lat' dir='ltr'><strong>Deus</strong></span> <span class='ocrx_word' id='word_1_623' title='bbox 2877 3359 2940 3411; x_wconf 85' lang='lat' dir='ltr'><strong>de</strong></span> <span class='ocrx_word' id='word_1_624' title='bbox 2977 3355 3237 3428; x_wconf 82' lang='lat' dir='ltr'><strong>lapidibus</strong></span> <span class='ocrx_word' id='word_1_625' title='bbox 3288 3355 3402 3408; x_wconf 88' lang='lat' dir='ltr'><strong>istis</strong></span> <span class='ocrx_word' id='word_1_626' title='bbox 3431 3352 3678 3407; x_wconf 73' lang='lat' dir='ltr'><strong>suscitare</strong></span> <span class='ocrx_word' id='word_1_627' title='bbox 3732 3351 3882 3421; x_wconf 76' lang='lat' dir='ltr'><strong>[ilius</strong></span> 
     </span>
    </p>
   </div>
   <div class='ocr_carea' id='block_1_80' title="bbox 2274 3441 3887 3522">
    <p class='ocr_par' dir='ltr' id='par_1_80' title="bbox 2274 3441 3887 3522">
     <span class='ocr_line' id='line_1_80' title="bbox 2274 3441 3887 3522; baseline -0.007 -15"><span class='ocrx_word' id='word_1_628' title='bbox 2274 3453 2539 3508; x_wconf 85' lang='lat' dir='ltr'><strong>Abraham</strong></span> <span class='ocrx_word' id='word_1_629' title='bbox 2586 3450 2802 3522; x_wconf 79' lang='lat' dir='ltr'><strong>(Matth.</strong></span> <span class='ocrx_word' id='word_1_630' title='bbox 2831 3466 2912 3516; x_wconf 86' lang='lat' dir='ltr'><strong>nt,</strong></span> <span class='ocrx_word' id='word_1_631' title='bbox 2945 3448 3023 3519; x_wconf 92' lang='lat'><strong>9).</strong></span> <span class='ocrx_word' id='word_1_632' title='bbox 3058 3447 3292 3520; x_wconf 86' lang='lat' dir='ltr'><strong>Lapides</strong></span> <span class='ocrx_word' id='word_1_633' title='bbox 3332 3445 3405 3501; x_wconf 90' lang='lat' dir='ltr'><strong>ibi</strong></span> <span class='ocrx_word' id='word_1_634' title='bbox 3433 3459 3596 3500; x_wconf 90' lang='lat' dir='ltr'><strong>nemo</strong></span> <span class='ocrx_word' id='word_1_635' title='bbox 3648 3441 3887 3511; x_wconf 68' lang='lat' dir='ltr'><strong>ambigit</strong></span> 
     </span>
    </p>
   </div>
   <div class='ocr_carea' id='block_1_81' title="bbox 2276 3535 3885 3618">
    <p class='ocr_par' dir='ltr' id='par_1_81' title="bbox 2276 3535 3885 3618">
     <span class='ocr_line' id='line_1_81' title="bbox 2276 3535 3885 3618; baseline -0.01 -16"><span class='ocrx_word' id='word_1_636' title='bbox 2276 3547 2411 3601; x_wconf 85' lang='lat' dir='ltr'><strong>dura</strong></span> <span class='ocrx_word' id='word_1_637' title='bbox 2445 3546 2741 3618; x_wconf 89' lang='lat' dir='ltr'><strong>signiﬁcari</strong></span> <span class='ocrx_word' id='word_1_638' title='bbox 2780 3545 2944 3599; x_wconf 88' lang='lat' dir='ltr'><strong>corda</strong></span> <span class='ocrx_word' id='word_1_639' title='bbox 2974 3541 3290 3607; x_wconf 88' lang='lat' dir='ltr'><strong>Gentilium,</strong></span> <span class='ocrx_word' id='word_1_640' title='bbox 3342 3554 3463 3609; x_wconf 70' lang='lat' dir='ltr'><strong>qua:</strong></span> <span class='ocrx_word' id='word_1_641' title='bbox 3494 3535 3697 3592; x_wconf 83' lang='lat' dir='ltr'><strong>mollita</strong></span> <span class='ocrx_word' id='word_1_642' title='bbox 3753 3544 3885 3589; x_wconf 83' lang='lat' dir='ltr'><strong>sunt</strong></span> 
     </span>
    </p>
   </div>
   <div class='ocr_carea' id='block_1_82' title="bbox 2278 3628 3886 3713">
    <p class='ocr_par' dir='ltr' id='par_1_82' title="bbox 2278 3628 3886 3713">
     <span class='ocr_line' id='line_1_82' title="bbox 2278 3628 3886 3713; baseline -0.01 -17"><span class='ocrx_word' id='word_1_643' title='bbox 2278 3654 2524 3713; x_wconf 82' lang='lat' dir='ltr'><strong>postea,</strong></span> <span class='ocrx_word' id='word_1_644' title='bbox 2584 3650 2641 3695; x_wconf 91' lang='lat' dir='ltr'><strong>et</strong></span> <span class='ocrx_word' id='word_1_645' title='bbox 2695 3638 2818 3693; x_wconf 88' lang='lat' dir='ltr'><strong>ﬁdei</strong></span> <span class='ocrx_word' id='word_1_646' title='bbox 2880 3652 3138 3706; x_wconf 88' lang='lat' dir='ltr'><strong>recepere</strong></span> <span class='ocrx_word' id='word_1_647' title='bbox 3201 3632 3567 3706; x_wconf 89' lang='lat' dir='ltr'><strong>signaculum.</strong></span> <span class='ocrx_word' id='word_1_648' title='bbox 3629 3628 3886 3684; x_wconf 82' lang='lat' dir='ltr'><strong>Virtutes</strong></span> 
     </span>
    </p>
   </div>
   <div class='ocr_carea' id='block_1_83' title="bbox 2279 3722 3888 3803">
    <p class='ocr_par' dir='ltr' id='par_1_83' title="bbox 2279 3722 3888 3803">
     <span class='ocr_line' id='line_1_83' title="bbox 2279 3722 3888 3803; baseline -0.011 -13"><span class='ocrx_word' id='word_1_649' title='bbox 2279 3734 2551 3792; x_wconf 82' lang='lat' dir='ltr'><strong>Abraham</strong></span> <span class='ocrx_word' id='word_1_650' title='bbox 2598 3735 2649 3788; x_wconf 88' lang='lat' dir='ltr'><strong>itt</strong></span> <span class='ocrx_word' id='word_1_651' title='bbox 2683 3732 2878 3803; x_wconf 87' lang='lat' dir='ltr'><strong>quibus</strong></span> <span class='ocrx_word' id='word_1_652' title='bbox 2935 3741 3062 3784; x_wconf 87' lang='lat' dir='ltr'><strong>ante</strong></span> <span class='ocrx_word' id='word_1_653' title='bbox 3102 3727 3579 3783; x_wconf 89' lang='lat' dir='ltr'><strong>circumcisionem</strong></span> <span class='ocrx_word' id='word_1_654' title='bbox 3621 3723 3737 3776; x_wconf 91' lang='lat' dir='ltr'><strong>Deo</strong></span> <span class='ocrx_word' id='word_1_655' title='bbox 3768 3722 3888 3791; x_wconf 86' lang='lat' dir='ltr'><strong>pla-</strong></span> 
     </span>
    </p>
   </div>
   <div class='ocr_carea' id='block_1_84' title="bbox 2278 3811 3889 3896">
    <p class='ocr_par' dir='ltr' id='par_1_84' title="bbox 2278 3811 3889 3896">
     <span class='ocr_line' id='line_1_84' title="bbox 2278 3811 3889 3896; baseline -0.012 -13"><span class='ocrx_word' id='word_1_656' title='bbox 2278 3829 2410 3891; x_wconf 87' lang='lat' dir='ltr'><strong>cuit,</strong></span> <span class='ocrx_word' id='word_1_657' title='bbox 2435 3827 2669 3896; x_wconf 86' lang='lat' dir='ltr'><strong>diligens</strong></span> <span class='ocrx_word' id='word_1_658' title='bbox 2700 3824 2875 3879; x_wconf 83' lang='lat' dir='ltr'><strong>lcetor</strong></span> <span class='ocrx_word' id='word_1_659' title='bbox 2896 3835 3181 3884; x_wconf 88' lang='lat' dir='ltr'><strong>enumera,</strong></span> <span class='ocrx_word' id='word_1_660' title='bbox 3210 3827 3266 3872; x_wconf 92' lang='lat' dir='ltr'><strong>et</strong></span> <span class='ocrx_word' id='word_1_661' title='bbox 3305 3828 3673 3884; x_wconf 84' lang='lat' dir='ltr'><strong>quoscumque</strong></span> <span class='ocrx_word' id='word_1_662' title='bbox 3721 3812 3779 3866; x_wconf 91' lang='lat' dir='ltr'><strong>in</strong></span> <span class='ocrx_word' id='word_1_663' title='bbox 3815 3811 3889 3863; x_wconf 83' lang='lat' dir='ltr'><strong>si-</strong></span> 
     </span>
    </p>
   </div>
   <div class='ocr_carea' id='block_1_85' title="bbox 2282 3905 3887 3991">
    <p class='ocr_par' dir='ltr' id='par_1_85' title="bbox 2282 3905 3887 3991">
     <span class='ocr_line' id='line_1_85' title="bbox 2282 3905 3887 3991; baseline -0.011 -16"><span class='ocrx_word' id='word_1_664' title='bbox 2282 3921 2396 3975; x_wconf 91' lang='lat' dir='ltr'><strong>mili</strong></span> <span class='ocrx_word' id='word_1_665' title='bbox 2416 3934 2580 3991; x_wconf 87' lang='lat' dir='ltr'><strong>opere</strong></span> <span class='ocrx_word' id='word_1_666' title='bbox 2603 3916 2897 3987; x_wconf 86' lang='lat' dir='ltr'><strong>repereris,</strong></span> <span class='ocrx_word' id='word_1_667' title='bbox 2924 3913 3090 3967; x_wconf 90' lang='lat' dir='ltr'><strong>dicito</strong></span> <span class='ocrx_word' id='word_1_668' title='bbox 3122 3910 3261 3965; x_wconf 89' lang='lat' dir='ltr'><strong>ﬁlios</strong></span> <span class='ocrx_word' id='word_1_669' title='bbox 3312 3921 3435 3961; x_wconf 85' lang='lat' dir='ltr'><strong>esse</strong></span> <span class='ocrx_word' id='word_1_670' title='bbox 3462 3906 3765 3971; x_wconf 84' lang='lat' dir='ltr'><strong>Abraham,</strong></span> <span class='ocrx_word' id='word_1_671' title='bbox 3799 3905 3887 3971; x_wconf 88' lang='lat' dir='ltr'><strong>ju-</strong></span> 
     </span>
    </p>
   </div>
   <div class='ocr_carea' id='block_1_86' title="bbox 2278 3998 3889 4079">
    <p class='ocr_par' dir='ltr' id='par_1_86' title="bbox 2278 3998 3889 4079">
     <span class='ocr_line' id='line_1_86' title="bbox 2278 3998 3889 4079; baseline -0.013 -8"><span class='ocrx_word' id='word_1_672' title='bbox 2278 4013 2498 4070; x_wconf 85' lang='lat' dir='ltr'><strong>stiﬁeati</strong></span> <span class='ocrx_word' id='word_1_673' title='bbox 2543 4013 2597 4067; x_wconf 90' lang='lat' dir='ltr'><strong>in</strong></span> <span class='ocrx_word' id='word_1_674' title='bbox 2652 4008 2938 4079; x_wconf 69' lang='lat' dir='ltr'><strong>praeputio,</strong></span> <span class='ocrx_word' id='word_1_675' title='bbox 2973 4005 3067 4075; x_wconf 91' lang='lat' dir='ltr'><strong>qui</strong></span> <span class='ocrx_word' id='word_1_676' title='bbox 3123 4000 3597 4057; x_wconf 88' lang='lat' dir='ltr'><strong>circumcisionem</strong></span> <span class='ocrx_word' id='word_1_677' title='bbox 3649 4013 3762 4052; x_wconf 88' lang='lat' dir='ltr'><strong>non</strong></span> <span class='ocrx_word' id='word_1_678' title='bbox 3817 3998 3889 4050; x_wconf 86' lang='lat' dir='ltr'><strong>ob</strong></span> 
     </span>
    </p>
   </div>
   <div class='ocr_carea' id='block_1_87' title="bbox 2281 4090 3889 4170">
    <p class='ocr_par' dir='ltr' id='par_1_87' title="bbox 2281 4090 3889 4170">
     <span class='ocr_line' id='line_1_87' title="bbox 2281 4090 3889 4170; baseline -0.012 -8"><span class='ocrx_word' id='word_1_679' title='bbox 2281 4108 2534 4162; x_wconf 92' lang='lat' dir='ltr'><strong>meritum</strong></span> <span class='ocrx_word' id='word_1_680' title='bbox 2586 4115 2839 4170; x_wconf 90' lang='lat' dir='ltr'><strong>operum,</strong></span> <span class='ocrx_word' id='word_1_681' title='bbox 2874 4098 2968 4152; x_wconf 91' lang='lat' dir='ltr'><strong>sed</strong></span> <span class='ocrx_word' id='word_1_682' title='bbox 3004 4096 3057 4150; x_wconf 92' lang='lat' dir='ltr'><strong>in</strong></span> <span class='ocrx_word' id='word_1_683' title='bbox 3086 4097 3306 4165; x_wconf 87' lang='lat' dir='ltr'><strong>signum</strong></span> <span class='ocrx_word' id='word_1_684' title='bbox 3341 4092 3464 4147; x_wconf 89' lang='lat' dir='ltr'><strong>ﬁdei</strong></span> <span class='ocrx_word' id='word_1_685' title='bbox 3497 4090 3696 4161; x_wconf 82' lang='lat' dir='ltr'><strong>prioris</strong></span> <span class='ocrx_word' id='word_1_686' title='bbox 3724 4105 3889 4143; x_wconf 84' lang='lat' dir='ltr'><strong>acce-</strong></span> 
     </span>
    </p>
   </div>
   <div class='ocr_carea' id='block_1_88' title="bbox 2280 4182 3881 4271">
    <p class='ocr_par' dir='ltr' id='par_1_88' title="bbox 2280 4182 3881 4271">
     <span class='ocr_line' id='line_1_88' title="bbox 2280 4182 3881 4271; baseline -0.015 -16"><span class='ocrx_word' id='word_1_687' title='bbox 2280 4201 2380 4271; x_wconf 90' lang='lat' dir='ltr'><strong>pit.</strong></span> <span class='ocrx_word' id='word_1_688' title='bbox 2403 4198 2538 4266; x_wconf 86' lang='lat' dir='ltr'><strong>Quia</strong></span> <span class='ocrx_word' id='word_1_689' title='bbox 2567 4197 2712 4250; x_wconf 91' lang='lat' dir='ltr'><strong>enim</strong></span> <span class='ocrx_word' id='word_1_690' title='bbox 2743 4208 2809 4247; x_wconf 82' lang='lat' dir='ltr'><strong>ex</strong></span> <span class='ocrx_word' id='word_1_691' title='bbox 2846 4188 3055 4245; x_wconf 87' lang='lat' dir='ltr'><strong>semine</strong></span> <span class='ocrx_word' id='word_1_692' title='bbox 3084 4187 3202 4259; x_wconf 83' lang='lat' dir='ltr'><strong>ejus</strong></span> <span class='ocrx_word' id='word_1_693' title='bbox 3235 4196 3357 4241; x_wconf 91' lang='lat' dir='ltr'><strong>erat</strong></span> <span class='ocrx_word' id='word_1_694' title='bbox 3383 4182 3639 4239; x_wconf 80' lang='lat' dir='ltr'><strong>Cbrisms</strong></span> <span class='ocrx_word' id='word_1_695' title='bbox 3691 4182 3881 4235; x_wconf 84' lang='lat' dir='ltr'><strong>oriun-</strong></span> 
     </span>
    </p>
   </div>
   <div class='ocr_carea' id='block_1_89' title="bbox 2282 4270 3885 4363">
    <p class='ocr_par' dir='ltr' id='par_1_89' title="bbox 2282 4270 3885 4363">
     <span class='ocr_line' id='line_1_89' title="bbox 2282 4270 3885 4363; baseline -0.016 -14"><span class='ocrx_word' id='word_1_696' title='bbox 2282 4270 2382 4349; x_wconf 86' lang='lat' dir='ltr'><strong>dus</strong></span> <span class='ocrx_word' id='word_1_697' title='bbox 2408 4290 2485 4363; x_wconf 92' lang='lat' dir='ltr'><strong>(in</strong></span> <span class='ocrx_word' id='word_1_698' title='bbox 2514 4303 2623 4359; x_wconf 90' lang='lat' dir='ltr'><strong>quo</strong></span> <span class='ocrx_word' id='word_1_699' title='bbox 2648 4286 3033 4340; x_wconf 80' lang='lat' dir='ltr'><strong>universarum</strong></span> <span class='ocrx_word' id='word_1_700' title='bbox 3061 4279 3318 4336; x_wconf 81' lang='lat' dir='ltr'><strong>Gentium</strong></span> <span class='ocrx_word' id='word_1_701' title='bbox 3348 4275 3529 4332; x_wconf 80' lang='lat' dir='ltr'><strong>fuerat</strong></span> <span class='ocrx_word' id='word_1_702' title='bbox 3570 4270 3885 4328; x_wconf 60' lang='lat' dir='ltr'><strong>benedictio</strong></span> 
     </span>
    </p>
   </div>
   <div class='ocr_carea' id='block_1_90' title="bbox 2284 4365 3883 4453">
    <p class='ocr_par' dir='ltr' id='par_1_90' title="bbox 2284 4365 3883 4453">
     <span class='ocr_line' id='line_1_90' title="bbox 2284 4365 3883 4453; baseline -0.016 -14"><span class='ocrx_word' id='word_1_703' title='bbox 2284 4380 2660 4453; x_wconf 87' lang='lat' dir='ltr'><strong>repromissa,</strong></span> <span class='ocrx_word' id='word_1_704' title='bbox 2711 4388 2768 4432; x_wconf 91' lang='lat' dir='ltr'><strong>et</strong></span> <span class='ocrx_word' id='word_1_705' title='bbox 2810 4376 2877 4430; x_wconf 91' lang='lat' dir='ltr'><strong>ab</strong></span> <span class='ocrx_word' id='word_1_706' title='bbox 2926 4373 3203 4429; x_wconf 82' lang='lat' dir='ltr'><strong>Abraham</strong></span> <span class='ocrx_word' id='word_1_707' title='bbox 3252 4386 3423 4440; x_wconf 79' lang='lat' dir='ltr'><strong>uSque</strong></span> <span class='ocrx_word' id='word_1_708' title='bbox 3480 4367 3548 4421; x_wconf 91' lang='lat' dir='ltr'><strong>ad</strong></span> <span class='ocrx_word' id='word_1_709' title='bbox 3600 4365 3883 4421; x_wconf 88' lang='lat' dir='ltr'><strong>Christum</strong></span> 
     </span>
    </p>
   </div>
   <div class='ocr_carea' id='block_1_91' title="bbox 2286 4458 3883 4537">
    <p class='ocr_par' dir='ltr' id='par_1_91' title="bbox 2286 4458 3883 4537">
     <span class='ocr_line' id='line_1_91' title="bbox 2286 4458 3883 4537; baseline -0.013 -6"><span class='ocrx_word' id='word_1_710' title='bbox 2286 4476 2453 4531; x_wconf 84' lang='lat' dir='ltr'><strong>multa</strong></span> <span class='ocrx_word' id='word_1_711' title='bbox 2481 4481 2636 4527; x_wconf 84' lang='lat' dir='ltr'><strong>erant</strong></span> <span class='ocrx_word' id='word_1_712' title='bbox 2679 4468 2876 4526; x_wconf 61' lang='lat' dir='ltr'><strong>saecula</strong></span> <span class='ocrx_word' id='word_1_713' title='bbox 2906 4462 3252 4537; x_wconf 87' lang='lat' dir='ltr'><strong>transitura).</strong></span> <span class='ocrx_word' id='word_1_714' title='bbox 3283 4459 3571 4533; x_wconf 86' lang='lat' dir='ltr'><strong>providens</strong></span> <span class='ocrx_word' id='word_1_715' title='bbox 3607 4458 3771 4524; x_wconf 88' lang='lat' dir='ltr'><strong>Deus,</strong></span> <span class='ocrx_word' id='word_1_716' title='bbox 3820 4470 3883 4510; x_wconf 82' lang='lat' dir='ltr'><strong>ne</strong></span> 
     </span>
    </p>
   </div>
   <div class='ocr_carea' id='block_1_92' title="bbox 580 4551 3880 4645">
    <p class='ocr_par' dir='ltr' id='par_1_92' title="bbox 580 4551 3880 4645">
     <span class='ocr_line' id='line_1_92' title="bbox 580 4551 3880 4645; baseline -0.007 -21"><span class='ocrx_word' id='word_1_717' title='bbox 580 4579 988 4640; x_wconf 86' lang='lat' dir='ltr'><strong>conquerente:</strong></span> <span class='ocrx_word' id='word_1_718' title='bbox 1017 4569 1337 4643; x_wconf 72' lang='lat' dir='ltr'><strong>Prwceptor,</strong></span> <span class='ocrx_word' id='word_1_719' title='bbox 1362 4572 1583 4628; x_wconf 79' lang='lat' dir='ltr'><strong>vidimus</strong></span> <span class='ocrx_word' id='word_1_720' title='bbox 1596 4575 1871 4645; x_wconf 87' lang='lat' dir='ltr'><strong>quemdam</strong></span> <span class='ocrx_word' id='word_1_721' title='bbox 1892 4576 1946 4629; x_wconf 83' lang='lat' dir='ltr'><strong>in</strong></span> <span class='ocrx_word' id='word_1_722' title='bbox 1975 4577 2183 4631; x_wconf 84' lang='lat' dir='ltr'><strong>nomine</strong></span> <span class='ocrx_word' id='word_1_723' title='bbox 2208 4551 2263 4613; x_wconf 79' lang='grc' dir='ltr'>Ῐ)</span> <span class='ocrx_word' id='word_1_724' title='bbox 2288 4569 2509 4627; x_wconf 85' lang='lat' dir='ltr'><strong>soboles</strong></span> <span class='ocrx_word' id='word_1_725' title='bbox 2532 4565 2717 4621; x_wconf 89' lang='lat' dir='ltr'><strong>dilecti</strong></span> <span class='ocrx_word' id='word_1_726' title='bbox 2747 4561 2977 4619; x_wconf 67' lang='lat' dir='ltr'><strong>Abrahae</strong></span> <span class='ocrx_word' id='word_1_727' title='bbox 3002 4561 3216 4613; x_wconf 82' lang='lat' dir='ltr'><strong>c:rteris</strong></span> <span class='ocrx_word' id='word_1_728' title='bbox 3242 4554 3558 4645; x_wconf 83' lang='lat' dir='ltr'><strong>nationibus</strong></span> <span class='ocrx_word' id='word_1_729' title='bbox 3589 4552 3880 4605; x_wconf 57' lang='lat' dir='ltr'><strong>tuisccrt-u-</strong></span> 
     </span>
    </p>
   </div>
   <div class='ocr_carea' id='block_1_93' title="bbox 584 4663 2180 4739">
    <p class='ocr_par' dir='ltr' id='par_1_93' title="bbox 584 4663 2180 4739">
     <span class='ocr_line' id='line_1_93' title="bbox 584 4663 2180 4739; baseline 0.002 -20"><span class='ocrx_word' id='word_1_730' title='bbox 584 4672 673 4719; x_wconf 88' lang='lat' dir='ltr'><strong>tuo</strong></span> <span class='ocrx_word' id='word_1_731' title='bbox 700 4663 988 4728; x_wconf 84' lang='lat' dir='ltr'><strong>eiicientem</strong></span> <span class='ocrx_word' id='word_1_732' title='bbox 1018 4665 1358 4731; x_wconf 78' lang='lat' dir='ltr'><strong>dtrmonia,et</strong></span> <span class='ocrx_word' id='word_1_733' title='bbox 1390 4665 1749 4738; x_wconf 84' lang='lat' dir='ltr'><strong>prohibuimus</strong></span> <span class='ocrx_word' id='word_1_734' title='bbox 1789 4684 1906 4722; x_wconf 84' lang='lat' dir='ltr'><strong>eum</strong></span> <span class='ocrx_word' id='word_1_735' title='bbox 1926 4669 2049 4739; x_wconf 86' lang='lat' dir='ltr'><strong>quia</strong></span> <span class='ocrx_word' id='word_1_736' title='bbox 2076 4685 2180 4722; x_wconf 86' lang='lat' dir='ltr'><strong>non</strong></span> 
     </span>
    </p>
   </div>
   <div class='ocr_carea' id='block_1_94' title="bbox 582 4757 2179 4831">
    <p class='ocr_par' dir='ltr' id='par_1_94' title="bbox 582 4757 2179 4831">
     <span class='ocr_line' id='line_1_94' title="bbox 582 4757 2179 4831; baseline 0.002 -20"><span class='ocrx_word' id='word_1_737' title='bbox 582 4757 815 4830; x_wconf 83' lang='lat' dir='ltr'><strong>sequitur</strong></span> <span class='ocrx_word' id='word_1_738' title='bbox 832 4757 1095 4813; x_wconf 86' lang='lat' dir='ltr'><strong>nobiscum</strong></span> <span class='ocrx_word' id='word_1_739' title='bbox 1116 4757 1311 4831; x_wconf 79' lang='lat' dir='ltr'><strong>(Marc.</strong></span> <span class='ocrx_word' id='word_1_740' title='bbox 1341 4775 1426 4825; x_wconf 78' lang='lat' dir='ltr'><strong>Ix,</strong></span> <span class='ocrx_word' id='word_1_741' title='bbox 1453 4759 1571 4829; x_wconf 77' lang='grc'>57).</span> <span class='ocrx_word' id='word_1_742' title='bbox 1598 4760 1711 4816; x_wconf 83' lang='lat' dir='ltr'><strong>Hoc</strong></span> <span class='ocrx_word' id='word_1_743' title='bbox 1741 4760 2033 4815; x_wconf 88' lang='lat' dir='ltr'><strong>adversum</strong></span> <span class='ocrx_word' id='word_1_744' title='bbox 2064 4759 2179 4814; x_wconf 76' lang='lat' dir='ltr'><strong>hze-</strong></span> 
     </span>
    </p>
   </div>
   <div class='ocr_carea' id='block_1_95' title="bbox 581 4850 2181 4922">
    <p class='ocr_par' dir='ltr' id='par_1_95' title="bbox 581 4850 2181 4922">
     <span class='ocr_line' id='line_1_95' title="bbox 581 4850 2181 4922; baseline -0.001 -14"><span class='ocrx_word' id='word_1_745' title='bbox 581 4851 810 4916; x_wconf 86' lang='lat' dir='ltr'><strong>reticos,</strong></span> <span class='ocrx_word' id='word_1_746' title='bbox 857 4850 948 4920; x_wconf 91' lang='lat' dir='ltr'><strong>qui</strong></span> <span class='ocrx_word' id='word_1_747' title='bbox 980 4850 1362 4922; x_wconf 88' lang='lat' dir='ltr'><strong>probationem</strong></span> <span class='ocrx_word' id='word_1_748' title='bbox 1391 4853 1514 4908; x_wconf 85' lang='lat' dir='ltr'><strong>ﬁdei</strong></span> <span class='ocrx_word' id='word_1_749' title='bbox 1562 4867 1677 4909; x_wconf 71' lang='lat' dir='ltr'><strong>sua:</strong></span> <span class='ocrx_word' id='word_1_750' title='bbox 1702 4870 1770 4908; x_wconf 81' lang='lat' dir='ltr'><strong>ex</strong></span> <span class='ocrx_word' id='word_1_751' title='bbox 1797 4868 1862 4908; x_wconf 91' lang='lat' dir='ltr'><strong>eo</strong></span> <span class='ocrx_word' id='word_1_752' title='bbox 1887 4856 1933 4908; x_wconf 91' lang='lat' dir='ltr'><strong>si</strong></span> <span class='ocrx_word' id='word_1_753' title='bbox 1965 4851 2181 4922; x_wconf 87' lang='lat' dir='ltr'><strong>signum</strong></span> 
     </span>
    </p>
   </div>
   <div class='ocr_carea' id='block_1_96' title="bbox 584 4942 2184 5016">
    <p class='ocr_par' dir='ltr' id='par_1_96' title="bbox 584 4942 2184 5016">
     <span class='ocr_line' id='line_1_96' title="bbox 584 4942 2184 5016; baseline -0.001 -17"><span class='ocrx_word' id='word_1_754' title='bbox 584 4943 805 5016; x_wconf 88' lang='lat' dir='ltr'><strong>aliquod</strong></span> <span class='ocrx_word' id='word_1_755' title='bbox 832 4942 1084 5012; x_wconf 80' lang='lat' dir='ltr'><strong>fecerint,</strong></span> <span class='ocrx_word' id='word_1_756' title='bbox 1116 4944 1475 5001; x_wconf 87' lang='lat' dir='ltr'><strong>arbitrantur.</strong></span> <span class='ocrx_word' id='word_1_757' title='bbox 1524 4946 1626 5012; x_wconf 88' lang='lat' dir='ltr'><strong>Qui</strong></span> <span class='ocrx_word' id='word_1_758' title='bbox 1656 4962 1779 5001; x_wconf 92' lang='lat' dir='ltr'><strong>cum</strong></span> <span class='ocrx_word' id='word_1_759' title='bbox 1822 4945 2184 5002; x_wconf 84' lang='lat' dir='ltr'><strong>rnanducave-</strong></span> 
     </span>
    </p>
   </div>
   <div class='ocr_carea' id='block_1_97' title="bbox 587 5036 2187 5108">
    <p class='ocr_par' dir='ltr' id='par_1_97' title="bbox 587 5036 2187 5108">
     <span class='ocr_line' id='line_1_97' title="bbox 587 5036 2187 5108; baseline -0.002 -15"><span class='ocrx_word' id='word_1_760' title='bbox 587 5038 703 5093; x_wconf 86' lang='lat' dir='ltr'><strong>rint</strong></span> <span class='ocrx_word' id='word_1_761' title='bbox 729 5044 786 5093; x_wconf 86' lang='lat' dir='ltr'><strong>et</strong></span> <span class='ocrx_word' id='word_1_762' title='bbox 810 5037 1116 5094; x_wconf 88' lang='lat' dir='ltr'><strong>biberintin</strong></span> <span class='ocrx_word' id='word_1_763' title='bbox 1151 5040 1373 5095; x_wconf 90' lang='lat' dir='ltr'><strong>nomine</strong></span> <span class='ocrx_word' id='word_1_764' title='bbox 1403 5039 1616 5093; x_wconf 90' lang='lat' dir='ltr'><strong>Domini</strong></span> <span class='ocrx_word' id='word_1_765' title='bbox 1651 5037 1876 5108; x_wconf 78' lang='lat' dir='ltr'><strong>(habent</strong></span> <span class='ocrx_word' id='word_1_766' title='bbox 1902 5036 2107 5105; x_wconf 89' lang='lat' dir='ltr'><strong>quippe</strong></span> <span class='ocrx_word' id='word_1_767' title='bbox 2131 5046 2187 5090; x_wconf 83' lang='lat' dir='ltr'><strong>et</strong></span> 
     </span>
    </p>
   </div>
   <div class='ocr_carea' id='block_1_98' title="bbox 584 5128 2191 5202">
    <p class='ocr_par' dir='ltr' id='par_1_98' title="bbox 584 5128 2191 5202">
     <span class='ocr_line' id='line_1_98' title="bbox 584 5128 2191 5202; baseline -0.003 -16"><span class='ocrx_word' id='word_1_768' title='bbox 584 5128 693 5202; x_wconf 86' lang='lat' dir='ltr'><strong>ipsi</strong></span> <span class='ocrx_word' id='word_1_769' title='bbox 714 5131 887 5186; x_wconf 87' lang='lat' dir='ltr'><strong>altare</strong></span> <span class='ocrx_word' id='word_1_770' title='bbox 912 5130 1283 5202; x_wconf 82' lang='lat' dir='ltr'><strong>sacrilegum),</strong></span> <span class='ocrx_word' id='word_1_771' title='bbox 1311 5142 1366 5186; x_wconf 92' lang='lat' dir='ltr'><strong>et</strong></span> <span class='ocrx_word' id='word_1_772' title='bbox 1391 5131 1762 5202; x_wconf 85' lang='lat' dir='ltr'><strong>signa&#39;multa,</strong></span> <span class='ocrx_word' id='word_1_773' title='bbox 1794 5130 2049 5184; x_wconf 76' lang='lat' dir='ltr'><strong>invocato</strong></span> <span class='ocrx_word' id='word_1_774' title='bbox 2067 5129 2191 5183; x_wconf 76' lang='lat' dir='ltr'><strong>Sal-</strong></span> 
     </span>
    </p>
   </div>
   <div class='ocr_carea' id='block_1_99' title="bbox 589 5219 2189 5291">
    <p class='ocr_par' dir='ltr' id='par_1_99' title="bbox 589 5219 2189 5291">
     <span class='ocr_line' id='line_1_99' title="bbox 589 5219 2189 5291; baseline -0.005 -11"><span class='ocrx_word' id='word_1_775' title='bbox 589 5234 799 5290; x_wconf 87' lang='lat' dir='ltr'><strong>vatore,</strong></span> <span class='ocrx_word' id='word_1_776' title='bbox 832 5222 1030 5278; x_wconf 82' lang='lat' dir='ltr'><strong>iecisse</strong></span> <span class='ocrx_word' id='word_1_777' title='bbox 1076 5238 1135 5278; x_wconf 89' lang='lat' dir='ltr'><strong>se</strong></span> <span class='ocrx_word' id='word_1_778' title='bbox 1187 5222 1417 5291; x_wconf 84' lang='lat' dir='ltr'><strong>jactent,</strong></span> <span class='ocrx_word' id='word_1_779' title='bbox 1449 5223 1503 5277; x_wconf 93' lang='lat' dir='ltr'><strong>in</strong></span> <span class='ocrx_word' id='word_1_780' title='bbox 1551 5222 1641 5276; x_wconf 91' lang='lat' dir='ltr'><strong>die</strong></span> <span class='ocrx_word' id='word_1_781' title='bbox 1666 5221 1857 5291; x_wconf 88' lang='lat' dir='ltr'><strong>judicii</strong></span> <span class='ocrx_word' id='word_1_782' title='bbox 1890 5219 2189 5274; x_wconf 91' lang='lat' dir='ltr'><strong>merebun-</strong></span> 
     </span>
    </p>
   </div>
   <div class='ocr_carea' id='block_1_100' title="bbox 588 5314 2190 5385">
    <p class='ocr_par' dir='ltr' id='par_1_100' title="bbox 588 5314 2190 5385">
     <span class='ocr_line' id='line_1_100' title="bbox 588 5314 2190 5385; baseline -0.003 -13"><span class='ocrx_word' id='word_1_783' title='bbox 588 5326 680 5372; x_wconf 85' lang='lat' dir='ltr'><strong>tur</strong></span> <span class='ocrx_word' id='word_1_784' title='bbox 707 5315 936 5372; x_wconf 88' lang='lat' dir='ltr'><strong>audire:</strong></span> <span class='ocrx_word' id='word_1_785' title='bbox 976 5315 1099 5370; x_wconf 86' lang='lat' dir='ltr'><strong>Non</strong></span> <span class='ocrx_word' id='word_1_786' title='bbox 1126 5317 1245 5369; x_wconf 81' lang='lat' dir='ltr'><strong>novi</strong></span> <span class='ocrx_word' id='word_1_787' title='bbox 1281 5332 1391 5381; x_wconf 81' lang='lat' dir='ltr'><strong>vos,</strong></span> <span class='ocrx_word' id='word_1_788' title='bbox 1432 5316 1683 5370; x_wconf 84' lang='lat' dir='ltr'><strong>discedite</strong></span> <span class='ocrx_word' id='word_1_789' title='bbox 1708 5334 1739 5370; x_wconf 92' lang='lat' dir='ltr'><strong>a</strong></span> <span class='ocrx_word' id='word_1_790' title='bbox 1785 5332 1863 5369; x_wconf 84' lang='lat' dir='ltr'><strong>me</strong></span> <span class='ocrx_word' id='word_1_791' title='bbox 1882 5314 1970 5385; x_wconf 88' lang='lat' dir='ltr'><strong>qui</strong></span> <span class='ocrx_word' id='word_1_792' title='bbox 2006 5329 2190 5382; x_wconf 77' lang='lat' dir='ltr'><strong>apera-</strong></span> 
     </span>
    </p>
   </div>
   <div class='ocr_carea' id='block_1_101' title="bbox 591 5406 1585 5480">
    <p class='ocr_par' dir='ltr' id='par_1_101' title="bbox 591 5406 1585 5480">
     <span class='ocr_line' id='line_1_101' title="bbox 591 5406 1585 5480; baseline -0.003 -16"><span class='ocrx_word' id='word_1_793' title='bbox 591 5412 719 5466; x_wconf 81' lang='lat' dir='ltr'><strong>mini</strong></span> <span class='ocrx_word' id='word_1_794' title='bbox 742 5410 1067 5480; x_wconf 85' lang='lat' dir='ltr'><strong>iniquitatem</strong></span> <span class='ocrx_word' id='word_1_795' title='bbox 1093 5407 1309 5480; x_wconf 78' lang='lat' dir='ltr'><strong>(Matth.</strong></span> <span class='ocrx_word' id='word_1_796' title='bbox 1341 5423 1431 5474; x_wconf 87' lang='lat' dir='ltr'><strong>vu,</strong></span> <span class='ocrx_word' id='word_1_797' title='bbox 1469 5406 1585 5479; x_wconf 75' lang='lat'><strong>23).</strong></span> 
     </span>
    </p>
   </div>
   <div class='ocr_carea' id='block_1_102' title="bbox 658 5561 2186 5645">
    <p class='ocr_par' dir='ltr' id='par_1_102' title="bbox 658 5561 2186 5645">
     <span class='ocr_line' id='line_1_102' title="bbox 658 5561 2186 5645; baseline -0.006 -22"><span class='ocrx_word' id='word_1_798' title='bbox 658 5572 834 5645; x_wconf 55' lang='grc' dir='ltr'><strong>ξιξυο</strong></span> <span class='ocrx_word' id='word_1_799' title='bbox 859 5582 1016 5634; x_wconf 85' lang='lat' dir='ltr'><strong>mss.,</strong></span> <span class='ocrx_word' id='word_1_800' title='bbox 1043 5574 1098 5622; x_wconf 87' lang='lat' dir='ltr'><strong>tn</strong></span> <span class='ocrx_word' id='word_1_801' title='bbox 1128 5569 1305 5645; x_wconf 74' lang='lat' dir='ltr'><strong>ipsum</strong></span> <span class='ocrx_word' id='word_1_802' title='bbox 1338 5566 1490 5645; x_wconf 79' lang='lat' dir='ltr'><strong>Isaac</strong></span> <span class='ocrx_word' id='word_1_803' title='bbox 1527 5571 1813 5637; x_wconf 73' lang='lat' dir='ltr'><strong>conferens</strong></span> <span class='ocrx_word' id='word_1_804' title='bbox 1845 5561 2137 5645; x_wconf 51' lang='lat' dir='ltr'><strong>victimant:</strong></span> <span class='ocrx_word' id='word_1_805' title='bbox 2174 5632 2186 5645; x_wconf 46' lang='lat'><em>.</em></span> 
     </span>
    </p>
   </div>
   <div class='ocr_carea' id='block_1_103' title="bbox 660 5632 2189 5706">
    <p class='ocr_par' dir='ltr' id='par_1_103' title="bbox 660 5632 2189 5706">
     <span class='ocr_line' id='line_1_103' title="bbox 660 5632 2189 5706; baseline -0.005 -10"><span class='ocrx_word' id='word_1_806' title='bbox 660 5640 689 5680; x_wconf 71' lang='grc' dir='ltr'>δ</span> <span class='ocrx_word' id='word_1_807' title='bbox 720 5640 953 5695; x_wconf 88' lang='lat' dir='ltr'><strong>Constat</strong></span> <span class='ocrx_word' id='word_1_808' title='bbox 974 5632 1105 5694; x_wconf 87' lang='lat' dir='ltr'><strong>vero</strong></span> <span class='ocrx_word' id='word_1_809' title='bbox 1125 5632 1182 5694; x_wconf 76' lang='lat' dir='ltr'><strong>et</strong></span> <span class='ocrx_word' id='word_1_810' title='bbox 1209 5640 1398 5706; x_wconf 90' lang='lat' dir='ltr'><strong>plures</strong></span> <span class='ocrx_word' id='word_1_811' title='bbox 1421 5640 1578 5706; x_wconf 91' lang='lat' dir='ltr'><strong>alias,</strong></span> <span class='ocrx_word' id='word_1_812' title='bbox 1613 5632 1734 5706; x_wconf 75' lang='lat' dir='ltr'><strong>quae</strong></span> <span class='ocrx_word' id='word_1_813' title='bbox 1761 5652 1827 5690; x_wconf 75' lang='lat' dir='ltr'><strong>ex</strong></span> <span class='ocrx_word' id='word_1_814' title='bbox 1856 5633 2058 5706; x_wconf 76' lang='lat' dir='ltr'><strong>populo</strong></span> <span class='ocrx_word' id='word_1_815' title='bbox 2092 5632 2189 5688; x_wconf 88' lang='lat' dir='ltr'><strong>Dei</strong></span> 
     </span>
    </p>
   </div>
   <div class='ocr_carea' id='block_1_104' title="bbox 590 5704 2193 5773">
    <p class='ocr_par' dir='ltr' id='par_1_104' title="bbox 590 5704 2193 5773">
     <span class='ocr_line' id='line_1_104' title="bbox 590 5704 2193 5773; baseline -0.004 -11"><span class='ocrx_word' id='word_1_816' title='bbox 590 5724 698 5764; x_wconf 92' lang='lat' dir='ltr'><strong>non</strong></span> <span class='ocrx_word' id='word_1_817' title='bbox 730 5719 913 5773; x_wconf 88' lang='lat' dir='ltr'><strong>erant,</strong></span> <span class='ocrx_word' id='word_1_818' title='bbox 937 5723 1003 5762; x_wconf 79' lang='lat' dir='ltr'><strong>ex</strong></span> <span class='ocrx_word' id='word_1_819' title='bbox 1041 5704 1269 5763; x_wconf 79' lang='lat' dir='ltr'><strong>Oriente</strong></span> <span class='ocrx_word' id='word_1_820' title='bbox 1300 5704 2193 5773; x_wconf 75' lang='lat' dir='ltr'><strong>nationescircumcisionemsu-</strong></span> 
     </span>
    </p>
   </div>
   <div class='ocr_carea' id='block_1_105' title="bbox 592 5772 2195 5851">
    <p class='ocr_par' dir='ltr' id='par_1_105' title="bbox 592 5772 2195 5851">
     <span class='ocr_line' id='line_1_105' title="bbox 592 5772 2195 5851; baseline -0.006 -18"><span class='ocrx_word' id='word_1_821' title='bbox 592 5779 871 5851; x_wconf 83' lang='lat' dir='ltr'><strong>scepisse;</strong></span> <span class='ocrx_word' id='word_1_822' title='bbox 902 5772 1004 5831; x_wconf 88' lang='lat' dir='ltr'><strong>nec</strong></span> <span class='ocrx_word' id='word_1_823' title='bbox 1033 5778 1153 5849; x_wconf 89' lang='lat' dir='ltr'><strong>ipse</strong></span> <span class='ocrx_word' id='word_1_824' title='bbox 1194 5778 1463 5834; x_wconf 86' lang='lat' dir='ltr'><strong>dil‘ﬁtetur</strong></span> <span class='ocrx_word' id='word_1_825' title='bbox 1486 5779 1852 5848; x_wconf 87' lang='lat' dir='ltr'><strong>llicronymus</strong></span> <span class='ocrx_word' id='word_1_826' title='bbox 1882 5787 2006 5829; x_wconf 90' lang='lat' dir='ltr'><strong>cum</strong></span> <span class='ocrx_word' id='word_1_827' title='bbox 2035 5772 2195 5842; x_wconf 87' lang='lat' dir='ltr'><strong>alibi,</strong></span> 
     </span>
    </p>
   </div>
   <div class='ocr_carea' id='block_1_106' title="bbox 2291 4644 3880 4729">
    <p class='ocr_par' dir='ltr' id='par_1_106' title="bbox 2291 4644 3880 4729">
     <span class='ocr_line' id='line_1_106' title="bbox 2291 4644 3880 4729; baseline -0.02 -10"><span class='ocrx_word' id='word_1_828' title='bbox 2291 4674 2399 4729; x_wconf 90' lang='lat' dir='ltr'><strong>tur,</strong></span> <span class='ocrx_word' id='word_1_829' title='bbox 2428 4671 2484 4717; x_wconf 90' lang='lat' dir='ltr'><strong>et</strong></span> <span class='ocrx_word' id='word_1_830' title='bbox 2534 4656 2791 4729; x_wconf 87' lang='lat' dir='ltr'><strong>paulatim</strong></span> <span class='ocrx_word' id='word_1_831' title='bbox 2840 4652 3041 4708; x_wconf 85' lang='lat' dir='ltr'><strong>familia</strong></span> <span class='ocrx_word' id='word_1_832' title='bbox 3072 4650 3192 4721; x_wconf 77' lang='lat' dir='ltr'><strong>ejus</strong></span> <span class='ocrx_word' id='word_1_833' title='bbox 3233 4645 3397 4720; x_wconf 66' lang='lat'><strong>424</strong></span> <span class='ocrx_word' id='word_1_834' title='bbox 3451 4644 3603 4699; x_wconf 79' lang='lat' dir='ltr'><strong>ﬁotet</strong></span> <span class='ocrx_word' id='word_1_835' title='bbox 3657 4645 3880 4704; x_wconf 71' lang='lat' dir='ltr'><strong>itu-etin,</strong></span> 
     </span>
    </p>
   </div>
   <div class='ocr_carea' id='block_1_107' title="bbox 2288 4734 3883 4827">
    <p class='ocr_par' dir='ltr' id='par_1_107' title="bbox 2288 4734 3883 4827">
     <span class='ocr_line' id='line_1_107' title="bbox 2288 4734 3883 4827; baseline -0.017 -16"><span class='ocrx_word' id='word_1_836' title='bbox 2288 4752 2547 4827; x_wconf 74' lang='lat' dir='ltr'><strong>gregetnb</strong></span> <span class='ocrx_word' id='word_1_837' title='bbox 2567 4750 2923 4807; x_wconf 77' lang='lat' dir='ltr'><strong>lsraeliticum</strong></span> <span class='ocrx_word' id='word_1_838' title='bbox 2940 4744 3172 4817; x_wconf 90' lang='lat' dir='ltr'><strong>quodam</strong></span> <span class='ocrx_word' id='word_1_839' title='bbox 3186 4738 3624 4797; x_wconf 82' lang='lat' dir='ltr'><strong>circumcisiouis</strong></span> <span class='ocrx_word' id='word_1_840' title='bbox 3645 4734 3883 4791; x_wconf 72' lang='lat' dir='ltr'><strong>Culllt‘t‘io</strong></span> 
     </span>
    </p>
   </div>
   <div class='ocr_carea' id='block_1_108' title="bbox 2288 4829 3884 4908">
    <p class='ocr_par' dir='ltr' id='par_1_108' title="bbox 2288 4829 3884 4908">
     <span class='ocr_line' id='line_1_108' title="bbox 2288 4829 3884 4908; baseline -0.015 -7"><span class='ocrx_word' id='word_1_841' title='bbox 2288 4835 2599 4908; x_wconf 64' lang='lat' dir='ltr'><strong>denotavit,</strong></span> <span class='ocrx_word' id='word_1_842' title='bbox 2643 4852 2700 4897; x_wconf 89' lang='lat' dir='ltr'><strong>ut</strong></span> <span class='ocrx_word' id='word_1_843' title='bbox 2727 4841 2970 4895; x_wconf 79' lang='lat' dir='ltr'><strong>viventes</strong></span> <span class='ocrx_word' id='word_1_844' title='bbox 3008 4837 3148 4891; x_wconf 87' lang='lat' dir='ltr'><strong>inter</strong></span> <span class='ocrx_word' id='word_1_845' title='bbox 3183 4831 3495 4905; x_wconf 66' lang='lat' dir='ltr'><strong>Egyptios,</strong></span> <span class='ocrx_word' id='word_1_846' title='bbox 3548 4832 3687 4884; x_wconf 86' lang='lat' dir='ltr'><strong>inter</strong></span> <span class='ocrx_word' id='word_1_847' title='bbox 3722 4829 3884 4897; x_wconf 78' lang='lat' dir='ltr'><strong>Assy-</strong></span> 
     </span>
    </p>
   </div>
   <div class='ocr_carea' id='block_1_109' title="bbox 2290 4917 3882 5004">
    <p class='ocr_par' dir='ltr' id='par_1_109' title="bbox 2290 4917 3882 5004">
     <span class='ocr_line' id='line_1_109' title="bbox 2290 4917 3882 5004; baseline -0.014 -13"><span class='ocrx_word' id='word_1_848' title='bbox 2290 4936 2423 5002; x_wconf 88' lang='lat' dir='ltr'><strong>rios,</strong></span> <span class='ocrx_word' id='word_1_849' title='bbox 2456 4932 2786 5004; x_wconf 84' lang='lat' dir='ltr'><strong>Babylonios</strong></span> <span class='ocrx_word' id='word_1_850' title='bbox 2814 4940 2975 4999; x_wconf 88' lang='lat' dir='ltr'><strong>atque</strong></span> <span class='ocrx_word' id='word_1_851' title='bbox 3014 4924 3450 4992; x_wconf 63' lang='lat' dir='ltr'><strong>Chaldaeos,hoc</strong></span> <span class='ocrx_word' id='word_1_852' title='bbox 3489 4919 3767 4992; x_wconf 81' lang='lat' dir='ltr'><strong>signaculo</strong></span> <span class='ocrx_word' id='word_1_853' title='bbox 3808 4917 3882 4971; x_wconf 63' lang='lat' dir='ltr'><strong>die</strong></span> 
     </span>
    </p>
   </div>
   <div class='ocr_carea' id='block_1_110' title="bbox 2289 5010 3880 5097">
    <p class='ocr_par' dir='ltr' id='par_1_110' title="bbox 2289 5010 3880 5097">
     <span class='ocr_line' id='line_1_110' title="bbox 2289 5010 3880 5097; baseline -0.014 -15"><span class='ocrx_word' id='word_1_854' title='bbox 2289 5028 2716 5097; x_wconf 89' lang='lat' dir='ltr'><strong>stinguerentur.</strong></span> <span class='ocrx_word' id='word_1_855' title='bbox 2772 5020 3017 5086; x_wconf 90' lang='lat' dir='ltr'><strong>Denique</strong></span> <span class='ocrx_word' id='word_1_856' title='bbox 3078 5033 3174 5086; x_wconf 90' lang='lat' dir='ltr'><strong>per</strong></span> <span class='ocrx_word' id='word_1_857' title='bbox 3212 5016 3569 5087; x_wconf 84' lang='lat' dir='ltr'><strong>quadraginta</strong></span> <span class='ocrx_word' id='word_1_858' title='bbox 3610 5026 3778 5066; x_wconf 85' lang='lat' dir='ltr'><strong>annos</strong></span> <span class='ocrx_word' id='word_1_859' title='bbox 3833 5010 3880 5061; x_wconf 90' lang='lat' dir='ltr'><strong>itt</strong></span> 
     </span>
    </p>
   </div>
   <div class='ocr_carea' id='block_1_111' title="bbox 2291 5102 3884 5177">
    <p class='ocr_par' dir='ltr' id='par_1_111' title="bbox 2291 5102 3884 5177">
     <span class='ocr_line' id='line_1_111' title="bbox 2291 5102 3884 5177; baseline -0.014 -4"><span class='ocrx_word' id='word_1_860' title='bbox 2291 5132 2477 5173; x_wconf 89' lang='lat' dir='ltr'><strong>eremo</strong></span> <span class='ocrx_word' id='word_1_861' title='bbox 2510 5114 2696 5168; x_wconf 89' lang='lat' dir='ltr'><strong>nullus</strong></span> <span class='ocrx_word' id='word_1_862' title='bbox 2721 5118 2807 5166; x_wconf 84' lang='lat' dir='ltr'><strong>est</strong></span> <span class='ocrx_word' id='word_1_863' title='bbox 2832 5108 3184 5162; x_wconf 77' lang='lat' dir='ltr'><strong>circumcisus</strong></span> <span class='ocrx_word' id='word_1_864' title='bbox 3214 5126 3226 5159; x_wconf 86' lang='lat'><strong>:</strong></span> <span class='ocrx_word' id='word_1_865' title='bbox 3252 5107 3352 5162; x_wconf 88' lang='lat' dir='ltr'><strong>soli</strong></span> <span class='ocrx_word' id='word_1_866' title='bbox 3380 5108 3581 5177; x_wconf 89' lang='lat' dir='ltr'><strong>quippe</strong></span> <span class='ocrx_word' id='word_1_867' title='bbox 3607 5105 3724 5158; x_wconf 84' lang='lat' dir='ltr'><strong>sine</strong></span> <span class='ocrx_word' id='word_1_868' title='bbox 3747 5102 3837 5157; x_wconf 69' lang='lat' dir='ltr'><strong>Gn.</strong></span> <span class='ocrx_word' id='word_1_869' title='bbox 3861 5126 3884 5137; x_wconf 95' lang='lat'><em>-</em></span> 
     </span>
    </p>
   </div>
   <div class='ocr_carea' id='block_1_112' title="bbox 2294 5195 3882 5267">
    <p class='ocr_par' dir='ltr' id='par_1_112' title="bbox 2294 5195 3882 5267">
     <span class='ocr_line' id='line_1_112' title="bbox 2294 5195 3882 5267; baseline -0.014 -1"><span class='ocrx_word' id='word_1_870' title='bbox 2294 5213 2364 5267; x_wconf 91' lang='lat' dir='ltr'><strong>tis</strong></span> <span class='ocrx_word' id='word_1_871' title='bbox 2394 5208 2619 5264; x_wconf 90' lang='lat' dir='ltr'><strong>alterius</strong></span> <span class='ocrx_word' id='word_1_872' title='bbox 2648 5204 2986 5259; x_wconf 74' lang='lat' dir='ltr'><strong>admixtione</strong></span> <span class='ocrx_word' id='word_1_873' title='bbox 3013 5203 3267 5258; x_wconf 88' lang='lat' dir='ltr'><strong>vivebant</strong></span> <span class='ocrx_word' id='word_1_874' title='bbox 3298 5220 3312 5256; x_wconf 89' lang='lat'><strong>:</strong></span> <span class='ocrx_word' id='word_1_875' title='bbox 3345 5202 3527 5255; x_wconf 88' lang='lat' dir='ltr'><strong>statim</strong></span> <span class='ocrx_word' id='word_1_876' title='bbox 3558 5195 3882 5252; x_wconf 81' lang='lat' dir='ltr'><strong>tttJordanis</strong></span> 
     </span>
    </p>
   </div>
   <div class='ocr_carea' id='block_1_113' title="bbox 2293 5290 3883 5374">
    <p class='ocr_par' dir='ltr' id='par_1_113' title="bbox 2293 5290 3883 5374">
     <span class='ocr_line' id='line_1_113' title="bbox 2293 5290 3883 5374; baseline -0.016 -13"><span class='ocrx_word' id='word_1_877' title='bbox 2293 5305 2466 5374; x_wconf 83' lang='lat' dir='ltr'><strong>ripam</strong></span> <span class='ocrx_word' id='word_1_878' title='bbox 2521 5309 2893 5369; x_wconf 82' lang='lat' dir='ltr'><strong>transgressus</strong></span> <span class='ocrx_word' id='word_1_879' title='bbox 2948 5306 3033 5351; x_wconf 89' lang='lat' dir='ltr'><strong>est</strong></span> <span class='ocrx_word' id='word_1_880' title='bbox 3069 5296 3336 5366; x_wconf 87' lang='lat' dir='ltr'><strong>p0pulus,</strong></span> <span class='ocrx_word' id='word_1_881' title='bbox 3366 5303 3421 5348; x_wconf 92' lang='lat' dir='ltr'><strong>et</strong></span> <span class='ocrx_word' id='word_1_882' title='bbox 3472 5292 3527 5346; x_wconf 90' lang='lat' dir='ltr'><strong>in</strong></span> <span class='ocrx_word' id='word_1_883' title='bbox 3585 5290 3883 5345; x_wconf 72' lang='lat' dir='ltr'><strong>Palu-sliat:</strong></span> 
     </span>
    </p>
   </div>
   <div class='ocr_carea' id='block_1_114' title="bbox 2300 5386 3883 5457">
    <p class='ocr_par' dir='ltr' id='par_1_114' title="bbox 2300 5386 3883 5457">
     <span class='ocr_line' id='line_1_114' title="bbox 2300 5386 3883 5457; baseline -0.015 0"><span class='ocrx_word' id='word_1_884' title='bbox 2300 5413 2499 5457; x_wconf 82' lang='lat' dir='ltr'><strong>terram</strong></span> <span class='ocrx_word' id='word_1_885' title='bbox 2525 5396 2773 5453; x_wconf 63' lang='lat' dir='ltr'><strong>indutum</strong></span> <span class='ocrx_word' id='word_1_886' title='bbox 2807 5412 2866 5450; x_wconf 88' lang='lat' dir='ltr'><strong>se</strong></span> <span class='ocrx_word' id='word_1_887' title='bbox 2897 5408 3122 5449; x_wconf 86' lang='lat' dir='ltr'><strong>examen</strong></span> <span class='ocrx_word' id='word_1_888' title='bbox 3149 5389 3371 5456; x_wconf 80' lang='lat' dir='ltr'><strong>inludit,</strong></span> <span class='ocrx_word' id='word_1_889' title='bbox 3400 5386 3744 5444; x_wconf 85' lang='lat' dir='ltr'><strong>circumcisio</strong></span> <span class='ocrx_word' id='word_1_890' title='bbox 3799 5397 3883 5435; x_wconf 84' lang='lat' dir='ltr'><strong>uc—</strong></span> 
     </span>
    </p>
   </div>
   <div class='ocr_carea' id='block_1_115' title="bbox 2291 5547 3885 5632">
    <p class='ocr_par' dir='ltr' id='par_1_115' title="bbox 2291 5547 3885 5632">
     <span class='ocr_line' id='line_1_115' title="bbox 2291 5547 3885 5632; baseline -0.013 -15"><span class='ocrx_word' id='word_1_891' title='bbox 2291 5571 2405 5617; x_wconf 92' lang='lat' dir='ltr'><strong>tum</strong></span> <span class='ocrx_word' id='word_1_892' title='bbox 2474 5558 2743 5632; x_wconf 57' lang='lat' dir='ltr'><strong>iniurius</strong></span> <span class='ocrx_word' id='word_1_893' title='bbox 2770 5557 2865 5612; x_wconf 90' lang='lat' dir='ltr'><strong>lib.</strong></span> <span class='ocrx_word' id='word_1_894' title='bbox 2924 5571 3013 5632; x_wconf 87' lang='lat' dir='ltr'><strong>tt_._</strong></span> <span class='ocrx_word' id='word_1_895' title='bbox 3056 5567 3177 5632; x_wconf 77' lang='lat' dir='ltr'><strong>cap.</strong></span> <span class='ocrx_word' id='word_1_896' title='bbox 3217 5550 3251 5606; x_wconf 75' lang='grc'><strong>4</strong></span> <span class='ocrx_word' id='word_1_897' title='bbox 3283 5570 3295 5607; x_wconf 91' lang='lat'>:</span> <span class='ocrx_word' id='word_1_898' title='bbox 3326 5549 3394 5606; x_wconf 84' lang='lat' dir='ltr'><strong>Et</strong></span> <span class='ocrx_word' id='word_1_899' title='bbox 3451 5547 3677 5632; x_wconf 57' lang='lat' dir='ltr'><strong>ﬁgypti</strong></span> <span class='ocrx_word' id='word_1_900' title='bbox 3719 5556 3885 5632; x_wconf 39' lang='lat' dir='ltr'><strong>sooner-</strong></span> 
     </span>
    </p>
   </div>
   <div class='ocr_carea' id='block_1_116' title="bbox 2294 5614 3884 5759">
    <p class='ocr_par' dir='ltr' id='par_1_116' title="bbox 2294 5614 3884 5759">
     <span class='ocr_line' id='line_1_116' title="bbox 2294 5614 3884 5759; baseline -0.013 -69"><span class='ocrx_word' id='word_1_901' title='bbox 2294 5614 2437 5759; x_wconf 49' lang='lat' dir='ltr'><strong>{otcs</strong></span> <span class='ocrx_word' id='word_1_902' title='bbox 2459 5640 2504 5687; x_wconf 87' lang='lat' dir='ltr'><strong>et</strong></span> <span class='ocrx_word' id='word_1_903' title='bbox 2531 5628 2850 5698; x_wconf 85' lang='lat' dir='ltr'><strong>Ismaelitas,</strong></span> <span class='ocrx_word' id='word_1_904' title='bbox 2873 5639 2922 5684; x_wconf 86' lang='lat' dir='ltr'><strong>ct</strong></span> <span class='ocrx_word' id='word_1_905' title='bbox 2956 5614 3284 5681; x_wconf 71' lang='lat' dir='ltr'><strong>Madianaaos</strong></span> <span class='ocrx_word' id='word_1_906' title='bbox 3312 5614 3627 5694; x_wconf 52' lang='lat' dir='ltr'><strong>praeputium</strong></span> <span class='ocrx_word' id='word_1_907' title='bbox 3667 5634 3770 5673; x_wconf 84' lang='lat' dir='ltr'><strong>non</strong></span> <span class='ocrx_word' id='word_1_908' title='bbox 3796 5614 3884 5669; x_wconf 84' lang='lat' dir='ltr'><strong>lut-</strong></span> 
     </span>
     <span class='ocr_line' id='line_1_117' title="bbox 2329 5721 2433 5759; baseline -0.019 0"><span class='ocrx_word' id='word_1_909' title='bbox 2329 5721 2433 5759; x_wconf 81' lang='lat' dir='ltr'><strong>ere.</strong></span> 
     </span>
    </p>
   </div>
  </div>
