4056 6370
185 331 302 392 355

705 326 1366 390 COMMENTARIORUM
1410 330 1474 386 ΙΝ
1517 324 1907 387 EPISTULA.“
1939 323 2031 382 AD
2069 323 2395 386 GALATAS
2433 323 2564 383 LIB.
2606 325 2669 386 ll.
2711 326 2868 385 CAP.
2911 326 2998 386 lll.

3395 322 3501 386 διδ

185 447 440 503 cessaria
501 447 687 503 futuro
724 462 795 502 ex
849 446 1238 502 commixtione
1269 445 1524 501 Gentium
1557 442 1800 515 providit
1826 456 1882 519 Α
1906 441 1990 496 vel
2010 443 2240 512 apostoli
2271 460 2285 508 ;
2319 455 2375 499 et
2407 453 2617 498 tantum
2646 459 2812 501 sensu
2843 443 3144 513 explicato,
3179 457 3326 514 smpe
3351 441 3502 498 ordi-

187 539 393 595 errori.
425 538 585 607 Quod
615 546 797 593 autem
853 553 883 592 a
922 538 1051 593 Jesu
1079 537 1242 605 duce,
1269 538 1512 593 secundo
1542 537 1802 592 scribitur

189 634 429 703 populus
491 632 850 688 circumcisus
916 629 1081 703 (los.
1133 631 1235 702 v),
1305 632 1578 702 signiﬁcat
1628 640 1686 685 et
1748 630 1801 685 in

191 740 384 781 eremo
412 738 664 782 cessasse
689 724 1335 794 circnmcisionem,qn:n
1367 725 1418 778 in
1440 722 1678 793 .IEgypto
1712 738 1803 777 ra-

192 817 538 874 tionabiliter
577 817 940 872 exercebatur
968 832 983 880 ;
1014 826 1070 871 et
1123 831 1154 869 a
1190 816 1417 871 Domino
1469 815 1601 871 Jesu
1644 814 1805 870 Chri-

194 922 285 965 sto
307 909 581 977 Spirituali
609 909 1035 966 circumcisione
1059 910 1353 965 credentes
1378 923 1501 964 esse
1532 907 1802 962 mundan-

201 1002 327 1057 dtis.

274 1095 468 1165 (Vers.
499 1096 553 1163 8,
587 1094 670 1165 9.)
720 1093 1006 1148 Providens
1036 1102 1213 1147 autem
1260 1093 1555 1163 Scriptura,
1582 1092 1704 1157 quia
1743 1108 1806 1146 ea:

201 1187 312 1257 ﬁde
332 1188 593 1260 justiﬁcat
621 1195 795 1257 gentes
813 1184 1003 1251 Deum,
1031 1185 1398 1254 prtenuntiavit
1422 1183 1664 1249 Abrahae,
1684 1184 1807 1253 quia

198 1280 572 1334 benedicentur
595 1278 651 1332 in
703 1288 751 1332 te
800 1294 975 1331 omnes
1026 1286 1224 1349 gentes.
1273 1274 1445 1348 Igitur
1486 1277 1575 1345 qui
1615 1292 1679 1330 ea:
1704 1276 1807 1343 ﬁde

199 1382 343 1436 sunt,
374 1372 741 1427 benedicentur
769 1388 887 1425 cum
916 1370 1062 1440 ﬁdeli
1090 1367 1377 1424 Abraham.
1410 1368 1526 1425 Non
1556 1385 1662 1439 quo
1690 1369 1804 1437 ipsa

200 1464 520 1533 Scriptura,
584 1473 956 1518 atramentum
1018 1462 1271 1516 videlicet
1316 1471 1371 1516 et
1448 1460 1802 1523 membrana),

210 1573 331 1628 qua:
368 1567 394 1594 ι
421 1556 771 1613 insensibiles
801 1565 948 1619 sunt,
976 1556 1187 1624 possint
1211 1554 1393 1608 futura
1414 1569 1757 1623 prmnoscere
1788 1569 1804 1619 ;

203 1651 300 1705 scd
340 1666 449 1721 quo
479 1650 719 1719 Spiritus
769 1658 1029 1713 sanctus,
1075 1657 1130 1702 et
1181 1663 1395 1709 sensus,
1422 1649 1511 1715 qui
1546 1649 1600 1701 in
1628 1647 1806 1701 littera

204 1742 362 1806 latet,
387 1740 569 1795 multis
594 1750 715 1809 post
738 1740 956 1794 sarculis
980 1747 1207 1793 ventura
1234 1738 1602 1806 prmdixerint.
1638 1738 1807 1792 Porro

1908 548 2031 587 nem
2062 545 2557 602 commutaverunt,
2590 551 2995 606 nonnumquam
3052 536 3133 590 vel
3159 535 3505 591 detraxerint

1909 626 2072 680 verba
2105 626 2189 681 vel
2221 627 2556 682 addiderint.
2583 629 2723 684 Nulli
2742 644 2870 685 vero
2887 629 3111 685 dubium
3126 629 3268 699 quod
3292 627 3511 685 inlsaac

1906 727 1963 772 et
2010 718 2201 783 Jacob,
2235 723 2353 775 sive
2384 722 2437 775 in
2482 721 2770 778 duodecim
2804 723 3152 793 patriarchis,
3199 731 3257 778 et
3283 721 3506 778 cmteris

1908 816 1996 881 qui
2027 815 2095 869 de
2113 813 2390 869 Abraham
2440 818 2612 887 stirpe
2647 817 3009 884 descendunt,
3044 834 3150 874 non
3185 818 3388 874 iuerint
3412 816 3509 874 be-

1910 903 2137 959 nedictae
2168 906 2439 961 universa:
2495 908 2789 974 nationes;
2823 910 2921 965 sed
2966 910 3022 965 in
3076 909 3298 966 Christo
3344 910 3504 979 Jesu,

1909 1010 2008 1062 per
2038 1011 2203 1064 quem
2234 1011 2425 1052 omnes
2455 1010 2649 1069 gentes
2681 1002 2905 1057 laudant
2952 1003 3146 1070 Deum,
3173 1013 3232 1060 et
3284 1003 3511 1060 benedi-

1908 1088 2052 1140 citur
2074 1103 2272 1141 novum
2301 1105 2500 1145 nomen
2523 1107 2687 1161 super
2718 1093 3148 1150 terram.Potest
3171 1104 3353 1150 autem
3376 1093 3407 1134 δ
3428 1094 3514 1150 in-

1915 1178 2090 1249 telligi
2117 1180 2399 1249 apostolus
2430 1191 2485 1237 et
2506 1182 2577 1239 de
2622 1185 2730 1240 alio
2755 1184 3033 1243 Geneseos
3053 1187 3175 1242 loco
3196 1187 3512 1257 exemplum

1910 1273 2139 1326 seminis
2180 1288 2494 1345 usurpasse,
2530 1276 2622 1333 ubi
2654 1278 2913 1334 scribitur
2942 1297 2956 1333 :
3002 1278 3201 1334 Eduxit
3225 1289 3401 1334 autem
3431 1278 3516 1350 [o-

1909 1382 1996 1418 ras
2019 1364 2379 1437 5250mm
2449 1368 2675 1425 dubiutn
2730 1370 2859 1441 quin
2914 1371 3225 1444 Abraham)
3276 1372 3437 1437 Deus,
3463 1381 3516 1429 et

1911 1456 2043 1509 dirit
2069 1458 2116 1510 ei
2141 1474 2160 1511 .'
2191 1456 2376 1530 Aspice
2398 1460 2449 1512 in
2478 1461 2664 1515 calum
2693 1470 2741 1515 et
2786 1479 3006 1517 numera
3048 1463 3253 1531 stellas,
3288 1469 3333 1518 si
3360 1471 3513 1536 pote-

1912 1551 1984 1603 ris
2032 1552 2364 1607 dinumerare
2406 1570 2515 1609 eas.
2546 1553 2616 1608 Et
2645 1556 2718 1611 ait
2740 1556 2819 1611 illi
2843 1573 2863 1611 :
2892 1557 2984 1613 Sic
3004 1558 3101 1611 erit
3128 1574 3301 1613 semen
3328 1568 3516 1625 tuum;

1912 1653 1955 1696 et
1987 1646 2204 1699 cresidit
2231 1646 2495 1702 Abraham
2521 1645 2655 1714 Deo,
2687 1660 2734 1703 et
2760 1659 3057 1718 reputatum
3078 1657 3156 1705 est
3186 1650 3236 1704 ei
3262 1648 3332 1703 ad
3347 1650 3514 1723 justi-

1913 1734 2038 1787 tiam
2074 1732 2229 1806 (Gen.
2262 1752 2356 1804 xv,
2380 1738 2434 1805 ὃ,
2462 1737 2538 1809 6).
2567 1738 2909 1810 Quicumque
2944 1740 3111 1812 igitur
3136 1740 3389 1811 credunt,
3421 1741 3519 1798 be-

204 1832 519 1902 excmplum
547 1833 692 1901 quod
722 1832 792 1887 de
817 1832 1017 1887 Genesi
1057 1842 1329 1900 sumptum
1354 1841 1459 1893 est,
1494 1831 1569 1885 ita
1602 1831 1654 1885 in
1682 1846 1807 1901 pro-
1838 1841 1881 1903 Β
1914 1834 2241 1889 nedicentur
2264 1849 2387 1889 cum
2434 1833 2579 1889 ﬁdeli
2608 1835 2909 1901 Abraham,
2938 1834 3034 1905 qui
3057 1834 3130 1889 ob
3149 1834 3430 1905 egregiam
3454 1832 3515 1891 in

203 1928 327 1997 prio
354 1926 634 1981 volumine
654 1926 970 1980 continetur
1001 1941 1014 1978 :
1039 1924 1105 1980 Et
1130 1925 1489 1979 benedicentur
1535 1926 1587 1977 iu
1612 1926 1804 1979 semine

202 2030 292 2074 tua
318 2036 492 2075 omnes
549 2030 725 2090 gentes
757 2027 910 2074 terra:
955 2008 1114 2091 (Gen.
1164 2035 1320 2083 xxvi,
1353 2015 1434 2089 4).
1468 2018 1622 2083 Quod
1670 2034 1804 2089 apo-

202 2117 384 2169 stolus
405 2128 573 2184 super
591 2112 813 2168 Christo
847 2113 1257 2184 interpretatus,
1279 2114 1354 2166 ait
1378 2128 1392 2165 ;
1422 2110 1544 2166 Νοη
1570 2122 1647 2166 est
1668 2114 1800 2166 scri-

203 2216 359 2273 ptum
380 2221 444 2259 ex
467 2203 770 2268 seminibus,
798 2206 952 2275 quasi
982 2206 1035 2256 in
1068 2204 1280 2271 multis;
1303 2205 1391 2259 sed
1418 2204 1568 2275 quasi
1594 2205 1645 2257 in
1676 2221 1799 2272 uno,

203 2311 256 2355 et
286 2316 482 2355 sermne
510 2309 618 2360 tuo.
651 2299 742 2370 qui
772 2311 845 2353 est
874 2297 1130 2352 Christus.
1163 2298 1274 2353 lloc
1300 2308 1484 2354 autem
1543 2298 1598 2351 in
1626 2299 1804 2354 omni-

205 2390 311 2447 bus
346 2388 456 2463 [ΑΙ.
489 2387 667 2461 novis]
702 2405 839 2458 pene
884 2390 1234 2454 testimoniis,
1264 2406 1383 2458 quae
1425 2389 1493 2445 de
1522 2390 1807 2446 veteribus

206 2481 364 2538 libris
386 2484 440 2536 in
473 2497 617 2536 novo
638 2489 920 2548 assumpta
950 2490 1077 2533 sunt
1105 2479 1478 2549 Testamento,
1512 2482 1810 2537 observare

207 2575 494 2641 debemus,
541 2574 685 2645 quod
744 2574 1027 2628 metnorim
1077 2573 1412 2628 crediderint
1463 2575 1813 2647 evangelista:

287 2742 315 2769 ⁸
349 2733 463 2786 Duo
485 2746 614 2786 mss.
645 2747 762 2800 qua:
813 2728 1098 2784 invisibiles
1129 2741 1248 2785 sunt
1273 2746 1293 2785 :
1322 2747 1392 2787 ex
1415 2746 1524 2802 quo
1568 2748 1693 2788 mox
1717 2749 1801 2790 re-

208 2805 478 2877 ponimus
507 2805 632 2858 latet
655 2819 753 2873 pro
782 2802 970 2856 latens.

1913 1926 2077 1981 Deum
2108 1926 2270 1981 tidem
2301 1926 2452 1997 prius
2482 1927 2534 1981 in
2558 1942 2682 1981 eum
2708 1926 3009 1982 credidisse
3036 1934 3313 1982 narratur.
3348 1924 3518 1998 426

1908 2020 2067 2077 Sicut
2107 2021 2252 2076 Euos
2287 2021 2359 2075 ob
2390 2021 2747 2091 principalem
2780 2021 2834 2075 in
2864 2020 3034 2076 Deum
3064 2034 3243 2090 spem,
3287 2026 3343 2075 et
3368 2017 3518 2075 inter

1909 2124 2140 2168 c:ctcros
2171 2114 2527 2179 eminentem,
2551 2128 2806 2184 sperasse
2832 2113 3093 2168 scribitur
3116 2114 3373 2168 invocare
3402 2112 3519 2169 Do-

1910 2208 2117 2261 minum
2152 2208 2324 2263 Deum
2348 2206 2508 2280 (Gen.
2532 2223 2615 2275 tv,
2643 2207 2760 2278 26).
2791 2206 2906 2263 Non
2930 2222 3037 2277 quo
3062 2215 3118 2262 et
3150 2206 3284 2263 Abel
3316 2205 3387 2262 de
3406 2222 3520 2278 quo

1912 2301 2175 2355 Dominus
2200 2301 2277 2355 ait
2306 2316 2322 2355 :
2359 2299 2479 2356 Vox
2501 2301 2773 2370 sanguinis
2800 2300 2981 2370 fratris
3010 2300 3089 2353 tui
3119 2298 3310 2354 clamat
3334 2298 3405 2353 ad
3433 2313 3518 2354 me

1920 2393 2088 2468 (Ibid.
2120 2410 2196 2459 tv,
2222 2395 2313 2465 10)
2344 2410 2359 2459 ;
2388 2401 2447 2449 et
2494 2393 2683 2449 caeteri
2712 2392 2999 2463 deinceps,
3030 2392 3204 2448 Deum
3232 2406 3343 2447 non
3389 2404 3517 2461 spe-

1921 2487 2169 2542 raverint
2200 2486 2500 2551 invocare;
2534 2485 2632 2541 sed
2677 2500 2784 2555 quo
2808 2499 2875 2540 ex
2927 2499 2989 2540 ea
3023 2495 3180 2554 parte
3218 2481 3523 2554 unusquis-

1920 2596 2026 2651 que
2056 2581 2391 2651 appelletur,
2426 2596 2589 2651 quam
2620 2581 2708 2637 vel
2739 2580 2975 2635 maxime
3006 2578 3192 2635 habet.

1982 2737 2010 2774 ι’
2041 2736 2300 2802 Verbum,
2326 2738 2577 2810 intelligi,
2606 2739 2882 2795 Victorius
2908 2748 3079 2794 tacet.

218 2921 3513 2954 ...ψ-Ἢ

1172 3030 1658 3141 LIBER
1737 3033 2578 3147 SECUNDUS.

1698 3225 2046 3243 ﬂ

292 3335 653 3411 525—526
696 3334 851 3402 Quod
883 3332 935 3388 in
968 3331 1145 3403 primo
1182 3330 1712 3387 Commentariorum
1754 3329 1819 3385 ad
1847 3330 1894 3396 (ς
1928 3330 2174 3404 .Eneid.)
2202 3350 2214 3387 :
2239 3333 2376 3388 Cum
2422 3343 2608 3401 posset
2638 3332 2825 3389 dicere
2846 3375 2862 3400 ,
2884 3335 3141 3391 candida.
3172 3336 3311 3395 Hinc
3337 3340 3528 3413 utique

221 3431 448 3488 Galatas
478 3430 641 3494 libro,
670 3443 794 3483 cum
816 3426 885 3481 de
907 3424 1165 3481 Gentium
1192 3422 1617 3493 proprietatibus
1638 3422 1824 3493 dispu-

224 3534 424 3588 tarem,
454 3522 716 3576 intactum
766 3518 1115 3588 reliqueram,
1148 3530 1295 3571 nunc
1340 3516 1391 3569 in
1422 3515 1668 3570 secundo
1701 3513 1823 3568 red-

221 3614 464 3671 dendum
498 3612 715 3667 videtur
750 3628 763 3664 :
796 3609 890 3681 qui
918 3610 1033 3664 sint
1073 3608 1300 3671 Galatae,
1333 3608 1418 3662 vel
1448 3623 1576 3677 quo,
1600 3616 1653 3660 et
1683 3603 1827 3660 unde

229 3706 572 3763 transierint.
604 3705 793 3761 Utrum
822 3703 1107 3774 indigenas
1129 3717 1224 3755 eos
1256 3701 1475 3767 fuderit,
1500 3718 1566 3754 an
1592 3699 1828 3754 advenas

223 3818 385 3870 quam
417 3814 563 3854 nunc
595 3798 869 3861 incolunt,
899 3806 1045 3852 terra
1073 3796 1380 3865 susceperit
1406 3812 1418 3848 :
1442 3803 1498 3850 et
1518 3802 1696 3849 utrum
1728 3793 1830 3847 lin-

222 3908 386 3964 guam
412 3891 695 3947 connubio
724 3888 1091 3960 perdiderint,
1117 3905 1185 3942 an
1214 3898 1266 3944 et
1292 3903 1489 3943 novam
1514 3887 1827 3953 didicerint,

224 3995 284 4040 et
313 4002 419 4039 non
452 3983 746 4039 amiserint
785 3998 963 4038 suam.
1017 3982 1233 4037 Marcus
1264 3981 1454 4048 Varro,
1509 3991 1828 4036 cunctarum

228 4076 615 4146 antiquitatum
645 4074 1098 4146 diligentissimus
1131 4082 1503 4143 perscrutator
1527 4114 1543 4140 ,
1566 4082 1622 4129 et
1648 4075 1832 4129 czcteri

228 4171 323 4239 qui
352 4184 476 4224 eum
504 4168 703 4222 imitati
734 4177 881 4234 sunt,
917 4168 1091 4221 multa
1122 4182 1286 4235 super
1319 4166 1419 4220 hac
1449 4175 1631 4235 gente,
1665 4175 1719 4221 et
1747 4167 1831 4220 di-

230 4278 337 4332 gna
358 4260 614 4315 memoria
636 4259 998 4315 tradiderunt.
1031 4259 1136 4316 Sed
1160 4261 1285 4329 quia
1311 4259 1468 4313 nobis
1496 4260 1831 4329 propositum

233 4363 345 4419 est,
372 4352 783 4408 incircumcisos
814 4354 1065 4407 homines
1096 4370 1199 4405 nou
1230 4352 1579 4408 introducere
1609 4351 1662 4407 in
1695 4361 1829 4406 tem.

234 4447 394 4517 plum
432 4446 523 4501 Dei
553 4446 646 4516 (et
687 4453 748 4500 ut
773 4444 1100 4514 simpliciter
1129 4447 1298 4499 fatear
1321 4486 1336 4510 ,
1371 4442 1527 4498 multi
1563 4444 1677 4514 jam
1708 4447 1834 4499 anni

231 4544 367 4594 sunt
393 4536 540 4607 quod
582 4534 698 4591 bzcc
752 4535 934 4606 legere
974 4535 1273 4591 desivimus
1297 4537 1336 4603 ),
1368 4533 1634 4589 Lactantii
1664 4536 1834 4588 nostri

233 4647 358 4703 qum
383 4632 437 4684 in
464 4630 626 4684 tertio
647 4629 715 4683 ad
745 4629 981 4684 Probum
1011 4628 1286 4683 volumine
1313 4628 1380 4683 de
1404 4627 1506 4682 hac
1529 4639 1691 4698 gente
1718 4630 1837 4697 opi-

1930 3424 2143 3480 Galatia
2202 3426 2528 3496 provincia,
2562 3427 2617 3480 in
2675 3442 2838 3498 quam
2890 3428 3035 3483 Galli
3084 3429 3379 3499 aliquando
3426 3448 3526 3490 ve-

1930 3517 2146 3573 nientes
2168 3563 2182 3586 ,
2214 3533 2338 3573 cum
2369 3519 2578 3575 Graecis
2606 3534 2668 3575 se
2713 3521 3076 3576 miscuerunt.
3103 3521 3264 3579 Unde
3293 3527 3530 3595 primum

1930 3623 1992 3663 ea
2019 3610 2175 3679 regio
2204 3609 2560 3680 Gallograecia
2587 3655 2601 3679 ,
2634 3619 2759 3681 post
2785 3610 2999 3666 Galatia
3057 3614 3337 3669 nominata
3366 3625 3473 3671 est.
3503 3636 3528 3671 ι

1930 3700 2042 3756 Nec
2082 3702 2278 3756 mirum
2309 3702 2354 3755 si
2387 3702 2490 3756 hoc
2518 3703 2613 3757 ille
2661 3702 2731 3757 de
2761 3702 2970 3759 Calatis
3002 3703 3253 3774 dixerit,
3284 3718 3342 3763 et
3370 3706 3534 3765 Occi-

1938 3794 2191 3849 dentales
2222 3794 2456 3864 populos
2508 3796 2676 3849 tantis
2708 3795 2760 3850 in
2793 3795 2977 3851 medio
3024 3805 3295 3854 terrarum
3342 3799 3540 3871 spatiis

1935 3886 2358 3957 praetermissis,
2396 3887 2449 3941 in
2493 3886 2734 3942 Orientis
2763 3888 2920 3960 plaga
2962 3891 3284 3947 consedisse
3329 3907 3537 3949 memo-

1934 3982 2065 4034 rarit
2097 3998 2109 4034 :
2156 3994 2278 4034 cum
2309 3987 2524 4034 constet
2547 3979 2793 4037 Orientis
2835 3991 3023 4037 contra
3051 3992 3105 4038 et
3131 3984 3363 4041 Grazciae
3400 4001 3537 4043 exa-

1934 4074 2077 4126 mina
2103 4113 2118 4139 ,
2145 4070 2210 4126 ad
2255 4070 2565 4126 Occidentis
2622 4072 2814 4128 ultima
2868 4076 3206 4143 pervenisse.
3235 4075 3536 4135 Massiliam

1936 4163 2151 4219 Phocmi
2177 4163 2539 4218 condiderunt
2568 4181 2581 4217 :
2614 4180 2751 4234 quos
2777 4168 2853 4220 ait
2880 4165 3053 4222 Varro
3083 4167 3370 4239 trilingues
3391 4186 3534 4239 esse,

1934 4256 2078 4328 quod
2108 4264 2163 4311 et
2191 4255 2383 4312 Gt‘mce
2416 4257 2728 4326 loquantur,
2758 4267 2814 4313 et
2841 4258 3065 4327 Latine,
3094 4269 3149 4316 et
3175 4259 3404 4318 Gallice.
3430 4263 3543 4335 Op-

1936 4347 2122 4418 pidum
2157 4347 2372 4415 Rhoda,
2403 4348 2584 4403 coloni
2616 4348 2953 4405 Rhodiorum
2987 4351 3315 4410 locaverunt
3347 4373 3361 4407 :
3394 4355 3542 4412 unde

1939 4450 1967 4479 ι
1992 4441 2168 4495 amnis
2199 4440 2491 4496 Rhodanus
2522 4457 2720 4496 nomen
2748 4444 2979 4512 accepit.
3006 4443 3379 4503 Praetermitto
3406 4445 3543 4504 Car-

1940 4533 2177 4603 thaginis
2192 4534 2515 4588 conditores
2530 4533 2747 4605 Tyrios,
2771 4544 2826 4589 et
2854 4537 3126 4606 Agenoris
3155 4539 3374 4607 urbem;
3400 4555 3543 4608 prte-

1941 4634 2090 4680 tereo
2133 4624 2491 4697 427-428
2553 4625 2767 4682 Thebas
2809 4626 2991 4683 Liberi
3025 4672 3039 4696 ,
3070 4644 3205 4699 quas
3250 4631 3304 4685 in
3359 4630 3541 4688 Africa

235 4734 404 4779 natus
420 4722 513 4789 sit,
539 4721 704 4777 verba
730 4737 1024 4791 ponemus:
1058 4741 1075 4773 ‹
1098 4720 1258 4788 Galli,
1279 4720 1831 4791 inquit,antiquitusa
1861 4722 1915 4782 D
1940 4720 2183 4775 condidit
2213 4738 2228 4774 :
2260 4736 2380 4790 quae
2429 4720 2626 4775 civitas
2674 4736 2819 4775 nunc
2851 4720 3144 4776 Thebestis
3173 4723 3396 4779 dicitur.
3426 4723 3540 4782 Re-

234 4816 480 4872 caudore
503 4816 754 4885 corporis
783 4814 991 4870 Galata:
1025 4814 1517 4884 nuncupabantur;
1542 4824 1597 4867 et
1622 4813 1831 4880 Sibylla

235 4909 322 4966 sic
346 4923 443 4965 eos
464 4909 727 4980 appellat.
762 4907 921 4976 Quod
952 4905 1264 4977 signiﬁcare
1289 4906 1459 4961 voluit
1499 4916 1678 4975 poeta,
1712 4922 1833 4961 cum

236 5002 344 5059 ait:
360 5001 680 5057 Tumlactea
703 4999 1076 5055 colla—Aura
1098 5001 1455 5069 innectuntur(
1473 4998 1612 5072 Virg.
1626 4999 1723 5057 lib.
1745 5016 1838 5055 vttt

317 5189 343 5218 ἰ
376 5181 630 5235 Notatum
659 5187 785 5233 ante
815 5192 913 5232 nos
938 5176 1167 5234 eruditis
1198 5176 1358 5243 viris,
1391 5176 1530 5232 hanc
1557 5177 1626 5232 de
1649 5176 1840 5231 Rhoda

245 5254 616 5309 sententiam.
649 5252 791 5319 quod
825 5249 1037 5305 dederit
1071 5247 1335 5319 Rhodano
1380 5264 1609 5315 nomen,
1643 5251 1698 5302 ὃ.
1738 5247 1841 5301 Do—

245 5331 454 5378 ctoretn
489 5318 769 5376 delibasse
791 5336 860 5374 ex
895 5321 980 5374 his
1010 5318 1169 5372 Plinii
1203 5318 1295 5370 lib.
1325 5333 1406 5384 ιιι,
1431 5333 1551 5388 cap.
1574 5320 1607 5373 4
1637 5338 1648 5371 2
1680 5319 1845 5385 Atque

248 5396 332 5448 ubi
364 5395 552 5448 Rhoda
581 5391 906 5446 Rhodiorum
935 5390 1064 5457 fuit,
1088 5390 1224 5442 unde
1252 5389 1420 5443 dictus
1449 5390 1612 5443 multo
1639 5388 1844 5443 Gallia-

248 5481 364 5519 rum
403 5464 755 5535 fertilissimus
792 5459 1305 5535 _thodannsgamnis.
1337 5458 1454 5535 lani
1502 5475 1670 5535 vero,
1700 5460 1842 5529 quod

250 5536 355 5591 hoc
384 5530 600 5607 longius
628 5548 660 5587 a
689 5531 937 5607 veritatis
965 5533 1155 5607 specie
1177 5530 1549 5607 absit,__dam_la
1580 5531 1842 5599 llierony.

249 5623 339 5663 mo
367 5600 524 5663 venia
545 5647 561 5671 ,
601 5606 696 5674 qui
728 5602 836 5658 sibi
885 5600 1060 5657 locum
1107 5600 1195 5674 ab_
1224 5600 1598 5674 eruditissimo
1627 5611 1847 5674 auctore

247 5680 363 5735 fieri
385 5683 459 5734 sit
486 5669 705 5744 passus.
729 5675 992 5729 Nimirum
1013 5674 1159 5728 ultro
1176 5671 1406 5724 lati-mur
1428 5670 1674 5724 Rhodum
1703 5669 1850 5744 Rho:-

246 5754 459 5805 diorum
487 5741 798 5806 coloniam,
833 5760 937 5798 non
966 5744 1263 5800 Galliarum
1293 5758 1414 5797 esse
1447 5744 1727 5811 oppidum,
1750 5741 1845 5795 sed

251 5823 636 5896 Hispaniarum
667 5861 682 5887 ,
717 5816 939 5872 immani
981 5831 1012 5871 a
1042 5813 1309 5869 Rhodano
1348 5812 1600 5872 dissitum
1628 5812 1845 5885 spatio:

1936 4811 2124 4881 linquo
2148 4826 2269 4866 eam
2299 4820 2507 4881 partem
2529 4810 2740 4882 Libyae,
2756 4827 2878 4879 qua:
2899 4809 3105 4867 Graecis
3128 4813 3355 4868 urbibus
3375 4814 3543 4885 plena

1942 4914 2046 4963 est.
2079 4905 2159 4961 Ad
2192 4906 2478 4976 Hispanias
2533 4904 2952 4973 transgredior:
3005 4918 3189 4960 nonne
3238 4904 3543 4976 Saguntum

1946 4998 2158 5054 Gr;ccis
2189 5012 2255 5052 ex
2286 4997 2462 5053 insula
2491 4995 2758 5052 Zacintho
2788 4994 3023 5066 profecti
3050 4996 3414 5053 condiderunt
3443 5013 3460 5054 :
3488 5006 3548 5054 et

1949 5176 2032 5230 cui
2063 5175 2193 5229 dare
2218 5187 2414 5227 nomen
2445 5188 2621 5243 neque
2648 5173 2719 5227 ob
2747 5173 2854 5227 loci
2882 5172 3195 5245 distantiam
3221 5176 3418 5245 potuit,
3444 5194 3542 5234 ne-

1950 5263 2055 5316 que
2086 5261 2182 5313 per
2205 5253 2442 5317 trtatem,
2472 5260 2595 5298 cum
2627 5245 2719 5317 d_iu
2749 5243 3302 5317 anteqllhodanuset
3336 5249 3404 5302 de
3435 5265 3541 5305 no-

1952 5313 2099 5371 mine
2124 5315 2426 5378 exstiterit;
2458 5330 2617 5380 quam
2644 5313 2833 5368 Rhoda
2862 5313 3031 5368 eSseI.
3060 5316 3234 5371 llodie
3258 5317 3346 5371 illa
3375 5319 3543 5377 Roses

1950 5389 2179 5450 dicitur,
2213 5396 2265 5439 et
2308 5400 2428 5453 qua“:
2460 5386 2605 5438 circa
2637 5384 2958 5439 Rhodanum
2992 5397 3076 5441 est
3098 5429 3111 5451 ,
3146 5386 3495 5446 Rhodanum!
3521 5408 3542 5448 -'

1950 5463 2272 5526 constatque
2292 5468 2456 5526 exeo
2480 5454 2764 5524 deceptum
2797 5457 3027 5511 Plinium
3059 5473 3253 5512 vocum
3284 5462 3542 5517 similitu-

1950 5530 2112 5594 dine,
2142 5525 2284 5597 quod
2328 5525 2730 5598 sicuti_nullam
2767 5527 2970 5582 llhodte
3001 5530 3052 5583 in
3094 5529 3349 5598 llispania
3381 5548 3543 5589 men-

1957 5595 2170 5654 tionem
2190 5598 2353 5661 iecit,
2384 5598 2455 5648 ita
2485 5595 2851 5651 Rhodanusiae
2881 5600 3022 5652 circa
3057 5595 3379 5656 Rhodanum
3422 5606 3547 5659 nul-

1955 5672 2085 5726 lam.
2117 5670 2285 5723 Porro
2314 5666 2721 5720 Rhodanusiam
2753 5683 2861 5721 non
2903 5669 3121 5725 dedisse
3154 5670 3417 5728 Rhodano
3443 5689 3545 5732 n0-

1955 5758 2103 5809 men,
2131 5741 2225 5796 scd
2251 5736 2550 5807 accepisse,
2584 5751 2744 5791 nemo
2771 5753 2883 5793 non
2914 5740 3181 5813 intelligit.
