4056 6320
574 312 689 371 555

1837 312 1895 370 S.
1938 310 2209 370 EUSEBII
2240 312 2628 371 lllEliONYMl

3781 319 3878 379 356

585 427 849 499 oppidum
899 427 1197 484 Tadeswn
1226 469 1240 492 ,
1273 422 1416 497 quod
1453 440 1596 481 nunc
1627 433 1850 481 vocatur
1892 435 1918 462 ει
1950 426 2185 496 Carteia,
2217 428 2269 488 Λ
2294 444 2446 493 quam
2468 436 2666 499 oportet
2687 444 2892 499 sapere;
2918 428 3008 485 sed
3037 445 3219 503 sapere
3246 432 3314 485 ad
3341 426 3671 488 sobrietatem
3698 431 3875 507 (Rom.

591 519 752 577 Iones
801 520 979 577 Gnaei
1029 521 1276 577 homines
1333 519 1544 575 locasse
1594 518 2191 575 referunturHllontes

592 626 812 687 quoque
844 613 1257 682 Hispaniarum,
1291 611 1485 681 Calpe,
1511 610 1539 648 ι)
1573 611 1750 679 μινυς,
1780 612 1990 684 Pyrene
2017 630 2030 667 :
2060 612 2188 667 item

595 690 788 772 insnlm
818 705 1249 777 Aphrodisiach
1276 746 1290 772 ,
1323 715 1377 759 et
1405 705 1718 776 Gymnesiae
1744 746 1761 769 ,
1784 722 1834 777 qi
1859 722 1905 760 tu
1934 713 2191 761 vocantur

613 788 889 870 Baleares,
907 817 1085 859 nonne
1102 801 1273 857 Graeci
1291 798 1773 878 sermonisindicia
1792 799 2192 856 demonstrant?

597 892 719 963 Ipsa
746 894 898 961 italia
938 910 969 949 a
1000 895 1212 950 Gra’cis
1239 893 1454 965 populis
1482 902 1772 962 occupata,
1802 892 1976 962 Major
2011 908 2189 964 quon-

576 970 719 1053 dam
750 987 962 1067 tinacia
994 986 1314 1047 vocabatur.
1346 986 1511 1041 Certe
1550 984 1697 1057 quod
1740 987 1927 1058 negari
1960 1000 2067 1042 non
2092 1001 2191 1056 po-

595 1089 726 1149 test,
756 1079 988 1139 Romani
1015 1079 1084 1135 de
1114 1077 1307 1135 Encas
1334 1078 1527 1136 Asiani
1555 1077 1795 1141 hominis
1820 1079 1996 1151 stirpe
2022 1094 2192 1152 gene—

592 1174 696 1231 rati
726 1182 875 1228 sunt.
907 1171 989 1231 Ex
1019 1187 1126 1240 quo
1153 1172 1357 1237 evenit,
1388 1182 1448 1226 ut
1490 1182 1545 1227 et
1589 1171 1647 1227 in
1688 1171 1986 1229 Occidente
2013 1171 2188 1229 Graeci

592 1280 740 1336 scepe
786 1263 1052 1320 acuminis
1104 1265 1451 1334 reperiantur
1489 1265 1707 1336 ingenia
1736 1307 1753 1332 ,
1784 1276 1839 1322 et
1868 1266 1925 1322 in
1960 1263 2190 1323 'Orientc

594 1372 616 1399 ε
640 1360 994 1417 stoliditatem
1018 1358 1305 1419 barbaram
1337 1361 1645 1417 redolcant.
1668 1360 1780 1417 Nec
1801 1360 1906 1417 hoc
1926 1359 2184 1427 dicimus,

592 1450 736 1523 quod
769 1466 878 1507 non
906 1467 938 1509 e
979 1453 1208 1523 regione
1247 1452 1543 1524 utrobique
1588 1453 1803 1521 diversa
1852 1465 2187 1511 nascantur:

590 1548 687 1607 sed
714 1547 858 1615 quod
884 1563 950 1604 es
973 1562 1167 1620 magna
1184 1557 1338 1620 parte
1355 1548 1523 1605 etiam
1547 1555 1749 1604 cratera
1775 1562 1899 1619 qua:
1927 1563 2036 1603 non
2061 1555 2189 1601 sunt

592 1639 814 1707 similia,
846 1650 1259 1712 nuncupentur.
1285 1639 1478 1713 Itaque
1506 1656 1615 1697 non
1637 1641 1833 1697 mirum
1860 1649 1945 1696 est
1968 1639 2185 1709 stultos,

595 1744 653 1791 et
677 1736 747 1791 ad
795 1735 1210 1807 intelligentiam
1254 1736 1524 1792 tardiores
1570 1735 1792 1792 Galatas
1841 1735 2183 1806 appellatos;

2294 538 2393 587 sn,
2422 523 2501 593 5).
2541 522 2611 579 Et
2638 524 2881 592 apertius
2908 541 2921 578 :
2952 523 3193 580 Gaudere
3225 541 3341 580 cum
3370 524 3737 597 gaudentibus,
3763 531 3880 598 [tere

2293 633 2407 671 cum
2447 617 2712 686 ﬂentibus.
2758 616 3000 686 ldipsunt
3040 619 3255 674 invicem
3289 619 3584 677 sentientes.
3620 618 3743 675 Non
3778 621 3877 677 alta

2293 712 2549 789 sapientes
2569 727 2588 778 ;
2609 711 2699 765 sed
2716 710 2999 767 humilibus
3016 714 3414 769 consentientes.
3443 711 3625 771 Nolite
3643 730 3749 770 esse
3763 733 3875 787 pru«

2294 805 2470 858 dentes
2508 804 2651 875 apud
2678 806 3009 878 vosmetipsos
3049 804 3260 880 (Ibid.,
3293 823 3384 874 xv,
3408 807 3476 863 16
3508 806 3550 879 ).
3574 806 3878 866 Corinthios

2294 910 2512 966 quoque
2553 906 2705 951 notat
2748 899 2893 968 quod
2934 899 3194 954 mulieres
3222 913 3411 955 eorum
3465 900 3667 955 intecto
3707 900 3879 970 capite

2291 988 2425 1057 sint,
2455 994 2511 1042 et
2536 987 2636 1047 viri
2664 1003 2881 1044 comam
2913 990 3164 1046 nutriant
3190 990 3209 1061 (
3236 989 3405 1049 Hier.
3438 1006 3473 1045 ι
3501 991 3523 1063 )
3555 999 3651 1048 :et
3672 991 3877 1059 indiffe-

2294 1089 2482 1137 renter
2520 1089 2820 1137 vescantur
2869 1082 2923 1141 in
2956 1083 3173 1154 templis
3204 1082 3313 1155 (At.
3370 1082 3611 1161 tempus]
3642 1084 3715 1157 (ιι
3764 1085 3875 1156 Ger.

2293 1190 2371 1242 ι,
2423 1174 2562 1246 20);
2623 1184 2680 1231 et
2739 1174 2912 1231 inﬂati
2969 1176 3239 1247 sapientia
3292 1175 3581 1246 saaculari,
3637 1193 3879 1237 resurre-

2292 1268 2529 1327 ctionem
2570 1269 2756 1326 carnis
2801 1279 3025 1340 negent.
3074 1268 3200 1325 llaec
3229 1284 3295 1325 ex
3329 1279 3488 1341 parte
3517 1286 3695 1343 usque
3724 1271 3881 1329 hodie

2294 1376 2621 1431 permanere
2650 1403 2665 1427 ,
2705 1377 2813 1417 non
2883 1369 3064 1433 potest
3133 1361 3393 1420 dubitare
3418 1404 3434 1431 ,
3476 1364 3571 1435 qui
3622 1364 3880 1422 Achaiam

2293 1453 2650 1527 429-430
2703 1455 2905 1511 viderit
2979 1455 3045 1525 (l
3092 1453 3216 1511 Cor.
3262 1456 3389 1528 tv).
3452 1457 3776 1517 Macedones
3828 1458 3880 1515 in

2293 1547 2557 1605 cbaritatc
2593 1547 2905 1617 laudantur,
2939 1557 2996 1605 et
3032 1548 3403 1619 hospitalitate
3429 1565 3496 1607 ac
3534 1551 3880 1624 susceptione

2294 1639 2549 1696 fratrum.
2582 1640 2736 1699 Unde
2762 1640 2833 1697 ad
2861 1656 2956 1698 eos
2987 1641 3247 1698 scribitur
3272 1658 3288 1697 :
3310 1640 3392 1697 De
3421 1642 3679 1699 charitate
3712 1654 3882 1700 autem

2294 1732 2661 1805 fraternitatis,
2691 1748 2796 1787 non
2819 1750 3023 1790 necesse
3049 1734 3298 1791 habemus
3325 1736 3550 1791 scribere
3577 1736 3739 1793 vobis.
3768 1735 3878 1808 Ipsi

588 1843 715 1885 cum
735 1836 790 1884 et
810 1828 1050 1885 Hilarius
1066 1827 1276 1885 Latina:
1297 1828 1625 1899 eloquentia:
1656 1827 1978 1892 Rhodanus,
2000 1825 2188 1883 Gallus
2224 1813 2266 1873 Β
2293 1828 2428 1881 enim
2454 1843 2539 1881 vos
2560 1843 2590 1880 a
2618 1826 2729 1882 Deo
2753 1827 3037 1895 didicistis,
3062 1836 3119 1882 ut
3147 1827 3381 1903 diligatis
3401 1829 3640 1885 invicem.
3674 1828 3883 1887 Etenim

576 1922 709 1992 ipse
736 1932 791 1979 et
819 1922 1055 1979 Pictavis
1105 1923 1329 1994 genitus
1356 1963 1371 1988 ,
1404 1923 1457 1977 in
1502 1922 1845 1991 Hymnorum
1876 1921 1903 1958 ά
1931 1921 2189 1976 Carmine

589 2012 779 2081 Gallos
803 2013 1069 2072 indociles
1099 2023 1279 2071 vocet.
1313 2013 1382 2073 Et
1410 2015 1558 2085 quod
1588 2030 1736 2070 nunc
1768 2024 2046 2070 oratorum
2078 2012 2186 2069 fer-

587 2107 718 2165 tiles
742 2116 897 2174 sunt,
926 2122 1037 2163 non
1071 2115 1181 2161 tam
1222 2105 1291 2161 ad
1335 2105 1577 2176 regionis
1608 2104 1948 2175 diligentiam
1976 2146 1992 2173 ,
2024 2119 2186 2175 quam

587 2200 658 2258 ad
686 2201 1089 2257 rhetoricorum
1122 2199 1145 2273 [
1177 2199 1264 2256 Al.
1297 2196 1682 2271 rhetoricum]
1709 2199 2008 2253 clamorem
2056 2212 2175 2268 per-

586 2294 775 2353 tinet:
803 2293 1041 2351 maxime
1098 2308 1220 2349 cum
1274 2292 1571 2364 Aquitania
1619 2290 1755 2363 [Αι.
1807 2290 2184 2363 Aquitanica]

585 2385 777 2443 Graeca
800 2401 862 2442 se
879 2384 1052 2455 jactet
1081 2383 1298 2452 origine
1327 2401 1341 2438 :
1371 2395 1425 2438 et
1449 2383 1658 2439 Galata:
1681 2398 1792 2439 non
1821 2382 1892 2441 de
1912 2383 2008 2438 illa
2036 2393 2187 2455 parte

585 2486 882 2543 terrarum,
915 2474 1014 2531 sed
1055 2476 1124 2531 de
1173 2474 1537 2532 ferocioribus
1562 2474 1737 2532 Gallis
1767 2475 1882 2532 sint
1928 2476 2182 2548 proiecti.

586 2569 764 2625 Vultis
792 2570 959 2634 scire,
987 2583 1022 2625 0
1043 2569 1211 2625 Paula
1245 2577 1302 2625 et
1336 2568 1717 2637 Eustochium,
1747 2571 2023 2641 quomodo
2040 2570 2186 2641 Apo-

502 2680 505 2681 '
584 2664 759 2720 stolus
790 2678 1229 2735 unamquamque
1257 2664 1593 2733 provinciam
1614 2664 1731 2719 suis
1757 2663 2184 2735 proprietatibus

583 2756 863 2815 denotarit
888 2756 912 2811 7
938 2756 1122 2828 Usque
1145 2755 1310 2811 hodie
1334 2755 1526 2811 eadem
1563 2756 1648 2812 vel
1671 2757 1931 2811 virtutum
1957 2757 2182 2828 vestigia

584 2857 938 2920 permanent,
966 2847 1052 2902 vel
1093 2860 1366 2903 errorum.
1397 2846 1660 2901 Roman-.1:
1704 2847 1884 2917 plebis
1930 2846 2184 2904 laudatur

588 2943 729 2999 ﬁdes
757 2943 935 3015 (Rom.
964 2942 1029 3013 ι).
1066 2942 1167 2998 Ubi
1199 2941 1326 2997 alibi
1360 2949 1511 2996 tanto
1545 2940 1726 2997 studio
1754 2950 1813 2997 et
1849 2940 2176 3013 frequentia,

583 3034 652 3091 ad
684 3034 959 3090 Ecclesias
1000 3044 1057 3090 et
1088 3033 1154 3089 ad
1184 3034 1482 3106 Martyrum
1509 3033 1764 3104 sepulcra
1793 3034 2138 3091 concurritur
2158 3035 2185 3089 ἲ

586 3126 679 3182 ubi
712 3127 794 3183 sic
822 3127 890 3182 ad
921 3126 1337 3182 similitudinem
1369 3124 1612 3182 ctelestis
1642 3123 1873 3180 tonitrui
1900 3124 2063 3179 Amen
2095 3140 2180 3180 re-

2290 1921 2463 1991 facitis
2491 1921 2629 1975 illud
2669 1921 2722 1977 in
2769 1936 2944 1977 omnes
2974 1925 3163 1993 fratres
3201 1923 3257 1978 in
3298 1923 3539 1979 universa
3566 1922 3881 1980 Macedonia

2290 2012 2338 2083 (Ι
2365 2010 2546 2068 Thess.
2570 2029 2649 2079 tv,
2675 2012 2768 2086 9).
2797 2014 2905 2071 Sed
2937 2013 3411 2085 reprehenduntur
3430 2013 3578 2086 quod
3598 2015 3769 2073 otiosi
3788 2015 3882 2073 de-

2290 2121 2410 2162 mos
2449 2107 2831 2163 circumeant:
2863 2113 2920 2163 et
2954 2106 3196 2163 alienum
3236 2115 3626 2177 exspectantes
3662 2107 3877 2177 cibum,

2288 2197 2419 2254 dum
2468 2198 2698 2269 singulis
2746 2197 2966 2269 placere
3016 2198 3359 2265 desiderant,
3402 2207 3459 2254 et
3489 2199 3595 2256 huc
3646 2199 3880 2272 illucque

2288 2289 2626 2355 discurrant,
2674 2289 2803 2360 quid
2845 2288 2986 2360 apud
3019 2289 3266 2361 singulos
3310 2301 3524 2361 agatur,
3574 2292 3877 2349 enuntiem.

2286 2382 2546 2455 Sequitur
2565 2384 2710 2439 enim
2737 2402 2755 2439 :
2782 2384 3047 2458 Rogamus
3072 2394 3245 2441 autem
3271 2401 3382 2452 vos,
3411 2388 3623 2457 fratres,
3645 2396 3706 2443 ut
3726 2389 3882 2443 abun-

2287 2475 2420 2531 detis
2455 2476 2640 2546 magis,
2673 2486 2721 2531 et
2751 2493 2959 2548 operam
2990 2477 3124 2532 detis
3150 2486 3207 2531 ut
3233 2478 3392 2546 quieti
3422 2477 3538 2533 sitis
3567 2493 3586 2532 :
3607 2487 3663 2537 ut
3688 2489 3712 2517 °
3736 2488 3783 2536 et
3804 2495 3882 2535 ve-

2287 2582 2450 2626 strum
2493 2571 2753 2642 negotium
2783 2570 2976 2641 agatis,
3018 2579 3066 2625 et
3106 2570 3387 2639 operemini
3427 2571 3667 2627 manibus
3703 2574 3879 2629 vestris

2284 2663 2421 2718 sicut
2445 2664 2784 2736 prazeepimas
2804 2663 2947 2718 vobis
2973 2678 2992 2718 :
3013 2670 3069 2717 ut
3093 2675 3142 2718 et
3171 2664 3380 2719 honeste
3400 2664 3678 2721 ambuletis
3707 2668 3780 2722 ad
3798 2683 3879 2722 eos

2285 2759 2374 2827 qui
2405 2759 2534 2828 {oris
2563 2769 2707 2825 sunt,
2741 2768 2788 2813 et
2814 2758 3010 2813 nullius
3031 2758 3237 2828 aliquid
3265 2758 3573 2814 desideratis
3600 2756 3799 2828 (Ibid.,
3819 2777 3873 2828 ι,

2288 2848 2349 2904 ll
2370 2848 2412 2921 ).
2436 2849 2592 2916 Quod
2618 2867 2686 2905 ne
2706 2849 2826 2920 quis
2853 2860 3005 2920 putet
3025 2846 3209 2905 ofﬁcio
3238 2846 3409 2921 magis
3429 2848 3701 2921 docentis,
3724 2868 3878 2924 quam

2284 2945 2423 3000 vitio
2451 2945 2631 3017 gentis
2676 2945 3041 3011 admonitum,
3073 2946 3126 2999 in
3155 2944 3396 3001 secunda
3427 2946 3494 3002 ad
3529 2946 3756 3005 eosdem
3798 2949 3879 3003 in-

2284 3038 2460 3093 culcm
2487 3051 2549 3091 ac
2580 3038 2830 3107 replicat,
2862 3036 3049 3092 dicens
3075 3056 3087 3093 :
3116 3035 3255 3091 Nam
3280 3048 3329 3092 et
3356 3054 3473 3093 cum
3493 3054 3718 3094 essemus
3742 3039 3879 3111 apud

2282 3145 2390 3194 vos,
2421 3128 2519 3182 hoc
2547 3128 2981 3183 denuntiabamus
3008 3128 3173 3196 vobis,
3199 3128 3442 3199 quoniam
3463 3129 3509 3183 si
3533 3129 3647 3201 quis
3672 3130 3879 3204 aperari

579 3220 747 3291 boat,
779 3231 833 3277 et
870 3236 1040 3277 vacua
1076 3221 1347 3276 idolorum
1400 3219 1599 3291 templa
1650 3220 1971 3291 quatiuntur
2009 3219 2178 3275 iNon
2208 3202 2253 3265 Ο
2285 3239 2389 3276 non
2424 3221 2560 3287 vult,
2606 3238 2695 3276 nec
2741 3222 3032 3276 manducet.
3079 3221 3382 3275 Audiuimus
3431 3221 3566 3275 enim
3612 3202 3751 3280 inter
3794 3240 3877 3278 vos

577 3315 723 3389 quod
752 3314 912 3371 aliam
944 3315 1186 3372 habeant
1216 3316 1447 3371 Romani
1481 3315 1666 3384 fidem,
1703 3314 1804 3372 nisi
1848 3314 1990 3370 hanc
2016 3329 2176 3387 quam

576 3424 766 3465 omnes
796 3406 1003 3465 Christi
1052 3408 1316 3463 Ecclesia:
1351 3425 1365 3462 :
1402 3407 1498 3462 sed
1549 3407 1694 3476 quod
1733 3406 1953 3462 devotio
2005 3407 2059 3462 in
2099 3406 2179 3463 eis

577 3501 753 3571 major
780 3500 874 3569 sit,
905 3508 961 3556 et
990 3499 1325 3568 simplicitas
1356 3497 1425 3554 ad
1449 3498 1807 3553 credendum.
1836 3498 2073 3554 Rursum
2101 3497 2181 3552 fa-

574 3595 794 3651 cilitatis
826 3604 883 3649 et
924 3594 1198 3665 superbia:
1228 3602 1553 3664 arguuntur.
1598 3592 1905 3648 Facilitatis
1929 3638 1945 3662 ,
1975 3602 2033 3647 ut
2058 3593 2174 3649 ibi:

574 3683 726 3761 Rogo
746 3702 855 3753 vos,
891 3686 1106 3757 fratres,
1132 3694 1186 3740 ut
1212 3686 1490 3740 observetis
1520 3701 1607 3741 eos
1638 3686 1727 3756 qui
1758 3685 2103 3743 dissensiones
2127 3696 2175 3743 et

573 3778 922 3849 olfendicula,
947 3787 1134 3846 praeter
1164 3777 1457 3831 doctrinam
1483 3794 1641 3849 quam
1669 3793 1756 3832 vos
1784 3778 2061 3845 didicistis,
2089 3782 2173 3850 [a-

575 3871 717 3924 ciunt
751 3886 771 3936 ;
807 3880 856 3924 et
898 3870 1157 3926 declinate
1184 3871 1249 3924 ab
1274 3869 1383 3925 illis
1414 3887 1432 3924 :
1460 3870 1766 3942 hujusinodi
1803 3871 1939 3927 enim
1970 3871 2174 3928 Christo

570 3960 795 4017 Domino
816 3960 929 4035 [AL
958 3961 1111 4017 addit
1126 3959 1329 4034 nostra]
1353 3978 1455 4016 non
1475 3963 1725 4033 serviunt,
1749 3964 1840 4018 sed
1860 3980 1954 4018 suo
1974 3966 2172 4032 ventri;

569 4065 617 4111 et
644 4072 735 4125 per
755 4056 930 4111 dulces
955 4072 1215 4111 sermones
1243 4066 1292 4110 et
1321 4056 1697 4111 benedictiones
1723 4059 1980 4112 seducunt
2010 4059 2170 4115 corda

566 4148 936 4203 innocentium.
976 4146 1158 4203 Vestra
1188 4148 1324 4203 enim
1360 4148 1652 4203 obedientia
1680 4150 1733 4202 in
1761 4164 1965 4203 omnem
1994 4148 2169 4204 locum

566 4241 865 4315 pervulgata
892 4251 989 4296 est.
1017 4238 1234 4296 Gaudeo
1258 4241 1417 4313 igitur
1446 4241 1501 4294 in
1526 4240 1666 4295 vobis
1696 4256 1713 4293 :
1742 4251 1789 4297 et
1819 4241 1934 4296 volo
1961 4258 2049 4296 vos
2075 4259 2165 4296 sa-

569 4335 765 4407 pientes
790 4350 901 4389 esse
927 4334 982 4388 in
1014 4332 1169 4399 bona,
1202 4342 1247 4387 et
1273 4333 1533 4404 simplices
1563 4334 1617 4388 in
1648 4332 1785 4388 malo
1817 4332 1836 4407 (
1867 4332 2019 4389 Rom.
2052 4350 2163 4400 xvi,

571 4426 632 4481 l7
661 4425 854 4496 seqq.).
902 4424 1188 4496 Superbia:
1233 4440 1366 4482 vero
1390 4443 1413 4479 ξ
1448 4424 1576 4480 Noli
1620 4424 1787 4480 altum
1828 4443 2010 4497 sapere
2037 4471 2052 4496 ,
2075 4425 2165 4495 sed

564 4520 684 4574 time
710 4518 889 4592 (Rom.
924 4534 987 4589 tt,
1015 4518 1087 4576 20
1110 4528 1159 4575 et
1187 4518 1301 4591 25).
1329 4518 1395 4574 Et
1426 4536 1440 4573 :
1474 4515 1617 4573 Nolo
1644 4534 1730 4575 vos
1760 4519 2021 4592 ignorare,
2055 4522 2165 4591 fra-

2279 3315 2532 3384 quosdmn
2560 3312 2829 3368 ambulare
2865 3313 3112 3383 inquiete,
3145 3312 3277 3366 nihil
3318 3323 3610 3385 operantes,
3652 3314 3750 3369 sed
3780 3330 3875 3369 cu-

2277 3406 2413 3460 riose
2451 3416 2680 3478 agentes.
2725 3403 2779 3458 ll
2786 3406 2828 3459 is
2869 3415 3040 3459 autem
3076 3405 3162 3475 qni
3201 3406 3462 3476 ejusmodi
3498 3411 3637 3470 sunt,
3673 3406 3878 3460 denun-

2277 3497 2467 3552 tiamus
2494 3507 2541 3551 et
2568 3499 2891 3552 obsecramus
2921 3498 2976 3552 in
2999 3496 3222 3553 Domino
3252 3496 3380 3554 Jesu
3422 3496 3651 3563 Christo,
3680 3507 3742 3554 ut
3762 3516 3877 3565 eum

2276 3588 2483 3642 silentio
2512 3599 2806 3657 aperantes,
2834 3605 2992 3644 suum
3020 3605 3204 3662 panem
3231 3589 3546 3644 manducent
3578 3587 3655 3662 (ll
3688 3588 3872 3648 Thess.

2274 3696 2356 3744 ιιι.
2386 3680 2453 3737 10
2488 3698 2627 3752 seqq.
2648 3679 2689 3752 ).
2722 3680 2970 3752 Longum
3004 3689 3089 3736 est
3116 3680 3165 3736 si
3191 3681 3356 3736 velim
3389 3681 3457 3737 de
3486 3682 3777 3753 Apostolo,
3813 3692 3869 3740 et

2275 3771 2344 3828 de
2378 3772 2675 3844 Scripturis
2703 3774 2953 3830 omnibus
2980 3774 3315 3844 singularum
3345 3776 3612 3847 gentium,
3643 3775 3733 3832 vel
3759 3778 3870 3832 vir-

2277 3874 2417 3922 tutes
2447 3865 2764 3934 observare,
2800 3866 2885 3921 vel
2912 3865 3080 3922 vitia:
3106 3879 3229 3920 cum
3262 3865 3329 3919 ad
3358 3868 3471 3921 haec
3495 3865 3611 3935 ipsa
3640 3883 3767 3939 qua:
3794 3870 3877 3929 dl-

2273 3958 2473 4024 ximus,
2509 3958 2634 4013 inde
2663 3957 2902 4013 devoluti
2949 3956 3125 4011 simus
3169 3958 3312 4026 quod
3359 3954 3565 4012 Galam:
3612 3959 3770 4015 stulti
3821 3970 3874 4016 et

2272 4052 2538 4109 vecordes
2570 4049 2898 4120 pronuntiati
2931 4048 3060 4103 sint.
3093 4047 3210 4103 Scit
3239 4062 3450 4103 mecum
3473 4048 3565 4119 qui
3596 4048 3732 4105 vidit
3759 4051 3872 4108 An-

2271 4159 2459 4216 cyram
2492 4140 2614 4214 [Αι.
2657 4138 2991 4213 Anchiram]
3017 4139 3366 4211 metropolim
3418 4139 3644 4197 Galatia:
3672 4143 3873 4202 civita-

2273 4244 2405 4303 tem,
2435 4240 2571 4303 quot
2601 4230 2720 4305 [Αἰ.
2765 4229 2946 4305 quod]
2982 4247 3126 4288 nunc
3155 4246 3333 4304 usque
3361 4231 3753 4291 schismatibus
3781 4234 3869 4292 di-

2269 4327 2506 4383 lacerata
2533 4327 2624 4392 sit,
2656 4335 2790 4399 quot
2815 4324 2939 4400 [AL
2962 4326 3145 4401 quod]
3165 4327 3480 4400 dogmatum
3508 4328 3867 4387 varietatibus

2267 4436 2639 4498 constuprata.
2668 4425 2875 4484 Omitto
2903 4426 3303 4502 Cataphrygas,
3327 4429 3578 4500 Opliitas,
3602 4429 3866 4488 Borhori-

2268 4528 2372 4586 tas,
2398 4530 2453 4576 et
2485 4519 2842 4588 Manichacus;
2868 4531 3003 4578 .nota
3032 4522 3178 4577 enim
3201 4523 3315 4591 jam
3340 4520 3457 4577 huc
3490 4520 3747 4579 humana:
3777 4538 3866 4581 ca-

563 4624 686 4679 tres,
711 4583 1011 4684 mysterium
1035 4612 1131 4667 hoc
1152 4652 1169 4679 ,
1196 4583 1377 4667 ιιιήοη
1405 4612 1518 4667 sitis
1557 4613 1660 4683 ipsi
1696 4583 1833 4668 vobis
1878 4613 2158 4687 sapientes.
2187 4583 2243 4651 Β
2266 4613 2526 4670 lamitatis
2554 4614 2817 4669 vocabula
2838 4623 2985 4668 sunt.
3005 4613 3140 4682 Quis
3167 4628 3422 4685 umquam
3453 4613 3866 4687 Passalorynci-

560 4709 635 4767 Et
670 4709 724 4765 in
755 4708 1115 4783 sequentibus
1145 4727 1159 4764 :
1198 4708 1333 4765 Dico
1359 4709 1495 4765 enim
1521 4726 1611 4783 per
1644 4711 1868 4781 gratiam
1892 4724 2009 4779 qua:
2037 4708 2163 4764 dats

559 4811 633 4861 est
656 4802 807 4874 mihi,
834 4801 1070 4859 onmibus
1089 4802 1179 4874 qui
1210 4813 1327 4858 sunt
1354 4803 1491 4859 inter
1526 4819 1615 4859 vos
1645 4818 1664 4859 :
1695 4820 1797 4860 non
1830 4802 1947 4875 plus
1981 4818 2163 4876 sapere

627 5031 653 5061 ι
684 5020 923 5078 Palatin.
964 5035 1068 5076 ms.
1103 5019 1325 5075 Carceia
1350 5035 1368 5073 :
1398 5034 1565 5091 porro
1589 5019 1795 5089 junctis
1821 5019 2155 5091 Cistercien-

553 5094 731 5165 sibus.
752 5092 989 5165 Hydria,
1016 5108 1116 5165 pro
1143 5091 1327 5158 Idm,
1358 5090 1419 5148 et
1442 5090 1762 5162 Gymnasiis,
1796 5105 1901 5163 pro
1929 5090 2154 5162 Gymne-

553 5168 667 5223 situ.
694 5164 933 5222 Cuncttle
963 5164 1222 5219 Plinium.

628 5236 656 5277 δ
685 5236 805 5293 Non
833 5234 1164 5305 Idrus,_sed
1208 5231 1421 5305 Hydrus
1469 5233 1660 5305 legunt
1710 5248 1845 5291 mss.
1892 5232 2155 5291 codices:

830 5305 1009 5447 fugi,
1026 5303 1750 5460 ρςὲιέἆῗῗδιιξῖίὺῳρηηι.

626 5449 654 5489 ἀ
680 5446 1046 5523 Ηγιιψμηιςει
1069 5446 1305 5523 Carmen
1339 5464 1504 5503 unum
1529 5448 2037 5523 idemque_son_are,
2068 5446 2161 5501 do-

555 5531 646 5579 cet
675 5518 795 5592 ipse
816 5518 1049 5576 Hilarius
1076 5518 1131 5573 in
1164 5528 1397 5574 tractatu
1428 5520 1619 5589 psalmi
1645 5518 1755 5575 ω.
1779 5518 2003 5592 Eerjus
2029 5532 2158 5573 vero

553 5588 783 5666 llyannis
826 5592 960 5666 nulli
1006 5601 1272 5666 superant
1296 5632 1326 5666 ,_
1345 5588 1666 5666 tantumque
1702 5588 2018 5666 verosimile
2048 5601 2153 5656 est,

551 5658 818 5733 quosdam
895 5664 950 5719 in
1012 5658 1399 5718 Ecclesiastica
1461 5658 1775 5717 Psalmodia
1833 5658 2006 5714 fuisse
2064 5674 2158 5715 su-

557 5743 848 5866 “evasit
876 5817 1012 5862 mss.
1045 5806 1218 5863 nostri
1248 5801 1578 5880 praferunt,
1624 5811 1682 5863 et
1718 5802 1899 5863 Grato.
1949 5809 2153 5874 textus,

2267 4716 2371 4775 las,
2392 4717 2451 4764 et
2474 4705 2492 4745 ί
2520 4706 2896 4775 Ascodrohos,
2919 4714 2977 4763 et
2997 4706 3349 4778 Artotyritas,
3375 4715 3431 4763 et
3456 4715 3658 4765 caetera
3689 4706 3861 4780 magis

2262 4810 2517 4873 portenta
2546 4816 2710 4872 quam
2735 4798 2960 4856 nomina
2988 4796 3113 4870 [AL
3141 4796 3404 4872 numina]
3425 4798 3481 4855 in
3505 4799 3688 4872 aliqua
3706 4807 3862 4871 parte

2258 5022 2344 5147 ﬁeri
2368 5022 2621 5147 πξξσσειν
2647 5024 2715 5078 τὰ
2741 5018 2873 5078 ἴδια.
2916 5022 3091 5079 Antea
3115 5023 3346 5093 voculas,
3378 5036 3426 5081 et
3456 5037 3679 5084 vestrum
3706 5027 3861 5087 desi-

2295 5108 2389 5147 era
2472 5104 2619 5146 ntur.

2295 5108 2389 5147 era
2399 5104 2619 5147 Mlllur.

2338 5162 2357 5202 ί
2397 5162 2530 5245 μςὶ
2560 5163 2770 5229 malim,
2797 5165 3148 5245 Ascgdrogos,
3186 5168 3275 5224 Vel
3316 5166 3700 5245 Tascodrogos,
3726 5187 3852 5229 cum

2257 5248 2328 5315 ex
2359 5235 2593 5289 aliorum
2617 5244 2869 5323 ‘veterum
2889 5235 3618 5323 Scriptoeumtestimoniis',
3644 5235 3760 5323 tum
3784 5259 3854 5299 ex

2262 5309 2384 5373 ipsa
2415 5309 2723 5387 portentosi
2754 5309 2992 5363 nominis
3037 5309 3478 5395 derivationeac
3510 5313 3850 5397 signiﬁcatu.

2264 5374 2398 5453 Nam
2431 5386 2487 5429 et
2504 5391 2591 5453 sic
2616 5392 2714 5453 eos
2751 5380 2992 5453 appellat
3031 5380 3090 5435 S.
3135 5380 3480 5451 Epiphanius
3510 5399 3562 5437 in
3594 5383 3850 5453 Panarto,

2261 5447 2352 5524 qui
2378 5458 2444 5524 et
2466 5448 2596 5502 alibi
2629 5449 2732 5505 hoc
2760 5447 2994 5524 donatos
3017 5447 3642 5517 nomine-Quintilianus
3664 5447 3852 5524 tradit,

2262 5518 2551 5595 haereticos
2583 5536 2782 5595 nempe
2821 5523 2967 5595 illos,
2999 5524 3088 5592 qui
3119 5537 3148 5575 τι
3189 5524 3454 5592 projects
3480 5528 3737 5595 nequitia:
3769 5518 3854 5583 fc;

2261 5590 2406 5663 mina
2435 5590 2731 5658 Quintilla,
2767 5590 3036 5648 adversus
3063 5590 3228 5663 quam
3253 5590 3627 5652 Tertullianus
3652 5600 3723 5653 de
3753 5599 3854 5652 Bn-

2259 5662 2463 5731 ptismo
2506 5664 2763 5731 scripsit,
2814 5672 3037 5718 traxere
3086 5662 3319 5721 nomen.
3372 5666 3443 5721 Et
3489 5668 3851 5725 Tlteodoritns

2261 5730 2648 5807 Taseodrugos,
2678 5751 2775 5790 seu
2814 5732 3227 5807 Tascodrugetas
3257 5746 3439 5802 vocat,
3479 5750 3539 5794 et
3566 5738 3851 5797 Herenniis

2253 5802 2435 5876 jungit
2457 5820 2472 5859 :
2503 5802 2610 5860 nec
2636 5813 2805 5875 tacet,
2841 5820 3032 5863 eorum
3050 5802 3377 5881 praestigias,
3400 5822 3467 5869 ac
3491 5809 3699 5872 nefaria
3711 5811 3849 5891 dog-
