4056 6326
215 318 331 380 337
746 322 1401 381 COMMENTARIORUM
1437 323 1505 380 IN
1547 321 1935 381 EPISTOLAM
1976 324 2068 381 AD
2106 324 2427 384 GALATAS
2464 324 2597 382 LIB.
2641 323 2707 380 ll.
2745 320 2900 379 CAP.
2942 321 3032 379 Ill.
3419 320 3527 383 558

218 438 456 495 Romani
475 438 630 494 orbis
650 439 895 494 audivit?
924 440 1175 511 Antiqua:
1203 439 1448 494 stultitiae
1470 454 1644 510 usque
1666 438 1830 495 hodie
1855 440 1910 500 Α
1934 442 2212 511 complere
2239 458 2359 512 quae
2378 442 2576 513 scripta
2601 448 2729 497 sunt
2753 458 2767 494 :
2796 456 2921 495 cum
2949 439 3287 511 antiquiores
3302 438 3529 499 alterius

220 544 444 591 manent
473 533 721 603 vestigia.
764 532 942 588 Unum
983 543 1064 589 est
1101 532 1243 603 quod
1276 532 1587 597 inferimus,
1620 542 1673 588 et
1701 549 1827 603 pro—
1928 547 2144 603 quoque
2185 535 2360 604 gentis
2391 534 2585 589 litterm
2633 533 2684 587 id
2717 533 2955 603 positum
3003 531 3173 587 fuisse
3224 540 3520 589 testentur.

222 626 449 681 missum
496 626 549 680 in
588 625 819 680 exordio
849 626 1153 687 reddimus,
1184 624 1412 679 Galatas
1440 634 1674 695 excepto
1703 640 1826 681 ser-

221 734 387 775 mone
412 717 628 782 Grteco,
660 733 770 787 quo
801 718 982 769 otntiis
1009 716 1209 771 Oriens
1244 716 1507 786 loquitur,
1544 716 1820 787 propriam

225 813 469 884 linguam
508 810 756 867 eamdem
790 825 928 881 pene
955 810 1162 866 habere
1197 826 1363 881 quam
1405 810 1691 878 Treviros,
1725 824 1827 867 nec

225 904 459 966 referre.
487 903 537 959 si
560 904 740 975 aliqua
772 903 969 959 exinde
999 903 1373 974 corruperint,
1407 918 1531 959 cum
1559 912 1612 958 et
1651 902 1826 973 Aphri

227 995 551 1054 thuicum
564 997 803 1069 linguam
816 997 1077 1052 nonnulla
1100 1013 1168 1053 ex
1185 1009 1336 1067 parte
1350 1005 1377 1034 ι
1401 998 1751 1067 mutaverint,
1768 1007 1829 1054 et

228 1090 349 1160 ipsa
379 1090 647 1145 Latinitas
668 1098 721 1145 et
748 1090 1062 1159 regionibus
1085 1090 1330 1160 quotidie
1352 1098 1590 1145 mutetur
1613 1100 1667 1146 et
1690 1098 1828 1147 tem-

229 1197 384 1255 pore.
415 1182 525 1240 Sed
550 1182 663 1253 jam
693 1181 761 1237 ad
789 1183 1131 1253 propositum
1169 1189 1539 1238 revertamur.

302 1358 629 1430 Quicumque
654 1359 793 1414 enim
819 1376 884 1415 ea:
912 1359 1147 1432 operibus
1174 1358 1327 1431 Legis
1364 1368 1508 1426 sunt,
1541 1360 1634 1415 sub
1656 1361 1825 1416 male-

227 1453 367 1507 dicto
398 1461 540 1506 sunt.
574 1451 846 1522 Scriptum
870 1462 945 1507 est
972 1456 1110 1507 enim
1133 1470 1151 1507 :
1175 1452 1491 1508 Maledictus
1543 1454 1710 1507 omnis
1736 1454 1826 1523 qui

229 1564 332 1602 non
358 1548 707 1620 permanserit
734 1549 789 1603 in
821 1548 1061 1603 omnibus
1084 1565 1203 1620 quae
1228 1550 1423 1620 scripta
1457 1560 1577 1605 sunt
1606 1551 1658 1603 in
1694 1550 1824 1603 libro

229 1638 404 1713 Legis,
429 1651 484 1694 ut
517 1641 677 1711 faciat
698 1658 780 1695 ea.
812 1641 969 1697 Hunc
1008 1656 1216 1698 morem
1249 1642 1446 1709 habeo,
1490 1651 1553 1696 ut
1578 1642 1826 1712 quoties-

228 1749 465 1803 cumque
491 1735 560 1790 ab
598 1736 880 1806 Apostolis
919 1735 988 1791 de
1016 1736 1188 1792 veteri
1216 1735 1588 1791 Instrumenta
1617 1732 1828 1805 aliquid

1927 626 2194 693 Quoniam
2216 638 2394 682 autent
2423 645 2585 682 nemo
2612 628 2782 698 possit
2812 626 3040 697 implere
3068 625 3292 697 Legem,
3318 636 3375 683 et
3401 642 3530 681 ctut-

1927 726 2015 772 cta
2047 717 2228 775 facere
2253 735 2376 791 qum
2396 720 2550 789 jossa
2578 728 2729 786 sunt,
2760 727 2818 775 et
2844 719 2971 775 alibi
3016 726 3246 776 testatur
3288 720 3529 792 Aposto-

1928 810 2035 877 lus,
2067 810 2254 866 dicens
2280 829 2294 866 :
2320 812 2474 880 Quod
2496 812 2635 867 enim
2667 820 2780 867 erat
2804 811 3126 883 hupossibile
3155 810 3305 884 Legi,
3333 812 3391 867 in
3422 828 3527 885 quo

1925 903 2296 973 inﬁrmabatur
2323 919 2414 975 per
2443 919 2690 959 carnem:
2714 901 2859 959 Deus
2890 900 3093 959 Filiam
3117 920 3273 959 suum
3316 903 3527 961 mittens

1924 997 1982 1051 in
2010 996 2408 1053 similitudinem
2435 999 2609 1053 carnis
2640 997 2858 1069 peccati,
2890 996 2957 1054 de
2981 1006 3193 1068 peccato
3211 998 3531 1054 condensata-

1925 1092 1999 1148 uit
2020 1100 2286 1163 peccatum
2311 1092 2366 1147 in
2390 1109 2545 1146 carne
2564 1091 2584 1165 (
2602 1090 2757 1147 Rom.
2782 1107 2874 1148 vut
2892 1088 2933 1162 ).
2961 1091 3118 1160 Quod
3139 1091 3185 1147 si
3208 1107 3396 1149 verum
3419 1100 3524 1161 est,

1926 1193 2110 1255 potest
2153 1184 2312 1240 nobis
2353 1183 2519 1255 objici
2546 1201 2560 1237 :
2591 1185 2736 1255 Ergo
2763 1192 2822 1240 et
2864 1184 3103 1256 Moyses,
3149 1194 3206 1241 et
3240 1184 3427 1252 Isaias,
3472 1194 3529 1244 et

1926 1278 2114 1332 caeteri
2147 1276 2447 1348 prophetae,
2484 1276 2576 1348 qui
2620 1276 2725 1332 sub
2768 1275 3030 1346 operibus
3073 1275 3235 1347 Legis
3279 1277 3525 1347 luerunt,

1929 1370 2032 1425 sub
2054 1370 2347 1425 maledicto
2373 1371 2541 1426 sunt?
2570 1369 2726 1437 Quod
2757 1384 2865 1425 non
2898 1369 3115 1426 timebit
3141 1384 3406 1440 annuere,
3432 1372 3528 1445 qui

1927 1463 2205 1520 dicentem
2236 1463 2558 1534 Apostolum
2581 1464 2779 1535 legerit
2803 1479 2818 1517 :
2855 1464 2994 1532 Quia
3013 1463 3248 1520 Christus
3268 1481 3364 1520 nos
3382 1466 3528 1521 reds-

1928 1556 2021 1609 tnit
2048 1558 2112 1610 de
2146 1555 2421 1610 maledicto
2447 1556 2620 1629 Legis,
2655 1557 2822 1627 factus
2848 1572 2944 1628 pro
2976 1556 3123 1611 nobis
3151 1556 3525 1623 maledictum;

1928 1646 2094 1720 432
2121 1657 2178 1704 et
2217 1648 2557 1719 respondere
2586 1663 3027 1721 unumquemque
3070 1658 3384 1705 sanctorum
3425 1662 3528 1705 suo

1931 1750 2182 1809 tempore
2206 1739 2644 1797 maledictionem
2669 1739 2871 1796 factum
2896 1754 3022 1797 esse
3045 1755 3147 1811 pro
3172 1741 3393 1812 populo.
3419 1740 3530 1797 Nec

230 1826 488 1891 sumitur,
520 1842 801 1881 recurram
826 1827 891 1880 ad
915 1826 1211 1898 originalcs
1235 1828 1429 1892 libros,
1455 1837 1513 1882 et
1539 1827 1830 1897 diligenter
1859 1825 1908 1886 B
1932 1831 2114 1885 statim
2161 1828 2263 1887 hoc
2305 1831 2548 1887 tribuens
2591 1841 2647 1886 et
2684 1833 2848 1901 justis
2897 1831 3053 1899 viris,
3109 1832 3385 1889 videbitur
3432 1832 3531 1890 de-

230 1919 540 1989 inspiciam,
566 1921 843 1991 quomodo
864 1922 919 1976 iu
950 1922 1063 1976 suis
1084 1922 1221 1977 locis
1243 1924 1446 1992 scripta
1477 1923 1608 1977 sint.
1642 1921 1829 1976 Inveni

228 2012 393 2086 531
428 2015 611 2085 itaque
648 2013 706 2069 in
732 2014 1160 2071 Deuteronomio
1200 2015 1304 2071 hoc
1334 2016 1509 2087 ipsum
1550 2015 1695 2085 apud
1725 2014 1828 2071 Se-

229 2108 508 2179 ptuaginta
537 2109 867 2179 interpretes
893 2106 971 2165 ita
1001 2110 1239 2180 positum
1273 2127 1289 2166 :
1327 2110 1639 2165 Maledictus
1662 2111 1829 2165 omnis

230 2197 391 2253 homo
408 2200 498 2271 qui
528 2217 629 2255 non
660 2202 1003 2272 permanserit
1032 2204 1087 2257 in
1118 2204 1351 2258 omnibus
1376 2205 1704 2259 sermonibus
1730 2204 1831 2257 Le-

231 2292 312 2364 gis
339 2293 519 2365 hujus,
560 2303 618 2345 ut
650 2295 806 2361 faciat
836 2293 956 2349 illos
992 2311 1010 2348 :
1049 2304 1096 2348 et
1126 2295 1258 2351 dicet
1288 2294 1411 2367 [ΑΙ.
1455 2294 1619 2367 dicit]
1661 2296 1829 2350 omnis

234 2387 480 2458 papulas,
510 2387 602 2455 ﬁat
634 2385 830 2458 (Deut.
860 2403 1024 2453 sxvu,
1061 2388 1134 2443 eo
1154 2390 1198 2460 ).
1229 2387 1386 2459 Apud
1413 2390 1667 2459 Aquilam
1699 2403 1830 2443 vero

234 2480 356 2534 sic:
389 2478 697 2536 Haledictus
742 2484 829 2553 qui
865 2500 966 2537 non
1006 2486 1241 2539 statuerit
1281 2486 1431 2539 verba
1462 2484 1614 2557 Legis
1644 2484 1827 2557 hujus,

235 2583 293 2626 ut
323 2572 482 2642 faciat
519 2590 579 2628 ea
608 2589 626 2628 :
659 2584 707 2628 et
734 2575 867 2629 dicet
910 2577 1076 2630 omnis
1115 2578 1361 2647 populus.
1391 2593 1526 2633 rere.
1577 2581 1831 2649 Symma-

240 2666 382 2721 chus
416 2682 430 2719 :
468 2666 781 2723 Malediclus
818 2671 908 2740 qui
947 2687 1047 2724 non
1097 2670 1376 2740 [innaret-it
1414 2689 1674 2728 sermones
1699 2674 1829 2747 [AL

236 2758 389 2814 addit
412 2759 576 2833 istos]
604 2760 755 2836 Legis
780 2763 955 2827 istius,
1003 2773 1055 2817 ut
1084 2765 1245 2833 faciat
1275 2782 1382 2830 eos,
1430 2776 1477 2820 et
1504 2768 1635 2822 dicet
1667 2770 1833 2825 omnis

239 2856 489 2924 papulas,
517 2870 687 2909 auten.
721 2855 895 2911 Porro
923 2856 1229 2913 Theodotio
1255 2861 1336 2914 sic
1367 2862 1648 2915 transtulit
1672 2879 1684 2914 :
1718 2862 1835 2916 Ma-

238 2944 463 3000 ledictus
489 2948 575 3016 qui
598 2965 702 3001 non
729 2951 1050 3005 suscitaverit
1077 2967 1337 3006 sermones
1367 2952 1523 3024 Legis
1550 2953 1728 3023 hujus,
1754 2956 1836 3025 fa-

236 3053 354 3093 cere
381 3055 487 3107 eos,
519 3050 567 3094 et
593 3041 727 3095 dicet
754 3043 917 3097 omnis
940 3045 1184 3115 populus,
1218 3048 1399 3100 Amen.
1435 3047 1514 3101 Ex
1540 3063 1649 3117 quo
1677 3049 1838 3103 intel-

238 3129 479 3202 ligimus,
522 3133 869 3205 Apostolum,
917 3148 974 3191 ut
1014 3138 1067 3192 in
1113 3141 1346 3206 caeteris,
1395 3155 1616 3195 sensum
1662 3143 1837 3212 magis

1934 1925 2153 1981 trahere
2179 1925 2469 1990 Salvatori,
2505 1926 2660 1996 quasi
2691 1925 2828 1981 nihil
2870 1928 3211 1997 praecipuum
3247 1935 3305 1983 et
3347 1926 3532 1984 excel-

1932 2017 2052 2072 lens
2083 2016 2358 2083 habuerit,
2388 2017 2561 2073 lactus
2588 2033 2690 2088 pro
2721 2017 2882 2073 nobis
2913 2018 3290 2086 maledictum,
3318 2035 3439 2076 eum
3467 2028 3526 2077 et

1930 2111 2115 2166 caeteri
2146 2125 2247 2181 pro
2284 2110 2407 2165 aliis
2449 2110 2806 2168 maledictum
2838 2110 2964 2168 laeti
2992 2111 3126 2169 sint.
3165 2112 3339 2169 Nemo
3378 2114 3528 2171 enim

1930 2200 2150 2259 illorum
2185 2202 2436 2273 quamvis
2482 2202 2653 2257 laetus
2702 2202 2866 2259 fuerit
2906 2203 3029 2273 ipse
3058 2196 3412 2272 maledictio,
3457 2204 3531 2263 de

1931 2296 2223 2351 maledicto
2253 2296 2564 2367 quempiam
2596 2295 2870 2364 liberavit,
2907 2295 3116 2368 absque
3143 2298 3263 2354 solo
3295 2297 3530 2354 Domino

1932 2388 2061 2444 .lesu
2101 2388 2353 2454 Christo,
2403 2389 2495 2459 qui
2545 2388 2785 2458 pretioso
2823 2390 3093 2460 sanguine
3139 2406 3268 2462 suo,
3319 2401 3376 2448 et
3431 2406 3531 2448 nos

1937 2490 1961 2520 ο
1987 2494 2199 2546 omnes,
2229 2489 2283 2535 et
2307 2480 2479 2549 ipsos,
2511 2478 2733 2551 Moysen
2761 2479 2885 2536 dico
2906 2489 2962 2536 et
2983 2481 3187 2548 Aaron,
3215 2481 3538 2554 prophetas-

1932 2589 2040 2645 que
2078 2583 2302 2629 cunctos
2331 2583 2386 2628 et
2417 2573 2774 2644 patriarchas,
2806 2574 2876 2631 de
2912 2575 3207 2631 maledicto
3235 2575 3395 2647 Legis
3427 2592 3519 2632 ro-

1935 2667 2126 2721 demit.
2170 2666 2281 2722 Nec
2312 2666 2415 2722 hoc
2441 2682 2509 2722 ex
2536 2680 2659 2723 meo
2691 2681 2855 2723 sensu
2881 2667 3092 2724 dictum
3122 2670 3346 2739 putetis,
3379 2669 3529 2727 Scri-

1936 2768 2097 2829 ptura
2128 2761 2281 2815 testis
2305 2768 2390 2815 est
2416 2776 2431 2813 :
2457 2760 2583 2831 quia
2614 2759 2853 2816 Christus
2888 2763 3058 2834 gratia
3083 2760 3207 2830 Dei,
3238 2764 3355 2819 sive
3386 2771 3444 2819 ut
3476 2763 3529 2820 in

1936 2852 2259 2921 quibusdam
2316 2852 2717 2921 exemplaribus
2755 2852 2976 2923 legitur,
3024 2853 3220 2927 absque
3259 2854 3395 2924 Deo,
3437 2872 3535 2927 pro

1939 2945 2175 3000 omnibus
2199 2959 2426 3001 mortuus
2454 2955 2527 3001 est
2554 2946 2631 3017 (ll
2662 2945 2782 3001 Cor.
2809 2962 2839 3000 ν
2857 2948 2898 3019 ).
2926 2948 2983 3003 Si
3013 2958 3200 3004 autem
3232 2962 3333 3019 pro
3361 2949 3541 3005 omni-

1938 3040 2061 3108 bus,
2094 3050 2147 3096 et
2168 3056 2266 3110 pro
2286 3041 2491 3112 Moyse,
2514 3048 2571 3095 et
2597 3056 2697 3112 pro
2720 3039 2989 3097 universis
3012 3041 3316 3113 prophetis,
3352 3058 3385 3100 e
3414 3043 3538 3115 qui-

1938 3135 2041 3191 bus
2070 3134 2252 3190 nullus
2282 3135 2459 3204 potuit
2502 3134 2687 3191 delere
2716 3133 3138 3207 chirographum
3178 3146 3355 3205 vetus,
3390 3137 3538 3208 quod

239 3225 537 3281 testimonii
581 3230 832 3297 posuisse
859 3246 1019 3301 quam
1048 3233 1210 3287 verba
1239 3243 1335 3288 :et
1362 3235 1630 3289 incertum
1665 3234 1833 3290 habe-
1865 3215 1911 3277 C
1942 3226 2228 3281 adversum
2256 3241 2357 3280 "03
2387 3227 2647 3296 εονῖβίιηη
2677 3234 2815 3291 erat»
2864 3236 2920 3283 θι
2949 3227 3171 3298 a“‘8‘?”3
3212 3227 3345 3284 mild
3388 3229 3537 3285 ετυεί

240 3330 387 3385 mus,
406 3329 584 3374 utrum
602 3322 952 3394 Septuaginta
972 3323 1304 3395 lnterpretes
1325 3326 1655 3395 addiderint,
1673 3330 1836 3384 omnis

240 3411 418 3480 homo,
446 3425 522 3479 et,
552 3415 608 3470 in
638 3418 896 3483 omnibus,
927 3434 994 3475 an
1027 3421 1078 3475 in
1110 3420 1282 3476 veteri
1316 3422 1584 3478 llebraico
1613 3422 1687 3477 ita
1714 3422 1836 3479 iae-

238 3506 337 3569 rit,
360 3519 412 3561 et
443 3519 632 3577 postea
650 3524 680 3563 a
702 3509 906 3566 Judmis
928 3512 1162 3568 deletum
1186 3515 1276 3570 sit.
1300 3514 1358 3569 ln
1380 3517 1518 3571 hanc
1542 3531 1629 3572 me
1651 3527 1835 3572 autem

241 3600 612 3669 suspicionem
643 3601 731 3657 illa
769 3619 856 3658 res
892 3605 1150 3672 stimulat,
1184 3606 1330 3677 quod
1360 3608 1607 3674 verbum,
1640 3610 1832 3676 omnis,

240 3699 299 3748 et
324 3694 378 3747 in
398 3695 657 3763 omnibus,
687 3696 841 3766 quasi
866 3699 1053 3753 sensui
1075 3713 1175 3754 suo
1207 3701 1603 3767 necessarium,
1628 3702 1693 3756 ad
1720 3718 1841 3771 [ποι

241 3786 482 3842 bandum
525 3788 679 3857 illud,
723 3791 870 3861 quod
915 3794 1239 3864 quicumque
1268 3810 1334 3849 ex
1372 3796 1629 3864 Operibus
1676 3796 1838 3866 Legis

243 3887 394 3944 sunt,
419 3879 524 3935 sub
551 3881 843 3937 maledicto
871 3883 1000 3952 sint,
1028 3885 1328 3955 Apostolus
1358 3887 1440 3941 vir
1468 3887 1714 3943 Hebrzem
1741 3904 1840 3958 pc—

244 3970 406 4039 rititc,
437 3982 492 4028 et
522 3973 574 4027 itt
602 3972 746 4044 Lege
775 3974 1149 4046 doctissimus,
1184 3996 1478 4050 nttmquam
1520 3983 1843 4052 protulisset

247 4065 349 4119 nisi
372 4066 427 4120 in
451 4066 695 4123 Hebraeis
719 4069 1080 4126 voluminibus
1104 4072 1414 4128 haberetur.
1439 4074 1609 4142 Quam
1630 4075 1701 4127 ob
1721 4090 1844 4129 cau-

246 4170 362 4211 sam
390 4156 859 4215 Samaritanorum
892 4161 1117 4217 llebraea
1146 4165 1421 4219 volumina
1451 4166 1723 4236 relegens,
1754 4167 1842 4221 in-

246 4249 373 4305 veni
403 4248 432 4287 ιι
457 4265 619 4320 (πίοι,
660 4251 805 4322 quod
832 4253 1244 4324 interpretatur,
1276 4260 1462 4323 omnis,
1498 4257 1636 4326 sive,
1678 4259 1846 4311 omni-

249 4341 367 4406 (ms,
402 4343 663 4412 scriptum
685 4358 833 4412 esse,
856 4355 1053 4402 etcum
1075 4347 1425 4418 Septuaginta
1454 4349 1844 4418 interpretibus

249 4433 606 4490 concordare.
643 4434 869 4491 Frustra
904 4439 1067 4508 igitur
1098 4439 1232 4494 illud
1265 4440 1506 4496 tulerunt
1542 4440 1740 4503 Iud-mi.
1776 4457 1844 4496 ne

248 4525 564 4584 viderentur
590 4541 717 4584 esse
735 4529 839 4585 sub
860 4529 1175 4599 maledicto,
1206 4532 1254 4587 si
1279 4547 1384 4587 non
1415 4539 1638 4603 possent
1659 4533 1845 4588 omnia

1944 3320 2153 3392 (Colos.
2189 3319 2297 3390 tt):
2343 3319 2533 3374 Omnes
2580 3330 2937 3393 peccaverunt,
2984 3329 3032 3374 et
3080 3320 3319 3392 indigent
3363 3320 3541 3391 gloria

1942 3415 2024 3489 [id
2053 3424 2157 3477 est,
2184 3412 2381 3488 gratia]
2414 3412 2511 3469 Dei
2542 3412 2730 3485 (Rom.
2764 3431 2845 3478 tu,
2879 3413 3007 3484 23).
3042 3414 3376 3472 Ecclesiaste
3404 3432 3543 3487 quo-

1941 3523 2047 3578 que
2069 3506 2210 3562 hanc
2242 3506 2493 3563 lirmante
2518 3507 2844 3562 sententiam
2875 3524 2890 3562 :
2924 3505 3096 3561 Homo
3122 3524 3226 3562 non
3259 3512 3536 3583 estjustus

1940 3600 1992 3653 in
2023 3608 2182 3666 terra,
2223 3598 2310 3667 qui
2338 3598 2461 3671 [AL
2502 3595 2646 3669 qua]
2679 3598 2839 3669 faciat
2882 3598 3071 3653 bonum
3115 3607 3166 3653 et
3215 3615 3321 3654 non
3371 3613 3542 3671 peccet

1946 3688 2183 3762 (Eccles.
2217 3705 2310 3756 vn,
2342 3689 2406 3744 2i
2435 3690 2477 3760 ).
2512 3690 2758 3760 Denique
2800 3698 2853 3746 et
2886 3689 3114 3745 inferius
3160 3690 3407 3762 Apostoli
3452 3690 3537 3749 di-

1943 3793 2090 3839 ctum
2132 3782 2419 3837 manifeste
2457 3782 2639 3849 docet,
2688 3798 2792 3838 nec
2823 3782 3066 3857 Moysen,
3113 3797 3215 3839 nec
3259 3782 3538 3841 illustrem

1943 3879 2178 3949 aliquem
2220 3877 2290 3933 de
2320 3876 2562 3946 antiquis
2591 3876 2795 3943 virum,
2841 3876 3008 3947 apud,
3035 3877 3205 3934 Deum
3247 3876 3544 3948 justilicari

1947 3973 2187 4042 potuisse
2218 3986 2317 4042 per
2344 3971 2563 4042 Legem.
2592 3969 2856 4042 Sequitur
2884 3972 3029 4026 enim
3060 3988 3074 4026 :

2017 4065 2211 4136 (Vers.
2255 4064 2344 4132 ll,
2390 4062 2516 4132 12.)
2570 4063 2829 4131 Quoniam
2880 4071 3055 4117 autem
3100 4062 3157 4118 in
3208 4062 3347 4138 Lege
3392 4082 3542 4122 uento

1936 4158 2259 4231 justiﬁcatur
2283 4155 2427 4228 apud
2453 4155 2636 4222 Deum,
2660 4156 2994 4226 manifcstum
3017 4166 3113 4223 est,
3141 4158 3263 4228 quia
3280 4161 3459 4231 justus
3480 4174 3546 4216 ea:

1945 4252 2049 4323 ﬁde
2074 4253 2213 4308 vivit.
2262 4249 2373 4305 Lex
2396 4258 2570 4304 autem
2602 4266 2702 4303 non
2732 4259 2805 4304 est
2848 4266 2913 4305 ea:
2942 4250 3067 4318 fide,
3104 4250 3199 4305 sed
3233 4254 3321 4323 qui
3358 4254 3543 4324 fecerit

1948 4362 2027 4411 ea,
2060 4347 2186 4399 vivet
2210 4346 2265 4398 in
2293 4345 2417 4398 illis.
2467 4343 2790 4415 Exemplum
2821 4358 2929 4415 quo
2957 4343 3225 4415 probatur
3266 4346 3446 4415 justus
3473 4360 3542 4401 ex

1949 4439 2056 4495 lide
2096 4440 2300 4505 vivere,
2349 4447 2542 4493 etnon
2574 4455 2641 4494 ex
2685 4438 2972 4509 operibus,
3020 4439 3089 4495 de
3136 4439 3357 4497 Abacuc
3398 4439 3545 4509 tulit,

1948 4530 2094 4603 quod
2125 4530 2198 4585 ita
2224 4528 2579 4600 Septuaginta
2607 4528 2943 4601 interpretes
2988 4530 3325 4590 ediderunt:
3353 4531 3543 4589 Justus

257 4765 404 4812 mata
455 4753 778 4822 Quintilium
822 4754 990 4810 fuisse
1034 4749 1386 4809 cumulatam!
1415 4749 1525 4808 Sed
1572 4760 1628 4823 et
1669 4750 1855 4823 Time:-
1879 4757 1935 4818 D
1961 4764 2028 4823 ne
2071 4756 2228 4823 putes
2258 4747 2417 4823 quasi
2446 4746 2720 4823 diversam
2751 4746 3004 4823 hmresim
3034 4754 3417 4823 commentari,
3447 4756 3547 4813 sed

254 4828 414 4883 theus
433 4824 958 4891 Constantinooolit.
991 4835 1046 4880 et
1076 4824 1387 4879 Antiochus
1418 4822 1732 4888 Monachus,
1757 4822 1850 4891 qui

255 4908 311 4954 et
354 4899 579 4963 dicitur,
613 4905 764 4969 gente
809 4896 1001 4952 Galuta
1026 4912 1097 4969 ea:
1132 4896 1242 4949 vico
1274 4894 1564 4969 Medosaga
1606 4895 1847 4969 vicesimo

254 4970 317 5023 ab
358 4970 567 5044 Ancyra
614 4966 815 5044 lapide,
866 4966 1359 5044 ’AaxpripouyqrégL
1384 4967 1849 5044 Asc_odrugitat'ttm

258 5037 581 5098 inseminare.
615 5037 862 5103 Denique
893 5050 949 5094 et
987 5037 1267 5093 in'codice
1299 5037 1595 5093 Theodosii
1628 5037 1698 5092 Μ.
1729 5037 1851 5106 lcge

256 5112 290 5168 5
316 5114 383 5166 de
408 5111 698 5167 Hmreticis
730 5110 1115 5165 Tascodrocita:
1145 5112 1244 5179 (ut
1270 5110 1524 5163 emendat
1554 5106 1845 5163 Gothofre‘

257 5183 361 5237 dus
405 5186 463 5237 in
493 5182 944 5246 Commentariis,
993 5180 1412 5251 Tascodrogitaz)
1454 5180 1844 5251 appellantur:

259 5254 538 5324 iidemque
570 5254 926 5323 Ascodrogita:
965 5253 1085 5322 lege
1115 5254 1205 5316 65,
1230 5249 1287 5306 et
1313 5249 1851 5324 AscodrogiNovella

260 5321 556 5380 Theodosii
577 5324 705 5379 .lun.
731 5327 766 5379 5
793 5321 847 5378 in
879 5327 1003 5380 line.
1030 5324 1202 5379 Porro
1224 5338 1290 5377 ex
1311 5323 1546 5394 Phrygio
1573 5321 1849 5387 idiomate,

259 5397 371 5453 sive
399 5395 658 5452 Galatico
702 5411 803 5450 vox
847 5409 914 5450 ea
941 5396 1242 5462 derivatur,
1287 5394 1743 5461 componiturque
1786 5409 1854 5447 ex

261 5469 475 5524 duobus
500 5467 705 5535 verbis,
740 5480 973 5535 quorum
1002 5467 1237 5521 alterum
1267 5468 1489 5526 Τάσκος,
1521 5464 1735 5535 Latine,
1776 5466 1856 5517 di-

261 5542 422 5609 gitum
443 5555 462 5593 :
485 5539 721 5611 alterum
751 5534 1026 5611 δροῦγγος,
1063 5552 1241 5611 narem
1266 5546 1460 5611 sonat._
1479 5535 1693 5611 Etenim
1718 5534 1858 5611 inter

261 5604 523 5665 orandum
557 5604 793 5663 nuribus
827 5604 1055 5677 digitum
1102 5607 1403 5677 inligabant
1449 5604 1734 5677 hominum
1756 5605 1851 5677 de-

262 5682 616 5735 mentis-dmi.
646 5679 820 5733 Graeci
852 5674 960 5733 alio
990 5674 1233 5741 nomine,
1263 5678 1452 5731 eadem
1479 5684 1663 5729 autem
1691 5674 1858 5743 signi-

264 5750 543 5819 ﬁcatione,
586 5749 1196 5822 Passaloryncitastvel
1246 5747 1712 5822 Paxillouassones
1764 5762 1859 5798 vo-

265 5837 409 5897 cant,
429 5818 581 5899 quod
603 5818 972 5895 nomen,eutu
995 5830 1051 5880 et
1069 5819 1434 5896 Hieronymus
1457 5818 1547 5875 hic
1569 5824 1855 5893 memoret,

1958 4821 2154 4895 duplex
2186 4821 2348 4895 unius
2369 4818 2729 4888 ejusdemque
2760 4821 3088 4876 vocabulum
3114 4826 3368 4889 recitare,
3397 4818 3545 4895 quod

1957 4892 2081 4964 pari
2108 4890 2258 4964 vocis
2291 4899 2543 4964 portento
2569 4897 2788 4964 terreat.

2026 4973 2057 5036 ἦ
2091 4961 2369 5036 llincjalli
2415 4961 2677 5036 visus_est
2722 4960 2782 5018 S.
2830 4962 3171 5036 Augustinus
3206 4964 3262 5036 in
3295 4966 3544 5036 Exposit.

1951 5034 2196 5108 inchoat.
2234 5033 2409 5108 Epist.
2457 5032 2528 5087 ad
2575 5030 2805 5108 Roman.
2854 5032 2947 5088 ubi
2995 5048 3095 5108 eos
3123 5035 3316 5101 tradit,
3366 5030 3545 5108 utqui

1952 5108 2096 5161 circa
2124 5104 2637 5177 Carthaginem_aut_
2658 5102 2961 5177 Hipponem
2993 5103 3062 5160 de
3085 5119 3200 5177 sum
3225 5108 3408 5177 gentis
3435 5102 3547 5167 o'ri-

1956 5180 2085 5247 giue
2114 5172 2455 5247 interrogati,
2494 5172 2697 5247 Punice
2720 5172 3099 5247 irespoiulentcs
3123 5172 3387 5246 Cleonaei,
3423 5196 3543 5236 cor-

1956 5243 2111 5318 rupta
2141 5246 2336 5321 scilicet
2368 5246 2668 5321 uoce_sicuti
2710 5246 2777 5321 in,
2804 5243 3003 5321 talibus
3040 5247 3197 5313 solet,
3231 5243 3544 5321 quid'aliud

1956 5315 2286 5394 respondent,
2309 5334 2464 5394 quant
2478 5315 2781 5394 Chqnanei?
2801 5317 2986 5388 Neque
3006 5332 3138 5376 vero
3159 5315 3417 5394 corrupta
3440 5337 3546 5381 vos

1959 5407 2022 5447 ea
2046 5388 2161 5452 est,
2192 5390 2291 5445 sed
2320 5388 2540 5443 omnino
2570 5389 2795 5443 Punica.

2032 5460 2058 5499 ι’
2099 5461 2458 5536 sauiaritanis
2487 5460 2676 5536 utique
2702 5460 3011 5527 elementis,
3035 5464 3178 5536 25,
3210 5480 3332 5536 quae
3361 5474 3546 5525 tamen

1962 5549 2067 5587 vox
2109 5533 2281 5586 altero
2328 5531 2732 5602 tantutnloco,
2772 5547 2878 5586 non
2922 5542 2981 5587 ut
3016 5531 3161 5602 apud
3200 5531 3347 5594 LXX
3377 5538 3545 5597 etiam

1964 5605 2143 5668 primo
2170 5602 2482 5672 apponitur.
2516 5600 2572 5655 id
2600 5616 2730 5657 vero
2764 5617 3025 5671 perquam
3055 5600 3269 5665 erudite
3300 5619 3544 5667 n0tatunt

1967 5674 2320 5761 !"lel'tlllylll0,
2351 5688 2522 5761 .qtteiu
2547 5681 2603 5727 et
2632 5673 2984 5733 Samariticas
3020 5676 3281 5739 calluisse
3307 5681 3546 5761 litteras,

1967 5744 2095 5800 hinc
2135 5745 2545 5814 persuadeatur.

2043 5826 2065 5858 ο
2107 5818 2228 5876 Duo
2250 5832 2411 5889 mss.,
2438 5825 2487 5875 et
2512 5831 2629 5889 nos,
2665 5824 2716 5876 et
2744 5832 2945 5893 omnes,
2974 5829 3086 5883 etc.
