4028 6308
578 271 684 327 552i

1842 264 1901 319 S.
1951 260 2220 317 EUSEBII
2262 260 2645 315 lllEltONYMl

3775 252 3885 311 300

579 400 750 443 autem
784 406 844 441 ex
875 387 978 456 [tle
1026 402 1135 439 mra
1180 385 1298 437 vivit
1337 383 1525 454 (:lbue.
1574 395 1631 447 Il,
1676 378 1770 450 4).
1810 388 1835 415 λ
1878 377 2074 445 Aquila
2119 386 2170 430 et
2203 380 2251 439 Α
2281 377 2332 429 in
2353 373 2784 442 eis,addidit:Et
2808 392 2899 446 ego
2928 375 3046 430 dedi
3070 376 3140 427 vis
3160 384 3531 444 prncrpttnon
3554 373 3705 437 bona,
3723 374 3881 443 etju-

580 482 878 535 'l‘neodotio
910 496 923 530 :
951 476 1136 530 Justus
1175 485 1346 529 autem
1376 491 1439 529 ea:
1467 474 1573 545 ﬁde
1624 475 1737 538 eius
1782 472 1921 537 vivit,
1968 471 2018 525 id
2065 477 2169 537 est,

580 572 696 627 Dei.
725 570 1198 627 Considerandum
1235 570 1418 638 itaque
1448 568 1572 633 quia
1608 583 1715 620 non
1746 564 1972 627 dixerit,
2006 564 2173 617 homo

574 674 668 719 aut
687 667 767 718 vir
786 680 849 718 es
878 662 985 718 fide
1009 662 1167 727 vivit,
1200 675 1267 715 ne
1291 660 1637 714 occasionem
1669 657 1938 712 tribueret
1968 655 2035 710 ad
2065 655 2175 709 vir-

574 765 746 813 tutum
776 769 939 825 opera
969 751 1408 816 contemnenda;
1446 749 1569 816 sed,
1599 751 1766 818 justus
1795 765 1859 802 ea:
1885 749 1991 817 fide
2020 747 2173 801 vivit:

576 856 635 904 ut
660 851 991 920 quicumque
1020 846 1198 902 ﬁdelis
1241 854 1413 909 esset,
1460 855 1518 899 et
1552 859 1650 912 per
1698 842 1858 896 ﬁdem
1904 842 2171 905 victurus,

578 941 881 1014 nonaliter
923 950 1107 1010 posset
1135 936 1258 1012 [Αι.
1308 936 1520 1009 possit]
1553 936 1620 991 ad
1652 936 1812 991 tidem
1846 934 2055 1003 venire,
2084 933 2171 990 vel

575 1036 628 1090 in
687 1049 748 1089 ea
801 1035 1019 1099 vivere,
1076 1033 1177 1086 nisi
1241 1031 1391 1101 prius
1446 1030 1626 1100 justus
1675 1029 1895 1097 fuisset,
1953 1038 2010 1084 et
2072 1043 2173 1097 ptt-

576 1126 736 1180 ritate
790 1126 918 1179 vita:
964 1123 1117 1194 quasi
1170 1120 1501 1192 quibusdam
1561 1120 1626 1173 ad
1692 1119 1854 1175 ﬁdem
1914 1117 2174 1188 gradibus

570 1215 733 1289 £33
770 1216 1125 1272 ascendisset.
1169 1212 1358 1268 Potest
1400 1226 1531 1280 ergo
1572 1211 1722 1276 fieri,
1767 1219 1824 1265 ut
1866 1209 1935 1264 sit
1973 1210 2174 1280 aliquis

569 1309 767 1378 justus,
798 1315 854 1362 et
883 1314 1063 1362 tamen
1093 1304 1120 1345 ι’
1152 1321 1260 1360 non
1292 1304 1435 1358 vivat
1479 1304 1685 1374 absque
1716 1303 1823 1358 [ide
1858 1302 2083 1357 Christi.
2116 1301 2174 1358 Si

576 1400 772 1469 legenti
798 1399 1083 1468 scrupulus
1099 1406 1497 1464 commovetur,
1525 1396 1673 1451 Pauli
1697 1397 1862 1451 verba
1886 1393 2173 1462 suscipiat,

579 1490 631 1545 in
675 1491 868 1556 quibus
907 1490 976 1544 de
1019 1504 1078 1545 se
1122 1490 1200 1544 ait
1248 1506 1262 1542 :
1314 1488 1614 1544 Secundum
1646 1488 1931 1558 justitiam,
1966 1502 2081 1557 quae
2118 1487 2174 1541 in

579 1582 716 1658 Lege
760 1592 859 1649 est,
888 1585 1001 1638 sine
1043 1582 1441 1656 reprehensione
1481 1581 1727 1654 (Philip.
1764 1597 1847 1645 nl,
1897 1580 1997 1652 6).
2045 1580 2177 1635 Erat

581 1675 743 1746 igitur
760 1674 964 1730 Paulus
1006 1673 1341 1743 tuncjustus
1378 1674 1429 1726 in
1463 1672 1629 1742 Lege,
1676 1673 1773 1726 sed
1814 1671 2045 1726 necdum
2091 1671 2172 1725 vi-

2276 470 2610 539 stiﬁcuiiunes
2634 470 2683 522 in
2707 469 2890 535 quibus
2906 485 3007 523 non
3028 470 3191 522 vivent
3209 470 3261 521 in
3281 468 3371 522 eis.
3394 467 3499 523 Sed
3520 467 3636 521 hzvc
3661 466 3878 535 plenius

2279 564 2327 618 in
2353 564 2631 617 Elechielc
2659 581 2671 617 :
2697 577 2838 615 nunc
2859 562 2924 615 ad
2949 560 3197 615 ordinem
3218 559 3472 628 Epistolas
3500 567 3868 613 revertamur.

2347 658 2531 726 (Vers.
2562 657 2675 727 l3.)
2703 654 2867 728 434
2886 653 3125 710 Christus
3149 670 3241 708 nos
3264 652 3477 707 redemit
3499 651 3563 706 de
3589 649 3876 705 maledicto

2276 748 2451 822 Legis,
2480 749 2647 820 factus
2679 763 2772 815 pro
2809 747 2957 801 nobis
2996 744 3357 800 maledictum.
3390 743 3651 813 Subrepit
3682 744 3735 797 in
3767 740 3879 798 hoc

2276 843 2396 898 loco
2423 842 2662 897 Marcion
2692 840 2758 895 de
2796 848 3068 911 potestate
3098 838 3397 905 Creatoris,
3443 854 3605 907 quem
3643 835 3874 908 sangui-

2275 934 2511 999 narium,
2533 931 2813 988 crudelem
2833 931 3054 986 infamat
3073 939 3128 986 et
3150 930 3421 986 vindicem
3441 929 3554 1003 [Αι.
3569 928 3866 1003 iudicem],

2275 1043 2530 1084 asserens
2557 1042 2655 1082 nos
2684 1026 2998 1098 redemptos
3027 1039 3151 1081 esse
3177 1040 3275 1096 per
3302 1024 3607 1091 Christum,
3628 1024 3721 1095 qui
3742 1023 3879 1080 alto-

2277 1124 2391 1178 rius
2419 1121 2548 1178 boni
2570 1121 2662 1176 Dei
2693 1120 2864 1176 Filius
2884 1121 2974 1176 sit.
3003 1120 3105 1185 Qui
3137 1120 3181 1174 si
3216 1117 3550 1187 intelligeret
3575 1132 3684 1188 quo
3713 1115 3877 1172 diffe-
3924 1179 3930 1184 ,

2278 1224 2401 1270 runt
2431 1213 2543 1287 [ΑΙ.
2574 1211 2878 1284 dillerrent]
2921 1227 3139 1278 emere,
3170 1218 3229 1266 et
3269 1209 3541 1266 redimere
3582 1208 3750 1281 (quia
3777 1208 3876 1281 qui

2278 1308 2443 1373 emit,
2476 1305 2887 1370 alienumemit;
2916 1304 3008 1375 qui
3036 1312 3220 1359 autem
3246 1301 3490 1369 redimit,
3516 1301 3569 1357 id
3590 1301 3727 1358 emit
3746 1315 3878 1373 pro-

2279 1399 2395 1470 prie
2423 1397 2567 1469 quod
2608 1413 2765 1451 suum
2806 1396 2940 1463 fuit,
2980 1404 3038 1451 et
3083 1410 3245 1450 suum
3286 1409 3413 1451 esse
3441 1393 3639 1451 desivit
3667 1395 3688 1466 )
3713 1408 3877 1450 num-

2278 1506 2441 1561 quam
2472 1490 2876 1560 Scriptnrarum
2908 1488 3072 1544 verba
3112 1487 3382 1557 simplicia
3426 1487 3484 1543 in
3533 1485 3871 1542 calumniam

2277 1584 2361 1638 sui
2393 1582 2661 1653 dogmatis
2689 1582 3063 1651 detorqueret.
3099 1579 3353 1636 Redemit
3404 1594 3535 1650 ergo
3574 1593 3672 1633 nos
3705 1576 3880 1633 Chri-

2279 1687 2399 1732 stus
2423 1677 2492 1732 de
2518 1675 2809 1732 maledicto
2834 1676 3019 1745 Legis,
3045 1674 3189 1746 quod
3218 1674 3572 1747 peccantibus
3599 1672 3875 1730 constitu-

581 1780 709 1821 vere
732 1776 966 1834 poterat,
1011 1767 1134 1836 quia
1181 1780 1285 1819 non
1325 1764 1563 1820 habebat
1600 1765 1652 1819 in
1695 1779 1754 1820 se
1783 1764 2057 1819 Christum
2091 1764 2171 1818 lo-
2208 1769 2255 1830 Β
2283 1779 2396 1822 tum
2424 1777 2533 1835 est,
2555 1783 2691 1839 quos
2722 1767 2839 1839 ipse
2872 1770 3116 1837 increpat
3146 1782 3244 1836 per
3267 1766 3612 1837 prophetam,
3635 1763 3873 1822 dicens:

579 1865 837 1927 quentem
872 1876 883 1909 :
935 1853 1049 1929 Ego
1094 1872 1211 1910 sum
1251 1857 1357 1910 vita
1394 1855 1597 1923 (Joan.
1632 1872 1707 1923 ιι,
1737 1855 1808 1910 25
1833 1857 1874 1925 ).
1906 1856 1964 1911 In
2009 1871 2175 1927 quem

580 1948 811 2005 credens
850 1958 1039 2019 postea
1080 1950 1248 2018 cmpit
1289 1958 1345 2004 et
1378 1949 1587 2003 vivere.
1641 1946 1929 2003 Faciamus
1976 1958 2033 2002 et
2076 1962 2176 2004 nos

575 2040 783 2113 aliquid
812 2040 991 2097 simile
1013 2040 1139 2098 huic
1160 2041 1306 2113 quod
1330 2042 1551 2108 dicitur,
1576 2043 1755 2113 justus
1783 2059 1847 2097 ea:
1887 2043 1993 2112 ﬁde
2020 2043 2175 2109 vivit;

578 2142 634 2190 et
673 2134 920 2190 dicamus
951 2150 967 2190 :
999 2143 1186 2189 castus
1229 2149 1298 2189 ex
1338 2134 1444 2189 fide
1475 2134 1645 2198 vivit,
1690 2136 1910 2202 sapiens
1956 2150 2023 2189 ex
2069 2133 2177 2189 llde

576 2230 730 2293 vivit,
764 2227 925 2283 fortis
955 2243 1027 2283 ex
1059 2228 1164 2283 fide
1195 2226 1350 2293 vivit,
1382 2236 1435 2281 et
1464 2242 1494 2280 a
1524 2228 1739 2282 cteteris
1768 2227 2029 2281 virtutum
2061 2242 2178 2296 par-

579 2322 726 2376 tibus
752 2321 988 2375 vicinam
1015 2319 1348 2375 sententiam
1374 2317 1722 2389 proferamus
1742 2319 2032 2375 adversum
2055 2333 2171 2388 eos,

576 2416 668 2485 qui
702 2414 757 2469 in
781 2414 1063 2469 Christum
1096 2428 1203 2467 non
1235 2412 1546 2476 credentes,
1576 2412 1743 2468 fortes
1792 2422 1848 2469 et
1876 2412 2170 2483 sapientes,

576 2515 945 2577 temperantes
988 2521 1049 2561 se
1085 2515 1276 2576 putant
1324 2521 1469 2571 esse,
1510 2504 1597 2560 vel
1640 2505 1863 2575 justos:
1898 2513 1957 2561 ut
1998 2504 2177 2561 sciant

576 2597 787 2654 nullum
815 2595 1023 2669 absque
1052 2597 1275 2665 Christo
1304 2598 1512 2667 vivere,
1545 2598 1663 2653 sine
1706 2613 1817 2669 quo
1847 2598 2029 2654 omnis
2057 2599 2174 2653 vir-

579 2698 667 2744 tus
704 2688 757 2743 in
788 2687 922 2743 vitio
950 2697 1054 2745 est.
1084 2688 1273 2744 Pctest
1303 2704 1552 2761 praasens
1587 2690 1963 2745 testimonium
2007 2698 2064 2744 et
2092 2689 2175 2744 sic

577 2779 686 2852 legi
728 2798 741 2836 :
772 2783 897 2852 quia
922 2781 1105 2851 justus
1140 2797 1207 2837 ea:
1247 2782 1373 2852 ﬁde,
1402 2790 1463 2838 ut
1485 2782 1750 2853 deinceps
1777 2782 2063 2851 inferatur,
2093 2783 2172 2836 vi-

577 2875 646 2928 vit
671 2872 786 2946 [AL
824 2872 998 2948 vivet].
1030 2875 1185 2943 Quod
1213 2885 1395 2932 autem
1426 2877 1502 2931 ait
1536 2892 1551 2932 :
1584 2876 1695 2931 Lex
1718 2893 1822 2932 non
1848 2885 1924 2932 est
1953 2892 2019 2931 ex
2043 2876 2169 2947 fide,

576 2964 671 3020 sed
695 2966 784 3036 qui
810 2966 994 3036 fecerit
1031 2983 1116 3037 ea,
1141 2968 1275 3022 vivet
1307 2968 1363 3023 in
1403 2968 1532 3035 illis,
1577 2967 2031 3025 manifestissime
2073 2968 2172 3023 de-

574 3066 912 3114 monstratur
937 3073 1044 3116 non
1076 3059 1384 3131 simplicem
1420 3059 1532 3117 dici
1564 3062 1752 3130 vitam,
1783 3061 1879 3117 sed
1907 3075 2029 3116 eam
2051 3076 2171 3130 quas

2280 1857 2415 1915 Ecce
2441 1860 2665 1930 peccatis
2694 1860 2879 1914 vestris
2902 1859 3096 1914 uenditi
3125 1859 3272 1924 estis,
3313 1868 3363 1912 et
3408 1859 3463 1912 in
3508 1856 3877 1929 iniquitatibus

2278 1953 2454 2008 vestris
2471 1953 2645 2006 dimisi
2663 1961 2878 2006 matrem
2894 1961 3116 2007 vestram
3142 1950 3300 2023 (Isai.
3324 1967 3378 2018 ι,
3399 1949 3478 2022 1).
3503 1950 3568 2006 Et
3587 1950 3876 2022 apostolus

2280 2043 2382 2098 hoc
2412 2044 2590 2113 ipsum
2619 2043 2867 2114 replicat,
2891 2043 3081 2098 dicens
3107 2060 3120 2096 :
3150 2040 3266 2115 Ego
3286 2052 3459 2097 autem
3475 2042 3707 2097 carnalis
3733 2058 3871 2111 sum,

2280 2135 2603 2190 venundatus
2640 2134 2735 2189 sub
2776 2145 2987 2207 peccato
3036 2137 3055 2203 (
3086 2133 3241 2190 Rom.
3275 2149 3372 2200 νη,
3413 2134 3479 2189 14
3502 2132 3546 2204 ).
3588 2131 3873 2188 Maledicta

2278 2244 2494 2299 quoque
2548 2228 2710 2298 Legis
2758 2244 2881 2299 qua:
2932 2231 2986 2283 in
3040 2226 3285 2283 Levitico
3337 2236 3394 2283 et
3446 2225 3876 2284 Deutcronomio

2277 2324 2479 2393 scripta
2508 2331 2657 2390 sunt,
2693 2335 2799 2377 n0n
2828 2321 2939 2376 Deo
2963 2332 3196 2376 auctore
3223 2319 3595 2389 complentur,
3621 2318 3719 2374 sed
3747 2333 3876 2390 pro-

2278 2413 2497 2484 phetico
2525 2413 2720 2483 spiritu
2759 2412 2845 2467 his
2874 2413 2965 2483 qui
3010 2413 3287 2484 peccaturi
3333 2421 3512 2481 erant,
3543 2426 3607 2469 ea
3633 2426 3759 2483 quas
3786 2410 3871 2468 eis

2280 2516 2513 2563 ventura
2544 2514 2694 2572 sunt,
2722 2505 3062 2559 nuntiantur.
3092 2502 3249 2571 Quod
3292 2503 3339 2559 si
3365 2502 3602 2575 apostoli
3632 2502 3875 2559 voluerit

2278 2618 2378 2658 nos
2424 2600 2742 2657 testimonio
2770 2610 3052 2656 coarctare
3095 2597 3330 2654 dicentis
3370 2615 3385 2652 :
3432 2598 3760 2667 Quicumque
3805 2608 3874 2650 ea:

2278 2699 2515 2770 aperibus
2544 2695 2700 2767 Legis
2722 2705 2866 2762 sunt,
2886 2694 2979 2749 sub
3006 2693 3286 2747 maledicto
3312 2699 3434 2745 sunt
3465 2706 3482 2745 :
3512 2690 3766 2761 scriptum
3795 2695 3876 2743 est

2276 2793 2411 2846 enim
2436 2807 2456 2845 :
2488 2789 2802 2844 Maledictus
2833 2790 2999 2843 omnis
3031 2787 3122 2860 qui
3150 2803 3254 2841 non
3280 2785 3624 2855 permanserit
3660 2784 3716 2837 in
3754 2798 3875 2837 om-

2277 2882 2430 2937 nibus
2478 2899 2593 2954 qute
2635 2879 2831 2954 scripta
2858 2888 2980 2935 sunt
3008 2880 3063 2934 in
3112 2879 3244 2934 libro
3275 2876 3451 2950 Legis,
3494 2886 3550 2931 ut
3602 2875 3763 2947 faciat
3807 2890 3874 2930 ea

2278 2976 2297 3048 (
2325 2976 2482 3031 Deut.
2511 2990 2680 3040 sxvtt,
2709 2974 2781 3030 26
2805 2975 2849 3045 ),
2879 2983 2934 3029 et
2968 2986 3219 3029 asserere
3244 2985 3437 3026 omnes
3473 2968 3565 3041 qui
3594 2968 3696 3023 sub
3720 2965 3873 3038 Lege

2278 3071 2520 3136 fuerint,
2590 3069 2756 3124 fuisse
2819 3068 3180 3136 maledictos,
3239 3065 3643 3135 interrogemus
3701 3075 3871 3130 eum,

576 3151 847 3208 referatur
866 3153 936 3209 ad
966 3153 1191 3225 aliquid.
1223 3153 1409 3210 Justus
1438 3156 1643 3227 quippe
1674 3171 1737 3210 ex
1771 3156 1877 3226 ﬁde
1912 3155 2035 3209 vivit
2068 3170 2087 3208 :
2117 3163 2173 3210 et
2197 3160 2243 3222 C
2278 3173 2458 3217 utrum
2506 3160 2562 3216 hi
2608 3162 2702 3232 qui
2741 3160 2842 3215 sub
2888 3159 3187 3229 Evangelia
3218 3155 3423 3212 Christi
3456 3166 3606 3223 sunt,
3650 3163 3708 3211 et
3748 3155 3873 3226 ejus

576 3259 684 3300 non
712 3245 953 3314 additur,
1002 3246 1055 3301 in
1089 3246 1198 3313 his,
1227 3248 1343 3303 sive
1386 3248 1438 3302 in
1470 3249 1598 3303 illis.
1657 3247 1855 3304 Vivens
1903 3258 2081 3304 autem
2116 3248 2169 3301 in

573 3336 721 3408 che
750 3338 840 3409 qui
867 3340 1057 3394 fecerit
1080 3354 1166 3405 ea,
1201 3339 1335 3394 vivit
1364 3340 1419 3394 in
1447 3339 1575 3405 illis,
1602 3340 1706 3393 hoc
1728 3349 1838 3406 est,
1870 3340 1924 3394 in
1946 3340 2031 3394 his
2051 3354 2169 3408 qua:

573 3427 727 3497 fecit,
758 3444 881 3501 qua:
910 3432 1121 3500 putavit
1147 3432 1287 3486 bona
1336 3448 1348 3483 :
1384 3430 1693 3486 mercedem
1728 3431 1932 3485 laboris
1962 3429 2043 3484 sui
2076 3429 2171 3483 ha-

573 3524 708 3579 bens
740 3539 804 3578 ea
832 3533 1043 3578 tantum
1089 3540 1250 3593 opera
1284 3540 1404 3594 qua:
1433 3523 1582 3590 fecit,
1623 3523 1743 3578 sive
1772 3521 2165 3592 longitudinem

570 3615 698 3670 vita:
730 3615 831 3686 (ut
857 3612 1034 3668 «ιυόωί
1069 3614 1302 3684 putant)
1350 3615 1466 3669 sive
1503 3613 1947 3677 declinationem,
1991 3628 2168 3682 paena:

568 3721 670 3776 per
698 3720 862 3775 quam
907 3715 1279 3775 transgressor
1318 3705 1482 3775 Legis
1521 3704 1809 3760 occiditur.
1861 3705 2044 3759 Vivere
2067 3724 2164 3761 au-

570 3806 672 3850 tem
701 3797 754 3849 in
784 3795 916 3862 illis,
947 3813 1055 3851 non
1091 3807 1348 3867 putemus
1388 3799 1636 3868 Apostoli
1677 3798 1842 3855 verba
1890 3814 2035 3865 esse,
2068 3801 2165 3856 sed

568 3889 873 3945 Ezechielis
915 3890 1218 3959 prophetae,
1260 3892 1353 3962 qui
1396 3892 1476 3945 ait
1510 3909 1522 3945 :
1556 3890 1625 3946 Et
1663 3893 1821 3948 eduxi
1861 3909 1946 3947 eos
1986 3894 2040 3946 in
2072 3894 2164 3949 de-

567 3990 783 4042 sertum.
833 3991 879 4036 et
931 3981 1054 4038 dedi
1095 3984 1168 4039 eis
1219 3994 1479 4056 prwcepta
1520 4001 1630 4039 mea
1673 3995 1721 4040 et
1755 3987 2164 4059 justificationes

566 4088 707 4127 meas
751 4070 1099 4128 demonstravi
1124 4077 1220 4139 eis,
1266 4092 1397 4146 quas
1444 4079 1599 4147 faciet
1640 4076 1816 4147 homo,
1861 4088 1906 4133 et
1936 4080 2067 4133 vivet
2108 4081 2163 4133 in

565 4166 637 4221 eis
665 4165 686 4236 (
710 4164 904 4221 Ezech.
932 4183 1026 4235 xx,
1056 4167 1145 4234 10,
1178 4169 1237 4223 ll
1266 4168 1307 4241 ).
1341 4169 1443 4237 Qui
1469 4185 1592 4225 cum
1640 4171 1762 4227 illos
1802 4173 1896 4242 qui
1939 4172 1991 4227 in
2022 4189 2163 4242 prte-

563 4258 737 4328 ceptis
765 4258 1327 4327 etjustilicationibos
1348 4262 1746 4328 ambulassem,
1775 4264 1962 4320 vivere
1992 4264 2163 4320 dixis-

561 4359 668 4415 set,
696 4349 901 4420 adjecit
934 4369 946 4405 :
982 4350 1047 4405 Et
1078 4352 1198 4407 dedi
1219 4354 1293 4408 eis
1317 4366 1579 4427 prtecepta
1607 4373 1711 4411 non
1742 4357 1895 4421 bona,
1931 4366 1979 4411 et
1995 4358 2163 4428 justi-

562 4444 836 4514 ﬁcationes
864 4445 921 4500 in
948 4447 1137 4517 quibus
1178 4464 1282 4502 non
1316 4460 1337 4488 ε
1372 4452 1593 4506 viverent
1625 4452 1677 4505 in
1710 4453 1785 4507 eis
1820 4451 2010 4523 (Ibid.,
2039 4456 2158 4527 25).

2278 3263 2544 3326 prtecepta
2592 3269 2698 3307 non
2746 3252 2993 3318 faciunt,
3041 3247 3321 3303 maledicti
3348 3248 3482 3317 sint,
3530 3264 3597 3300 an
3630 3262 3765 3303 non.
3807 3245 3872 3304 Si

2274 3347 2591 3403 maledictos
2635 3343 2860 3409 dixerit,
2901 3343 2952 3397 id
2986 3340 3205 3395 habebit
3246 3340 3299 3394 in
3345 3337 3671 3409 Evangelio,
3721 3337 3872 3409 quod

2272 3454 2370 3492 nos
2399 3437 2661 3492 habemus
2691 3435 2744 3489 in
2767 3434 2931 3505 Lege.
2962 3434 3018 3493 Si
3050 3432 3370 3489 maledictos
3396 3430 3714 3503 negaverit,
3754 3432 3876 3489 fru-

2270 3539 2383 3582 stra
2412 3542 2539 3597 ergo
2569 3526 2849 3594 Evangelii
2884 3535 3155 3597 praecepta
3193 3526 3306 3581 sint
3336 3524 3534 3594 posita,
3576 3532 3633 3579 et
3658 3523 3874 3595 absque

2270 3620 2525 3676 mercede
2571 3625 2733 3673 erunt
2783 3618 2839 3673 bi
2886 3620 2979 3689 qui
3013 3618 3104 3673 illa
3142 3616 3564 3688 compleverint.
3623 3614 3873 3672 Solvitur

2271 3711 2450 3781 itaque
2475 3720 2769 3781 utrumque
2807 3713 2908 3768 hoc
2941 3710 3106 3767 modo
3133 3730 3147 3767 :
3188 3709 3464 3782 quomodo
3491 3708 3748 3766 Christus
3773 3708 3873 3767 Je-

2268 3821 2361 3860 sns
2390 3822 2456 3861 ex
2484 3804 2775 3862 maledicto
2803 3822 2901 3861 nos
2928 3805 3092 3877 Legis
3119 3806 3394 3871 liberavit,
3426 3804 3601 3860 factus
3630 3818 3736 3874 pro
3768 3818 3872 3858 no-

2270 3898 2347 3953 bis
2375 3898 2724 3954 maledictum
2751 3916 2765 3953 :
2798 3899 2873 3953 ita
2901 3897 2972 3954 de
3003 3898 3301 3953 maledicto
3328 3912 3549 3968 quoque
3578 3897 3869 3970 Evangelii

2267 3991 2411 4059 quod
2443 4000 2704 4045 statutum
2737 4000 2821 4047 est
2851 4006 3015 4060 super
3040 4004 3136 4045 eos
3174 3990 3264 4060 qui
3304 3988 3422 4059 ejus
3446 3998 3719 4059 praecepta
3752 4005 3865 4047 non

2267 4084 2516 4150 iecerint,
2551 4083 2697 4137 eruit
2744 4098 2864 4149 nos,
2909 4084 3083 4137 lactus
3118 4097 3218 4153 pro
3257 4081 3416 4137 nobis
3457 4080 3576 4152 ipse
3634 4082 3867 4140 maledi-

2264 4190 2433 4239 ctum.
2465 4178 2644 4233 sciens
2669 4177 2857 4233 talenti
2888 4190 3107 4247 quoque
3139 4175 3420 4230 minimam
3446 4189 3556 4231 non
3581 4174 3865 4234 dimittere

2266 4271 2608 4341 portionem,
2677 4278 2732 4324 et
2789 4268 3148 4323 novissimum
3214 4265 3438 4337 exigere
3495 4265 3864 4338 quadrantem

2265 4361 2481 4432 (Matth.
2516 4378 2569 4430 v,
2599 4370 2646 4415 et
2674 4360 2823 4415 Marc
2854 4359 2975 4433 xu).

2336 4455 2520 4524 (Vcrs.
2554 4454 2670 4525 li.)
2702 4454 2839 4522 Quia
2868 4455 3120 4526 scriptum
3156 4462 3234 4510 est
3276 4469 3296 4509 :
3327 4451 3645 4509 Maledictus
3690 4454 3863 4509 omnis

560 4540 773 4604 Quanta
794 4538 845 4594 in
861 4541 1044 4595 verbis
1062 4540 1460 4597 consideratio!
1487 4544 1574 4599 ubi
1596 4546 1731 4599 dixit
1756 4564 1769 4598 :
1794 4546 1925 4600 Dedi
1942 4547 2017 4602 eis
2034 4564 2164 4617 prae-
2187 4544 2239 4606 D
2264 4551 2354 4622 qui
2385 4548 2570 4617 pendet
2595 4549 2650 4601 in
2678 4548 2821 4619 ligno
2854 4563 2870 4601 :
2900 4558 2955 4601 ut
2982 4548 3035 4601 in
3061 4547 3298 4620 gentibus
3327 4546 3610 4601 benedictio
3637 4545 3861 4602 Abralnc

555 4648 708 4710 cepta
744 4645 794 4691 et
820 4637 1231 4707 iustiﬁcationes
1272 4640 1325 4692 in
1363 4641 1546 4711 quibus
1570 4641 1792 4695 viverent
1832 4643 1885 4695 in
1921 4645 2025 4709 eis,
2051 4659 2159 4698 non

553 4728 805 4802 adjunin
827 4730 990 4785 bona.
1031 4729 1131 4788 Ubi
1150 4748 1281 4788 vero
1300 4734 1507 4804 posuit,
1532 4735 1587 4789 in
1613 4735 1798 4805 quibus
1818 4752 1921 4790 non
1939 4737 2162 4792 viverent

627 4927 655 4957 ι
698 4916 797 4972 llic
841 4916 1001 4972 locus
1042 4917 1097 4971 in
1147 4931 1357 4982 nupera
1409 4916 1776 4986 Hexaplornm
1828 4916 2158 4973 collectione

558 4988 1013 5059 prmtermittitur.
1048 4989 1145 5042 Est
1175 5003 1303 5054 vero
1335 5002 1458 5043 cum
1489 4989 1583 5042 illo
1609 4987 1975 5043 confereudns
2006 4989 2159 5045 testi-

560 5062 764 5127 monio,
797 5060 939 5127 quod
971 5059 1139 5113 habes
1169 5061 1224 5113 itt
1258 5060 1545 5126 ipsiusntet
1569 5058 1626 5115 S.
1666 5060 1839 5113 Patris
1864 5059 2156 5115 Commen—

562 5134 699 5187 tario
727 5129 794 5184 ad
828 5132 974 5202 hunc
994 5128 1232 5184 Abacuci
1258 5130 1595 5202 versiculum
1632 5147 1644 5181 :
1680 5129 1779 5184 Ubi
1804 5132 2154 5202 Septuaginta

560 5210 845 5273 posuerunt
871 5216 889 5255 .'
916 5201 1104 5273 Justus
1143 5210 1433 5273 autem_ex
1464 5201 1571 5255 ﬁde
1614 5216 1734 5255 mea
1760 5201 1961 5273 vivet,_
1977 5201 2152 5256 otnnes

553 5269 833 5345 aequaliter
877 5271 1275 5345 transtulerunt,
1315 5269 1404 5345 Et;
1446 5273 1553 5326 [ille
1583 5287 1680 5326 sua
1721 5272 1881 5326 vivet.
1922 5270 2153 5345 Denique

561 5340 921 5415 symmachus
955 5342 1335 5415 signiﬁcantius
1387 5343 1734 5410 interpretans
1798 5346 1871 5395 ait
1910 5359 1925 5394 :
1962 5340 2149 5415 .l_nstus

559 5412 741 5470 autem
770 5428 869 5484 per
898 5412 1059 5468 fidem
1104 5429 1262 5468 suam
1293 5417 1571 5482 prapriam
1602 5417 1776 5484 vivet.
1804 5415 1943 5483 quod
1970 5412 2151 5468 Graece

560 5483 782 5551 dicitur,
825 5492 933 5538 etc.
990 5485 1084 5539 llic
1133 5485 1286 5539 vides
1332 5484 1583 5555 Aquilam
1628 5494 1690 5555 et
1720 5483 2146 5539 Theodotionem

561 5557 977 5624 interpretatos,
1025 5570 1088 5609 ea:
1116 5556 1219 5624 ﬁde
1256 5554 1474 5626 ejus,’id
1503 5563 1587 5612 est
1614 5554 1737 5619 Dei,
1766 5564 1956 5610 contta
1986 5571 2145 5624 quam

560 5627 635 5679 ibi
681 5626 866 5698 docet,
911 5640 1133 5698 omnes,
1181 5638 1412 5698 excepto
1462 5628 1813 5698 Symmacho,
1862 5630 2149 5695 a'qualtter

563 5694 931 5768 transtulisse,
958 5695 1154 5768 exﬁde
1182 5713 1297 5750 sua.
1317 5694 1598 5768 Caeterum
1627 5709 1683 5753 et
1708 5697 1861 5765 vivet,
1896 5694 1995 5768 pro
2023 5699 2145 5753 vivit

559 5762 651 5833 hic
677 5765 751 5822 sit
774 5762 1144 5835 reponendum
1161 5805 1177 5836 ,
1209 5767 1353 5838 quod
1378 5768 1653 5827 Victorius
1682 5762 1946 5827 continuo
1986 5768 2139 5841 iacit,

2266 4644 2409 4714 fieret
2438 4643 2489 4695 in
2517 4639 2720 4696 Christo
2744 4639 2892 4708 Iesu,
2926 4650 2982 4694 ut
3015 4636 3043 4675 ἀ
3075 4638 3504 4709 pollicitationem
3530 4636 3695 4711 535
3743 4639 3859 4709 spi-

2263 4736 2395 4789 ritus
2423 4734 2742 4805 arcipiamus
2790 4748 2883 4804 per
2917 4730 3097 4801 ﬁdem.
3140 4732 3450 4803 Antequam
3484 4730 3557 4787 de
3592 4746 3761 4787 sensu
3801 4739 3859 4788 et

2262 4932 2328 4973 ex
2357 4923 2458 4973 τῶν
2490 4912 2634 4969 LXX
2663 4914 2878 4977 Graeca.
2914 4916 3145 4978 ζήσεται.

2334 4986 2361 5025 ι)
2393 4988 2774 5055 Expungenda
2796 4982 3046 5055 videatur
3076 4981 3317 5055 negandi
3358 4982 3650 5053 particula,
3679 4998 3849 5054 quam

2261 5068 2318 5114 et
2344 5054 2557 5114 Victor.
2592 5054 2825 5124 reslmit.
2860 5054 2973 5109 Nec
3013 5064 3193 5108 tamen
3232 5054 3359 5109 inde
3383 5069 3583 5123 arguas
3609 5056 3851 5111 sensisse

2260 5130 2483 5184 Hieron.
2513 5144 2630 5182 eam
2657 5126 2944 5195 justitiam,
2979 5141 3099 5195 quae
3143 5126 3451 5181 necessaria
3484 5134 3570 5181 est
3595 5125 3662 5178 ad
3695 5126 3848 5180 salu-

2260 5211 2393 5267 lem,
2427 5215 2756 5269 quemquam
2793 5200 2999 5266 absque
3039 5196 3146 5253 ﬁde
3189 5197 3405 5269 Christi
3438 5198 3727 5269 consequiA
3755 5212 3849 5266 po-

2259 5265 2675 5325 tnisSeICnnler
2719 5270 2777 5324 S.
2815 5265 3100 5331 Augustin.
3138 5270 3232 5323 lib.
3268 5267 3336 5322 de
3366 5266 3553 5321 Natur.
3603 5277 3652 5320 el
3687 5265 3844 5322 Crat.

2256 5356 2374 5410 cap.
2408 5340 2506 5406 M;
2545 5351 2600 5394 et
2629 5341 2724 5396 lib.
2757 5357 2791 5396 ll
2815 5341 2883 5395 de
2911 5340 3189 5396 Pereator.
3217 5338 3448 5410 livtniss.
3480 5352 3530 5391 c.
3558 5337 3627 5410 9;
3655 5337 3754 5410 lib.
3778 5338 3847 5394 de

2255 5414 2457 5469 Cenes.
2489 5414 2556 5466 ad
2590 5412 2671 5466 lit.
2698 5430 2748 5467 c.
2776 5413 2866 5476 55,
2895 5413 3131 5478 denique
3157 5413 3319 5480 epist.
3356 5409 3455 5463 157
3483 5418 3540 5463 et
3571 5409 3697 5464 190.

2328 5494 2349 5522 ο
2386 5484 2482 5539 llic
2512 5493 2673 5553 atque
2710 5482 2870 5545 infra,
2903 5484 2993 5537 ubi
3026 5483 3178 5536 locus
3220 5484 3322 5535 iste
3354 5482 3619 5553 recurrit,
3674 5482 3843 5535 vivent

2252 5556 2438 5626 lt‘gltlil
2489 5550 2622 5609 mss.
2677 5555 2866 5620 nostri,
2919 5569 3016 5623 pro
3060 5555 3300 5607 tiverent.
3348 5550 3574 5606 Grzecus
3620 5567 3839 5623 quoque

2254 5637 2337 5681 tes
2350 5641 2454 5690 ius,
2490 5631 2750 5691 ζήσονται.

2320 5695 2347 5733 ά
2379 5699 2497 5753 Duo
2524 5711 2683 5766 mss.,
2718 5707 2771 5751 ut
2792 5695 3252 5770 repromissiones;
3284 5695 3336 5750 in
3358 5692 3573 5762 Graeco,
3596 5695 3841 5769 ἐπανγγι-

2245 5769 2369 5825 Mat.
