4056 6368
276 285 382 355 381
779 285 1433 351 COMMENTARIORUM
1469 290 1539 351 ΙΝ
1573 290 1921 352 EPISTULAI

2027 293 2094 349 ιι)
2131 244 2460 353 cumras
2497 296 2627 353 LIB.
2670 292 2734 353 ιι.
2777 298 2933 355 cae.
2975 296 3065 356 ιιι.
3463 297 3571 362 scit

279 409 467 466 verbis
493 406 742 480 Apostoli
772 406 1141 479 disputemus,
1181 408 1389 479 justum
1422 408 1644 466 videtur
1674 409 1875 466 Deute-
1901 414 1953 475 Α
1978 420 2221 483 exparte
2250 412 2510 479 instituit.
2539 414 2683 484 quod
2716 416 2890 487 possit
2932 426 2985 473 et
3019 417 3093 472 ita
3116 414 3217 490 trgi
3254 433 3264 472 ε
3290 419 3412 491 quia
3441 436 3571 478 con-

278 500 518 560 ronomii
549 501 941 567 testimonium,
966 500 1035 557 de
1061 517 1169 571 quo
1196 511 1249 558 et
1275 504 1558 573 apostolus
1585 502 1704 558 hinc
1728 518 1877 558 sum-
1977 506 2249 560 tumeliose
2273 503 2411 561 Deus
2436 523 2720 577 suspensus
2763 519 2860 564 est.
2894 509 3017 565 Haec
3052 510 3258 566 idcirco
3290 500 3571 583 congessi—

280 597 391 667 psit
416 594 595 667 (Deut.
626 610 738 660 ni,
769 594 865 657 ἓξ.
889 593 1007 664 9.3).
1037 593 1223 663 paucis
1250 594 1547 666 replicare,
1568 605 1625 650 et
1651 610 1878 666 compo-
1978 612 2125 661 mus,
2153 599 2279 669 quia
2305 598 2668 654 famosissima
2693 602 2922 670 quaestio
2943 610 3050 670 est,
3080 612 3134 658 et
3164 604 3325 660 nobis
3345 605 3516 661 soleat
3541 620 3571 660 a
3603 584 3615 591 ’

283 701 423 743 nere
477 685 608 742 illud
665 686 883 741 caeteris
924 684 1282 741 editionibus.
1334 687 1687 758 Septuaginta
1745 702 1879 757 ergo
1978 688 2182 745 Iudaeis
2210 705 2307 760 pro
2349 689 2576 746 infamia
2607 691 2794 760 OlijiCi.
2831 694 2975 762 quod
3010 694 3260 751 Salvator
3299 705 3489 753 noster
3519 706 3576 753 et

283 781 618 850 interpretes
652 779 727 834 ita
762 778 911 833 hunc
950 778 1129 833 locum
1175 780 1504 836 transtulere
1544 797 1559 833 :
1605 780 1666 836 Si
1706 789 1880 835 autem
1980 782 2247 837 Dominus
2274 783 2379 838 sub
2419 784 2511 838 Dei
2557 784 2722 839 fuerit
2764 786 3078 843 maledicto.
3122 787 3363 845 Primum
3413 791 3578 862 igitur

287 876 447 947 fuerit
476 875 531 928 iu
555 874 732 944 aliqua
760 887 1036 942 peccatum
1064 882 1110 928 et
1134 872 1394 946 judicium
1436 873 1636 938 mortis,
1669 883 1717 927 et
1742 889 1885 927 mor-
1983 875 2306 930 intuendum
2336 884 2441 941 est,
2485 878 2632 946 quod
2676 893 2783 933 non
2832 881 3163 949 quicumque
3208 881 3263 938 in
3307 884 3453 955 ligno
3484 900 3581 955 pe-

289 975 412 1022 tuus
456 965 633 1036 fuerit,
665 964 1036 1037 suspenderitis
1076 981 1194 1019 cum
1239 964 1293 1019 in
1326 965 1490 1036 ligno,
1515 981 1619 1019 non
1663 965 1885 1020 dormiet
1987 965 2239 1037 penderit
2287 966 2610 1022 maledictus
2635 968 2709 1022 sit
2737 970 2881 1039 apud
2920 971 3113 1039 Deum,
3142 973 3238 1028 sed
3267 976 3357 1044 qui
3389 990 3583 1047 pecca-

289 1072 483 1129 corpus
517 1057 664 1111 illius
700 1070 856 1128 super
894 1057 1134 1130 lignum,
1170 1058 1259 1112 sed
1303 1058 1608 1125 “patientes
1635 1058 1888 1130 sepelietis
1985 1059 2168 1123 verit,
2212 1068 2268 1113 et
2328 1068 2555 1130 propter
2600 1060 2782 1115 scelus
2821 1063 2982 1117 morti
3031 1063 3200 1120 fuerit
3239 1065 3585 1137 adjudicatus

290 1167 410 1206 eum
442 1152 496 1205 in
521 1149 604 1204 die
628 1149 754 1213 illa;
780 1149 905 1219 quia
935 1148 1244 1203 ntaledictus
1270 1165 1300 1200 a
1323 1145 1436 1202 Deo
1459 1150 1626 1202 omnis
1656 1149 1745 1219 qui
1771 1165 1889 1218 pen-
1986 1148 2345 1219 sublatusque
2394 1150 2448 1205 in
2488 1166 2708 1207 crucem
2741 1170 2754 1205 :
2786 1168 2896 1208 non
2934 1155 3059 1212 ideo
3090 1157 3416 1215 maledictus
3454 1161 3583 1231 quia

293 1244 380 1298 det
406 1244 459 1297 in
488 1244 630 1313 ligno
662 1257 682 1297 :
706 1251 754 1295 et
781 1258 884 1295 non
921 1241 1302 1296 contaminabis
1345 1252 1534 1296 terram
1562 1252 1702 1295 tuam
1733 1258 1889 1312 quam
1991 1240 2290 1297 crucilixus
2318 1251 2426 1310 est,
2468 1243 2565 1298 sed
2605 1245 2732 1313 quia
2768 1245 2820 1299 in
2861 1247 3021 1301 talem
3054 1249 3313 1305 inciderit
3340 1261 3549 1308 reatum
3572 1294 3588 1320 ,

292 1335 552 1390 Dominus
617 1342 643 1371 ἰ
698 1332 838 1389 Deus
888 1343 1008 1388 tuus
1057 1334 1198 1387 dabit
1250 1332 1342 1386 tibi
1393 1334 1447 1387 in
1516 1332 1885 1388 hereditatem.
1992 1344 2050 1387 ut
2099 1335 2369 1389 inaruerit
2412 1337 2683 1406 cruciﬁgi.
2730 1335 2943 1393 Deinde
2991 1338 3127 1395 illud
3170 1344 3584 1415 opponendum,

290 1428 482 1500 Aquila
515 1445 530 1482 :
561 1425 630 1482 Et
660 1444 781 1482 cum
801 1428 965 1497 fuerit
988 1428 1045 1482 in
1071 1428 1180 1481 viro
1202 1434 1467 1496 peccatum
1494 1427 1550 1480 in
1580 1424 1689 1498 [ΔΙ.
1715 1424 1893 1500 et]ju-
1995 1425 2139 1496 quod
2196 1426 2424 1483 inferius
2474 1441 2641 1483 causa
2695 1429 2922 1499 patibuli
2980 1429 3198 1501 plenius
3245 1447 3591 1505 esponatur,

296 1524 490 1578 dicium
536 1523 754 1589 mortis,
807 1531 857 1578 et
892 1522 1093 1577 occisus
1130 1521 1311 1590 fuerit,
1338 1531 1385 1576 et
1409 1522 1740 1594 suspenderis
1778 1538 1895 1575 eum
1998 1518 2280 1588 Scriptura
2298 1519 2601 1585 referente,
2628 1521 2699 1576 ob
2725 1521 3077 1579 maledictum
3109 1533 3166 1579 et
3194 1524 3593 1594 blasphemiam

295 1634 452 1690 super
472 1616 693 1687 lignum,
718 1633 820 1670 non
848 1614 1254 1669 commorabitur
1282 1614 1634 1669 morticinium
1663 1616 1778 1681 eius
1808 1631 1899 1669 suo
2000 1609 2102 1665 Dei
2145 1625 2270 1665 eum
2312 1625 2436 1667 esse
2475 1612 2819 1669 cruciﬁxum.
2863 1614 3018 1681 Quod
3059 1616 3305 1685 apertius
3346 1618 3597 1691 Symma-

300 1726 392 1781 per
434 1708 661 1780 lignum.
694 1708 785 1762 sed
835 1708 1087 1780 sepeliens
1126 1707 1340 1779 sepelies
1388 1722 1503 1760 eum
1546 1705 1602 1760 in
1641 1705 1725 1760 die
1775 1705 1891 1775 illa,
2002 1705 2141 1759 chus
2179 1704 2495 1770 transtulit,
2526 1704 2765 1761 dicens:
2802 1708 2927 1777 quia
2966 1717 3179 1780 propter
3221 1709 3597 1781 blasphemiam

300 1798 469 1872 quiab
499 1798 797 1855 maledictio
841 1798 940 1853 Dei
980 1809 1075 1868 est,
1108 1799 1197 1869 qui
1237 1815 1520 1869 suspensus
1563 1807 1637 1853 est
1670 1814 1688 1851 :
1716 1809 1768 1854 et
1797 1815 1901 1854 non
1930 1799 1979 1861 Β
2011 1796 2104 1850 Dei
2132 1812 2408 1864 suspensus
2438 1807 2532 1852 est.
2566 1797 2648 1852 Ad
2679 1807 2984 1855 extremum
3028 1800 3438 1871 interrogemus
3479 1817 3601 1873 eos,

302 1892 676 1947 contaminabis
713 1891 928 1945 humum
954 1900 1097 1944 tuam
1136 1907 1291 1959 quam
1323 1889 1579 1944 Dominus
1606 1887 1750 1944 Deus
1779 1898 1896 1945 tuus

302 1984 447 2039 dabit
478 1984 569 2039 tibi
596 1982 975 2039 lueredittttem.
1019 1983 1383 2052 Symmachus
1411 2001 1426 2037 :
1458 1982 1523 2038 Si
1552 1963 1898 2055 autemfuerit

302 2077 503 2130 homini
524 2085 792 2149 peccatum
818 2075 889 2129 ad
911 2076 1179 2146 judicium
1199 2077 1402 2142 mortis,
1428 2085 1473 2130 et
1494 2076 1696 2131 occisus
1716 2076 1898 2146 fuerit,

302 2177 349 2223 et
371 2169 701 2242 suspenderis
723 2184 841 2223 eum
866 2184 1022 2240 super
1062 2168 1258 2239 lignum
1286 2183 1306 2223 :
1331 2185 1434 2222 non
1465 2167 1787 2239 pernoctabit
1807 2183 1900 2221 ca-

304 2262 463 2317 daver
486 2262 658 2334 ipsius
696 2277 853 2332 super
877 2261 1098 2333 lignum,
1127 2260 1220 2314 sed
1252 2260 1524 2331 sepultura
1550 2260 1763 2332 sepei'ies
1783 2276 1903 2314 eum

304 2353 415 2429 [AL
447 2351 608 2425 illud]
637 2353 692 2408 in
719 2352 805 2407 die
829 2353 968 2426 ipsa,
998 2353 1124 2421 quia
1159 2361 1370 2425 propter
1396 2350 1771 2422 blasphemiam
1803 2350 1902 2407 Dei

298 2462 582 2516 suspensus
609 2455 684 2501 est
714 2460 733 2500 :
763 2454 815 2500 et
843 2461 945 2500 non
967 2444 1349 2500 contaminabis
1372 2455 1566 2499 terram
1588 2455 1903 2516 tuamquam

303 2537 562 2594 Dominus
595 2537 733 2594 Deus
764 2548 882 2593 tuus
915 2538 1057 2593 dabit
1088 2537 1184 2592 tibi
1210 2538 1280 2591 ad
1306 2538 1685 2605 Inereditatem.
1718 2537 1902 2593 Theo-

303 2632 453 2687 tlotio
483 2649 498 2689 :
531 2628 601 2685 Et
628 2631 753 2702 quia
784 2630 880 2685 erit
902 2630 957 2684 in
995 2632 1109 2684 viro
1135 2638 1404 2700 peccatum
1426 2628 1482 2683 in
1504 2626 1617 2702 [AL
1651 2637 1797 2685 tacet
1824 2627 1901 2700 in]

294 2726 560 2798 judicium
581 2724 785 2790 mortis,
805 2732 850 2778 et
873 2724 1145 2790 morietur,
1166 2733 1214 2777 et
1235 2724 1513 2794 suspendes
1534 2738 1651 2775 eum
1666 2721 1719 2775 in
1736 2718 1903 2793 ligno,

306 2833 408 2871 non
436 2815 656 2870 dormiet
694 2813 1043 2869 morticinium
1080 2815 1196 2887 ejus
1238 2829 1398 2881 super
1434 2811 1656 2884 lignum,
1681 2812 1803 2882 quia
1824 2828 1907 2866 se-

307 2909 527 2981 pultura
545 2907 758 2980 sepelies
788 2923 905 2961 eum
934 2906 988 2959 in
1015 2904 1101 2959 die
1126 2904 1268 2976 ipsa,
1307 2904 1434 2976 quia
1466 2903 1773 2958 maledictio
1808 2901 1907 2957 Dei

308 3010 384 3055 est
409 3016 690 3073 suspensus
714 3016 733 3054 :
763 3007 813 3054 et
836 3015 941 3054 non
972 2996 1354 3053 cantaminabis
1390 2996 1584 3050 atlanta
1628 2993 1740 3068 [AL
1774 2995 1908 3050 ada-

309 3112 446 3149 mam
473 3092 495 3167 ]
522 3103 667 3148 tuam
703 3109 862 3165 quam
908 3091 1163 3146 Dominus
1209 3090 1350 3145 Deus
1391 3097 1512 3144 tuus
1561 3089 1764 3144 dederit
1812 3087 1906 3142 tibi

2001 1891 2046 1943 si
2074 1889 2311 1945 Ananias
2351 1898 2407 1944 et
2446 1889 2672 1945 Azarias
2707 1900 2764 1947 et
2806 1891 3023 1959 Misael,
3074 1893 3326 1949 nolentes
3367 1894 3604 1952 adorare

2004 1980 2208 2036 idolum
2236 1980 2767 2050 Nabuchodonosor,
2792 1983 3027 2039 fuissent
3072 1984 3127 2039 in
3159 1985 3309 2056 ligno
3339 1989 3600 2057 suspensi

2003 2069 2169 2143 (Dan.
2200 2070 2281 2143 ιιι)
2306 2089 2321 2139 ;
2356 2072 2647 2129 Eleazarus
2671 2089 2891 2146 quoque
2922 2078 3330 2146 nonagenarius
3358 2079 3459 2134 sub
3488 2078 3605 2136 An-

2004 2165 2190 2221 tiocho
2237 2182 2369 2237 rege
2413 2166 2621 2239 Syriae‘,
2677 2177 2733 2223 et
2776 2184 2899 2223 cum
2941 2178 3152 2240 septem
3194 2170 3322 2226 liliis
3366 2171 3607 2242 gloriosa

2001 2264 2217 2323 mater,
2290 2265 2473 2313 utrum
2539 2258 2872 2316 maledictos
2938 2276 3034 2317 eos
3095 2264 3415 2320 a-stimaturi
3485 2263 3607 2322 lue-

2004 2350 2117 2404 rint
2144 2357 2163 2421 (
2187 2348 2229 2405 ll
2258 2348 2518 2405 Harluvn
2542 2349 2584 2421 ),
2613 2367 2681 2407 an
2725 2353 2875 2407 omni
2915 2353 3307 2410 benedictione
3342 2355 3604 2427 dignissi-

2006 2444 2160 2497 mos?
2188 2443 2350 2498 Certe
2371 2442 2421 2497 si
2448 2458 2667 2499 crucem
2693 2458 2857 2514 quam
2888 2445 3059 2499 Aman
3084 2457 3375 2515 paraverat
3398 2447 3609 2504 Mardo-

2006 2534 2163 2589 chaeo
2194 2533 2413 2606 (Esther
2437 2533 2557 2606 vn).
2583 2550 2694 2590 non
2725 2534 2844 2607 ipse
2870 2552 2966 2606 pro
2995 2552 3097 2592 suo
3120 2540 3318 2595 merito
3344 2555 3611 2597 conscen-

2006 2628 2202 2698 disset,
2233 2637 2365 2699 puto
2385 2627 2757 2685 Mardochteus
2780 2632 2833 2684 in
2861 2646 3007 2696 eam,
3038 2646 3144 2687 non
3174 2641 3234 2688 ut
3261 2634 3605 2704 maledictus,

2005 2723 2102 2778 scd
2132 2732 2191 2777 ut
2219 2723 2302 2776 vir
2330 2730 2554 2778 sanctus
2583 2722 2911 2780 ascenderet
2962 2722 3075 2796 [ΑΙ.
3104 2724 3478 2799 ascenderat].
3506 2726 3604 2782 His

2007 2824 2065 2870 et
2087 2814 2303 2870 caeteris
2324 2813 2596 2869 similibus
2633 2815 3063 2884 comprobantur
3091 2816 3245 2872 illum
3275 2832 3398 2873 esse
3427 2817 3602 2873 male-

2008 2908 2236 2973 dictum,
2252 2907 2342 2978 qui
2363 2906 2589 2977 dignum
2608 2908 2821 2963 facinus
2835 2909 3078 2979 patibulo
3092 2911 3431 2981 perpetrarit
3454 2928 3469 2967 :
3494 2927 3606 2969 non

2010 3016 2135 3057 eum
2180 3000 2276 3072 qui
2318 3000 2611 3071 iniquitate
2641 3000 2910 3070 indicum,
2941 3010 2998 3058 et
3039 3002 3385 3061 inimicorum
3420 3014 3615 3077 poten-

2012 3094 2104 3160 tia,
2131 3093 2215 3148 vel
2247 3092 2488 3148 clamore
2521 3092 2690 3162 vulgi,
2722 3102 2818 3148 aut
2850 3094 3111 3149 virtutum
3149 3095 3377 3164 invidia,
3410 3106 3505 3153 aut
3535 3112 3621 3154 re-

309 3188 685 3243 lttereditatem.
707 3187 885 3242 Porro
908 3202 1088 3241 ΑυΑιιΑ
1113 3184 1348 3258 (rima),
1380 3193 1519 3239 terra
1540 3184 1659 3240 sive
1689 3184 1901 3252 humus,
1935 3187 1982 3252 ο
2014 3185 2095 3253 gis
2118 3182 2279 3255 437
2311 3184 2390 3237 ira
2412 3181 2579 3238 fuerit
2602 3181 2916 3239 crucifixus.
2952 3184 3020 3238 Et
3046 3183 3260 3240 Naboth
3290 3185 3401 3258 [AL
3433 3186 3618 3244 Nabu-

313 3282 493 3353 liugua
550 3278 780 3335 Hebraea
827 3278 1155 3349 appellatur.
1203 3278 1260 3332 ln
1303 3291 1373 3332 eo
1413 3284 1595 3331 autem
1646 3274 1772 3331 loco
1817 3274 1910 3330 ubi

315 3376 507 3446 Aquila
527 3385 581 3428 et
596 3371 899 3429 Theodotin
918 3370 1174 3426 similiter
1192 3370 1609 3435 transtulerunt,
1624 3368 1871 3425 dicentes
1894 3387 1909 3424 :

316 3470 439 3540 quia
466 3465 766 3521 maledictio
793 3462 892 3519 Dei
917 3474 991 3518 est
1016 3478 1325 3535 suspensus,
1353 3462 1409 3516 in
1441 3460 1675 3517 llcbrzeo
1706 3461 1781 3517 ita
1811 3476 1913 3531 po-

322 3562 467 3615 nitur
492 3568 515 3599 ε
545 3573 632 3613 cm
659 3571 942 3612 cauum
962 3570 1123 3611 ειοιιι
1149 3568 1372 3608 τυΑιιιι.
1395 3552 1527 3608 Haec
1548 3552 1712 3609 verba
1739 3551 1915 3608 Ebion

322 3653 413 3709 ille
453 3651 856 3707 hatresiarches
896 3648 1421 3713 Scmichristianus,
1454 3657 1511 3703 et
1549 3646 1918 3717 Semijudzeus

323 3743 578 3817 ήθθίιςι
609 3743 1003 3813 interpretatus
1040 3751 1147 3806 est,
1194 3737 1274 3796 ὅτι
1312 3740 1463 3817 ὕϐρις
1496 3747 1626 3796 Θεοῦ
1662 3740 1688 3796 ὁ
1721 3742 1915 3818 κρεμά-

328 3860 501 3910 μενος,
533 3835 588 3891 id
622 3845 731 3900 est,
757 3834 881 3906 quia
907 3834 1105 3906 injuria
1128 3831 1225 3887 Dei
1257 3842 1334 3887 est
1356 3849 1660 3904 suspensus.
1692 3832 1916 3888 Memini

331 3945 416 3985 me
449 3930 501 3984 in
527 3929 555 3965 ά
586 3928 964 3985 Altercatione
990 3925 1210 3981 Jasonis
1232 3934 1288 3981 et
1314 3923 1551 3995 Papisci.
1574 3939 1698 3995 qu:e
1726 3923 1919 3980 Grmeo

330 4038 582 4079 sermone
610 4018 920 4091 conscripta
946 4027 1050 4085 est,
1080 4018 1152 4073 ita
1184 4017 1461 4087 reperisse
1489 4034 1503 4070 :
1534 4015 1765 4093 λοιδορία
1791 4023 1920 4073 Θεοῦ

334 4116 359 4170 ὁ
383 4117 717 4191 κρεμάμενος,
751 4110 803 4165 id
827 4119 930 4174 est,
954 4108 1253 4163 maledictio
1284 4105 1387 4161 Dei
1410 4106 1501 4175 qui
1529 4123 1795 4177 appensus
1823 4115 1922 4163 est.

339 4207 558 4262 Dicebat
582 4203 712 4260 mihi
748 4212 771 4241 ο
802 4200 1067 4258 Hebraeus
1095 4201 1187 4272 qui
1216 4215 1306 4257 me
1333 4201 1387 4256 in
1418 4199 1719 4270 Scripturis
1744 4200 1925 4272 aliqua

414 4394 440 4423 ι
467 4384 660 4439 Fermc
690 4382 841 4446 juxta
872 4378 1050 4436 Graec.
1079 4378 1395 4434 Oxoniense
1422 4378 1720 4446 exemplar.
1754 4376 1869 4441 ubi,
1898 4376 1925 4433 ὃ

342 4460 466 4517 θεὸς
492 4458 634 4528 ἡμῶν
662 4452 1012 4528 δίδωσι-ὑμῖν,
1049 4449 1185 4504 Deus
1231 4458 1405 4528 auster
1435 4448 1579 4528 dabit
1600 4449 1791 4528 fabis;
1818 4451 1927 4503 duo

344 4549 373 4583 σε
406 4519 608 4582 nostris
640 4538 795 4586 mss.,
832 4519 975 4576 Deus
1019 4529 1183 4574 vester
1207 4519 1355 4575 dabit
1392 4521 1553 4573 vobis.
1600 4520 1767 4573 Paulo
1805 4528 1929 4587 post

2014 3274 2188 3347 ιιιιιιιι]
2213 3274 2507 3345 quondam,
2534 3274 2601 3329 ad
2631 3274 2855 3331 Jezabet
2886 3276 3123 3340 litteras.
3158 3284 3273 3332 tota
3294 3277 3507 3336 Jezrael
3530 3281 3614 3336 ci-

2016 3369 2154 3423 vitas
2180 3376 2358 3422 morte
2380 3366 2661 3421 damnavit
2685 3366 2780 3439 (Ill
2798 3367 2931 3440 Reg.
2958 3367 3108 3439 xxi);
3133 3368 3231 3426 sed
3253 3371 3474 3441 sanguis
3498 3372 3620 3443 ejus

2018 3464 2075 3519 in
2107 3474 2234 3534 typo
2261 3459 2465 3517 ChriSIi
2490 3504 2506 3529 ,
2542 3462 2709 3517 multa
2743 3472 2869 3534 post
2915 3463 3118 3520 saecula
3164 3465 3494 3536 vindicatur,
3541 3469 3621 3526 di-

2020 3565 2178 3611 cente
2205 3554 2438 3609 Domino
2468 3553 2534 3608 ad
2573 3553 2751 3610 Osee:
2808 3553 2954 3609 Voca
2994 3570 3180 3610 nomen
3229 3559 3343 3630 ejus
3389 3555 3618 3629 Jesrael,

2026 3649 2146 3719 quia
2174 3648 2347 3701 adhuc
2377 3647 2637 3700 modicum
2662 3685 2678 3713 ,
2722 3655 2771 3700 et
2810 3647 3034 3702 ulciscar
3072 3649 3373 3720 sanguinem
3413 3648 3623 3708 lesrael

2025 3756 2179 3813 super
2193 3739 2403 3794 domum
2423 3737 2544 3794 Jeu.
2571 3737 2728 3811 (Osee
2752 3754 2792 3808 ι,
2816 3740 2900 3807 4).
2927 3738 3053 3795 Ηωο
3074 3739 3360 3797 adversum
3382 3741 3626 3804 Judteos.

2027 3834 2298 3889 Craterum
2344 3841 2402 3886 ut
2444 3830 2512 3886 ad
2563 3846 2663 3886 nos
2708 3830 2903 3886 redeat
2950 3830 3270 3901 disputatio,
3319 3833 3465 3889 scire
3510 3849 3622 3891 non

2028 3938 2248 3995 possum
2272 3937 2443 3994 quare
2485 3921 2782 3993 Apostolus
2809 3922 2861 3977 in
2911 3936 2978 3977 eo
3020 3922 3168 3993 quod
3199 3923 3460 3993 scriptum
3493 3932 3620 3983 est:

2031 4015 2347 4070 Maledictus
2376 4031 2410 4069 a
2435 4010 2547 4068 Deo
2596 4013 2761 4067 omnis
2799 4012 2889 4079 qui
2932 4014 3116 4085 pendet
3141 4014 3196 4068 in
3242 4013 3386 4087 ligno
3438 4013 3622 4089 (Deut.

2031 4125 2145 4173 ut.
2193 4107 2278 4180 Ξ),
2330 4108 2415 4163 vel
2472 4107 2805 4163 subtraxerit
2861 4106 3064 4177 aliquid
3110 4106 3195 4163 vel
3240 4108 3529 4166 addiderit.
3565 4109 3627 4167 Si

2030 4200 2176 4256 enim
2220 4198 2393 4256 semel
2430 4198 2810 4255 auctoritatem
2860 4197 3214 4271 Septuaginta
3262 4198 3623 4272 interpretum

2034 4377 2211 4447 Opera
2240 4384 2511 4452 superest
2561 4391 2707 4433 nunc
2752 4377 3225 4452 Celsicujusdam
3278 4382 3528 4452 praefatio
3571 4384 3628 4442 in

2035 4464 2157 4502 eam
2202 4448 2639 4515 altercationem,
2675 4463 2836 4510 quam
2874 4451 3013 4503 idem
3058 4454 3173 4515 ipse
3212 4448 3407 4510 Celsus
3435 4454 3628 4513 Latino

2034 4534 2091 4572 sc
2111 4527 2344 4593 testatur
2360 4520 2608 4593 vertisse,
2634 4532 2907 4593 sumitque
2932 4522 3177 4593 laborem
3213 4523 3407 4593 Vigilio
3440 4527 3624 4583 nescio

348 4613 452 4654 tam
480 4598 547 4651 ad
580 4595 808 4665 Aquilae,
836 4593 1095 4665 ψιεηηλτιιξ
1127 4591 1444 4665 Symmachi
1473 4592 1778 4665 versionem
1811 4592 1928 4657 plu-
1955 4592 2005 4652 D
2033 4589 2398 4665 cuiepiscnpo
2422 4589 2796 4665 inscribit.le
2820 4594 2983 4645 variis
3000 4592 3120 4665 ejus
3140 4589 3475 4662 praelationis
3495 4599 3629 4653 locis

348 4672 489 4726 rium
516 4660 767 4721 numero.
795 4660 1187 4732 suspenderitis,
1217 4678 1314 4732 pro
1338 4661 1670 4726 suspenderis
1698 4660 1886 4728 legunt
1913 4677 1926 4712 :

350 4751 408 4796 at
444 4739 667 4795 Cra-cus
721 4731 911 4789 horum
957 4731 1312 4802 interpretum
1355 4742 1534 4785 textus
1570 4731 1931 4786 desideratur.

420 4809 450 4850 ι’
482 4809 539 4864 1η
563 4806 909 4863 Cistcrciensi
930 4819 1031 4859 ms.
1056 4806 1181 4876 quia
1204 4801 1510 4876 maledictus
1529 4812 1602 4876 est
1623 4804 1709 4876 qui
1720 4818 1936 4876 suspen-

351 4900 456 4939 sits.
484 4892 618 4940 etc.,
647 4877 805 4941 falso,
831 4892 955 4931 cum
983 4872 1265 4943 Aquilam,
1297 4882 1354 4929 et
1395 4872 1832 4943 Theodotionettt
1865 4873 1940 4926 si-

358 4952 558 5008 militer
589 4948 971 5013 transtulisse,
1004 4942 1129 5017 quia
1167 4945 1465 5000 maledictio
1504 4942 1602 4999 Dei
1632 4954 1705 4998 cst
1733 4960 1948 5016 suspen-

357 5041 468 5091 sus,
498 5025 706 5077 Auctor
739 5020 854 5084 ipse
885 5017 1253 5089 llieronymus
1279 5017 1370 5091 sit.

435 5089 461 5155 ἒ
489 5113 723 5171 Hebraea
774 5109 892 5165 huc
921 5109 1089 5165 verba
1122 5117 1272 5176 sunt,
1303 5090 1424 5166 vim
1457 5089 1639 5166 n‘n‘vu
1681 5089 1829 5195 2197p
1876 5114 1951 5166 9:.

2035 4660 2299 4728 Colligere
2322 4669 2422 4717 est,
2455 4660 2673 4712 tlelsmu
2702 4661 2855 4712 illum
2882 4660 3149 4729 scribere,
3177 4680 3299 4719 rum
3326 4668 3506 4723 adhuc
3525 4671 3626 4724 sub

2038 4729 2781 4809 pcrsct-ntionibusEccleSaa
2806 4731 3105 4798 laboraret,
3127 4735 3628 4809 imperatorumque

2041 4802 2411 4924 μηῦιεὶιιοιθιιιη
2441 4800 2610 4852 animi
2643 4801 2877 4855 necdum
2904 4814 3089 4857 essent
3119 4800 3322 4861 Christi
3357 4800 3630 4880 religione

2041 4889 2111 4924 Illi
2158 4885 2256 4924 ιιι.

2038 4871 2256 4928 imbuti.

2125 4952 2148 4979 ε
2176 4942 2314 4996 llinc
2342 4939 2553 5008 colligit
2583 4940 2821 5012 Marinus
2866 4958 3027 5012 quem
3061 4954 3117 4999 et
3152 4943 3499 5003 Martiantens
3538 4965 3630 5006 se-

2051 5023 2209 5068 cutus
2243 5020 2373 5084 est,
2412 5012 2581 5084 luisse
2622 5011 2935 5084 Hieronymi
2985 5024 3373 5083 praeceptorem
3414 5034 3479 5074 ex
3521 5020 3629 5077 Hc-

2061 5086 2208 5156 hrteu
2230 5080 2624 5156 Christianum;
2648 5080 3026 5156 nequeenim,
3055 5080 3324 5156 inquiunt,
3354 5089 3424 5144 ita
3455 5089 3634 5146 fassus

2064 5154 2256 5209 fuisse!
2283 5153 2528 5218 Iuda-us,
2574 5154 2667 5221 qui
2699 5169 2751 5207 tn
2783 5153 2903 5225 lege
2930 5153 3217 5224 persmfet.
3264 5157 3459 5215 Verum
3494 5160 3634 5218 hanc

433 5225 708 5300 “Laudat
758 5225 898 5300 hanc
942 5223 1369 5300 disputationem
1422 5220 1747 5292 llicronym.
1789 5220 1958 5300 etiam
2060 5220 2716 5300 landem‘nonntacuissct
2749 5220 2878 5300 puto
2923 5220 3433 5300 liieronymus,qui
3471 5230 3633 5288 illum

367 5299 524 5356 initio
551 5299 759 5366 Quaest.
794 5291 1052 5351 Hebraicl
1086 5296 1137 5349 in
1164 5291 1447 5355 Genesim,
1477 5308 1579 5347 nec
1607 5291 1955 5366 tamen‘qnid

368 5375 447 5429 rei
471 5363 642 5433 esset,
665 5375 763 5423 aut
784 5365 874 5423 cui
892 5380 1012 5421 eam
1037 5366 1264 5427 tribuat,
1287 5374 1566 5419 auctorem
1594 5373 1767 5418 notat.
1800 5363 1953 5417 Nunc

370 5441 587 5513 quando
627 5454 764 5513 opus
794 5438 936 5493 istud
974 5435 1354 5513 jamtliu_olim
1384 5434 1801 5513 intercidit,_tl_e
1832 5437 1955 5513 ejus

372 5504 595 5569 auctore
625 5504 910 5577 disputant
929 5509 1152 5563 eruditi.
1182 5505 1445 5577 Cletnens
1462 5504 1876 5577 Alexandrinus
1901 5507 1951 5558 in

378 5595 533 5639 sexto
560 5575 974 5652 Iiypotyposeon
994 5579 1156 5652 libro,
1182 5592 1303 5633 eam
1328 5575 1538 5652 tradita
1565 5576 1955 5652 S._ana_con-

381 5644 674 5720 scriptam;
705 5644 798 5721 ιιίἰι
827 5666 957 5721 vero
980 5650 1106 5721 eius
1133 5644 1513 5721 testimonium
1541 5645 1739 5721 recitat
1778 5644 1955 5721 niaxi-

388 5716 506 5780 ιιιιιέ
537 5730 589 5782 in
620 5716 860 5781 St-h'oli'ts
882 5720 950 5793 ad
974 5720 1288 5793 Dionysium
1309 5719 1382 5793 _de
1405 5718 1640 5793 _mystic_a
1662 5716 1956 5793 Theologia

394 5809 511 5873 up.
538 5797 591 5865 1,
622 5793 864 5852 Aristoni
910 5784 1134 5846 Pellaeo'
1155 5789 1371 5851 tribuit.
1403 5784 1554 5847 Inter
1590 5786 1650 5847 S.
1701 5784 1959 5862 Cypriani

680 5887 958 5955 Punoc.
1005 5882 1125 5947 XX
1138 5882 1242 5949 VI.

2059 5295 2379 5363 simpliciter
2411 5294 2702 5348 llebrteum
2745 5295 2897 5351 dicit.
2938 5299 3077 5365 Quin
3119 5294 3427 5356 i'mmo'h'oc
3454 5299 3632 5365 ipsum

2057 5366 2203 5437 quod
2234 5378 2397 5441 ex_eo
2440 5365 2652 5441 profert
2688 5369 3121 5441 _t_es_tim0uium,
3155 5368 3285 5441 ideo
3326 5373 3445 5441 plus
3474 5365 3640 5431 habet

2057 5434 2347 5510 momenti,
2368 5434 2538 5510 _quud
2572 5451 2637 5488 ex
2688 5436 2930 5510 Hebrum
2973 5434 3251 5509 religionis
3275 5434 3359 5495 est
3391 5442 3633 5510 homine,

2055 5516 2223 5581 atque
2264 5507 2334 5560 ob
2368 5506 2506 5559 hanc
2552 5519 2779 5581 causam
2803 5507 2908 5581 abs
2947 5506 3276 5581 Hieronymo
3329 5506 3638 5571 adducitur.

2058 5578 2571 5652 Videtur-praeterea
2604 5576 2693 5630 hic
2722 5577 2819 5652 ille
2858 5579 3001 5652 idem
3043 5576 3195 5644 esse,
3233 5597 3397 5652 quem
3424 5583 3639 5641 Barha-

2056 5665 2251 5721 mnam
2269 5649 2339 5703 de
2363 5648 2584 5702 nomine
2614 5649 2834 5721 vocavit
2858 5650 3019 5717 paulo
3037 5662 3168 5705 ante
3195 5648 3539 5721 in'prommio
3568 5655 3637 5714 ad

2051 5719 2345 5851 1t)“._pnesios,
2375 5727 2430 5776 et
2454 5732 2619 5793 quem
2646 5716 2893 5777 iudicum
2943 5722 3222 5780 exstitisse
3252 5716 3495 5794 nihilost
3541 5728 3645 5787 dun

2092 5806 2224 5851 tum.

2092 5806 2224 5853 tum.
