4056 6316
481 2228 631 2285 puer,
663 2213 895 2285 famulus
921 2214 1021 2267 erit
1052 2213 1304 2283 fratribus
1342 2216 1455 2269 suis
1486 2213 1641 2285 (Gen.
1667 2231 1752 2282 ιχ,
1783 2216 1902 2284 25).
1947 2216 2088 2272 Nec-

482 2321 592 2362 non
608 2306 729 2362 etin
741 2307 850 2361 alio
863 2307 984 2362 loco
1000 2324 1013 2360 :
1032 2304 1089 2360 11
1092 2306 1348 2361 aledictus
1373 2306 1521 2377 furor
1532 2324 1734 2377 eorum,
1749 2310 1873 2381 quia
1887 2309 2088 2375 audax,

480 2407 532 2453 et
557 2398 642 2454 ira
665 2415 868 2465 eorum,
897 2399 1022 2468 quia
1050 2398 1184 2452 dura
1224 2396 1381 2470 (Gen.
1415 2414 1572 2464 χιιι,
1603 2399 1682 2469 7).
1716 2399 1964 2471 Longum
2008 2409 2092 2456 est

481 2493 527 2549 si
578 2494 864 2550 universas
913 2492 1360 2558 maledictiones,
1394 2507 1516 2563 qua:
1545 2493 1600 2548 in
1629 2491 1898 2555 Levitico,
1936 2500 1994 2548 et
2036 2492 2089 2547 in

480 2585 928 2655 Deuteronomio,
967 2595 1025 2641 et
1053 2587 1106 2640 in
1137 2584 1264 2641 Jesu
1295 2585 1444 2640 Nave
1482 2585 1823 2645 scribuntur.
1860 2600 2090 2641 enume-

481 2695 632 2746 rem;
660 2689 716 2736 et
746 2689 929 2736 tamen
966 2681 1020 2736 in
1050 2679 1196 2735 nulla
1232 2694 1445 2742 earum.
1479 2679 1576 2735 Dei
1606 2695 1805 2735 nomen
1837 2688 1922 2734 est
1945 2680 2093 2734 addi-

480 2778 635 2826 tum:
664 2772 940 2827 intantum
973 2780 1032 2826 ut
1058 2772 1221 2827 etiam
1254 2772 1373 2842 ipse
1414 2771 1666 2840 Satanas,
1715 2786 1838 2827 eum
1871 2771 1941 2827 de
1986 2771 2092 2828 Job

480 2864 865 2935 polliceretur.
893 2865 1038 2934 quod
1071 2864 1116 2919 si
1144 2864 1444 2937 grandibus
1496 2880 1719 2935 pressus
1758 2863 1953 2919 fuisset
1994 2878 2092 2918 an-

478 2957 697 3028 gustiis,
728 2957 1156 3028 blasphemaret,
1189 2974 1216 3011 a
1250 2959 1465 3014 meliori
1497 2967 1655 3027 parte
1685 2958 1789 3013 hoc
1817 2958 2093 3029 signiﬁca—

478 3045 644 3116 verit,
663 3046 852 3103 dicens
875 3065 889 3101 :
912 3045 1033 3101 Nisi
1058 3056 1107 3101 te
1127 3048 1446 3103 benedixerit
1477 3049 1532 3103 in
1554 3050 1747 3119 [aciem
1769 3048 1894 3121 (Job
1912 3066 1950 3114 ι,
1971 3050 2087 3117 Η).

1767 245 1830 303 S.
1871 245 2147 304 EUSEBII
2186 245 2569 305 HIERONYSII

499 358 859 431 sequebatur,
887 359 1097 429 debuit,
1126 359 1267 417 sicut
1288 360 1361 416 ab
1389 359 1501 417 illis
1519 360 1728 417 editum
1762 369 1870 428 est,
1911 369 1969 416 et
2009 360 2103 418 Dei
2128 363 2185 425 Δ
2209 373 2370 417 natus
2418 383 2433 419 :

503 468 705 509 nomen
732 454 1049 526 adiungere.
1079 453 1174 511 Sin
1201 469 1332 509 vero
1356 465 1413 510 ut
1440 455 1707 512 Hebratus
1730 470 1801 512 ex
1828 454 2096 525 Hebraeis,

502 548 554 603 id
582 547 727 618 quod
778 547 832 602 in
871 562 973 603 sua
1001 548 1186 618 lingua
1216 548 1443 619 legerat,
1474 550 1703 619 putabat
1728 562 1851 604 esse
1880 548 2102 603 verissic

500 657 669 707 mum,
701 656 805 698 nec
842 643 1033 708 omnis,
1069 657 1174 699 nec
1206 644 1260 696 in
1293 642 1458 713 ligno,
1486 658 1608 712 quae
1646 643 1700 696 in
1730 641 1958 697 Hebraeo
1988 655 2098 697 non

500 731 792 798 habentur,
836 746 1122 789 assumere
1167 730 1278 806 [ΑΙ.
1312 731 1664 804 assumeret].
1710 732 1790 787 Ex
1826 747 1937 803 quo
1965 732 2099 788 mibi

495 830 734 894 videtur.
756 839 852 885 aut
896 838 1114 885 veteres
1167 830 1526 885 Hebraeorum
1579 829 1746 883 libros
1798 831 1960 883 aliter
2004 828 2102 882 ha-

496 920 705 987 buisse,
731 936 894 991 quam
925 936 1071 976 nunc
1097 920 1300 976 habent
1325 938 1341 974 :
1373 929 1469 976 aut
1492 920 1814 990 Apostolum
1856 920 1949 991 (ut
1972 927 2101 976 ante

486 1010 599 1083 jam
630 1013 769 1085 dixi)
795 1028 1020 1069 sensum
1032 1013 1443 1083 Scripturarum
1460 1012 1733 1081 posuisse,
1762 1026 1872 1067 non
1886 1012 2054 1067 verba
2080 1029 2097 1067 :

490 1115 585 1160 aut
624 1105 769 1178 quod
802 1105 980 1175 magis
1019 1114 1107 1160 est
1148 1104 1531 1158 aestimandum
1556 1146 1572 1169 ,
1615 1113 1742 1174 post
1782 1104 2097 1176 passionem

491 1196 720 1264 Christi,
747 1198 891 1253 etin
925 1197 1193 1265 Hebraeis,
1236 1205 1293 1251 et
1340 1196 1395 1250 in
1451 1198 1657 1251 nostris
1703 1196 1984 1253 codicibus
2028 1197 2099 1251 ab

491 1288 679 1358 aliquo
736 1289 830 1345 Dei
862 1303 1066 1344 nomen
1109 1288 1459 1357 appositum,
1505 1298 1568 1343 ut
1614 1287 1890 1343 infamiam
1942 1288 2098 1345 nobis

491 1380 755 1447 inureret,
785 1380 879 1450 qui
920 1380 976 1435 in
1020 1377 1298 1434 Christum
1335 1380 1683 1436 maledictum
1713 1395 1743 1435 a
1774 1381 1889 1436 Deo
1919 1381 2100 1437 credi-

490 1488 634 1529 mus.
664 1472 870 1528 Audaci
912 1473 1093 1540 itaque
1116 1471 1258 1541 pede
1282 1471 1349 1526 ad
1381 1470 1484 1527 hoc
1511 1472 1754 1543 procedo
1782 1481 2059 1529 certamen
2078 1518 2091 1541 ,

490 1573 553 1620 ut
577 1564 644 1619 ad
671 1563 844 1621 libros
870 1578 1190 1634 provocem,
1223 1564 1374 1618 nullo
1404 1564 1525 1618 loco
1566 1564 1855 1635 scriptum,
1900 1579 1932 1618 a
1980 1564 2097 1619 Deo

491 1673 822 1729 quemquam
843 1672 969 1713 esse
994 1655 1368 1723 maledictum,
1396 1667 1453 1712 et
1483 1656 1814 1727 ubicumque
1839 1656 2098 1712 maledic-

489 1750 567 1806 tio
597 1750 844 1821 ponitur,
874 1764 1169 1819 numquam
1192 1750 1285 1805 Dei
1318 1764 1516 1805 nomen
1544 1749 1885 1820 adjunctum.
1921 1750 2093 1805 Male-

489 1843 661 1898 dictus
693 1852 750 1896 tu
778 1840 843 1895 ab
882 1840 1123 1895 omnibus
1163 1840 1336 1895 bestiis
1386 1840 1599 1910 (Cenes.
1629 1858 1713 1909 ιιι,
1749 1842 1862 1913 ll).
1893 1841 2093 1898 dicitur

483 1933 554 1991 ad
577 1942 911 2003 serpentem.
948 1932 1019 1987 Et
1048 1933 1114 1987 ad
1145 1933 1317 1988 Adam
1348 1953 1361 1987 :
1392 1934 1680 1990 Maledicta
1704 1945 1843 1990 terra
1882 1937 1938 1990 in
1969 1953 2092 2007 ope-

481 2028 629 2083 ribus
646 2029 749 2082 tuis
770 2024 964 2098 (Ibid.,
984 2027 1100 2097 l7).
1126 2027 1195 2082 Et
1222 2027 1289 2083 ad
1314 2028 1447 2083 Cain
1475 2046 1489 2082 :
1518 2029 1833 2085 Maledictus
1856 2039 1911 2085 tu
1934 2048 2093 2101 super

484 2130 672 2176 terram
700 2120 855 2189 (Gen.
883 2135 961 2187 tv,
998 2119 1112 2191 11).
1157 2121 1226 2175 Et
1255 2121 1383 2176 alibi
1417 2140 1433 2178 :
1481 2122 1801 2180 llaledictus
1838 2123 2090 2179 Chanaan

3697 254 3811 319 864

2486 374 2551 420 ut
2603 365 3018 425 benedictiones
3065 385 3187 439 quae
3243 375 3532 443 promissae
3586 374 3809 433 fuerant

2202 455 2458 525 Abrahae,
2492 458 2611 527 ipso
2656 470 2883 515 auctore
2928 470 2985 516 et
3017 465 3220 531 przevio
3265 465 3695 524 transferrentur
3735 468 3807 526 ad

2201 555 2416 615 gentes,
2449 557 2505 603 et
2527 550 2761 618 spiritus
2791 552 3151 621 repromissio
3176 571 3278 626 per
3301 557 3461 614 ﬁdem
3489 560 3636 616 illius
3654 575 3810 617 com-

2202 639 2455 715 pleretur
2478 641 2532 695 in
2574 642 2773 697 nobis:
2805 660 2966 713 quam
3012 644 3305 717 dupliciter
3347 651 3616 708 debemus
3644 655 3804 715 acci-

2202 746 2363 800 pere,
2395 743 2485 788 aut
2516 734 2569 788 in
2594 737 2857 791 virtutum
2880 738 3259 808 spiritualibus
3272 742 3458 815 donis,
3483 747 3649 802 autin
3669 745 3809 804 εστι.

2202 835 2484 895 ptnrarum
2514 827 2874 899 intelligentia
2906 832 3177 901 spirituali
3209 836 3251 907 (1
3275 835 3397 891 Cor.
3423 840 3527 909 ts).

2269 917 2456 988 (Vers.
2482 919 2549 975 15
2571 920 2755 991 seqq.)
2780 920 3019 988 Fratres.
3044 929 3331 982 secundum
3363 930 3625 987 hominem
3647 935 3763 991 dico
3782 950 3803 992 :

2200 1018 2369 1065 tamen
2396 1011 2622 1067 hominis
2661 1024 3028 1073 testamentum
3057 1021 3423 1089 conﬁrmatum
3470 1041 3619 1080 nemo
3656 1044 3806 1099 sper-

2199 1104 2295 1168 nit,
2327 1112 2420 1157 ant
2444 1108 2817 1176 superordiuat
2838 1126 2859 1163 :
2886 1110 3111 1167 Abrahae
3128 1114 3279 1167 dictae
3296 1125 3418 1169 sunt
3440 1120 3805 1189 repromissio-

2197 1212 2308 1261 nes,
2338 1205 2386 1251 ct
2403 1199 2591 1253 semini
2621 1202 2755 1271 ejus.
2793 1202 2916 1258 Non
2951 1206 3115 1273 dicit,
3147 1216 3195 1261 et
3222 1210 3531 1279 seminibus,
3561 1217 3713 1286 quasi
3746 1216 3801 1272 iu

2198 1290 2513 1351 multis.‘sed
2532 1295 2686 1363 quasi
2738 1297 2792 1349 in
2838 1313 2966 1361 uno,
3001 1309 3049 1353 et
3078 1302 3261 1354 semini
3290 1314 3404 1369 tuo,
3436 1305 3527 1372 qui
3552 1315 3629 1360 est
3653 1305 3803 1363 Chri-

2196 1390 2327 1437 stus.
2362 1384 2481 1439 Hoc
2506 1397 2680 1442 autem
2702 1389 2821 1443 dico
2841 1398 3203 1448 testamentum
3224 1397 3590 1466 conﬁrmatum
3613 1417 3646 1453 a
3668 1399 3797 1472 Deo,

2195 1494 2313 1548 qua!
2338 1488 2455 1547 post
2482 1482 2888 1555 quadringentos
2912 1496 2962 1540 et
2992 1488 3205 1561 triginta
3225 1508 3389 1545 annos
3416 1498 3557 1562 facta
3577 1505 3651 1549 est
3668 1494 3799 1565 Lex,

2196 1583 2299 1622 non
2336 1570 2547 1624 irritum
2616 1576 2746 1639 facit
2801 1577 2873 1630 ad
2914 1581 3270 1635 eracuandam
3317 1586 3795 1659 repromissionem,

2194 1659 2318 1725 quia
2361 1662 2408 1714 si
2440 1680 2506 1716 ea:
2541 1664 2675 1736 Lege
2713 1668 3011 1729 hwreditas.
3050 1673 3169 1742 jam
3210 1690 3313 1727 non
3339 1692 3403 1727 ex
3431 1679 3794 1747 promissione.

2123 1745 2173 1805 B
2199 1751 2422 1807 Abrahaz
2440 1765 2613 1809 autem
2638 1775 2732 1828 per
2757 1763 3151 1829 promissionem
3192 1765 3406 1821 donarit
3432 1745 3613 1825 ‘Deus.
3653 1774 3801 1843 Apo-

2193 1845 2388 1915 stolus,
2416 1847 2506 1917 qui
2536 1850 2795 1906 omnibus
2824 1856 3004 1908 omnia
3030 1855 3207 1912 factus
3238 1870 3353 1925 est,
3397 1871 3457 1916 ut
3487 1877 3685 1919 omnes
3722 1865 3805 1922 lu-

2192 1938 2504 2005 eriiaceret,
2535 1942 2756 1997 debitor
2784 1944 2991 2002 Grmcis
3023 1964 3087 2002 ac
3130 1950 3419 2021 Barbaris,
3452 1956 3803 2023 sapientibus

2192 2037 2248 2082 et
2260 2028 2663 2099 insipientibus,
2681 2034 2809 2091 Gala
2821 2039 2888 2091 tis
2902 2056 3116 2110 quoque
3129 2058 3264 2112 quos
3280 2046 3440 2114 paulo
3455 2059 3583 2104 ante
3598 2052 3802 2108 stultos

2192 2119 2431 2189 dixerat,
2458 2122 2631 2179 factus
2651 2136 2736 2181 est
2750 2130 2971 2185 stultus.
2990 2132 3107 2187 Non
3123 2133 3266 2189 enim
3281 2136 3347 2190 ad
3362 2152 3459 2192 eos
3470 2139 3558 2193 his
3574 2157 3708 2196 usus
3720 2154 3806 2199 est

2194 2216 2749 2286 argumentisquibus
2780 2220 2846 2276 ad
2876 2221 3182 2295 Romanos,
3208 2228 3305 2282 sed
3328 2228 3800 2302 simplicioribus;

2192 2314 2250 2359 et
2291 2322 2413 2375 qua!
2438 2309 2591 2364 stulti
2631 2322 2860 2382 possent
2898 2315 3233 2389 intelligere,
3271 2331 3327 2376 et
3352 2338 3493 2393 pene
3520 2326 3589 2382 de
3615 2328 3800 2384 trivio.

2193 2401 2350 2467 Quod
2376 2418 2446 2460 ne
2476 2405 2761 2463 videretur
2796 2409 3073 2481 imperitia
3110 2424 3166 2469 et
3199 2431 3308 2470 non
3350 2426 3375 2454 ι
3422 2430 3539 2476 arte
3582 2421 3798 2493 fecisse,

2197 2496 2520 2566 prudentem
2563 2502 2744 2571 placat
2782 2514 2910 2560 ante
2960 2506 3247 2579 lectorem,
3280 2521 3337 2566 et
3382 2528 3504 2583 qua:
3550 2513 3802 2571 dicturus

2200 2598 2309 2656 est,
2342 2588 2510 2664 ‘39
2550 2602 2821 2665 temperat
2854 2600 3181 2668 pra-latione
3212 2605 3491 2674 pra'missa
3518 2624 3533 2661 :
3562 2606 3801 2676 Fratres,

2192 2685 2477 2739 secundum
2506 2689 2767 2745 hominem
2809 2692 2947 2747 dico.
2979 2693 3136 2764 Quod
3183 2697 3329 2753 enim
3373 2699 3621 2758 dicturus
3658 2719 3801 2768 sum,

2191 2792 2300 2833 non
2331 2778 2456 2835 dico
2486 2783 2790 2839 secundum
2822 2786 2989 2841 Deum
3034 2806 3047 2843 :
3075 2806 3185 2846 non
3221 2792 3345 2847 dico
3375 2794 3676 2850 secundum
3706 2813 3797 2853 re-

2194 2871 2472 2927 conditam
2504 2874 2851 2946 sapientiam,
2878 2889 2934 2935 et
2956 2896 3053 2938 eos
3075 2884 3166 2953 qui
3190 2884 3370 2940 solido
3396 2898 3630 2956 possunt
3651 2892 3797 2947 vesci

2193 2961 2343 3031 cibo,
2358 2963 2454 3018 sed
2472 2967 2770 3022 secundum
2785 2985 2881 3026 eos
2894 2972 2984 3039 qui
3003 2976 3073 3029 ob
3090 2977 3513 3033 teneritudinem
3531 2982 3802 3037 stomachi

2195 3052 2371 3109 lacteo
2395 3070 2523 3112 rore
2551 3071 2889 3128 pascuntur,
2927 3074 2982 3119 et
3012 3082 3358 3138 nequaquam
3400 3072 3584 3126 valent
3614 3074 3803 3130 audire

477 3140 548 3197 Et
580 3140 634 3195 in
664 3139 978 3211 Regnorum
1012 3141 1183 3211 libris,
1216 3141 1430 3198 Naboth
1464 3141 1574 3215 [Αι.
1605 3140 1936 3213 Nabulbam]
1964 3158 2089 3212 pro-
2117 3126 2162 3189 Π
2192 3160 2313 3216 qute
2338 3126 2566 3218 grandia
2592 3161 2721 3207 sunt
2752 3152 2797 3226 (I
2827 3126 2949 3210 cur.
2984 3160 3062 3228 ι’).
3101 3126 3260 3217 lJnde
3288 3172 3341 3217 et
3375 3162 3442 3216 ad
3479 3126 3804 3221 Corinthios

477 3241 674 3305 pterea
706 3233 979 3304 lapidatus
1007 3233 1251 3289 refertur
1276 3251 1290 3287 :
1321 3235 1441 3304 quia
1468 3233 1791 3288 benedixerit
1828 3232 1997 3287 Deum
2038 3245 2087 3289 et

474 3342 650 3400 regem
686 3325 777 3399 (Ill
810 3326 941 3399 Reg.
992 3326 1125 3397 XXI).
1181 3326 1400 3382 Nullum
1445 3333 1625 3380 autem
1673 3326 1836 3382 debet
1862 3341 2088 3382 movere

477 3419 624 3490 quod
652 3418 902 3475 Christus
933 3433 1032 3488 pro
1059 3417 1217 3471 nobis
1246 3416 1599 3471 maledictum
1630 3414 1804 3470 factus
1836 3416 1926 3479 sit,
1959 3417 2086 3487 quia

473 3520 534 3570 et
576 3513 723 3569 Deus
750 3512 845 3583 qui
874 3527 999 3566 eum
1027 3510 1231 3565 dicitur
1276 3508 1477 3563 fecisse
1502 3507 1669 3579 438
1706 3509 2084 3575 maledictum,

473 3604 596 3677 ipse
639 3606 791 3676 (eum
846 3602 1090 3658 nesciret
1136 3599 1393 3653 Christus
1441 3596 1753 3669 peccatum)
1795 3615 1895 3670 pro
1925 3600 2086 3656 nobis

479 3712 607 3754 eum
633 3702 919 3766 peccatum
949 3693 1100 3752 fecit.
1129 3702 1185 3744 et
1216 3691 1467 3746 Salvator
1504 3690 1573 3745 de
1612 3690 1945 3760 plenitmline
1978 3692 2083 3747 Pa-

470 3788 574 3844 tris
591 3786 896 3845 exinanivit
919 3799 1003 3848 se,
1030 3782 1264 3836 formam
1279 3781 1713 3851 serviaccipiens
1734 3781 1961 3852 (Philip.
1988 3783 2047 3852 ιι)
2068 3803 2080 3837 :

475 3881 588 3936 vita
620 3886 839 3934 mortua
869 3876 980 3949 [ΑΙ.
1013 3872 1291 3947 mortuus]
1321 3882 1427 3938 est,
1462 3881 1523 3928 et
1566 3875 1832 3943 sapientia
1866 3875 1957 3932 Dei
2000 3876 2081 3931 fa-

472 3971 644 4028 tuitas
668 3976 757 4026 est
776 3969 1070 4039 appellata,
1104 3976 1165 4022 nt
1183 3966 1328 4036 quod
1352 3966 1574 4021 stultum
1599 3978 1716 4023 erat
1741 3968 1838 4023 Dei
1863 3971 2077 4040 sapien-

2188 3238 2243 3292 in
2258 3239 2457 3306 quibus
2469 3243 2792 3302 audiebatur
2806 3247 3122 3315 l'ornicatio,
3140 3261 3197 3307 et
3215 3254 3339 3308 talis
3362 3253 3650 3313 fornicatio
3670 3273 3791 3330 quae

2188 3334 2615 3406 neintergentes
2638 3340 3137 3417 quidem,ait:Ego
3162 3346 3300 3409 dico,
3341 3357 3388 3402 et
3414 3366 3518 3404 non
3552 3350 3801 3406 Dominus

2187 3424 2480 3497 (lCor.vn,
2514 3429 2626 3497 1‘2).
2646 3430 2794 3486 Etad
2817 3434 3040 3489 eosdem
3059 3436 3111 3491 in
3128 3439 3401 3494 secunda:
3426 3440 3580 3507 Quod
3593 3442 3794 3515 loquor,

2189 3534 2292 3571 non
2306 3522 2585 3575 secundum
2602 3522 2887 3580 Dominum
2910 3529 3118 3598 loquor,
3141 3533 3231 3585 scd
3254 3536 3404 3602 quasi
3424 3535 3475 3588 in
3501 3536 3798 3606 insipientia

2190 3609 2256 3683 (ll
2273 3610 2394 3667 Cor.
2421 3629 2498 3683 ει,
2527 3614 2862 3687 l7).Putant
2894 3621 3065 3691 aliqui
3093 3625 3236 3693 quod
3262 3626 3328 3679 de
3347 3635 3677 3683 testamento
3700 3629 3798 3684 lto-

2186 3700 2372 3772 minis,
2398 3706 2564 3795 etde
2604 3710 2886 3766 testatoris
2908 3712 2940 3750 δ
2972 3725 3170 3784 morte,
3210 3726 3264 3772 et
3293 3720 3511 3774 caeteris
3548 3721 3797 3777 humana:

2185 3794 2560 3852 similitudinis
2591 3800 2976 3871 disputatnrns
3015 3809 3305 3878 exemplis,
3352 3810 3595 3866 dixerit:
3652 3812 3794 3868 Fra-

2182 3895 2307 3957 tres,
2339 3889 2624 3943 secundum
2661 3891 2920 3948 hominem
2963 3897 3080 3950 dico
3113 3914 3132 3950 :
3164 3897 3298 3953 mihi
3327 3908 3508 3954 autem
3543 3902 3787 3973 videtur,

2179 3988 2238 4032 et
2267 3989 2493 4050 propter
2523 3981 2629 4037 hoc
2675 3985 2895 4054 quidem
2948 3988 3092 4057 quod
3146 3988 3227 4043 illi
3274 3990 3637 4061 arbitrantur,
3691 4000 3788 4052 sed

473 4062 585 4119 tius
635 4062 808 4154 fleret
840 4060 1156 4154 hominibus
1185 4059 1231 4131 (l
1272 4057 1393 4115 Cor.
1424 4059 1484 4154 ι).
1516 4059 1587 4115 Et
1625 4059 1679 4114 in
1730 4066 2076 4133 sexagesimo
2179 4071 2415 4125 maxime
2464 4081 2687 4141 propter
2735 4075 2867 4129 illud
2915 4077 3058 4146 quod
3105 4079 3351 4145 sequitur
3390 4096 3514 4137 esse
3540 4057 3792 4154 praemis-

468 4162 666 4211 octavo
698 4152 910 4222 psalmo
941 4153 1009 4208 de
1037 4167 1098 4207 se
1129 4151 1575 4223 loquitur:Deus,
1606 4161 1661 4206 tu
1688 4154 1789 4207 scis
1821 4156 2073 4225 insipien-

2176 4173 2297 4213 sum
2331 4160 2436 4231 [ΑΙ.
2473 4163 2848 4237 promissum],
2878 4166 2930 4221 id
2961 4177 3045 4224 est
3078 4188 3090 4224 :
3124 4169 3248 4225 Non
3289 4172 3438 4241 dicit,
3480 4185 3533 4230 et
3579 4180 3789 4234 semini-

473 4248 599 4302 tiam
622 4263 808 4311 meam,
832 4255 882 4299 et
906 4246 1097 4300 delicta
1125 4262 1239 4300 mea
1278 4263 1310 4299 a
1357 4256 1406 4299 te
1451 4263 1554 4300 non
1596 4256 1717 4300 sunt
1773 4248 2071 4304 abscondita
2175 4253 2291 4319 bus,
2323 4254 2473 4322 quasi
2498 4255 2549 4307 in
2580 4256 2778 4323 multis,
2814 4261 2906 4313 sed
2931 4265 3083 4333 quasi
3120 4265 3174 4320 in
3215 4282 3342 4333 uno,
3368 4275 3415 4320 et
3443 4270 3630 4324 semini
3674 4282 3781 4338 tuo,

471 4336 650 4411 (Psal.
686 4352 873 4403 uvttt,
904 4337 983 4407 7).
1021 4335 1221 4406 lnjnria
1249 4338 1430 4407 itaque
1456 4337 1697 4405 Domini,
1731 4351 1919 4394 nostra
1953 4342 2070 4412 glo-

473 4432 552 4488 ria
583 4440 687 4487 est.
718 4429 817 4485 llle
846 4439 1094 4484 mortuus
1127 4438 1232 4494 est,
1262 4440 1317 4483 ut
1351 4444 1452 4484 nos
1476 4431 1815 4487 viveremus.
1852 4432 1947 4488 lile
1973 4434 2068 4489 (Ιν-

2172 4344 2264 4408 qui
2288 4352 2365 4396 est
2387 4344 2642 4399 Christus.
2672 4347 2876 4406 Omnes
2903 4351 3215 4423 Scripturas
3239 4373 3403 4412 sensu
3429 4373 3494 4413 ac
3523 4365 3786 4418 memoria

2176 4450 2497 4527 peragrans,
2526 4454 2818 4509 numquam
2851 4445 3052 4514 plurali
3084 4464 3314 4505 numero
3346 4453 3556 4506 semina
3581 4456 3783 4527 scripta

472 4519 686 4577 scendit
715 4518 781 4574 ad
812 4519 1035 4587 inferos,
1070 4528 1132 4575 ut
1158 4535 1257 4574 nos
1287 4522 1705 4577 ascenderemus
1746 4524 1813 4577 ad
1841 4526 2066 4580 cmlum.
2098 4507 2153 4565 D
2178 4526 2380 4595 reperi,
2414 4530 2511 4583 sed
2540 4530 2655 4585 sive
2679 4507 2740 4586 in
2776 4507 2974 4592 bonam
3007 4549 3241 4608 partem,
3291 4543 3408 4596 sive
3452 4542 3505 4597 in
3557 4507 3780 4612 malain,

465 4613 564 4671 ille
588 4614 765 4670 factus
784 4621 868 4667 est
892 4612 1141 4677 stultitia,
1168 4620 1229 4667 ut
1250 4626 1351 4667 nos
1371 4612 1635 4682 sapientia
1667 4611 1941 4670 lieremus.
1974 4617 2068 4671 Ille

461 4723 525 4766 se
550 4707 619 4765 de
640 4705 977 4779 plenitudine
1006 4715 1058 4761 et
1084 4706 1152 4761 de
1182 4704 1352 4759 forma
1386 4706 1476 4761 Dei
1502 4707 1807 4769 evacuavit,
1838 4707 2065 4763 formam

460 4800 605 4857 servi
635 4798 930 4868 accipiens,
955 4808 1011 4851 ut
1046 4799 1102 4852 in
1132 4796 1290 4851 nobis
1312 4796 1588 4851 habitaret
1612 4797 1897 4867 plenitudo
1928 4798 2066 4852 (livi-

2175 4633 2394 4690 semper
2423 4621 2477 4677 in
2506 4623 2765 4697 singulari
2813 4645 3063 4687 numero.
3108 4631 3331 4689 Necnon
3374 4644 3433 4690 et
3462 4635 3597 4691 illud
3638 4640 3780 4709 quell

2173 4709 2343 4769 infert
2374 4734 2387 4770 :
2423 4718 2543 4773 Hoc
2570 4729 2743 4774 autem
2781 4723 2901 4779 dico
2950 4735 3310 4782 testamentum
3339 4730 3705 4800 confirmatum
3750 4750 3781 4785 a

2172 4802 2306 4870 Deo,
2337 4809 2380 4861 si
2408 4810 2531 4878 quis
2558 4812 2853 4881 diligenter
2881 4815 3109 4872 Hebrzca
3134 4819 3435 4887 volumina,
3465 4831 3522 4876 et
3550 4831 3779 4880 caeteras

457 4893 667 4959 nitatis,
698 4900 756 4949 et
796 4892 1011 4947 Domini
1044 4892 1306 4946 heremus
1354 4906 1386 4945 e
1438 4890 1636 4945 servis.
1683 4890 1779 4944 Ille
1808 4890 2067 4960 pependit
2170 4897 2444 4955 editiones
2471 4918 2593 4956 cum
2623 4905 2979 4978 Septuaginta
3013 4910 3376 4982 interpretum
3406 4915 3767 4972 translatione

454 4985 510 5041 in
539 4986 707 5057 ligno,
741 4993 800 5040 ut
830 4994 1112 5053 peccatum
1159 4982 1307 5054 quod
1340 4983 1795 5037 commiseramus
1822 4982 1878 5037 in
1915 4982 2061 5052 ligno

454 5077 703 5134 scientiae
731 5077 862 5132 boni
890 5085 944 5132 et
973 5077 1127 5140 mali,
1160 5076 1308 5146 ligno
1335 5074 1551 5131 deleret
1585 5090 1881 5145 appensus.
1912 5078 2059 5131 Crux

451 5172 571 5242 ejus
599 5184 817 5226 amaras
844 5183 1014 5239 aquas
1038 5168 1201 5223 vertit
1240 5167 1293 5221 in
1320 5165 1533 5220 dulcem
1565 5178 1845 5234 saporem,
1882 5174 1939 5221 et
1970 5180 2059 5221 se-

448 5266 624 5321 curim
654 5263 954 5337 perditam,
981 5262 1033 5316 in
1060 5258 1503 5331 profundumque
1524 5258 1855 5327 demersam,
1890 5259 2054 5314 missa

446 5356 505 5413 ln
528 5356 730 5414 ﬂuenta
759 5354 1019 5411 Iordanis
1048 5352 1250 5407 levavit
1280 5350 1369 5423 (IV
1415 5349 1547 5422 Reg.
1596 5349 1701 5421 vt).
1732 5351 1811 5406 Ad
1842 5360 2054 5421 postre.

441 5464 591 5508 mum
624 5449 800 5507 lactus
826 5457 914 5503 est
943 5446 1035 5503 ille
1064 5443 1400 5513 maledictio,
1426 5444 1634 5510 factus,
1667 5443 1910 5514 inquam,
1944 5458 2049 5499 non

440 5664 561 5791 αἶ.
581 5655 764 5780 νεικέοι
812 5651 1021 5709 Victor.
1057 5690 1073 5718 ,
1126 5656 1249 5704 ante
1291 5647 1477 5721 fecisse
1520 5643 1806 5719 prudenti,
1879 5642 2054 5715 placat

564 5762 583 5791 .
612 5738 645 5781 e
707 5764 723 5783 .

564 5762 583 5793 ,
612 5738 723 5783 etc.

2169 4993 2489 5060 contulerit,
2525 4997 2768 5051 inveniet
2802 5000 2892 5054 ubi
2925 5009 3311 5060 testamentum
3360 5008 3625 5080 scriptum
3670 5020 3773 5071 est,

2169 5096 2278 5135 non
2309 5093 2668 5139 testamentum
2695 5102 2897 5146 sonare
2917 5133 2932 5157 ,
2966 5095 3062 5148 sed
3093 5108 3327 5168 pactum,
3370 5100 3513 5170 quod
3546 5098 3774 5156 Hebra‘o

2166 5175 2647 5230 sermone‘dicitur
2668 5192 2861 5233 BERITH
2884 5182 3095 5255 (nt-1:).
3122 5186 3276 5242 Unde
3296 5188 3645 5244 manifestum
3663 5200 3769 5257 est,

2166 5262 2220 5318 id
2250 5263 2446 5322 fecisse
2487 5267 2815 5337 Apostolum
2846 5275 2990 5344 quod
3024 5280 3310 5346 promisit,
3340 5296 3444 5338 nec
3469 5282 3770 5339 reconditis

2163 5354 2232 5408 ad
2262 5352 2487 5414 Galatas
2515 5374 2676 5415 usum
2706 5378 2832 5421 esse
2859 5368 3135 5439 sensibus,
3185 5371 3282 5426 sed
3329 5372 3690 5443 quotidianis,
3718 5384 3771 5429 et

2160 5444 2384 5514 vilibus,
2414 5456 2472 5505 et
2495 5465 2618 5523 quae
2648 5464 2874 5525 possent
2903 5457 3034 5533 (nisi
3064 5461 3457 5530 praemisisset,
3487 5464 3769 5518 secundum

2237 5646 2265 5684 δ
2295 5647 2554 5722 Voculas,
2580 5664 2777 5725 morte,
2807 5667 2857 5715 et
2886 5663 3108 5731 steteris,
3137 5662 3370 5722 Palatio.
3400 5680 3505 5724 ms.
3532 5666 3765 5740 ignorat.
