4056 6304
294 260 410 321 585

806 260 1452 323 COMMENTARIORUM
1490 260 1563 321 ΙΝ
1601 258 2001 320 EPISTOLAII
2039 260 2134 319 AD
2168 261 2493 324 GALATAS
2528 265 2659 326 LIB.
2706 268 2770 327 Il.
2812 269 2967 329 CAP.
3009 271 3098 330 ill.

3491 277 3602 337 560

295 381 557 435 hominem
578 379 721 452 dico)
742 381 1100 451 prudentibus
1134 380 1447 451 displicere.
1478 378 1822 450 Supputandi
1844 377 1901 434 in
1930 378 1977 438 Δ
2010 389 2123 434 erat
2153 396 2173 436 :
2202 382 2446 440 ordinata
2471 401 2563 455 per
2591 389 2804 457 angelos
2841 390 2895 443 in
2940 405 3098 444 manu
3140 391 3459 461 mediatoris,
3496 393 3611 451 Ble-

297 473 401 530 hoc
420 476 543 529 loco
566 476 696 529 anni
709 476 778 528 ab
795 491 860 530 eo
875 486 1120 544 tempore
1142 490 1251 545 quo
1266 474 1526 530 Dominus
1540 474 1606 528 ad
1618 473 1892 528 Abraham

295 568 513 624 locutus
536 577 644 636 est,
695 566 928 624 dicens:
960 565 1028 620 Et
1078 569 1131 621 in
1177 568 1371 622 semine
1416 577 1502 621 tuo
1531 565 1896 621 benedicentur

296 678 472 717 omnes
491 671 669 732 gentes
694 658 907 733 (Grues.
937 675 1072 726 xxu,
1100 660 1210 729 18),
1230 675 1411 732 usque
1426 660 1495 714 ad
1520 660 1893 730 legislatorem

299 752 525 825 Moysen
559 769 575 807 :
607 761 787 806 utrum
816 751 1197 821 quadringenti
1229 751 1449 821 triginta
1475 751 1607 817 sint,
1641 750 1725 804 vel
1754 765 1892 821 quo-

303 844 466 897 modo
506 843 561 897 in
593 842 794 898 Genesi
826 841 926 909 ipsi
961 843 1198 896 Abrahae
1243 841 1510 897 Dominus
1550 841 1896 913 polliceatur,

303 936 452 1006 quod
498 945 619 1005 post
663 933 1090 1005 quadringentos
1132 948 1307 988 annos
1333 933 1401 990 de
1429 943 1575 991 terra
1617 933 1897 990 servitutis

310 1029 406 1082 lilii
435 1028 555 1099 ejus
584 1026 777 1083 exituri
817 1028 947 1082 sint.
979 1027 1094 1081 Non
1128 1028 1274 1082 enim
1309 1043 1475 1097 parva
1507 1043 1598 1084 res
1633 1036 1741 1095 est,
1784 1035 1841 1083 et
1866 1043 1898 1083 a

308 1122 497 1175 multis
527 1120 778 1191 qua-sita,
811 1120 1001 1176 nescio
1044 1135 1113 1175 an
1157 1121 1227 1175 ab
1254 1122 1438 1191 aliquo
1481 1120 1649 1194 ιω
1689 1122 1763 1177 sit
1814 1122 1896 1176 in-

306 1223 486 1269 tenta.
517 1214 651 1268 tllud
682 1215 847 1268 etiam
877 1212 1024 1285 quod
1050 1214 1106 1268 in
1145 1216 1337 1269 eodem
1377 1213 1519 1270 libro
1547 1215 1619 1270 de
1661 1213 1901 1270 Thamar

302 1316 361 1362 et
396 1307 613 1362 duobus
674 1308 793 1378 ejus
841 1308 1091 1377 parvulis
1139 1308 1339 1378 legitur
1382 1306 1591 1382 (Cenes.
1645 1308 1898 1380 xxxvtu),

303 1401 447 1469 quod
479 1400 694 1455 scilicet
720 1399 931 1469 primus
960 1400 1050 1469 qui
1100 1399 1304 1454 dicitur
1332 1400 1491 1467 Zara,
1522 1402 1740 1457 miserit
1779 1417 1900 1456 ma-

303 1511 431 1549 num
455 1509 633 1561 suam,
659 1503 716 1549 et
735 1494 996 1548 obstetrix
1025 1492 1281 1563 ligaverit
1300 1495 1353 1548 ei
1380 1494 1690 1560 coccinum,
1723 1503 1782 1550 et
1800 1493 1901 1549 de—

305 1590 431 1642 hinc
468 1588 563 1641 illo
605 1602 827 1641 manum
877 1587 1212 1641 intrinsecus
1255 1586 1597 1653 retrahente,
1629 1595 1655 1625 ι
1682 1601 1900 1642 manum

307 1678 595 1747 posterior,
630 1678 722 1748 qui
754 1678 956 1733 Phares
988 1687 1235 1742 vocatur,
1287 1679 1614 1748 porrexerit,
1644 1679 1901 1749 praesenti

2007 472 2189 529 diutor
2217 484 2391 532 autem
2419 475 2446 516 h
2478 479 2633 534 unius
2660 496 2763 534 nou
2811 490 2908 545 est,
2959 480 3100 536 Deus
3147 493 3317 537 autem
3348 502 3481 539 unus
3510 494 3611 558 est.

1997 563 2137 631 Quia
2168 579 2424 624 manente
2466 571 2927 640 repromissione,
2967 589 3089 644 qum
3132 574 3269 629 facta
3317 576 3492 632 fuerat
3537 578 3606 634 ad

2000 660 2300 725 Abraham,
2334 662 2441 718 Lex
2471 673 2655 733 postea
2681 664 2802 720 data
2832 682 2927 735 per
2963 668 3185 739 Moysen
3220 669 3422 726 frustra
3451 671 3604 727 vide-

1998 753 2161 809 batur
2177 755 2350 820 illata,
2366 771 2465 812 cur
2474 758 2601 812 data
2628 757 2705 812 sit
2728 774 2794 814 ex
2805 758 3002 828 plicat:
3020 772 3229 832 praptcr
3243 766 3606 833 transgressio-

1999 862 2111 910 nes,
2127 847 2323 917 inquit.
2352 848 2486 904 Post
2508 847 2778 905 oﬂ'ensam
2804 852 2948 907 enim
2974 852 3026 907 in
3050 868 3235 910 eremo
3263 855 3466 925 populi,
3486 864 3609 924 post

2001 938 2287 993 adoratum
2300 939 2551 1005 vitulum,
2567 945 2950 998 etmurmurin
2967 942 3409 1011 Dominum,Lex
3428 957 3601 1002 trans-

2000 1031 2313 1099 gressioues
2336 1031 2674 1100 prohibitura
2703 1034 3153 1092 successit.Iusto
3175 1041 3363 1111 quippe
3389 1040 3473 1094 lea:
3497 1057 3601 1094 non

2000 1122 2162 1196 αι
2192 1133 2269 1179 est
2283 1125 2478 1196 posita,
2505 1125 2698 1197 iniquis
2726 1136 2896 1182 autent
2933 1138 2983 1183 et
3009 1146 3113 1183 non
3136 1133 3404 1199 subiectis,
3427 1134 3602 1201 impiis

2000 1224 2052 1269 et
2079 1217 2440 1288 peccatoribus
2476 1216 2522 1288 (1
2555 1215 2693 1272 Tim.
2737 1234 2797 1285 ll,
2830 1221 2886 1291 9)
2922 1238 2934 1275 :
2971 1230 3113 1277 etut
3139 1222 3305 1278 altius
3331 1235 3601 1294 repetam,

2003 1318 2130 1379 post
2157 1309 2545 1379 idololatriam,
2578 1312 2667 1368 cui
2694 1312 2748 1368 in
2772 1311 3012 1385 Egypto
3038 1314 3259 1372 fuerant
3286 1319 3601 1389 mancipati,

2004 1400 2078 1456 ita
2131 1412 2188 1458 ut
2244 1402 2415 1459 Deum
2469 1413 2683 1473 patrum
2734 1420 2960 1462 suorum
3010 1406 3489 1478 obliviscerentur,
3546 1420 3604 1466 et

2004 1493 2264 1564 deinceps
2287 1495 2541 1552 dicereut
2571 1514 2587 1552 :
2620 1495 2724 1552 Isti
2748 1506 2869 1552 sunt
2895 1499 2972 1553 dii
3000 1500 3098 1564 tui,
3128 1498 3320 1565 Israel,
3343 1503 3431 1571 qui
3476 1504 3605 1556 edu-

2003 1596 2193 1642 xerunt
2240 1597 2288 1643 te
2326 1589 2390 1644 de
2438 1599 2578 1645 terra
2608 1588 2854 1664 Egypti,
2903 1590 3041 1647 ritus
3089 1592 3304 1647 colendi
3356 1594 3523 1647 Deum
3550 1604 3609 1650 et

2007 1678 2437 1750 delinquentium
2466 1696 2627 1751 ptena
2658 1683 2867 1736 sancita
2900 1694 2986 1739 est
3015 1684 3067 1738 in
3092 1700 3256 1738 manu
3286 1684 3607 1740 mediatoris

307 1772 427 1828 luco
455 1772 730 1843 congruit,
764 1771 907 1842 quod
943 1771 1247 1827 ostenderit
1268 1770 1436 1828 Israel
1466 1774 1521 1826 in
1547 1771 1710 1838 Legis
1733 1786 1900 1842 opere
1934 1759 1981 1818 Β
2006 1769 2208 1827 Christi
2238 1771 2400 1835 Jcsu,
2449 1774 2584 1844 quia
2631 1779 2815 1827 omnia
2848 1790 2946 1844 per
2975 1775 3155 1845 ipsum
3188 1776 3326 1830 tacta
3361 1786 3522 1843 sunt,
3552 1786 3609 1833 ct

305 1882 525 1919 manum
556 1880 736 1930 suam,
767 1873 823 1919 et
842 1880 960 1919 eam
986 1863 1396 1934 prophetarum,
1427 1871 1485 1919 et
1509 1864 1679 1934 ipsius
1704 1863 1898 1920 Salva-

305 1958 436 2012 ιυτὶς
460 1958 723 2027 pollutam
744 1971 945 2012 cruore
958 1956 1316 2012 contraxerit.
1338 1956 1531 2011 Postea
1545 1971 1678 2011 vero
1701 1970 1898 2025 proru-

305 2051 442 2119 perit
466 2048 699 2117 populus
727 2047 1003 2113 Gentium,
1033 2059 1257 2120 propter
1277 2063 1438 2119 quem
1473 2048 1676 2104 dicitur
1701 2048 1900 2119 saepius

303 2157 426 2197 esse
451 2141 752 2206 desuucta,
781 2150 837 2196 et
866 2141 1079 2196 medius
1110 2141 1292 2210 paries
1316 2140 1408 2212 qui
1438 2142 1579 2197 inter
1597 2139 1821 2197 Iudaeos
1845 2151 1902 2196 et

303 2233 548 2290 Gentiles
587 2238 764 2288 fuerat
796 2232 1116 2303 dissipatus,
1166 2243 1224 2288 ut
1273 2235 1431 2289 fieret
1480 2248 1619 2288 unus
1668 2249 1806 2305 grex
1847 2242 1904 2290 et

305 2341 447 2381 unus
477 2335 683 2397 pastor,
707 2334 766 2382 et
793 2333 944 2383 esset
962 2327 1163 2397 gloria,
1197 2335 1253 2382 et
1282 2324 1482 2393 honor,
1525 2336 1580 2382 et
1622 2341 1726 2397 pax
1752 2326 1901 2381 omni

303 2422 556 2493 aperanti
591 2420 818 2485 bonum,
850 2419 1043 2476 Judazo
1074 2419 1311 2489 primum
1335 2428 1392 2473 et
1418 2416 1632 2475 Gratco.
1659 2418 1903 2489 Simplex

304 2525 487 2573 autem
513 2529 709 2571 sensus
738 2514 828 2585 qui
859 2514 912 2567 in
948 2512 1052 2568 hoc
1075 2512 1198 2568 loco
1228 2512 1452 2579 texitur,
1494 2512 1636 2567 hanc
1663 2511 1772 2566 vim
1802 2509 1903 2567 ha-

305 2609 417 2674 bet,
459 2617 519 2663 ut
554 2607 752 2663 doceat
790 2606 1110 2674 Apostolus,
1153 2620 1263 2661 non
1320 2619 1486 2676 posse
1530 2620 1631 2676 per
1673 2604 1903 2675 Legem,

306 2718 426 2773 quas
458 2711 646 2773 postea
670 2699 798 2755 data
821 2708 930 2765 est,
959 2699 1426 2769 repromissiones
1448 2713 1572 2769 qua:
1602 2707 1728 2754 ante
1751 2697 1908 2754 iactae

307 2803 435 2849 sunt
463 2792 529 2846 ad
565 2789 842 2848 Abraham
890 2789 1132 2856 destrui,
1174 2798 1230 2845 et
1278 2790 1588 2860 posteriora
1638 2787 1909 2858 prioribus

308 2884 692 2957 praeiudicare,
724 2898 849 2938 cum
885 2881 1347 2952 repromissiones
1375 2881 1442 2937 ad
1476 2881 1754 2937 Abraham
1782 2888 1910 2936 ante

307 2979 741 3050 quadringentos
768 2976 994 3048 triginta
1023 2990 1197 3031 annos
1221 2975 1367 3030 data:
1395 2975 1529 3041 sint,
1563 2972 1712 3045 quod
1744 2972 1911 3029 bene-

307 3071 623 3128 dicerentur
666 3070 720 3125 in
760 3070 855 3124 illo
897 3069 1172 3124 universae
1222 3067 1492 3123 nationes.
1524 3064 1686 3136 Legis
1728 3072 1908 3121 autem

310 3167 650 3232 observatio,
678 3164 821 3236 quod
844 3166 933 3234 qui
962 3164 1180 3220 fecisset
1198 3178 1341 3230 eam,
1364 3162 1576 3218 viveret
1593 3160 1650 3217 in
1673 3174 1761 3227 ea,
1784 3166 1908 3232 post
1934 3147 1982 3214 C

311 3259 745 3331 quadringentos
768 3257 983 3326 triginta
1004 3272 1182 3311 annos
1208 3255 1379 3328 Moysi
1404 3255 1528 3311 data
1552 3254 1625 3310 sit
1647 3254 1701 3309 in
1723 3263 1908 3309 monte

314 3353 467 3410 Sina.
518 3350 841 3408 Econtrario
890 3351 979 3404 hic
1017 3349 1124 3404 dici
1153 3360 1365 3418 paterat
1409 3366 1423 3403 :
1466 3346 1607 3415 Quid
1640 3360 1772 3416 ergo
1812 3360 1909 3401 nec

316 3464 466 3505 resse
497 3448 601 3502 luit
630 3447 828 3517 Legem
862 3453 988 3515 post
1038 3450 1246 3498 tantum
1288 3451 1502 3513 tempus
1530 3439 1914 3512 repromissio-

319 3543 405 3596 nis
429 3539 575 3604 dari,
601 3554 723 3594 cum
749 3547 807 3593 et
835 3536 1134 3606 datalege,
1165 3534 1407 3604 suspicio
1437 3532 1731 3590 destructas
1752 3549 1915 3605 spon-

321 3634 492 3691 sionis
522 3632 760 3704 poluerit
806 3629 915 3703 [Αι.
959 3625 1254 3701 putaverit]
1299 3626 1534 3694 oboriri,
1575 3635 1636 3683 et
1661 3638 1913 3684 manente

325 3726 747 3799 repromissione
791 3739 898 3779 non
945 3720 1230 3794 profutura
1276 3718 1388 3775 Lex
1432 3718 1560 3776 data
1600 3719 1707 3775 sit?
1743 3720 1912 3787 Quam

324 3819 636 3892 praevidens
675 3815 974 3887 Apostolus
1015 3814 1374 3886 quastionem
1400 3852 1417 3880 ,
1464 3812 1521 3869 in
1563 3811 1919 3884 sequentibus

325 3911 441 3983 ipse
464 3910 569 3965 sibi
600 3908 856 3981 pr0ponit
877 3918 931 3962 et
952 3907 1208 3977 explicat.
1240 3903 1469 3961 dicens:

399 4004 584 4077 (Vers.
618 4001 708 4068 i9,
739 4001 857 4070 20.)
886 3999 1025 4067 Quid
1050 3998 1211 4070 igitur
1233 3998 1259 4050 .9
1283 3996 1391 4052 Leo;
1408 4005 1617 4069 prapter
1638 4006 1923 4071 transgres-

323 4099 495 4157 siones
543 4097 712 4170 posita
737 4102 815 4150 est
841 4094 1004 4148 donec
1042 4092 1236 4148 ueniret
1280 4107 1450 4157 semen
1487 4091 1571 4146 cui
1611 4093 1924 4162 promissum

2006 1866 2128 1919 sine
2159 1864 2281 1935 ipso
2303 1865 2502 1921 factum
2523 1865 2762 1921 estnin
2795 1884 2808 1920 :
2839 1882 2945 1921 non
2971 1868 3153 1922 solum
3184 1869 3405 1934 coelum,
3436 1878 3604 1936 terra,

2006 1971 2157 2014 mare
2184 1965 2242 2013 et
2267 1958 2524 2013 universa
2549 1973 2676 2030 quas
2701 1959 2977 2015 cernimus
2997 2000 3011 2025 ,
3046 1960 3142 2014 sed
3169 1960 3332 2015 etiam
3369 1962 3457 2015 illa
3484 1977 3605 2031 qurc

2009 2066 2105 2120 per
2134 2049 2354 2122 Moysen
2381 2050 2522 2106 duro
2550 2051 2750 2122 populo
2776 2051 2933 2121 quasi
2953 2051 3138 2123 iugum
3163 2053 3321 2124 Legis
3354 2055 3605 2124 imposita

2006 2152 2136 2199 sunt
2161 2142 2348 2215 (Iaan.
2379 2146 2444 2215 ι).
2478 2142 2753 2200 Scribitur
2790 2153 2847 2199 et
2896 2145 2964 2199 ad
3014 2144 3360 2201 Timotheum
3410 2165 3424 2201 :
3462 2146 3607 2201 Unus

2007 2235 2145 2289 enim
2170 2233 2336 2302 Deus,
2384 2252 2519 2289 unus
2559 2245 2611 2291 et
2639 2236 2895 2290 mediator
2923 2235 3021 2290 Dei
3050 2246 3096 2290 et
3139 2237 3424 2304 hominum,
3451 2238 3607 2293 homo

2009 2328 2244 2383 Christus
2262 2326 2419 2382 Iesus
2444 2327 2487 2399 (I
2510 2326 2647 2382 Tim.
2676 2343 2738 2387 ll.
2769 2326 2850 2399 5).
2881 2327 3176 2399 Postquam
3209 2340 3231 2369 ε
3263 2331 3334 2384 ob
3364 2339 3607 2386 nostram

2008 2421 2239 2477 salutem
2268 2420 2336 2476 de
2372 2419 2614 2491 Virginis
2660 2429 2822 2476 utero
2860 2422 3116 2492 dignatus
3160 2433 3246 2477 est
3294 2426 3445 2477 nasci
3494 2441 3613 2478 me-

2010 2514 2189 2569 diator
2233 2513 2331 2570 Dei
2377 2521 2434 2569 et
2477 2513 2760 2568 hominum
2812 2514 2976 2569 homo
3024 2513 3281 2571 Christus
3308 2515 3491 2583 Iesus,
3520 2532 3609 2574 se-

2010 2616 2235 2678 quester
2257 2616 2343 2662 est
2370 2606 2572 2663 dictus.
2623 2607 2931 2678 Antequam
2978 2624 3109 2664 vero
3155 2612 3452 2667 humanum
3484 2628 3611 2669 cor-

2012 2715 2114 2772 pus
2137 2709 2481 2765 assumeret,
2512 2708 2568 2754 et
2593 2708 2741 2755 esset
2773 2700 2917 2772 apud
2966 2701 3183 2757 Patrem
3234 2703 3287 2758 in
3337 2704 3611 2774 principio

2014 2793 2159 2849 Deus
2182 2791 2417 2848 Verbum
2436 2832 2453 2857 ,
2482 2791 2554 2847 ad
2584 2806 2774 2847 omnes
2800 2803 3020 2850 sanctos
3044 2794 3112 2848 ad
3145 2811 3282 2861 quos
3310 2796 3485 2853 factus
3522 2808 3611 2854 est

2013 2900 2199 2943 sermo
2238 2883 2364 2948 Dei,
2399 2883 2590 2939 Enoch
2616 2884 2900 2954 videlicet,
2934 2885 3071 2954 Noe,
3105 2887 3407 2956 Abraham,
3434 2891 3609 2956 Isaac.

2014 2990 2069 3036 et
2095 2977 2299 3043 Iacob,
2331 2985 2383 3031 et
2414 2985 2603 3046 postea
2636 2976 2859 3048 Moysen
2900 2988 2957 3033 et
2999 2988 3229 3035 cunctos
3280 2981 3608 3051 Pr0phetas,

2014 3084 2155 3142 quos
2182 3068 2463 3138 Scriptura
2491 3078 2886 3124 commemorat
2910 3110 2927 3136 ,
2956 3071 3077 3125 sine
3106 3072 3478 3130 additamenta
3508 3076 3611 3131 bo-

2014 3162 2173 3218 miuis
2197 3206 2212 3230 ,
2244 3175 2404 3231 quem
2445 3159 2677 3215 necdum
2723 3171 3099 3229 assumpserat
3123 3203 3139 3229 ,
3189 3165 3459 3221 mediator
3493 3177 3615 3221 tau.

2015 3257 2296 3314 tummodo
2324 3264 2691 3327 nuncupatur.
2731 3254 2887 3322 Quod
2931 3265 3111 3311 autem
3156 3258 3279 3312 ait:
3327 3258 3438 3313 Lex
3466 3261 3614 3315 ordr~

2014 3362 2141 3406 nata
2187 3363 2278 3420 per
2303 3350 2514 3418 angelos
2540 3388 2556 3413 ,
2590 3347 2694 3402 hoc
2725 3348 2843 3401 vult
2873 3346 3147 3419 intelligi,
3176 3350 3319 3419 quod
3354 3352 3407 3405 in
3453 3355 3607 3408 omni

2017 3442 2191 3498 veteri
2212 3439 2588 3505 Testamento,
2619 3437 2713 3493 ubi
2742 3438 2970 3508 angelus
3001 3438 3235 3508 primum
3270 3441 3415 3497 visus
3438 3444 3611 3500 refer-

2020 3543 2131 3599 tur,
2170 3541 2228 3590 et
2269 3540 2460 3602 postea
2506 3530 2662 3598 quasi
2702 3528 2852 3585 Deus
2895 3531 3125 3601 loquens
3157 3532 3430 3590 inducitur
3461 3555 3473 3591 :
3504 3541 3617 3593 An-

2019 3627 2174 3698 gelus
2201 3624 2423 3696 quidem
2452 3636 2587 3678 vere
2614 3636 2680 3679 ex
2714 3621 2979 3677 ministris
3000 3623 3247 3693 pluribus
3285 3628 3615 3698 quicumque

2022 3720 2092 3775 sit
2117 3718 2298 3785 visus,
2325 3715 2426 3771 sed
2471 3715 2527 3770 in
2568 3714 2664 3769 illo
2688 3710 2717 3750 ἀ
2742 3714 3012 3770 mediator
3038 3715 3291 3785 loquatur
3312 3718 3405 3789 qui
3429 3720 3571 3776 dicat
3598 3739 3614 3777 ε

2026 3808 2141 3883 Ego
2169 3824 2288 3864 sum
2310 3805 2452 3862 Deus
2478 3804 2764 3873 Abraham,
2806 3805 2949 3861 Deus
2997 3804 3176 3876 Isaae,
3207 3818 3254 3863 et
3281 3808 3425 3867 Deus
3452 3811 3617 3869 Iacob

2026 3904 2228 3979 (Exod.
2261 3918 2348 3969 tu,
2373 3899 2454 3971 6).
2495 3898 2608 3956 Nec
2634 3899 2831 3955 mirum
2876 3899 2922 3954 si
2971 3898 3116 3955 Deus
3155 3901 3411 3972 loquatur
3439 3906 3490 3960 in
3521 3924 3620 3961 an-

2026 4001 2198 4073 gelis,
2251 4011 2374 4053 cum
2431 3994 2600 4049 etiam
2656 4006 2758 4062 per
2814 3992 3038 4062 angelos
3065 3994 3157 4063 qui
3208 3995 3260 4049 in
3303 3996 3619 4054 hominibus

2031 4102 2181 4161 sunt,
2212 4089 2466 4161 loquatur
2521 4085 2664 4141 Deus
2721 4083 2774 4138 in
2829 4081 2993 4156 442
3045 4086 3350 4156 prophetis,
3406 4091 3623 4149 dicente

402 4266 428 4294 ι
460 4256 559 4312 llic
608 4266 826 4325 quoque
847 4265 1059 4327 _vocem
1084 4264 1273 4327 ,dqum
1326 4250 1596 4327 repetitur
1620 4292 1636 4318 ,
1687 4270 1933 4323 manum,
1966 4264 2011 4324 υ
2040 4254 2340 4327 hominum;
2378 4246 2606 4327 undenet
2650 4244 2774 4327 data
2807 4242 2915 4300 Lex
2965 4261 3074 4327 p_e_r_
3110 4250 3344 4320 angelos,
3378 4252 3431 4307 in
3461 4256 3624 4327 ipsius

335 4327 475 4384 idem
503 4320 813 4380 msftac‘et.
847 4321 903 4376 In
932 4322 1145 4397 periodi
1197 4322 1304 4374 line
1348 4320 1619 4397 Victorius
1659 4320 1934 4397 rescribit,

330 4398 666 4461 subtraxeris,
706 4391 1185 4465 pro_contraxeris,
1214 4406 1281 4445 ex
1306 4407 1375 4446 eo
1402 4395 1545 4465 quod
1583 4397 1837 4465 superius
1852 4391 1936 4452 di;

336 4480 488 4526 serat
536 4468 597 4525 S.
646 4462 756 4522 P.’:
801 4462 1122 4518 Dehineillo
1153 4478 1364 4516 manum
1409 4462 1720 4522 intrinsecus
1763 4471 1939 4523 detra-

331 4541 501 4595 hettte.

406 4610 434 4649 ι’
458 4607 810 4665 Correximus
833 4615 960 4676 post
981 4603 1311 4668 Victorium,
1342 4604 1501 4659 unius
1531 4620 1631 4675 pro
1656 4623 1815 4675 unus,
1842 4625 1937 4666 ne-

338 4683 463 4735 dum
490 4697 558 4734 ex
584 4680 827 4747 Vulgata,
853 4677 995 4748 quod
1022 4676 1096 4729 illi
1122 4677 1259 4729 satis
1280 4684 1384 4741 est,
1410 4676 1650 4748 editione
1670 4690 1723 4732 et
1744 4680 1938 4736 Grtrco

339 4754 458 4821 ipso
486 4752 695 4811 codice,
754 4747 1145 4821 setl’ex_mss.
1198 4760 1414 4817 quoque
1467 4747 1928 4821 llieronymianis,

338 4817 447 4880 uno
471 4821 740 4882 Palatino,
770 4820 945 4874 altero
966 4817 1339 4873 Cistercieusi.

412 4905 436 4934 ο
480 4894 607 4948 llzec
627 4907 692 4946 ex
724 4890 955 4961 Origene
987 4904 1124 4965 pene
1153 4889 1219 4942 ad
1250 4887 1475 4965 verbum
1504 4887 1816 4965 descripsit.
1847 4892 1935 4948 lu-

339 4966 514 5037 signis
543 4965 695 5037 locus
724 4956 971 5037 servatur
1000 4956 1052 5013 in
1086 4961 1348 5037 Apofogia
1379 4956 1706 5034 Painphyli,
1740 4980 1931 5037 qu_em,

335 5031 551 5093 ut'cum
585 5035 1019 5101 Hieronymiano
1066 5031 1344 5097 conferas,
1375 5031 1713 5101 apponeinus
1743 5031 1771 5090 τ’
1792 5033 1934 5089 Data

340 5116 412 5163 est
437 5118 613 5162 autem
654 5102 760 5158 Lex
810 5102 980 5174 Moysi
1009 5116 1102 5171 per
1147 5101 1361 5173 angelos
1390 5102 1445 5155 in
1477 5121 1691 5158 manum
1740 5107 1937 5159 media-

341 5181 466 5234 toris
497 5176 725 5238 Christi,
749 5182 800 5229 et
824 5179 1047 5249 uirtute;
1086 5174 1173 5242 qui
1218 5188 1337 5227 cum
1372 5185 1522 5249 ⁸εεσει
1570 5177 1626 5229 in
1670 5178 1936 5249 principio

348 5249 609 5313 Verbum,
637 5256 687 5301 et
732 5246 875 5317 apud
908 5243 1075 5317 Deum
1099 5253 1250 5307 esset,
1273 5251 1324 5317 et
1360 5242 1498 5317 Deus
1519 5256 1652 5302 esset
1674 5242 1937 5314 "Verbum,

344 5318 499 5375 Patri
534 5322 591 5373 in
620 5313 863 5372 omnibus
891 5316 1224 5389 ministravit.
1259 5313 1451 5368 Omnia
1483 5332 1575 5385 per
1598 5319 1771 5389 ipsum
1799 5319 1943 5388 facta

344 5402 502 5456 sunt,
549 5389 606 5443 id
654 5398 765 5451 est,
796 5402 901 5441 non
952 5385 1123 5441 solum
1169 5394 1457 5452 creaturtz,
1509 5385 1694 5444 sed'et
1746 5385 1852 5444 Lex
1901 5398 1947 5444 et

349 5461 659 5535 Prophgtm;
684 5470 733 5515 et
756 5460 968 5535 ipsemet
994 5467 1072 5535 est
1116 5458 1373 5535 mediator
1398 5458 1544 5535 μοί,
1574 5468 1627 5535 et
1657 5462 1947 5535 hominum.

352 5528 504 5599 Quod
535 5530 764 5586 Verbum
787 5531 997 5598 quidem
1025 5530 1082 5583 in
1119 5529 1223 5597 ﬁne
1252 5528 1565 5584 seculorum
1603 5532 1759 5585 homo
1781 5530 1952 5599 factus

353 5613 429 5659 est
451 5600 609 5659 Iesus
630 5601 891 5666 Christus,
916 5600 1008 5654 sed
1033 5610 1150 5654 ante
1179 5601 1317 5653 [tunc
1349 5599 1687 5670 manifestum
1712 5603 1767 5656 in
1799 5617 1954 5655 carne

355 5674 626 5735 adventura
674 5673 930 5728 mediator
957 5672 1163 5740 quidem
1211 5679 1322 5726 erat
1355 5672 1627 5727 hominum
1657 5715 1672 5738 ,
1704 5672 1793 5728 sed
1824 5688 1956 5726 non-

360 5744 479 5805 dum
516 5754 628 5806 erat
654 5743 836 5800 homo.
880 5742 1011 5798 Erat
1040 5752 1215 5800 tamen
1241 5751 1290 5801 et
1336 5749 1459 5800 tunc
1490 5743 1756 5804 mediator
1782 5743 1882 5802 Dei
1909 5751 1957 5801 et

2040 4321 2343 4381 mediatoris
2380 4316 2616 4371 manibus
2667 4316 2792 4369 data
2823 4333 2930 4371 esse
2968 4316 3198 4389 dicitur;
3240 4332 3295 4375 ut
3329 4316 3490 4379 esset'
3516 4328 3629 4381 ιω

2044 4406 2259 4456 sancta,
2295 4401 2341 4446 et
2371 4389 2974 4464 mattdatum_sanctttm,
3009 4399 3056 4443 et
3084 4392 3291 4464 justum
3318 4406 3365 4447 et
3398 4397 3623 4464 bonum,

2040 4480 2089 4522 et
2140 4464 2316 4519 omnia
2367 4461 2475 4515 htec
2526 4458 2977 4526 sunctiﬁcarentur
3025 4458 3339 4520 a'Christo.
3394 4467 3526 4521 Tant
3557 4458 3627 4524 .ui

2043 4538 2408 4605 Hieronymus
2441 4531 2677 4605 priorem
2707 4530 3125 4605 mediatiouem,
3159 4536 3303 4603 quod
3332 4539 3444 4593 sine
3468 4542 3627 4593 addi-

2041 4601 2271 4664 tamenta
2322 4601 3284 4680 hominis,.nuncupegtr_(quaitdo
3333 4621 3627 4680 antequam

2043 4681 2347 4735 humanum
2378 4684 2578 4745 corpus
2604 4670 2856 4745 indueret
2885 4670 3161 4738 Christus,
3207 4670 3530 4745 patriarchis
3575 4691 3634 4736 et

2040 4745 2329 4822 praphetis
2377 4742 2475 4822 Dei
2516 4741 2755 4822 parentis
2784 4745 3038 4822 mandata
3072 4741 3271 4822 detulit
3299 4790 3312 4813 ,
3339 4757 3633 4822 principu.

2042 4813 2224 4876 autent
2258 4815 2429 4885 Moysi
2449 4813 2669 4891 legent),
2700 4814 3018 4880 expressius
3039 4816 3108 4869 ab
3133 4813 3628 4891 alteradistinguit,

2041 4900 2328 4963 postquam
2360 4899 2458 4956 per
2488 4887 2772 4963 utri-usque
2793 4891 3002 4963 natura:
3024 4887 3635 4963 conjunctionem,'enm

2042 4951 2336 5029 utrumque
2360 4951 2550 5021 esset,
2582 4951 2723 5007 Deus
2754 4964 2811 5007 et
2842 4952 3031 5019 homo,
3062 4951 3340 5012 lidiuiuetu
3368 4951 3492 5015 cum
3522 4963 3637 5018 Deo

2041 5030 2377 5089 conciliavit.

2114 5100 2142 5140 ά
2184 5100 2336 5157 Unus
2370 5094 2603 5152 Palatiu.
2650 5094 2819 5149 verba
2866 5094 3091 5162 isthtec,
3131 5113 3247 5152 vere
3289 5117 3351 5155 ea;
3391 5104 3639 5160 ministris

2047 5172 2673 5246 pturibusquicumque',
2705 5168 3100 5246 praetermittit.
3139 5171 3410 5246 (Steterunt
3455 5175 3647 5246 vulga-

2049 5236 2264 5302 iissima
2293 5236 2409 5296 hinc
2436 5236 2578 5307 apud
2610 5236 2835 5292 Veteres
2863 5241 3137 5293 sententia
3168 5255 3308 5307 erat,
3345 5236 3642 5301 Filiumvab

2053 5313 2295 5374 exordiis
2321 5308 2510 5386 mundi
2537 5311 2639 5386 sub
2664 5309 2840 5377 angeli
2867 5309 3053 5386 specie
3083 5310 3399 5369 hominibus
3425 5332 3487 5370 se
3519 5333 3649 5386 spe-

2054 5386 2313 5444 ctabilem
2362 5378 2687 5457 praebuisse,
2736 5379 2977 5457 quodet
3009 5387 3259 5449 superius
3290 5387 3357 5440 ad
3398 5378 3651 5457 Orige'uis

2058 5456 2326 5516 Homilias
2356 5450 2706 5507 observatum
2760 5462 2864 5505 est.
2900 5450 2997 5505 Hic
3046 5468 3212 5507 unum
3268 5467 3357 5511 aut
3408 5450 3647 5515 altérnm

2064 5530 2438 5600 fideiussorem
2467 5519 2816 5600 ex_Antiquis
2853 5522 3170 5600 adjungam.
3224 5525 3281 5582 S.
3314 5527 3647 5585 Athanasius

2057 5590 2212 5658 Orai.
2257 5597 2292 5651 4
2322 5602 2515 5667 contra
2538 5590 2769 5645 Arianos
2802 5609 2815 5643 :
2851 5591 3143 5667 ls__quidem
3195 5602 3283 5667 qui
3330 5600 3646 5655 sentiebatur

2059 5673 2251 5738 oculis,
2296 5664 2536 5742 Angelus
2561 5670 2732 5742 erat;-
2771 5663 2862 5716 sed
2889 5662 3126 5742 Deus__in
3164 5662 3368 5742 Angela
3396 5672 3642 5742 loqueba:

2061 5754 2165 5802 tur.
2196 5733 2267 5801 Et
2289 5739 2350 5800 S.
2388 5733 2645 5795 Hilarius
2675 5733 2771 5791 lib.
2816 5748 2897 5791 xtt
2924 5735 2996 5793 de
3023 5733 3294 5799 Trinitat'e
3324 5759 3337 5798 :
3380 5733 3531 5800 Ceite
3553 5740 3647 5819 qui
