4056 6308
462 247 569 307 367

1708 230 1767 295 S.
1808 229 2083 293 EUSEBII
2100 226 2499 293 -ΗΙΕΒΟΝΫΜῙ

3646 232 3749 294 568

458 375 487 403 ιι
515 363 781 419 Zacharia
817 404 827 415 .
883 359 953 414 Et
999 360 1071 412 ait
1123 356 1342 427 angelus
1390 353 1479 423 qui
1520 350 1828 423 loquebatur
1876 350 1930 404 in
1977 361 2059 402 me
2082 347 2138 408 Δ
2162 356 2355 406 centes
2380 348 2671 405 sententiae
2700 362 2815 405 sure
2844 347 3175 405 anetoritato
3200 346 3545 420 pronuntiat,
3571 356 3632 404 ut
3658 347 3752 405 de-

466 460 657 535 (Zach.
694 476 756 524 ιι,
785 458 880 527 5);
911 470 976 510 ac
1000 455 1258 522 deinceps
1290 450 1563 505 inferente
1595 464 1609 503 :
1645 446 1771 502 Haec
1788 445 1915 500 dicit
1938 442 2053 499 Do-

466 555 643 608 minus
673 550 1013 619 omnipotens.
1042 545 1228 615 Neque
1255 543 1401 599 enim
1428 541 1654 613 angelus
1679 539 1771 611 qui
1795 553 1918 594 esse
1946 537 2055 593 dic-

468 657 555 701 tus
588 644 763 698 fuerat
798 640 849 695 in
893 639 1154 710 proliheta
1174 678 1189 702 ,
1221 651 1287 691 ex
1318 650 1414 690 sua
1458 647 1688 705 persona
1721 631 1953 687 audebat
1980 631 2059 686 lo~

470 739 558 808 qui
592 755 603 789 :
638 736 764 790 licet:
793 733 916 787 dicit
938 730 1198 786 Dominus
1225 728 1572 801 omnipotens.
1603 726 1820 782 Manum
1849 724 2058 779 media-

464 843 538 884 IOt
556 830 622 896 is,
656 830 957 899 potentiam
982 833 1040 881 et
1067 826 1326 879 virtutem
1349 822 1467 893 ejus
1494 820 1759 876 debemus
1786 819 2052 889 accipere.

466 923 569 989 Qui
614 937 737 976 cum
782 918 1080 974 secundum
1112 916 1285 971 Deum
1315 956 1329 982 ,
1362 928 1525 969 unum
1556 913 1628 968 sit
1658 912 1777 980 ipse
1804 925 1928 967 cum
1960 909 2061 965 Pa-

466 1024 568 1078 tre,
603 1011 905 1067 secundnm
956 1006 1284 1065 mediatoris
1315 1005 1557 1060 ofﬁcium
1600 1004 1743 1058 alius
1768 1002 1837 1058 ab
1864 1017 1932 1058 eo
1978 1002 2062 1057 in-

467 1106 750 1175 telligitur.
796 1103 936 1171 Quia
968 1117 1100 1157 vero
1129 1099 1384 1157 lectionis
1412 1099 1548 1154 ordo
1575 1097 1837 1159 contusus
1861 1104 1974 1158 est.
2007 1104 2065 1152 et

466 1199 771 1270 hyperbato
804 1195 1176 1267 perturbatur,
1221 1194 1300 1249 sic
1348 1194 1509 1248 nobis
1552 1190 1867 1248 reddendus
1911 1188 2064 1245 vide-

467 1303 555 1345 tur
584 1310 596 1346 :
629 1292 739 1347 Lex
768 1291 943 1362 posita
974 1299 1061 1346 est
1090 1304 1185 1359 per
1205 1289 1430 1358 angelos
1458 1288 1510 1341 in
1536 1301 1696 1341 manu
1724 1283 2060 1355 mediatoris,

465 1392 693 1452 pmpter
723 1382 1194 1451 transgressiones
1216 1380 1460 1435 ordinata
1492 1393 1588 1448 per
1615 1379 1861 1447 angelos,
1891 1375 2065 1430 donec

469 1477 682 1532 veniret
712 1489 898 1529 semen
936 1474 1022 1527 cui
1054 1472 1448 1542 repromissum
1477 1479 1616 1527 erat.
1651 1470 1851 1527 Semen
1879 1477 2062 1525 autem

472 1566 613 1620 haud
644 1565 866 1620 dubium
900 1565 1032 1635 quin
1060 1562 1342 1619 Christum
1374 1562 1669 1634 signiﬁcet,
1710 1561 1801 1632 qui
1832 1577 1899 1618 ex
1933 1561 2066 1616 blat-

472 1658 598 1712 thzei
649 1672 870 1728 quoque
927 1656 1203 1727 principio
1275 1655 1662 1725 comprobatur
1725 1668 1853 1710 esse
1918 1653 2063 1709 ﬁlius

2159 440 2306 498 bitos
2328 456 2505 511 ptume
2534 440 2872 514 indulgentia
2899 450 3085 514 postea
3115 441 3162 498 si
3187 440 3445 510 Voluerit,
3478 439 3749 513 principa-

2160 532 2229 590 lis
2253 533 2520 590 absolvat.

2232 624 2416 698 (Vers.
2445 624 2518 681 ει
2543 624 2730 697 seqq.)
2762 624 2952 699 Itaque
2978 624 3090 682 Leo:
3107 623 3428 698 predugogus
3453 632 3627 678 noster
3657 622 3753 694 fuit

2159 721 2215 775 in
2265 719 2476 775 Christo
2497 761 2513 788 ,
2547 731 2571 760 ο
2617 730 2672 775 ut
2721 737 2787 777 ea:
2833 721 3384 795 ﬁdejustiﬁcaremur.
3416 718 3484 789 At
3513 719 3596 773 ubi
3624 718 3754 773 venit

2161 813 2315 883 fides,
2339 816 2455 881 jam
2476 829 2580 868 non
2605 814 2700 869 sub
2723 815 3007 887 paedagogo
3051 832 3247 871 sumus.
3285 815 3477 870 Omnes
3502 814 3638 869 enim
3661 814 3757 883 ﬁlii

2160 902 2263 960 Dei
2288 906 2407 960 estis
2436 922 2532 970 per
2562 907 2737 976 ﬁdem,
2768 924 2885 979 qua:
2909 918 2984 963 est
3007 909 3060 963 in
3081 907 3289 964 Christo
3309 906 3462 963 Iesu.
3497 906 3757 976 Paedago-

2162 1013 2264 1070 gus
2319 1000 2558 1068 parvulis
2611 1000 2942 1073 assignatur,
3001 1012 3057 1057 ut
3111 985 3403 1058 lasciviens
3455 1002 3758 1058 refrenetur

2164 1100 2322 1159 astas,
2348 1099 2405 1147 et
2432 1106 2602 1163 prona
2634 1093 2687 1148 in
2718 1093 2849 1149 vitia
2874 1094 3041 1150 corda
3075 1104 3384 1161 teneantur,
3418 1094 3545 1150 dum
3572 1105 3752 1150 tenera

2163 1183 2361 1240 studiis
2389 1186 2638 1241 eruditur
2666 1184 2920 1254 infantia,
2947 1196 3002 1241 et
3026 1186 3093 1241 ad
3136 1187 3375 1258 majores
3401 1186 3756 1258 pltilostvphite

2164 1291 2231 1334 ac
2290 1278 2541 1349 regendas
2596 1279 2915 1351 reipublicte
2969 1278 3326 1350 disciplinas,
3391 1290 3537 1336 metu
3589 1295 3761 1352 ptente

2166 1372 2401 1427 coercita
2432 1380 2794 1443 praeparatur.
2829 1372 2945 1429 Non
2978 1380 3163 1428 tamen
3204 1372 3534 1443 pedagogos
3567 1372 3761 1441 magis-

2170 1474 2255 1520 ter
2280 1473 2335 1520 et
2364 1474 2521 1536 pater
2550 1476 2658 1535 est,
2678 1481 2797 1523 nec
2821 1464 3197 1522 hmreditatem
3237 1475 3294 1521 et
3337 1465 3628 1521 scientiam
3661 1480 3764 1535 pa:-

2168 1557 2364 1628 dagogi
2407 1558 2455 1614 is
2484 1559 2575 1629 qui
2616 1558 2894 1627 eruditur,
2920 1570 3234 1631 exspectat;
3266 1558 3366 1616 sed
3407 1559 3644 1615 alienum
3673 1574 3765 1615 cu-

2167 1651 2333 1707 stodit
2366 1651 2535 1707 ﬁlium
2568 1652 2922 1724 paedagogus,
2953 1652 3024 1708 ab
3051 1667 3118 1709 eo
3143 1660 3432 1724 postquam
3464 1651 3560 1708 ille
3589 1651 3654 1707 ad
3683 1649 3757 1709 le-

475 1724 793 1816 Abraham,
849 1724 1127 1818 Scriptura
1177 1724 1494 1804 referente:
1538 1746 1692 1802 Liber
1717 1748 2064 1819 generationis
2092 1724 2419 1815 Bgitimum
2464 1744 2748 1815 capiendus
2797 1745 3139 1802 ha>reditatis
3189 1755 3403 1816 tempus
3443 1745 3765 1811 advenerit,

467 1841 597 1897 Iesu
628 1841 820 1896 Christi
844 1841 944 1904 ﬁlii
967 1839 1158 1905 David,
1184 1839 1285 1908 lilii
1311 1838 1593 1894 Abraham.

540 1932 724 2001 (Vers.
757 1932 819 1985 21
854 1927 1038 2000 seqq.)
1088 1929 1197 1984 Leu:
1222 1946 1344 2002 ergo
1375 1928 1623 1984 adversus
1651 1929 1909 1999 promissa
1931 1929 2067 1984 Dei?

472 2022 634 2076 Absit.
674 2021 737 2075 Si
768 2022 902 2074 enim
931 2022 1056 2074 data
1085 2029 1220 2074 esset
1252 2019 1362 2074 Lex
1389 2036 1504 2090 qua!
1551 2030 1723 2092 posset
1772 2021 2061 2091 viviﬁcare,

464 2129 575 2166 cere
623 2128 685 2165 ea:
710 2110 845 2182 Lege
890 2121 1025 2167 esset
1060 2111 1295 2181 justitia.
1345 2109 1454 2165 Sed
1482 2112 1739 2165 conclusit
1788 2111 2066 2182 Scriptura

466 2203 641 2255 omnia
680 2200 773 2254 sub
796 2206 1007 2271 peacato
1029 2242 1045 2268 ,
1072 2209 1129 2254 ut
1163 2200 1441 2273 promissio
1471 2216 1537 2255 ea:
1580 2200 1685 2269 [ide
1718 2198 1846 2255 Iesu
1873 2200 2069 2256 Christi

469 2297 681 2349 daretur
706 2294 1052 2349 credentibus.
1103 2293 1267 2350 Prius
1297 2302 1472 2349 autem
1495 2310 1650 2365 quam
1694 2296 1885 2350 ueniret
1910 2295 2063 2365 ﬁdes,

466 2386 560 2441 sub
590 2386 701 2456 lege
727 2386 1175 2453 custodiebamur,
1216 2385 1455 2440 conclusi
1503 2385 1557 2439 in
1610 2402 1725 2440 eam
1764 2386 1922 2456 ﬁdem
1948 2402 2067 2458 qua:

462 2480 744 2534 revelanda
770 2490 903 2534 erat.
938 2479 1092 2536 Sicut
1118 2480 1389 2536 mediator
1433 2479 1528 2535 Dei
1554 2488 1610 2535 et
1639 2478 1943 2550 hominum,
1976 2480 2064 2536 in-

469 2585 550 2630 ter
580 2575 799 2630 dantem
826 2583 885 2629 et
912 2573 1274 2643 accipientem
1306 2572 1508 2644 Legem
1557 2572 1772 2630 medius
1814 2574 1915 2630 fuit
1941 2591 1955 2628 :
1985 2575 2062 2630 ita

464 2669 577 2723 Lex
604 2667 745 2737 ipsa,
778 2681 898 2737 qua:
928 2676 1053 2737 post
1081 2667 1567 2738 repromissionem
1614 2668 1741 2724 data
1771 2677 1886 2740 est,
1921 2668 2065 2726 inter

463 2762 954 2832 repromissionem
985 2770 1041 2816 et
1065 2760 1491 2830 completiOnem
1519 2761 1639 2830 eius
1668 2762 1846 2818 media
1878 2763 2065 2819 subre-

463 2856 595 2925 psit.
627 2854 756 2921 Quae
785 2869 890 2908 non
921 2852 1127 2908 idcirco
1156 2852 1473 2908 arbitranda
1513 2863 1600 2908 est
1643 2851 2059 2924 promissionem

465 2945 756 3001 excludere
782 2986 796 3011 ,
826 2946 948 3015 quia
980 2951 1171 3013 postea
1216 2943 1508 2999 subsecuta
1539 2958 1658 2999 eam
1684 2985 1701 3012 ,
1754 2960 1875 3015 qua:
1912 2944 2062 3015 prius

466 3040 597 3106 fuit,
625 3039 839 3095 videtur
871 3038 1127 3106 abolere;
1181 3038 1279 3093 sed
1331 3054 1396 3094 ex
1446 3053 1513 3094 eo
1557 3037 1702 3108 quod
1746 3054 1854 3093 non
1886 3038 2062 3109 potuit

466 3130 770 3199 viviﬁcare,
800 3146 904 3186 nec
942 3129 996 3185 id
1040 3130 1283 3186 tribuere
1311 3129 1458 3201 quod
1503 3131 1862 3200 repromissio
1890 3130 2063 3201 prima

467 3225 709 3296 pollicita
756 3234 879 3291 est,
937 3225 1290 3280 manifestum
1348 3235 1432 3280 est
1478 3221 1642 3296 443
1673 3224 1727 3279 ἰη
1757 3225 2063 3281 custodiam

467 3333 588 3375 eam
636 3318 1079 3390 repromissionis
1103 3360 1118 3385 ,
1172 3335 1279 3373 non
1323 3318 1377 3372 in
1408 3316 1828 3374 subversionem
1855 3318 2059 3374 datam.

470 3413 528 3469 Si
562 3414 707 3469 enim
734 3412 858 3468 data
891 3423 1038 3469 esset
1065 3412 1175 3466 Lex
1208 3426 1326 3481 qua:
1357 3418 1546 3480 posset
1572 3418 1836 3481 praestare
1864 3411 2062 3476 vitam,

466 3514 521 3563 et
551 3506 601 3562 id
630 3506 774 3577 quod
804 3505 1162 3577 repromissio
1200 3503 1573 3575 spoponderat
1601 3503 1862 3559 exhibere
1882 3548 1896 3572 ,
1935 3518 2066 3559 vere

463 3597 761 3668 promissio
790 3612 887 3667 per
933 3594 1133 3664 Legem
1182 3602 1468 3665 putaretur
1496 3593 1736 3648 exclusa.
1783 3593 1937 3649 Nunc
1961 3609 2063 3650 au-

469 3698 577 3743 tem
608 3695 830 3757 propter
859 3685 1353 3753 transgressiones,
1385 3690 1447 3737 ut
1475 3697 1639 3753 supra
1670 3683 1934 3755 diximus,
1969 3702 2066 3756 po-

470 3780 599 3839 sita,
625 3777 799 3848 magis
819 3775 998 3846 arguit
1024 3788 1121 3829 eos
1141 3781 1481 3845 peceatores,
1506 3775 1702 3844 quibus
1731 3784 1853 3846 post
1874 3791 2063 3848 repro-

473 3869 798 3923 missionem
830 3868 885 3921 in
916 3865 1246 3935 custodiam,
1275 3875 1353 3932 et,
1382 3877 1443 3921 ut
1475 3867 1545 3921 ita
1579 3866 1775 3934 dicam,
1800 3868 1852 3924 in
1880 3884 2066 3927 carce-

474 3984 592 4025 rem
622 3968 747 4023 data
776 3974 884 4034 est,
920 3974 978 4021 ut
1008 3966 1131 4037 quia
1162 3980 1260 4037 per
1290 3966 1503 4023 arbitrii
1532 3967 1841 4026 libertatem
1869 3973 2063 4029 nolue-

470 4081 598 4126 rant
645 4070 966 4124 innocentes
1014 4080 1335 4139 exspectare
1383 4069 1751 4143 promissum,
1803 4073 2064 4145 legalibus

463 4173 493 4212 ιι
526 4171 764 4227 vinculis
795 4170 1078 4242 praepediti
1104 4212 1121 4239 ,
1150 4180 1207 4228 et
1235 4172 1288 4228 in
1336 4173 1653 4230 servitutem
1685 4177 2061 4236 mandatorum

469 4276 708 4341 redacti,
780 4274 1197 4331 custodirentur
1269 4273 1325 4330 in
1390 4276 1683 4333 adventum
1744 4278 1942 4336 futuras
2006 4282 2062 4338 in

469 4377 692 4432 Christo
731 4374 897 4443 ﬁdei,
942 4390 1063 4445 qua:
1114 4373 1280 4432 ﬁnem
1330 4378 1770 4447 repromissionis
1813 4378 2060 4438 afferret.

467 4475 581 4531 Nec
636 4488 768 4529 vero
825 4473 1206 4529 aestimandum
1255 4473 1595 4545 Scripturam
1637 4489 1914 4536 auctorem
1943 4486 2144 4547 esseD

466 4576 710 4647 peccati,
751 4573 875 4645 quia
910 4575 1096 4628 omnia
1144 4574 1245 4629 sub
1292 4584 1516 4644 peccato
1542 4579 1877 4637 conclusisse
1903 4581 2057 4639 dica-

463 4688 583 4743 tur,
606 4691 728 4730 cum
752 4674 1064 4730 mandatum
1096 4673 1238 4746 quod
1267 4690 1331 4730 cx
1358 4676 1486 4746 jure
1515 4679 1850 4751 praecipitur,
1877 4690 2060 4739 osten-

461 4779 557 4835 dat
580 4778 759 4849 potius
781 4785 1080 4847 arguatque
1102 4786 1383 4846 peccatum
1405 4817 1420 4842 ,
1449 4793 1608 4847 quam
1649 4779 1721 4836 sit
1741 4795 1902 4839 causa
1928 4799 2054 4855 pec-

460 4883 589 4937 cati.
622 4879 911 4950 Quomodo
941 4886 996 4934 et
1016 4878 1184 4949 jndex
1214 4894 1322 4934 non
1350 4887 1436 4935 est
1456 4889 1650 4937 auctor
1675 4884 1920 4956 sceleris,
1954 4904 2051 4946 ne-

459 4998 619 5054 quam
645 4981 895 5037 homines
917 4977 1236 5035 vinciendo:
1268 4978 1366 5036 sed
1397 4980 1678 5039 concludit
1699 4998 1795 5041 eos
1817 5027 1834 5056 ,
1865 4995 1924 5043 et
1952 5005 2049 5047 no.

456 5154 575 5199 ante
630 5142 881 5212 angelus,
926 5153 1066 5212 nunc
1111 5139 1464 5212 etiamAhomo
1508 5151 1613 5210 est,
1655 5160 1717 5199 ne
1758 5154 2049 5209 naturalem

454 5215 588 5289 nmo
611 5208 719 5266 esse
740 5212 829 5263 D.:i
863 5210 1090 5289 speciem
1101 5208 1381 5289 diuersitas
1406 5213 1566 5289 hujus
1594 5208 1877 5289 assumptis
1898 5208 2047 5281 credi.

456 5286 614 5363 tionis
653 5289 913 5363 pateretur
962 5279 1233 5363 intelli_gi..
1264 5281 1417 5335 Adde
1460 5279 1823 5353 Augustinum
1879 5279 2043 5363 epist.

458 5349 771 5431 Mlet’lib.
809 5367 850 5431 tt
871 5358 1062 5431 contra
1095 5349 1311 5431 alexim.
1332 5392 1347 5416 ,
1377 5349 1629 5431 sanctum
1662 5373 1876 5431 quoque
1907 5349 2047 5421 ﬁre:

456 5425 674 5496 goriunt
704 5420 921 5475 Prtel'al.
954 5420 1005 5473 itt
1032 5420 1352 5496 Job,_atqtte
1380 5423 1523 5478 alios
1552 5420 1748 5496 magno
1788 5420 2039 5492 humero,

529 5503 555 5530 α
595 5493 677 5545 Ad
710 5501 1022 5562 nostrorum
1053 5491 1215 5562 codd.
1247 5492 1406 5562 ﬁdem
1436 5534 1451 5557 ,
1498 5506 1551 5548 et
1578 5491 1821 5555 RJhbani
1849 5491 2042 5562 lectio?

455 5579 580 5618 nem
614 5562 952 5639 r‘IBSlilllllltllﬁ
980 5558 1264 5639 Zacharia.
1300 5561 1376 5617 Ita
1404 5574 1459 5616 et
1491 5563 1780 5639 _\:ictorius
1828 5558 2041 5639 pridem

454 5632 843 5703 eme—“Myer.”
887 5628 960 5703 ad.
1003 5633 1354 5698 al"“IHUI'unI
1403 5632 1565 5703 codd.
1617 5628 2045 5703 auctoriiatems

455 5702 513 5763 in
564 5697 829 5756 lacuaria
877 5701 1023 5755 enim
1074 5697 1193 5770 cap.
1230 5714 1267 5756 ll
1300 5717 1468 5775 penes
1498 5701 1641 5761 LXX
1675 5697 2041 5777 testimonium

2171 1851 2516 1893 recessurus.
2548 1836 2794 1908 Denique
2819 1848 2875 1892 et
2904 1852 3105 1893 nomen
3139 1837 3422 1909 paedagogi
3454 1837 3559 1895 hoc
3590 1840 3765 1910 ipsum

2169 1938 2332 1984 sonat
2358 1969 2374 1996 ,
2407 1936 2464 1984 et
2494 1937 2583 1984 est
2600 1930 2966 1998 compositum
3005 1932 3075 1987 ab
3101 1946 3168 1987 eo
3210 1931 3355 2002 quod
3390 1947 3593 2002 pueros
3623 1944 3768 2004 agat,

2168 2018 2222 2074 id
2254 2029 2370 2086 est,
2417 2019 2626 2075 ductet.
2667 2021 2854 2088 Itaque
2896 2031 2952 2077 et
2988 2021 3160 2093 Moysi
3210 2022 3329 2088 lex,
3372 2024 3577 2095 populo
3609 2024 3772 2081 lasci-

2167 2110 2363 2177 vienti,
2385 2109 2452 2164 ad
2477 2110 2658 2167 instar
2674 2110 2956 2183 paedagogi
2984 2113 3282 2169 severioris
3300 2118 3546 2186 apposita
3578 2101 3774 2182 cst,'ut

2146 2203 2595 2268 .custodireteos,
2621 2213 2678 2260 et
2705 2204 2905 2261 futura:
2933 2205 3058 2261 ﬁdei
3093 2216 3452 2277 praepararet,
3476 2222 3597 2279 qua:
3627 2219 3774 2279 post-

2170 2312 2332 2369 quam
2356 2297 2546 2367 venit,
2579 2303 2638 2353 et
2675 2298 3009 2354 credidimus
3046 2298 3101 2354 in
3159 2298 3438 2355 Christum
3462 2340 3479 2364 ,
3520 2299 3631 2371 jtm
3664 2316 3773 2357 non

2167 2404 2357 2444 sumus
2380 2388 2487 2445 sub
2517 2389 2841 2461 paedagogo,
2874 2401 3019 2447 tutor
3059 2406 3090 2445 a
3120 2392 3281 2447 nobis
3306 2401 3634 2463 curatorqnc
3658 2393 3769 2449 dis-

2165 2482 2388 2550 cedunt,
2404 2481 2570 2556 M4
2584 2494 2634 2539 et
2649 2484 2949 2554 legitimum
2964 2485 3140 2541 relatis
3157 2498 3370 2558 tempus
3385 2487 3771 2554 inenntes,vcri

2166 2577 2264 2632 Dei
2289 2576 2386 2632 ﬁlii
2403 2577 2776 2643 nominamur,
2800 2578 2886 2632 cui
2909 2593 3012 2634 nos
3038 2589 3392 2649 generatnon
3418 2579 3528 2635 Lex
3547 2579 3768 2648 abolita,

2166 2674 2264 2731 sed
2293 2682 2471 2729 mater
2497 2671 2687 2736 Fides,
2717 2688 2842 2745 quae
2868 2682 2953 2730 est
2996 2673 3051 2729 in
3094 2673 3324 2729 Christo
3350 2674 3506 2731 Iesu.
3533 2673 3688 2743 Quod
3718 2674 3766 2730 si

2163 2769 2285 2839 quis
2313 2777 2436 2839 post
2458 2776 2899 2824 consummatum
2927 2769 3105 2823 atatis
3133 2783 3249 2825 suae
3283 2780 3518 2840 tempus,
3548 2770 3769 2842 quando

2159 2861 2275 2930 jam
2327 2859 2502 2915 haeres
2552 2870 2607 2917 et
2648 2858 2793 2916 liber
2858 2869 2915 2916 et
2960 2858 3109 2917 ﬁlius
3156 2862 3480 2933 appellatur,
3530 2862 3769 2917 voluerit

2164 2967 2287 3008 esse
2325 2953 2428 3007 sub
2456 2952 2775 3024 pmdagogo,
2808 2953 2949 3009 sciat
2970 2968 3031 3010 se
3062 2968 3169 3009 non
3200 2968 3365 3025 posse
3395 2954 3608 3026 legibus
3640 2972 3765 3025 par-

2164 3046 2278 3101 vuli
2306 3046 2512 3101 vivere.
2563 3044 2667 3101 Ubi
2711 3046 2858 3102 enim
2906 3060 3051 3101 nunc
3078 3046 3340 3116 compleri
3373 3055 3556 3117 potest
3586 3047 3716 3101 illud
3749 3066 3765 3102 :

2171 3140 2272 3196 Ter
2290 3142 2345 3196 in
2368 3157 2510 3195 anno
2539 3141 2811 3213 apparebit
2831 3156 2984 3195 omne
3012 3141 3358 3195 masculinum
3390 3150 3535 3197 tamn
3562 3144 3617 3197 in
3647 3160 3771 3197 con-

2166 3243 2345 3305 spectu
2381 3232 2593 3288 Domini
2643 3231 2745 3287 Dei
2786 3234 2866 3287 tui
2918 3231 3120 3304 (Exod.
3166 3248 3323 3299 xxttt,
3358 3234 3475 3304 l7),
3501 3236 3766 3292 subversa

2166 3323 2508 3391 Jerusalem,
2551 3332 2609 3380 et
2640 3323 2845 3394 templo
2876 3337 3045 3394 usque
3090 3323 3157 3379 ad
3206 3327 3425 3381 cineres
3463 3325 3769 3397 dissipato?

2166 3415 2271 3473 Ubi
2300 3416 2568 3473 salutares
2599 3426 2651 3472 et
2681 3432 2780 3487 pro
2805 3404 3027 3487 peccato
3053 3414 3283 3472 hostire?
3315 3416 3417 3473 libi
3444 3418 3509 3474 ad
3542 3418 3767 3475 simula-

2166 3525 2323 3566 crum
2366 3511 2672 3567 cmlestium
2720 3510 3011 3579 siderum,
3056 3510 3503 3568 holocausrorum
3532 3524 3770 3571 aeternus

2167 3601 2326 3672 ignis,
2377 3602 2534 3658 altari
2605 3601 2831 3659 omnino
2879 3601 3197 3659 destructo?
3245 3602 3435 3658 Noxiis
3479 3621 3613 3661 vero
3642 3622 3762 3676 qua:

2167 3693 2371 3764 poterit
2409 3710 2573 3766 ptena
2618 3695 2880 3762 decerni,
2911 3695 3195 3766 Scriptura
3222 3694 3480 3751 dicente:
3505 3696 3768 3770 Aufereris

2164 3787 2365 3841 malum
2394 3787 2460 3842 de
2483 3788 2658 3844 medio
2682 3799 2903 3844 uestrum
2928 3787 3107 3862 (Deut.
3134 3802 3255 3852 xm,
3278 3787 3360 3857 5),
3393 3791 3761 3847 servientibus

2165 3880 2399 3947 Iudaeis,
2424 3892 2477 3937 et
2516 3881 2783 3938 Romanis
2813 3879 3206 3953 regnantibus?
3234 3885 3411 3950 Atque
3442 3882 3517 3936 ita
3546 3884 3674 3948 ﬁi-t,
3707 3896 3767 3941 ut

2168 3988 2269 4030 nec
2296 3975 2401 4030 sub
2452 3985 2609 4045 patre
2656 3988 2758 4031 nec
2796 3973 2899 4029 sub
2949 3971 3246 4044 paedagogo
3274 3973 3467 4028 vivant
3508 3988 3522 4027 :
3556 3974 3685 4029 dum
3713 3985 3770 4031 et

2165 4067 2279 4126 Lex
2305 4067 2521 4140 impleri
2554 4084 2661 4122 non
2699 4076 2878 4139 potest
2909 4076 3030 4137 post
3069 4066 3474 4123 successionem
3519 4067 3676 4140 ﬁdei,
3709 4080 3769 4129 et

2166 4162 2300 4218 ﬁdes
2323 4162 2450 4216 dum
2485 4159 2775 4230 paedagoga
2806 4158 2917 4214 Lex
2944 4157 3245 4229 appetitur,
3272 4175 3380 4215 non
3414 4169 3656 4219 tenetur.

2240 4253 2422 4325 (Vers.
2460 4252 2553 4315 27,
2585 4251 2706 4324 28.)
2742 4251 3067 4323 Quicumqu?
3096 4255 3233 4306 enim
3270 4253 3323 4306 in
3351 4251 3560 4309 Christo
3592 4254 3763 4325 l-‘(tpli-

2164 4344 2270 4399 sati
2297 4344 2445 4409 estis,
2490 4341 2760 4399 Christum
2805 4343 3074 4399 induistis.
3128 4341 3253 4399 Non
3279 4356 3356 4399 est
3396 4345 3641 4415 Iudteus,
3675 4366 3766 4403 nc-

2167 4454 2266 4511 que
2292 4436 2528 4493 Graecus.
2566 4434 2690 4491 Non
2742 4446 2822 4492 est
2867 4452 3065 4504 servus,
3118 4453 3281 4507 neque
3321 4436 3474 4492 liber.
3533 4438 3657 4495 Non
3686 4450 3766 4495 est

2170 4528 2455 4597 musculus,
2482 4545 2647 4599 neque
2678 4530 2895 4599 femina.
2945 4528 3135 4582 Omnes
3176 4529 3315 4583 enim
3336 4544 3425 4584 vos
3447 4546 3611 4584 unum
3639 4532 3764 4585 esfis

2167 4625 2219 4677 in
2251 4621 2460 4678 Christo
2483 4621 2632 4677 Iesu.
2665 4620 2950 4690 Quomodo
2991 4619 3115 4675 Filii
3156 4619 3255 4676 Dei
3286 4634 3386 4690 per
3410 4618 3570 4676 ﬁdem
3594 4662 3611 4687 ,
3643 4638 3764 4692 qua:

2163 4725 2247 4771 est
2302 4717 2354 4771 in
2401 4713 2620 4771 Christo
2666 4714 2830 4779 .lcsu,
2876 4727 3189 4777 nascamur,
3240 4711 3481 4768 ostendit
3522 4712 3759 4770 dicens:

2163 4809 2489 4877 Quicumque
2528 4809 2663 4863 enim
2692 4809 2748 4861 in
2796 4806 3000 4862 Christo
3021 4804 3275 4872 baptizati
3311 4804 3468 4870 estis,
3501 4803 3760 4863 Christum

2156 4900 2421 4954 induistis.
2444 4898 2600 4966 Quod
2631 4907 2812 4954 autem
2834 4897 3090 4953 Christus
3115 4897 3187 4951 sit
3213 4896 3616 4965 indumentum,
3650 4915 3758 4954 non

2154 4993 2331 5049 solum
2362 4991 2431 5048 de
2457 4992 2714 5062 prmsenti
2748 4991 2896 5057 loco,
2923 5004 3113 5045 verum
3144 4990 3310 5045 etiam
3354 4990 3424 5047 de
3452 4990 3562 5046 alio
3594 5004 3750 5048 com-

2159 5156 2263 5211 hoc
2288 5155 2529 5225 legitur;
2562 5152 2615 5208 in
2651 5153 2849 5221 Λεπωο
2874 5162 3055 5208 autem
3076 5168 3373 5225 nusquam.
3405 5152 3758 5212 llartiantcus

2161 5237 2349 5282 tamen
2376 5226 2636 5279 vitiosum
2666 5225 3137 5296 AygwoArr-tinuit.

2228 5299 2257 5335 ι’
2301 5297 2423 5367 llue
2469 5292 2793 5367 rell-renittis
2851 5292 3280 5367 Chrystvstomns
3351 5294 3540 5351 ltomil.
3593 5296 3660 5353 10
3706 5298 3756 5352 in

2155 5366 2323 5437 epist.
2358 5365 2427 5420 ad
2477 5364 2790 5429 Romanos,
2826 5368 2914 5437 ubi
2936 5364 3151 5437 idcirco
3197 5367 3396 5436 Legem
3429 5370 3631 5422 asserit
3663 5370 3758 5423 tla-

2153 5436 2299 5504 tam,
2330 5446 2390 5491 nt
2417 5437 2590 5490 multo
2616 5437 2803 5491 acrius
2843 5436 3064 5492 .ludazos
3093 5448 3291 5506 sponte
3314 5438 3425 5506 jam
3458 5439 3473 5492 i
3498 5437 3755 5493 liberales

2150 5525 2216 5564 ac
2251 5508 2553 5564 dissolutos
2601 5520 2939 5579 coargueret.
2995 5508 3274 5564 Videndns
3317 5521 3372 5564 et
3403 5509 3462 5564 S.
3497 5510 3753 5579 Angusti-

2149 5595 2255 5634 nus
2293 5579 2386 5634 lib.
2420 5593 2455 5633 II
2484 5590 2676 5633 coatra
2704 5578 3005 5633 Iulianum.

2225 5660 2249 5688 ο
2291 5650 2469 5727 auem
2497 5649 2868 5727 l'ala_tin.__rns.
2907 5663 3106 5706 nomen
3150 5648 3301 5707 Iesu.
3333 5651 3469 5709 Tum
3490 5650 3747 5727 justiﬁes-

2147 5736 2267 5778 mur
2295 5720 2451 5797 legit,
2490 5733 2588 5795 pro
2608 5719 3045 5798 iustiﬁcaremur.
