4056 6304
345 309 453 391 369

848 313 1502 376 COMMENTARIORUM
1541 315 1610 374 IN
1645 317 2040 380 EPISTOLAM
2077 321 2171 379 AD
2210 324 2533 387 GALATAS
2573 329 2701 388 LIB.
2744 331 2809 389 ll.
2850 332 3004 391 CAP.
3046 334 3136 392 IV.

3540 337 3648 397 διο
3712 408 3715 413 ,

344 430 634 504 probatur,
661 430 1053 488 Pauloeodem
1079 432 1443 490 cobortante:
1474 434 1692 490 lnduite
1719 451 1807 490 vos
1833 435 1945 490 Do-
1971 440 2021 499 Α
2049 438 2214 514 446
2240 443 2344 501 hoc
2368 447 2836 503 considerandum
2854 491 2870 517 ,
2899 451 3041 522 quod
3068 450 3289 523 quando
3318 452 3387 509 de
3415 454 3652 513 Domino

341 527 543 580 minam
584 524 771 581 Iesum
816 522 1089 582 Christum
1118 526 1300 596 (Rom.
1345 543 1436 583 XIII
1462 568 1479 594 ,
1532 527 1646 599 14).
1678 528 1736 585 Si
1781 529 1943 599 igitur

342 617 434 688 qui
475 616 528 673 in
558 616 783 673 Christo
821 617 1079 687 baptizati
1110 628 1263 683 sunt,
1292 615 1571 673 Christum
1621 617 1939 688 induerunt,

342 712 698 768 manifestum
726 719 811 768 est
847 726 945 767 eos
966 712 1061 783 qui
1091 726 1202 767 non
1249 722 1378 768 sunt
1420 712 1595 768 induti
1626 712 1901 769 Christum
1924 755 1941 782 ,

346 819 458 860 non
488 803 659 860 fuisse
685 803 992 874 baptizatos
1030 804 1085 858 in
1115 800 1362 860 Christo.
1404 804 1484 860 Ad
1522 818 1621 861 eos
1657 806 1808 862 enim
1848 805 1943 876 qui

348 896 543 953 ﬁdeles
589 903 646 953 et
690 896 961 967 baptisma
1003 895 1207 952 Christi
1259 899 1543 954 consecuti
1587 899 1940 970 putabantur,

346 986 553 1043 dictum
578 998 663 1044 est
692 1004 707 1042 :
748 987 963 1043 luduite
1005 1003 1094 1044 uos
1125 988 1404 1045 Dominum
1431 989 1617 1046 Jesum
1644 991 1941 1051 Christum.

347 1081 404 1137 Si
433 1081 554 1153 quis
583 1080 688 1135 hoc
713 1095 1037 1151 corporeum
1069 1091 1123 1138 et
1151 1083 1299 1154 quod
1327 1084 1508 1140 oculis
1533 1085 1714 1141 carnis
1738 1084 1942 1155 aspici-

347 1184 455 1243 tur,
484 1188 639 1243 aqute
667 1181 879 1228 tantum
908 1174 1109 1242 accipit
1129 1174 1429 1245 lavacrum,
1461 1190 1571 1231 non
1602 1187 1685 1232 est
1713 1177 1941 1233 indutus

344 1264 637 1319 Dominum
677 1262 865 1320 Jesum
903 1264 1208 1321 Christum.
1247 1264 1382 1321 Nam
1430 1277 1485 1323 et
1526 1268 1716 1323 Simon
1756 1267 1848 1324 ille
1870 1268 1941 1325 de

339 1354 568 1410 Actibus
620 1355 1019 1425 apostolorum,
1076 1364 1369 1425 acceperat
1416 1357 1690 1414 lavacrum
1746 1373 1937 1428 aquae;

340 1463 533 1503 verum
560 1447 688 1519 quia
710 1456 961 1503 sanctum
991 1447 1255 1518 Spiritum
1285 1463 1394 1504 non
1426 1448 1682 1519 habebat,
1710 1449 1939 1506 indutus

344 1553 451 1594 non
483 1548 605 1595 erat
620 1537 904 1595 Christum
931 1538 1135 1611 (Actor.
1168 1538 1310 1610 vm).
1346 1539 1418 1595 Et
1447 1541 1695 1596 hmretici
1723 1542 1809 1597 vel
1841 1544 1940 1613 hy-

340 1629 594 1701 pocrita,
625 1636 685 1685 et
714 1630 769 1684 hi
793 1630 886 1699 qui
912 1629 1133 1685 sordide
1171 1630 1461 1697 victitant,
1489 1630 1654 1705 M5
1679 1633 1938 1689 videntur

337 1719 560 1791 quidem
589 1723 845 1792 accipere
888 1720 1216 1793 baptismum
1234 1763 1251 1789 ,
1296 1723 1394 1779 sed
1421 1726 1606 1780 nescio
1630 1740 1699 1781 an
1731 1725 1937 1784 Christi

2046 533 2327 604 loquitur:
2387 538 2614 595 Abraha:
2642 550 2819 596 autem
2848 545 3007 599 dieue
3040 556 3162 599 sunt
3205 549 3577 615 promissioues
3608 558 3658 605 et

2044 628 2226 681 semini
2249 631 2363 702 ejus
2383 673 2399 698 ,
2452 630 2555 687 hoc
2586 643 2694 701 est,
2726 633 2948 690 Christo
2969 634 3102 691 Jesu
3128 677 3144 701 ,
3190 640 3652 709 repromissiones

2044 717 2329 788 pluraliter
2360 732 2549 792 ponat.
2592 726 2823 794 Quando
2847 743 2982 785 vero
3017 729 3087 785 de
3117 730 3205 785 bis
3241 732 3334 803 qui
3364 748 3466 804 per
3488 733 3651 790 Chri-

2042 818 2185 865 stum
2215 827 2400 869 semen
2433 825 2560 871 sunt
2585 818 2852 884 Abraluc,
2896 822 3252 892 singulariter
3280 826 3647 895 repromissio

2043 916 2407 976 nuucupelur,
2438 919 2497 964 ut
2523 911 2574 965 in
2594 916 2848 981 przrsenti
2865 915 2987 969 loco
3014 932 3027 969 :
3060 916 3206 991 Ergo
3224 918 3451 975 Abraha:
3471 939 3645 977 semen

2041 998 2182 1064 estis,
2214 1002 2495 1056 secundum
2515 1007 2909 1073 promissionem
2928 1008 3181 1066 hreredes.
3208 1011 3423 1068 Decens
3439 1016 3646 1085 quippe

2042 1100 2161 1147 erat
2184 1102 2241 1147 nt
2263 1094 2404 1161 quod
2424 1095 2477 1149 in
2498 1095 2716 1153 Christo
2731 1114 2841 1153 uno
2865 1100 3150 1168 pluraliter
3175 1103 3484 1170 dicebatur,
3512 1106 3564 1160 id
3589 1108 3644 1162 in

2041 1182 2226 1238 multis
2249 1182 2562 1242 hominibus
2593 1190 2947 1260 singulariter
2978 1202 3295 1260 poneretur.
3337 1196 3597 1268 Sequitur
3624 1216 3640 1254 :

2114 1273 2636 1347 (Cap.lV.—Vers.
2671 1282 2725 1348 1,
2753 1282 2837 1353 9...)
2871 1282 3003 1337 Dico
3024 1293 3194 1340 autem
3222 1332 3237 1355 ,
3278 1299 3473 1358 quanto
3512 1297 3641 1345 tem-

2043 1384 2167 1436 pore
2191 1368 2353 1425 horres
2382 1373 2631 1440 parvulus
2654 1384 2756 1440 est,
2802 1377 2935 1430 nihil
2963 1376 3143 1445 ili/fert
3166 1396 3199 1432 a
3223 1396 3390 1451 servo,
3423 1398 3543 1435 cum
3572 1385 3641 1436 sit

2040 1460 2300 1517 Dominus
2324 1466 2593 1535 omnium,
2641 1467 2731 1521 sed
2773 1468 2867 1523 sub
2898 1470 3158 1524 tutoribus
3186 1479 3264 1525 est
3308 1482 3355 1527 et
3380 1474 3641 1529 actoribus

2040 1570 2203 1622 usque
2224 1556 2294 1610 ad
2321 1559 2636 1629 prce/initum
2663 1569 2866 1628 tempus
2888 1578 2920 1615 a
2943 1570 3114 1630 patre.
3159 1563 3350 1618 "teres
3379 1564 3481 1619 iste
3515 1583 3640 1634 par-

2042 1645 2218 1713 vulus,
2248 1648 2339 1718 qui
2366 1648 2498 1703 nihil
2520 1649 2705 1707 diﬁ‘ert
2727 1666 2757 1706 a
2780 1666 2947 1709 servo
2973 1668 3096 1709 cum
3122 1654 3192 1709 sit
3227 1654 3490 1710 Dominus
3521 1673 3639 1711 om-

2040 1738 2219 1804 nium,
2257 1740 2353 1795 sed
2379 1742 2481 1797 sub
2504 1743 2776 1799 tutoribus
2805 1753 2861 1800 et
2885 1746 3172 1801 actoribus
3199 1756 3284 1803 est
3305 1789 3321 1816 ,
3371 1764 3540 1820 usque
3567 1753 3639 1806 ad

337 1811 575 1868 habeant
604 1810 1007 1869 indumentum.
1040 1813 1227 1885 Itaque
1255 1814 1666 1873 consideremus
1692 1832 1761 1874 ne
1793 1816 1935 1875 forte
1963 1817 2014 1879 B
2037 1832 2363 1901 ριιωιίιιίιιιηι
2391 1842 2607 1905 tempus
2637 1852 2668 1891 a
2698 1846 2854 1908 patre
2877 1879 2894 1905 ,
2943 1847 3115 1894 totum
3144 1810 3439 1897 humanum
3454 1810 3640 1913 genus

333 1916 390 1962 et
420 1907 475 1961 in
506 1906 661 1962 nobis
686 1907 889 1978 aliquis
933 1907 1402 1977 deprehendatur,
1452 1910 1543 1981 qui
1595 1926 1662 1965 ex
1688 1926 1756 1965 eo
1786 1913 1934 1982 quod

328 1998 536 2053 Christi
568 2014 676 2054 non
709 1999 874 2055 habet
918 1998 1325 2069 indumentum,
1378 2010 1639 2072 arguatur
1662 2016 1770 2058 non
1801 2003 1936 2075 bap-

332 2093 531 2145 tizatus
558 2090 617 2146 in
638 2090 886 2150 Christo.
918 2089 1052 2147 Cum
1079 2102 1266 2148 autem
1294 2091 1422 2162 quis
1451 2093 1626 2149 semel
1649 2094 1931 2150 Christum

328 2180 555 2237 indutus
609 2180 813 2249 fuerit,
872 2191 927 2239 et
970 2184 1175 2239 missus
1217 2184 1277 2239 in
1325 2183 1642 2253 flammam,
1695 2185 1933 2257 Spiritus

328 2272 502 2329 sancti
527 2272 727 2330 ardore
768 2274 1082 2343 canduerit,
1113 2290 1223 2331 non
1264 2275 1594 2348 intelligitur
1637 2293 1832 2333 aurum
1860 2264 1935 2334 sit

327 2382 395 2420 an
420 2376 730 2438 argentum.
758 2366 1035 2435 Quamdiu
1062 2367 1214 2424 calor
1260 2384 1500 2426 massam
1529 2369 1613 2426 sic
1654 2371 1928 2442 possidet,

329 2473 468 2514 unus
498 2460 695 2529 igneus
718 2460 874 2515 color
900 2468 985 2515 est
1004 2498 1024 2527 ,
1047 2470 1104 2515 et
1144 2462 1327 2516 omnis
1349 2460 1646 2518 diversitas
1670 2463 1891 2535 generis
1910 2504 1926 2531 ,

325 2551 657 2609 conditionis
709 2559 768 2607 et
811 2566 1110 2622 corporum
1161 2552 1411 2609 aufertur
1465 2554 1781 2611 istiusmodi
1835 2570 1931 2611 ve-

326 2643 605 2700 stimento.
632 2643 752 2699 Non
783 2653 870 2700 est
896 2644 1044 2701 enim
1071 2643 1317 2712 Iudaeus,
1343 2661 1523 2717 neque
1545 2646 1791 2705 Graecus.
1823 2649 1929 2705 Pro

325 2735 518 2792 Greco
549 2745 576 2774 ⁴ι
605 2735 879 2793 Gentilem
926 2738 1178 2808 accipere
1223 2738 1516 2806 debemus,
1566 2741 1693 2811 quia
1726 2739 1926 2811 Ἕλλην,

326 2838 383 2885 et
410 2828 660 2886 Grtccutn
690 2840 746 2885 et
790 2830 1085 2887 Ethnicum
1134 2844 1429 2902 utrumque
1470 2832 1762 2904 signiﬁcat.
1813 2830 1928 2891 Nec

321 2921 543 2977 Judaeus
586 2921 796 2979 idcirco
842 2923 1041 2979 melior
1083 2931 1189 2991 est,
1242 2924 1368 2995 quia
1414 2924 1777 2982 circumcisus
1803 2937 1923 2994 est;

326 3029 428 3069 nec
454 3014 688 3071 Geutilis
739 3015 862 3072 ideo
908 3014 1177 3085 deterior,
1210 3018 1341 3088 quia
1373 3019 1696 3088 prmputium
1725 3020 1921 3086 habet;

325 3107 419 3163 sed
462 3122 565 3176 pro
611 3107 877 3178 qualitate
920 3107 1083 3177 ﬁdei,
1137 3108 1226 3165 vel
1274 3107 1530 3180 Judaeus,
1560 3111 1650 3168 vel
1699 3112 1925 3169 Graecus

2041 1937 2214 1993 usque
2225 1922 2292 1979 ad
2303 1923 2596 1982 adventum
2607 1927 2834 1997 Christi,
2850 1940 2927 1996 et,
2942 1932 3245 2002 utamplius
3258 1933 3432 1988 dicam
3444 1950 3638 2005 ,usque

2038 2016 2105 2072 ad
2125 2018 2309 2073 mundi
2322 2023 2846 2079 consummationem
2874 2025 3165 2094 signiﬁcat.
3187 2026 3472 2093 Quomodo
3486 2030 3636 2084 enim

2036 2126 2229 2170 omnes
2250 2114 2304 2170 in
2319 2117 2658 2186 protoplasto
2672 2118 2869 2187 Adam,
2902 2120 3133 2176 necdum
3156 2124 3269 2177 nati
3287 2123 3630 2178 moriuntur:

2035 2202 2111 2260 ita
2130 2213 2188 2260 et
2215 2220 2404 2262 omnes
2420 2209 2582 2264 etiam
2598 2209 2674 2277 hi,
2697 2211 2787 2280 qui
2805 2221 2935 2267 ante
2960 2212 3253 2269 adventrum
3285 2215 3485 2270 Christi
3512 2216 3626 2270 nati

2035 2307 2183 2367 sunt,
2218 2298 2272 2354 in
2299 2301 2539 2357 secundo
2560 2303 2733 2358 Adam
2761 2304 3121 2361 viviﬁcantur.
3158 2310 3332 2377 Atque
3361 2309 3431 2362 ita
3462 2309 3539 2375 ﬁt,
3573 2317 3632 2363 ut

2033 2398 2089 2447 et
2117 2406 2217 2447 nos
2257 2392 2386 2463 Legi
2420 2395 2777 2451 servierimus
2805 2397 2860 2451 in
2890 2398 3168 2468 patribus:
3211 2408 3267 2454 et
3319 2400 3396 2453 illi
3447 2402 3625 2469 gratia

2034 2482 2311 2541 salventur
2332 2487 2388 2541 in
2411 2486 2554 2543 ﬁliis.
2587 2487 2697 2545 lste
2724 2488 3031 2546 intellectus
3056 2491 3315 2547 Ecclesiae
3338 2492 3630 2547 catholica:

2032 2576 2290 2631 convenit
2313 2622 2328 2647 ,
2357 2596 2477 2648 quze
2501 2589 2558 2636 et
2606 2571 2812 2637 veteris
2839 2591 2894 2637 et
2923 2584 3047 2637 novi
3075 2583 3410 2639 Tcstamenti
3466 2601 3625 2639 unam

2031 2669 2229 2724 asserit
2256 2671 2693 2738 providentiam:
2746 2690 2848 2730 nec
2891 2675 3177 2747 diStingnit
3228 2676 3286 2731 in
3342 2687 3615 2747 tempore,

2030 2774 2168 2829 quos
2181 2760 2495 2817 conditione
2507 2762 2751 2818 sociavit.
2765 2763 2971 2820 Omnes
2985 2766 3235 2821 :cdiﬁcati
3250 2784 3441 2822 sumus
3459 2784 3625 2837 super

2030 2850 2435 2907 fundamentum
2476 2855 2853 2924 apostolorum
2879 2866 2934 2911 et
2963 2857 3354 2927 prophetarum
3386 2900 3401 2924 ,
3444 2862 3623 2914 conti-

2031 2954 2195 3001 nente
2224 2961 2324 3001 nos
2358 2948 2607 3018 angulari
2640 2949 2819 3020 lapide
2847 2950 2978 3005 Jcsu
3003 2951 3226 3007 Christo
3252 2953 3485 3008 Domino
3521 2970 3624 3007 no-

2029 3044 2145 3090 stro
2168 3077 2183 3103 ,
2226 3037 2317 3108 qui
2346 3036 2474 3092 fecit
2495 3047 2728 3109 utraque
2760 3057 2928 3095 unum
2959 3087 2973 3111 ,
3006 3052 3061 3097 et
3092 3044 3329 3098 medium
3359 3047 3624 3115 parietem

2029 3127 2325 3199 dissipans,
2355 3128 3007 3204 inimicitiamutriusqne
3031 3137 3219 3205 p0puli
3243 3137 3297 3192 in
3328 3153 3421 3191 sua
3453 3154 3623 3193 carne

326 3199 546 3267 melior,
575 3199 694 3256 sive
730 3200 974 3256 deterior
1001 3210 1108 3256 est.
1140 3200 1346 3258 Servus
1389 3217 1607 3273 quoque
1652 3213 1710 3260 et
1754 3204 1920 3276 liber,

2030 3219 2320 3289 destruxit,
2352 3224 2661 3295 etantiquzu
2690 3225 2853 3295 chis
2879 3199 3263 3284 difficultatem
3287 3271 3300 3293 ,
3334 3232 3623 3301 Evangeli—

325 3306 430 3346 non
470 3291 791 3348 conditione
818 3300 1167 3362 separantur,
1209 3293 1305 3349 sed
1335 3293 1466 3362 ﬁde,
1497 3295 1622 3364 quia
1653 3304 1833 3367 potest
1862 3306 1923 3354 et

324 3400 516 3441 servus
548 3385 727 3441 libero
768 3399 892 3441 esse
934 3385 1150 3455 melior,
1181 3395 1234 3441 et
1277 3385 1420 3443 liber
1448 3401 1665 3444 servum
1705 3387 1758 3443 in
1794 3388 1920 3445 ﬁdei

326 3478 591 3546 qualitate
619 3486 965 3546 praevertere.
1000 3477 1274 3535 Masculus
1318 3478 1573 3535 similiter
1593 3488 1651 3535 et
1681 3480 1879 3536 femina
1898 3522 1915 3548 ,

322 3571 642 3628 fortitudine
691 3578 749 3628 et
786 3571 1167 3628 imbecillitate
1220 3586 1515 3642 corporum
1563 3583 1914 3644 separantur.

322 3662 592 3718 Caeterum
636 3663 773 3719 ﬁdes
803 3678 902 3734 pro
947 3663 1148 3720 mentis
1193 3663 1487 3721 devotione
1531 3676 1811 3734 censetur,
1862 3676 1920 3724 et

321 3772 468 3829 srrpe
497 3758 687 3813 evenit
714 3766 776 3813 ut
801 3768 857 3814 et
884 3757 1083 3814 mulier
1113 3757 1234 3812 viro
1275 3772 1439 3813 causa
1467 3759 1661 3815 salutis
1690 3760 1820 3831 ﬁat,
1861 3768 1919 3818 et

327 3853 618 3908 mulierem
646 3851 731 3907 vir
756 3851 811 3907 in
842 3852 1110 3923 religione
1139 3851 1434 3923 praecedat.
1463 3851 1601 3909 Cum
1628 3863 1810 3911 autem
1842 3855 1917 3911 ita

322 3959 383 3998 se
412 3959 503 4000 res
534 3942 761 4010 habeat,
793 3952 849 4000 et
887 3954 997 3999 tota
1041 3943 1332 3999 diversitas
1357 3946 1576 4016 generis
1600 3987 1615 4012 ,
1637 3948 1915 4002 conditio-

320 4038 488 4094 nis’et
512 4052 807 4108 carporum
827 4078 844 4105 ,
876 4036 1080 4093 Christi
1121 4038 1476 4109 baptismate,
1506 4047 1562 4095 et
1592 4039 1916 4098 indumento

322 4129 470 4186 illius
509 4131 818 4199 auferatur,
876 4145 1071 4187 omnes
1124 4147 1291 4187 unum
1338 4146 1526 4187 sumus
1583 4132 1638 4188 in
1693 4132 1917 4191 Christo

320 4223 449 4281 Jesu
484 4242 499 4281 :
534 4235 594 4282 ut
623 4225 898 4298 quomodo
924 4225 1089 4282 Pater
1113 4232 1170 4281 et
1201 4224 1372 4281 Filius
1401 4225 1458 4282 in
1486 4240 1549 4283 se
1574 4243 1739 4283 unum
1765 4238 1914 4296 sunt,

324 4318 396 4374 ita
422 4327 481 4375 et
515 4335 618 4375 nos
648 4320 704 4374 in
738 4318 876 4387 ipsis
904 4333 1073 4374 unum
1096 4318 1292 4373 simus.

389 4411 549 4482 (Vcrs
573 4412 694 4480 29.)
735 4410 798 4467 Si
824 4420 996 4465 autem
1027 4426 1115 4466 vos
1137 4409 1333 4466 Christi
1374 4427 1392 4465 :
1425 4428 1547 4486 ergo
1578 4413 1803 4469 Abrahae
1831 4430 1916 4469 se-

317 4520 428 4558 tncn
457 4503 600 4567 estis,
628 4502 910 4557 secundum
942 4503 1339 4568 promissionem
1359 4502 1612 4559 haeredes.
1654 4506 1791 4574 Quia
1824 4521 1913 4561 re-

319 4596 704 4665 promissiuues
731 4592 801 4650 ad
835 4594 1108 4649 Abraham
1165 4603 1223 4651 et
1265 4594 1334 4650 ad
1383 4610 1571 4651 semen
1599 4595 1719 4665 ejus
1749 4598 1907 4654 factre
1943 4585 1996 4646 D

318 4696 469 4747 sum,
500 4686 642 4751 quod
671 4695 755 4742 est
777 4685 1025 4742 Christus
1053 4686 1215 4743 Jesus
1238 4729 1255 4754 ,
1304 4697 1709 4757 consequenter
1731 4689 1789 4745 hi
1821 4690 1918 4756 qui

314 4778 517 4833 Christi
552 4778 671 4844 ιὶιιί,
705 4778 758 4833 id
786 4786 897 4845 est,
924 4793 1118 4835 semen
1146 4780 1266 4849 ejus
1291 4789 1443 4850 sunt,
1477 4795 1666 4837 semen
1694 4798 1916 4853 quoque

315 4874 572 4930 dicuntur
607 4874 887 4929 Abraham
915 4912 933 4937 ,
978 4873 1132 4942 cujus
1161 4882 1290 4929 sunt
1335 4888 1525 4930 semen
1572 4890 1641 4930 ex
1672 4876 1911 4933 semine.

320 4964 518 5022 Verum
550 4966 1001 5037 quotiescumque
1030 4965 1293 5021 Dominus
1318 4977 1509 5022 noster
1538 4965 1698 5023 Jesus
1719 4982 1911 5024 semen

317 5057 555 5113 Abrahae
602 5059 953 5127 nominatur,
999 5058 1359 5130 corporaliter
1406 5059 1756 5116 sentiendum
1804 5071 1910 5130 est,

317 5149 460 5219 quod
486 5165 557 5206 ex
585 5150 706 5221 ejus
731 5151 907 5221 stirpe
937 5163 1252 5222 generetur.
1294 5150 1522 5219 Quoties
1568 5161 1750 5209 autem
1783 5171 1911 5223 nos,

317 5242 408 5313 qui
428 5242 731 5300 Salvatoris
751 5258 1011 5300 sermone
1030 5253 1312 5313 suscepto,
1334 5242 1667 5300 credidimus
1690 5246 1744 5302 in
1766 5261 1912 5316 eum,

318 5349 373 5396 et
400 5340 743 5400 nobilitatem
786 5343 1006 5415 generis
1034 5345 1268 5403 Abrabze
1292 5368 1319 5413 ,λ
1346 5346 1416 5402 ad
1442 5362 1604 5418 quem
1654 5353 1742 5403 est
1786 5360 1915 5417 pro-

319 5432 507 5491 missio
536 5435 701 5503 facta,
754 5440 1137 5509 suscepimus:
1183 5448 1311 5497 tunc
1335 5440 1700 5511 spiritualiter
1725 5455 1915 5496 semen

320 5526 441 5586 ﬁdei
459 5535 519 5586 et
530 5529 932 5602 pradicationis
944 5534 1195 5607 accipere
1205 5535 1494 5593 debemus.
1522 5534 1734 5591 Deinde
1750 5534 1914 5591 etiam

390 5743 734 5821 aSicpassim
760 5745 987 5821 Veteres
1013 5747 1321 5816 accipiunt:
1350 5763 1381 5804 e
1409 5749 1608 5821 quibus
1627 5758 1768 5821 utet
1789 5750 1893 5808 Ec-

324 5811 677 5875 clesiasticum
703 5820 1011 5892 quempiam
1040 5811 1320 5877 auctorem
1349 5811 1648 5893 nominem,
1678 5820 1905 5882 Calche-

2022 3330 2214 3371 corum
2241 3316 2557 3385 dogmatum
2586 3318 3143 3389 integritatemulavit
3172 3322 3391 3394 (Ephes.
3422 3341 3481 3386 ιι,
3502 3326 3616 3395 20).

2022 3407 2163 3463 Vere
2201 3408 2255 3463 in
2284 3407 2507 3467 Christo
2559 3428 2751 3468 omnes
2789 3431 2931 3470 unus
2962 3415 3116 3486 panis
3155 3432 3382 3484 sumus,
3423 3427 3481 3472 et
3510 3420 3617 3474 duo

2020 3505 2398 3559 consensimus
2436 3521 2603 3576 super
2633 3516 2859 3563 terram.
2901 3509 2967 3563 Et
3000 3510 3277 3579 quomodo
3306 3526 3407 3566 nos
3449 3528 3616 3581 super

2022 3597 2316 3666 prophetas
2346 3599 2558 3655 fundati
2585 3615 2804 3656 sumus:
2857 3603 2928 3657 ita
2960 3612 3018 3658 et
3046 3604 3370 3669 patriarchae
3399 3607 3450 3659 in
3483 3623 3617 3676 api-

2019 3691 2283 3746 stolorum
2308 3692 2620 3752 fundamine
2645 3697 3036 3753 consﬁlerunt.
3074 3697 3313 3754 Tutores
3341 3708 3523 3755 autem
3559 3711 3613 3755 et

2019 3794 2256 3850 actores,
2287 3796 2516 3855 possunt
2535 3797 2591 3842 et
2616 3789 2900 3859 pr0phetm
2938 3790 3133 3859 accipi,
3164 3806 3394 3860 quorum
3433 3792 3616 3848 verbis

2019 3877 2260 3947 quatidie
2285 3878 2339 3933 in
2363 3880 2654 3935 adventum
2684 3881 2990 3938 Salvatoris
3016 3885 3439 3940 erudiebamnr:
3472 3886 3616 3940 sicut

2019 3971 2308 4043 paedagoga
2326 3973 2496 4046 Moysi
2518 3975 2629 4030 Lex
2642 3992 2802 4047 supra
2817 3978 3045 4033 disserta
3070 3987 3183 4042 est;
3214 3988 3268 4034 et
3288 3980 3462 4050 angeli
3485 3996 3612 4047 par-

2016 4066 2266 4121 vulnrum
2291 4068 2382 4138 qui
2404 4070 2645 4139 quntidie
2673 4070 2857 4126 vident
2884 4070 3077 4127 faciem
3106 4072 3282 4127 Patris
3308 4114 3322 4139 ,
3351 4084 3403 4127 et
3436 4073 3613 4128 inter-

2018 4160 2224 4231 pellant
2246 4176 2343 4231 pro
2370 4162 2468 4217 eis.
2488 4162 2993 4233 Dequibusdictum
3019 4174 3131 4219 est:
3165 4165 3418 4220 Iutmiltet
3447 4166 3610 4239 447

2015 4253 2227 4324 angelos
2262 4240 2471 4308 Domini
2496 4255 2548 4307 in
2577 4256 2797 4310 circuitu
2826 4258 3257 4323 timcntiumcum,
3291 4269 3338 4313 et
3366 4272 3504 4313 crwt
3530 4278 3613 4313 eos

2017 4344 2137 4416 (Ps.
2162 4362 2354 4412 χχχιιι,
2379 4346 2458 4417 8).
2486 4347 3365 4418 Possuntintelligietsacerdotes
3380 4361 3435 4405 et
3460 4351 3611 4420 prin-

2017 4439 2190 4507 cipes,
2222 4438 2315 4509 qui
2347 4448 2460 4491 tum
2491 4440 2693 4508 ponulo
2718 4440 3008 4507 dominati,
3043 4458 3187 4497 nunc
3212 4442 3439 4497 formam
3472 4458 3614 4512 prfe-

2019 4531 2149 4585 bere
2176 4536 2491 4584 censentur.
2520 4530 2755 4587 Etrecte
2777 4532 2830 4586 bi
2856 4533 2957 4588 sub
2985 4535 3255 4588 tutoribus
3269 4535 3616 4591 etactoribus

2021 4638 2143 4679 esse
2156 4622 2427 4681 dicuntur.
2446 4621 2537 4692 qui
2561 4624 2822 4681 habentes
2840 4627 3090 4696 spiritum
3111 4627 3345 4695 timoris,
3377 4629 3607 4684 necdum

2022 4731 2277 4772 meruere
2303 4716 2556 4784 spiritum
2590 4717 2857 4772 libertatis
2884 4728 2938 4773 vl.
2974 4719 3282 4790 adoptionis
3333 4722 3607 4790 accipere.

2022 4807 2174 4863 .‘Etas
2198 4806 2602 4863 eniminfantite
2619 4808 2684 4861 ad
2707 4821 2931 4876 peccata
2952 4808 3227 4874 formidat,
3261 4811 3609 4881 pmdagogunt

2021 4904 2234 4967 metuit,
2263 4916 2369 4956 non
2396 4901 2617 4957 conlidit
2643 4916 2764 4957 esse
2792 4918 2854 4959 se
2886 4903 3108 4957 liberam
3135 4944 3149 4967 ,
3178 4904 3306 4958 licet
3339 4920 3432 4974 per
3458 4915 3612 4958 natu-

2021 5011 2133 5050 ram
2163 4994 2380 5049 domina
2420 4994 2510 5048 sit.
2555 4994 2619 5048 Ει
2646 4994 2942 5049 secundum
2977 5003 3264 5065 utramque
3297 4997 3609 5067 intelligen-

2023 5089 2150 5143 tiam
2172 5102 2274 5158 qna
2304 5096 2509 5141 tutores
2530 5096 2584 5139 et
2606 5095 2839 5151 actores,
2856 5087 2937 5140 vel
2954 5088 3267 5158 prophetas,
3282 5089 3368 5143 vel
3387 5091 3606 5159 angelos

2021 5183 2279 5247 diximus,
2305 5179 2899 5252 parvulusismtamdiu
2913 5179 3015 5235 sub
3045 5181 3321 5235 actoribus
3343 5189 3427 5234 est
3450 5191 3612 5250 atque

2023 5272 2309 5342 tutoribus,
2341 5271 2517 5328 donec
2549 5271 2845 5342 legitimum
2874 5272 3105 5342 perfecti
3136 5273 3239 5326 viri
3272 5282 3485 5340 tempus
3511 5273 3616 5327 im-

2020 5366 2267 5437 pleverit.
2320 5364 2642 5436 Legitimum
2694 5372 2871 5421 autem
2903 5376 3147 5436 tempus,
3181 5367 3319 5422 sicut
3350 5366 3613 5421 Romanis

2018 5459 2251 5532 legibus,
2285 5458 2470 5529 viginti
2494 5459 2738 5530 quinque
2766 5458 3228 5528 annornmSpatio
3262 5458 3607 5526 terminatur,

2022 5556 2091 5611 ita
2115 5554 2183 5611 ad
2207 5552 2427 5609 humani
2452 5551 2668 5624 generis
2683 5551 3079 5624 perfectionem
3093 5550 3296 5608 Christi
3327 5562 3613 5625 reputatur

2002 5752 2259 5839 tlonensis
2281 5751 2501 5839 cppcilri
2530 5752 2720 5839 Patres
2784 5823 2801 5839 λ
2819 5758 2946 5826 μήτε
2976 5757 3249 5814 συνάπτειν
3278 5758 3408 5839 πρὸς
3444 5759 3613 5833 γάμοι)

2015 5825 2271 5902 αἱρετικῷ,
2302 5822 2334 5885 ἢ
2356 5823 2609 5898 Ἰουδαίῳ,
2640 5823 2672 5887 ἧ
2693 5822 2911 5894 Ἐλλήνι,
2938 5835 3043 5883 etc.
