4046 6346
435 299 538 358 871

1691 299 1757 356 s.
1795 267 2079 357 unseen
2111 296 2496 360 ιιιειιοιωιι

3631 297 3765 354 572

437 419 726 474 adventus.
757 418 953 474 Statim
981 424 1039 472 ut
1067 415 1164 472 ille
1187 415 1399 470 venerit
1428 458 1442 483 ,
1475 421 1531 469 et
1551 427 1746 470 omnes
1775 413 1830 470 in
1857 414 2034 469 virum
2062 415 2118 475 Α
2141 412 2362 484 quirant
2385 421 2568 470 utrum
2594 410 2648 467 in
2671 409 2784 468 alio
2834 411 3042 466 mundo
3064 452 3079 479 ,
3125 410 3194 468 de
3220 425 3330 483 quo
3355 409 3606 468 Salvator
3630 413 3755 469 ait:

440 515 743 582 perrectum
773 512 1108 567 creverimus
1132 549 1146 573 ,
1181 508 1507 578 pmdagogus
1536 523 1567 562 a
1600 509 1756 564 nobis
1783 517 2038 580 tutorque

442 604 752 658 discedunt.
794 603 947 657 Tunc
991 600 1318 654 auctoritate
1351 600 1563 654 Domini
1609 611 1663 655 et
1705 600 2037 656 hmretlitatis

446 699 790 765 possessione
817 694 1158 766 perfruentur
1184 735 1200 760 ,
1234 695 1287 748 in
1313 709 1416 765 qua
1451 693 1602 765 prius
1628 695 1740 750 nati
1771 694 2038 766 quodam-

445 791 607 845 modo
637 788 960 859 putabamur
983 787 1170 844 alieni.

510 882 670 956 (Vers
700 882 781 952 5.)
819 880 908 934 Ita
936 892 982 934 et
1008 898 1120 951 nos,
1153 899 1269 937 cum
1297 899 1523 939 essemus
1549 885 1755 956 parvuli
1780 925 1794 949 ,
1823 885 1916 938 sub
1937 883 2040 938 ele-

441 976 620 1029 mentis
641 975 792 1044 hujus
809 973 990 1026 mundi
1001 989 1207 1030 eramus
1219 976 1512 1030 servientes.
1533 975 1810 1030 Elementa
1826 974 2036 1043 mundi,

441 1067 663 1122 eosdem
691 1079 828 1134 quos
849 1080 1013 1135 supra
1034 1074 1244 1121 tutores
1267 1073 1550 1121 etactores
1578 1067 1815 1131 dixerat,
1847 1067 2038 1138 appel-

438 1159 571 1216 lavit
595 1177 608 1213 :
640 1161 784 1230 quod
810 1161 912 1215 sub
941 1159 1078 1230 ipsis
1104 1161 1342 1230 primum
1373 1163 1700 1231 praesidibus
1730 1160 2035 1227 constituti,

439 1253 562 1322 quia
595 1251 826 1306 necdum
862 1250 957 1306 Dei
988 1249 1108 1305 Filii
1133 1266 1335 1321 capere
1364 1253 1432 1306 ad
1466 1267 1576 1308 nos
1601 1262 1922 1322 poteramus
1945 1252 2043 1307 ad-

441 1359 701 1414 ventum,
749 1347 1132 1402 erudiebamur
1172 1347 1226 1401 in
1259 1345 1461 1401 medio.
1506 1347 1767 1402 Nonnulli
1793 1362 1889 1402 eos
1918 1362 2042 1402 esse

437 1441 661 1510 angelos
691 1440 1033 1493 arbitrantur
1060 1479 1076 1503 ,
1137 1439 1227 1508 qui
1257 1451 1492 1507 quatuor
1519 1440 1704 1493 mundi
1750 1439 2042 1496 elementis

441 1532 808 1601 praesideant:
844 1541 1005 1584 terra:
1027 1530 1307 1598 videlicet,
1339 1545 1513 1600 aquae,
1549 1531 1683 1600 igni,
1716 1540 1772 1585 et
1799 1531 1955 1585 aeri:
1989 1539 2046 1586 et

442 1637 671 1678 necesse
692 1639 814 1677 esse
837 1664 850 1686 ,
898 1632 955 1676 ut
996 1623 1316 1691 priuSqnam
1346 1622 1468 1692 quis
1497 1623 1688 1678 credat
1717 1624 1770 1677 in
1803 1623 2041 1692 Christo,

445 1716 554 1769 illis
583 1715 799 1768 arbitris
821 1715 1177 1784 gubernetur.
1212 1713 1503 1769 Elemenla
1545 1715 1736 1770 mundi
1761 1715 1965 1771 cmlum
1989 1723 2044 1770 et

2141 503 2257 577 Ego
2286 522 2389 560 non
2413 522 2530 560 sum
2550 505 2614 560 de
2637 505 2828 560 mundo
2852 505 2954 560 isto
2996 503 3183 574 (Joan.
3212 521 3331 571 vui,
3357 505 3476 578 2'5),
3504 507 3757 574 primum

2142 597 2353 669 parvuli
2378 597 2570 663 simus,
2600 607 2656 653 et
2680 597 2783 653 sub
2804 598 3396 654 elementisinitiorum
3423 598 3751 669 constituti,

2140 689 2399 762 paulatim
2445 689 2804 760 procedamus
2833 689 2906 746 ad
2930 704 3200 745 summum
3228 731 3244 755 ,
3300 699 3357 746 et
3405 690 3752 761 recipiamus

2141 784 2453 855 adoptionis
2477 784 2665 841 locum
2694 799 2859 855 quem
2887 783 3164 854 quondam
3197 783 3505 840 amisimus.

2215 878 2502 950 (γενεαί.)
2539 879 2606 933 At
2645 879 2733 933 ubi
2779 879 2916 933 venit
2962 879 3236 950 plenitudo
3269 878 3515 950 temporis
3541 919 3558 944 ,
3604 879 3758 933 misit

2143 969 2284 1026 Deus
2300 969 2502 1026 Filium
2523 987 2674 1026 suum
2697 976 2891 1042 factum
2903 988 2967 1027 ea:
2983 973 3218 1039 muliere,
3245 973 3447 1043 factum
3461 971 3556 1026 sub
3574 971 3719 1044 Lege
3735 989 3757 1027 :

2143 1074 2200 1119 ut
2244 1081 2329 1120 eos
2363 1067 2452 1137 qui
2499 1065 2592 1122 sub
2621 1064 2755 1136 Lege
2803 1075 2990 1132 erant,
3039 1068 3352 1133 redimeret,
3394 1077 3450 1122 ut
3498 1066 3757 1139 adoptio-

2145 1173 2260 1214 nem
2288 1159 2516 1228 ﬁliorum
2561 1159 2920 1229 reciperemus.
2976 1157 3276 1228 Diligenter
3299 1156 3568 1214 attendite
3591 1158 3751 1230 quod

2145 1265 2254 1304 non
2296 1250 2536 1316 dixerit,
2585 1251 2784 1322 factum
2822 1267 2913 1322 per
2961 1251 3267 1305 mulierem:
3315 1250 3462 1322 quod
3495 1250 3745 1306 Marcion

2146 1353 2202 1400 et
2228 1353 2442 1400 caetera:
2488 1343 2728 1400 haereses
2754 1344 2982 1411 volunt,
3032 1359 3153 1414 qua:
3201 1346 3498 1413 putativam
3528 1342 3750 1401 Christi

2144 1451 2364 1492 carnem
2394 1437 2654 1492 simulant
2696 1455 2710 1491 :
2766 1437 2859 1492 sed
2888 1454 2952 1492 ea:
2991 1438 3224 1503 muliere,
3281 1446 3341 1492 ut
3385 1451 3499 1493 non
3530 1452 3630 1506 per
3681 1439 3762 1493 il-

2147 1530 2284 1596 lam,
2314 1529 2480 1602 m
2509 1531 2601 1582 sed
2652 1547 2716 1584 cx
2769 1531 2856 1584 illa
2900 1538 3058 1584 natus
3109 1544 3234 1585 esse
3277 1529 3555 1584 credatur.
3588 1529 3764 1596 Quod

2147 1635 2329 1679 autem
2362 1633 2606 1678 sanctam
2638 1634 2692 1678 et
2725 1624 2938 1678 beazam
2975 1624 3202 1678 Matrem
3246 1624 3495 1689 Domini,
3543 1623 3760 1679 mulie-

2149 1733 2288 1785 rem,
2315 1733 2421 1774 non
2450 1717 2728 1787 Virginem
2750 1717 3071 1784 nominavit,
3101 1717 3206 1771 hoc
3229 1715 3373 1771 idem
3401 1724 3457 1770 et
3487 1716 3541 1770 in
3565 1714 3760 1770 Evan-

445 1819 669 1875 terram,
696 1820 748 1863 et
770 1826 833 1863 ea
865 1826 982 1879 qua:
1005 1811 1146 1862 intra
1176 1809 1292 1864 haec
1317 1821 1468 1875 sunt,
1500 1808 1750 1880 plerique
1779 1809 2044 1878 appellata
2076 1801 2122 1860 Β
2150 1811 2294 1882 gelio
2320 1813 2455 1867 κατὰ
2478 1813 2736 1866 Ματθαῖον
2777 1811 3040 1880 scriptum
3080 1819 3165 1864 est
3194 1826 3208 1862 :
3238 1808 3456 1880 quando
3484 1824 3622 1864 uxor
3649 1824 3762 1878 ap-

443 1912 673 1971 putant:
703 1902 847 1972 quod
883 1900 1141 1955 videlicet
1170 1901 1367 1965 solem,
1402 1901 1612 1969 lunatn,
1651 1901 1848 1965 tnaria,
1879 1900 2045 1954 silva-

440 2008 582 2056 rum,
616 2002 669 2046 et
701 1991 968 2046 montium
998 1990 1155 2057 deos,
1178 2001 1236 2044 et
1256 1991 1533 2060 sapientes
1546 1991 1797 2056 Gracia,
1826 2000 1884 2044 et
1913 1989 2046 2045 Bar-

443 2086 592 2138 barae
621 2083 891 2148 nationes,
922 2083 1282 2152 Romanique,
1313 2085 1557 2138 omnium
1586 2083 2044 2154 superstitionum

442 2177 656 2230 sentina
679 2221 692 2243 ,
749 2184 1110 2230 venerentur:
1147 2177 1346 2246 quibus
1369 2192 1493 2230 cum
1516 2174 1773 2230 Christus
1801 2177 2043 2243 venerit,

443 2270 768 2335 liberamur,
801 2271 1171 2337 intelligentes
1200 2285 1264 2324 ea
1297 2279 1578 2325 creaturas
1600 2283 1723 2325 esse
1747 2311 1764 2336 ,
1815 2283 1926 2324 non
1949 2287 2050 2324 nu-

445 2365 612 2419 mina.
647 2363 754 2417 Alii
794 2365 1071 2418 elementa
1100 2362 1290 2418 mundi
1314 2403 1330 2428 ,
1381 2363 1580 2434 Legem
1612 2363 2050 2434 interpretantur

446 2458 616 2530 Moysi
644 2467 698 2512 et
721 2457 936 2527 eloquia
967 2456 1356 2526 prophetarum
1393 2475 1407 2511 :
1441 2457 1590 2528 quod
1622 2472 1720 2528 per
1748 2457 1866 2514 haec
1893 2457 2049 2528 quasi

447 2552 602 2607 initia
625 2559 677 2604 et
699 2550 924 2605 exordia
943 2550 1272 2618 litterarum,
1295 2550 1388 2606 Dei
1416 2554 1692 2617 timorem,
1721 2555 1813 2622 qui
1837 2551 2053 2622 sapien-

445 2645 539 2701 tia:
562 2643 888 2715 principium
915 2652 1022 2708 est,
1057 2644 1448 2714 suscipiamus.
1477 2644 1725 2715 Denique
1751 2646 1817 2699 ad
1841 2662 1937 2700 eos
1961 2647 2054 2717 qui

445 2739 556 2808 jam
584 2737 987 2793 deberentesse
1003 2737 1252 2808 perfecti,
1283 2747 1340 2794 et
1355 2738 1871 2810 veritateneglecta,
1889 2739 2056 2814 448

448 2831 627 2885 adhuc
673 2829 1086 2900 disoiplinarum
1140 2830 1420 2901 principiis
1452 2831 1834 2899 inhaerebant,
1866 2836 2056 2890 scribit

450 2921 509 2976 in
530 2921 771 2991 Epistola
804 2921 870 2976 ad
898 2922 1159 2978 Hebraeos
1189 2924 1489 2994 Apostolus
1529 2942 1542 2980 :
1575 2924 1787 2982 Etenim
1817 2944 1936 2982 cum
1965 2930 2057 2983 de-

451 3016 632 3070 beretis
661 3032 767 3070 esse
796 3017 1037 3087 magistri
1063 3028 1275 3090 prapter
1305 3026 1541 3089 tempus,
1593 3035 1806 3076 rursum
1848 3038 2056 3076 necesse

450 3107 649 3161 habetis
690 3117 743 3161 ut
781 3108 1072 3162 doceamtni
1093 3126 1213 3180 qua:
1236 3110 1342 3166 sint
1381 3114 1636 3168 elementa
1661 3115 1912 3187 principii
1940 3131 2052 3170 ser-

453 3216 668 3254 mortth
692 3200 786 3254 Dei
810 3201 1060 3272 (Hebmt,
1088 3202 1204 3275 12).
1231 3203 1558 3260 Econtrario
1579 3206 1742 3261 nobis
1769 3205 1936 3277 objici
1959 3224 2055 3277 po-
2080 3187 2128 3252 c

453 3303 580 3362 test,
611 3294 757 3364 quod
780 3296 848 3349 ad
861 3296 1218 3352 Colossenses
1243 3296 1452 3354 Paulus
1483 3299 1770 3368 apostolus
1783 3300 2054 3368 scribens,

452 3388 722 3442 elementa
755 3390 938 3444 mundi
970 3389 1072 3444 alia
1098 3393 1464 3460 nuncuparit:
1527 3391 1734 3457 Videte,
1759 3393 1972 3459 dicens,
1998 3410 2059 3448 ne

454 3483 571 3553 quis
596 3500 684 3538 vos
715 3484 1038 3556 deprtedetur
1065 3500 1155 3552 per
1176 3484 1564 3556 philosophiam
1591 3525 1608 3550 ,
1658 3493 1704 3538 et
1732 3485 1943 3540 inanem
1973 3487 2061 3540 de-

457 3576 1056 3645 ceptionem,secundum
1077 3575 1415 3629 traditionem
1435 3574 1706 3629 hominum
1729 3591 1747 3628 :
1777 3576 2060 3630 secundum

454 3666 705 3719 elementa
746 3664 925 3718 mundi
951 3705 966 3730 ,
999 3672 1046 3716 et
1072 3679 1176 3717 non
1205 3665 1492 3718 secundum
1518 3662 1783 3718 Christum
1812 3663 2058 3734 (Coloss.

455 3774 515 3825 ll,
547 3758 627 3826 8).
659 3757 767 3813 Sed
793 3773 862 3813 ex
884 3772 953 3811 eo
983 3757 1130 3824 quod
1160 3756 1396 3822 addidit,
1425 3755 2061 3813 secundumtraditionem

457 3852 746 3916 hominum,
772 3858 817 3903 et
838 3850 1045 3902 inanem
1067 3849 1442 3919 deceptionem,
1469 3849 1714 3905 Ostendit
1739 3865 1850 3905 non
1870 3852 2061 3908 eadem

461 3943 728 3997 elementa
752 3941 816 3993 ad
840 3941 1198 3997 Colossenses
1229 3952 1285 3997 et
1309 3942 1376 3998 ad
1407 3942 1629 3999 Galatas
1657 3942 1954 4000 nominari.
1977 3945 2064 4001 Ab

465 4039 546 4090 his
599 4037 796 4104 quippe
847 4035 1138 4089 elementis
1198 4047 1487 4106 postquam
1538 4038 1753 4092 venerit
1798 4041 2065 4110 temporis

459 4127 739 4197 plenitudo
765 4127 1105 4192 redimimur,
1120 4128 1253 4184 etad
1269 4130 1473 4199 majora
1490 4129 1801 4201 gradientes
1815 4131 2066 4202 adoptio-

459 4235 582 4274 nem
609 4219 908 4286 recipimus
937 4218 1196 4275 liliorum.
1230 4222 1313 4276 Ab
1340 4222 1450 4278 illis
1467 4237 1600 4278 vero
1622 4223 1761 4279 nihil
1793 4223 1901 4281 tale
1930 4225 2063 4282 dici-

464 4321 552 4365 tur
573 4310 699 4380 quid
728 4321 1023 4380 Sequatur;
1055 4313 1484 4384 scdsimplicitcr
1499 4315 1773 4372 elementa
1801 4333 1901 4388 pro
1924 4319 2069 4375 litte-

464 4405 538 4458 ris
565 4404 921 4473 accipiuntur.
942 4406 1130 4461 Potest
1150 4407 1333 4478 igitur,
1349 4420 1406 4464 ut
1427 4409 1687 4476 diximus,
1702 4411 1870 4484 Moysi
1885 4411 1993 4468 Lex
2013 4425 2068 4469 et

466 4501 743 4568 propheta:
759 4516 857 4570 pro
873 4501 1160 4557 elementis
1172 4504 1344 4572 accipi
1359 4504 1688 4569 litterarum,
1705 4507 1848 4577 quod
1865 4523 1962 4578 per
1975 4523 2066 4562 eas

467 4592 1076 4662 syllaba:jnnganturet
1105 4597 1340 4660 nomina,
1375 4607 1429 4651 et
1460 4606 1487 4634 ει
1513 4613 1620 4652 non
1643 4606 1750 4653 tam
1770 4599 1877 4667 sui,
1900 4615 2063 4671 quam
2094 4578 2148 4638 D

464 4684 699 4738 alterius
719 4687 796 4739 rei
819 4685 1051 4740 utilitate
1069 4685 1377 4742 discantur:
1405 4699 1457 4742 ut
1475 4690 1746 4759 possimus
1760 4691 2064 4748 orationem

466 4780 646 4848 legere
669 4789 1007 4846 cmitextatn,
1025 4781 1077 4834 in
1103 4797 1205 4852 qua
1236 4797 1434 4838 sensus
1457 4785 1627 4855 magis
1642 4794 1699 4840 et
1724 4785 2065 4842 ordoverbo-

462 4886 583 4924 rum
624 4886 784 4938 quam
817 4870 1116 4926 litterarum
1151 4873 1412 4944 principia
1441 4874 1880 4931 considerantur.
1907 4877 2060 4946 Quod

463 4972 643 5018 autem
659 4964 854 5033 Legem
877 4973 934 5020 et
951 4963 1271 5034 prophetas,
1298 4967 1568 5022 elementa
1593 4968 1777 5023 mundi
1796 4968 2060 5039 interpre-

461 5057 558 5111 tati
581 5073 790 5125 sumus,
811 5059 1042 5113 mundus
1066 5076 1166 5126 pro
1193 5059 1387 5129 bisqui
1411 5061 1460 5114 in
1485 5061 1686 5117 mundo
1711 5073 1860 5130 sunt,
1886 5065 2058 5132 accipi

462 5149 627 5216 solet,
645 5149 835 5204 eodem
851 5149 1020 5203 Paulo
1038 5149 1282 5204 dicente:
1316 5149 1456 5206 Deus
1475 5161 1580 5205 erat
1597 5154 1649 5206 in
1664 5152 1888 5219 Christo,
1907 5173 2060 5209 mun-

462 5241 587 5294 dum
609 5239 950 5294 reconcilians
969 5241 1064 5294 sibi
1089 5240 1162 5310 (ll
1195 5239 1317 5295 Car.
1341 5259 1394 5310 v,
1428 5243 1506 5312 9).
1545 5244 1614 5300 Et
1647 5245 1701 5300 in
1724 5244 2059 5318 Evangelio:

469 5333 534 5384 Iz't
554 5333 777 5386 mundus
790 5350 880 5404 per
896 5349 1011 5387 cum
1021 5334 1187 5404 factus
1200 5347 1294 5398 est,
1320 5345 1365 5388 et
1380 5337 1603 5392 mundus
1620 5354 1736 5392 eum
1756 5357 1858 5395 non
1880 5342 2061 5414 recipit

463 5425 644 5493 (.loan.
668 5428 743 5492 χ).
775 5427 1015 5494 Quidam
1057 5429 1220 5482 etiam
1260 5428 1313 5483 in
1347 5430 1438 5485 illa
1468 5431 1697 5488 liberius
1722 5445 2054 5506 evagantur:

466 5536 518 5570 ut
549 5519 673 5590 quia
703 5519 813 5575 Lex
851 5522 1098 5575 umbram
1128 5520 1292 5577 habet
1312 5520 1620 5580 futurorum
1651 5526 1945 5596 bonorum,
1971 5545 2058 5586 re-

537 5710 562 5736 ιι
595 5700 768 5755 Palat.
799 5717 928 5767 tns.,
950 5713 998 5755 et
1028 5719 1129 5756 non
1153 5715 1258 5758 tam
1276 5705 1494 5767 alterius
1516 5707 1590 5760 rei
1601 5708 1824 5766 utilitate
1843 5712 2055 5771 discan-

471 5781 555 5829 tur
586 5786 738 5840 quam
765 5782 817 5824 ut
846 5788 1127 5840 possemus,
1163 5784 1268 5830 etc.

2153 1903 2389 1973 pellatur
2419 1903 2625 1972 Joseph
2669 1901 2825 1974 (Luc.
2868 1905 2966 1972 ιι),
3001 1911 3058 1958 et
3085 1903 3154 1957 ab
3185 1902 3306 1972 ipso
3333 1901 3568 1958 Domino
3593 1903 3764 1972 quasi

2151 1995 2352 2051 mulier
2380 1998 2696 2065 increpatur
2727 1994 2913 2068 (Joan.
2945 1993 3026 2066 ιι).
3057 1993 3176 2050 Non
3208 1995 3354 2049 enim
3385 2008 3608 2049 necesse
3635 2001 3770 2050 erat

2149 2103 2369 2158 semper
2399 2088 2553 2158 quasi
2582 2098 2743 2144 caute
2779 2098 2834 2144 et
2877 2087 3064 2142 timide
3087 2087 3364 2156 Virginem
3393 2086 3597 2152 dicere,
3626 2101 3765 2141 cum

2151 2183 2354 2238 mulier
2383 2198 2575 2240 sexum
2617 2183 2789 2255 magis
2815 2183 3089 2254 signiticet
3118 2198 3281 2253 quam
3313 2182 3566 2254 copulam
3606 2181 3718 2237 viri
3748 2199 3762 2237 :

2151 2284 2208 2330 et
2271 2276 2570 2331 secundum
2609 2277 3031 2348 intelligentiam
3077 2275 3407 2341 Graecitatis,
3447 2281 3574 2348 γυνὴ
3642 2285 3765 2330 tam

2155 2381 2316 2433 uxor,
2373 2383 2534 2438 quam
2599 2368 2796 2422 mulier
2853 2366 3033 2422 valeat
3091 2367 3460 2438 interpretari.
3523 2365 3630 2423 Sed
3702 2374 3771 2422 ut

2155 2466 2347 2513 cuncta
2386 2468 2708 2528 prmtereatn
2751 2477 2767 2513 :
2808 2457 3082 2527 quomodo
3121 2458 3224 2514 sub
3254 2459 3372 2529 lege
3413 2457 3586 2513 factus
3624 2467 3722 2514 est
3746 2502 3762 2526 ,

2155 2560 2219 2605 ut
2290 2567 2390 2607 eos
2463 2553 2554 2622 qni
2606 2552 2709 2608 sub
2781 2551 2899 2621 lege
2970 2559 3150 2616 erant,
3228 2551 3528 2606 redimeret
3595 2568 3608 2604 :
3678 2551 3768 2608 sic

2157 2653 2378 2714 propter
2436 2644 2560 2700 illos
2615 2645 2708 2715 qui
2751 2645 2863 2699 nati
2911 2654 3070 2698 erant
3125 2659 3194 2698 ex
3249 2644 3502 2712 muliere,
3534 2658 3598 2698 ex
3629 2660 3767 2700 mu-

2155 2737 2294 2794 liere
2329 2737 2477 2793 nasci
2523 2737 2716 2792 voluit.
2764 2735 2898 2792 Nam
2947 2745 3004 2792 et
3030 2735 3364 2806 baptismum
3403 2737 3456 2791 in
3499 2735 3769 2793 Jordanis

2156 2831 2363 2887 ﬂuento
2382 2831 2591 2887 idcirco
2619 2829 2777 2902 quasi
2805 2830 3099 2900 paenitens,
3130 2845 3252 2884 cum
3285 2839 3483 2886 esseta
3514 2830 3768 2900 peccatis

2160 2924 2321 2992 liber,
2351 2925 2566 2996 accepit
2592 2943 2605 2978 :
2634 2935 2696 2979 ut
2725 2933 2956 2980 caeteros
2973 2923 3232 2980 edoceret
3262 2922 3606 2976 mandandos
3634 2938 3772 2978 esse

2160 3035 2254 3089 per
2286 3019 2644 3088 baptismum,
2675 3026 2732 3073 et
2765 3019 2824 3073 in'
2847 3016 2992 3072 ﬁlios
3019 3032 3161 3071 nova
3192 3016 3432 3086 Spiritus
3463 3015 3774 3086 adoptione

2158 3113 2432 3183 generari.
2467 3110 2626 3180 Quod
2655 3125 3001 3181 nequaquam
3040 3108 3356 3179 intelligens
3392 3108 3632 3165 Joannes
3663 3109 3776 3164 Ba-

2162 3206 2326 3276 ptista
2348 3250 2364 3274 ,
2411 3221 2534 3262 eum
2579 3206 2643 3259 ad
2679 3205 2958 3259 lavacrum
2991 3202 3319 3272 prohibebat
3345 3203 3635 3267 accedere,
3677 3203 3773 3257 di-

2161 3313 2331 3353 cens:
2362 3298 2476 3370 Ego
2515 3314 2548 3351 a
2587 3306 2634 3350 te
2675 3297 2830 3350 debeo
2873 3295 3125 3366 baptizari
3169 3292 3353 3365 (.llatt.
3405 3309 3494 3361 In,
3545 3294 3658 3364 14).
3695 3297 3777 3351 Et

2162 3393 2344 3446 statim
2372 3400 2774 3446 sacramentum
2806 3389 2914 3462 [ΑΙ.
2940 3388 3312 3461 sacramento]
3337 3387 3602 3443 docetur:
3637 3388 3779 3444 Sine

2161 3484 2318 3538 modo
2350 3499 2370 3537 :
2399 3485 2471 3537 sic
2493 3483 2630 3536 enim
2663 3483 2802 3538 decet
2829 3499 2921 3536 nos
2947 3482 3230 3553 adimplere
3253 3499 3455 3538 omnem
3479 3483 3772 3554 justitiam,

2162 3591 2232 3630 ne
2269 3576 2363 3646 qui
2391 3582 2460 3629 ob
2507 3575 2793 3630 hominum
2825 3579 3058 3633 salutem
3098 3589 3350 3643 venerat,
3381 3578 3590 3651 aliquid
3634 3578 3704 3635 de
3742 3580 3773 3620 ¹ι

2163 3670 2580 3725 conversatione
2638 3671 2918 3728 hominum
2963 3676 3292 3744 prazteriret.
3353 3676 3575 3743 Quaerat
3613 3675 3772 3745 quis-

2163 3764 2331 3834 piam,
2353 3774 2409 3819 ct
2433 3763 2581 3819 dicat
2611 3782 2625 3820 :
2655 3765 2711 3823 Si
2745 3768 2873 3823 ideo
2905 3767 3006 3824 sub
3037 3768 3179 3840 Lege
3213 3767 3386 3824 lactus
3429 3779 3538 3833 est,
3579 3780 3636 3824 ut
3666 3785 3772 3824 eos

2165 3858 2255 3928 qui
2286 3857 2386 3912 sub
2414 3858 2554 3924 Lege
2582 3868 2778 3927 erant,
2813 3859 3153 3916 redimeret:
3186 3861 3330 3931 quod
3363 3861 3621 3916 videlicet
3663 3862 3776 3916 im-

2169 3948 2430 4017 possibile
2466 3949 2634 4004 l‘uerit
2664 3950 2858 4006 redimi
2890 3967 2987 4006 eos
3015 3952 3108 4022 qui
3139 3961 3294 4006 erant
3325 3952 3426 4006 sub
3456 3952 3625 4021 Lege,
3661 3956 3772 4008 nisi

2170 4040 2354 4096 laetus
2382 4040 2575 4094 fuisset
2617 4043 2736 4110 ipse
2774 4042 2874 4096 sub
2913 4042 3102 4112 Lege:
3137 4048 3230 4096 aut
3258 4043 3376 4097 sine
3405 4042 3551 4112 Lege
3595 4042 3777 4096 factus

2170 4144 2281 4200 est,
2314 4145 2372 4190 ut
2404 4135 2697 4190 redimeret
2730 4152 2846 4199 eos,
2877 4139 2967 4207 qui
2999 4137 3100 4191 sub
3122 4136 3263 4207 Lege
3293 4153 3398 4191 non
3443 4148 3600 4193 erant
3629 4156 3641 4192 :
3677 4149 3775 4194 aut

2172 4227 2217 4282 si
2252 4244 2356 4281 non
2382 4236 2469 4282 est
2493 4227 2668 4282 lactus
2695 4229 2815 4296 ipse
2837 4231 2956 4284 sine
2984 4229 3149 4300 Lege,
3183 4244 3286 4284 non
3314 4230 3531 4286 redimit
3553 4247 3648 4287 cos
3675 4236 3770 4304 qui

2172 4317 2272 4373 sub
2298 4316 2442 4389 Lege
2468 4333 2575 4372 non
2601 4317 2836 4374 fuerant.
2865 4321 3021 4386 Quod
3054 4321 3100 4376 si
3131 4321 3389 4392 possibile
3411 4331 3532 4377 erat
3553 4337 3649 4378 eos
3675 4326 3770 4393 qui

2171 4410 2290 4466 sine
2329 4411 2473 4482 Lege
2509 4423 2696 4477 erant,
2730 4411 2957 4478 redimi;
2998 4413 3070 4468 ita
3106 4424 3164 4467 ut
3194 4413 3314 4468 sine
3341 4414 3486 4482 Lege
3518 4414 3632 4484 ipse
3661 4433 3768 4470 non

2175 4502 2330 4558 ﬁeret
2359 4521 2374 4558 :
2405 4519 2535 4574 ergo
2563 4504 2836 4574 superﬂue
2867 4506 2969 4561 sub
2998 4507 3143 4576 Lege
3174 4505 3351 4560 factus
3382 4515 3503 4574 est;
3535 4517 3592 4562 ut
3623 4509 3769 4564 reni-

2175 4606 2346 4651 meret
2374 4611 2470 4652 eos
2497 4599 2591 4667 qui
2625 4599 2727 4652 sub
2758 4598 2904 4667 Lege
2927 4609 3104 4653 erant.
3140 4599 3392 4654 Breviter
3419 4600 3598 4656 solvet
3629 4601 3767 4654 hanc

2167 4689 2525 4758 quaestionem
2545 4731 2559 4755 ,
2584 4691 2629 4745 si
2654 4689 2777 4761 quis
2809 4690 2905 4744 illo
2936 4699 3121 4746 utatur
3146 4691 3396 4762 exemplo
3425 4709 3437 4745 :
3470 4703 3518 4746 et
3551 4711 3666 4746 cum
3689 4696 3768 4748 his

2165 4785 2253 4854 qui
2284 4785 2394 4839 sine
2417 4783 2552 4857 Lege
2571 4794 2738 4853 erant,
2763 4794 3031 4858 reputatus
3053 4794 3146 4839 est.
3172 4785 3308 4840 Nam
3334 4786 3462 4841 licet
3487 4787 3539 4840 in
3561 4787 3766 4843 Latinis

2163 4879 2449 4935 codicibus
2495 4888 2713 4949 pr0pter
2759 4880 3168 4947 simplicitatem
3213 4881 3575 4950 interpretum
3625 4883 3767 4935 male

2165 4973 2367 5030 editum
2402 4974 2470 5027 sit
2496 4990 2509 5026 :
2542 4973 2607 5027 Et
2638 4990 2754 5027 cum
2782 4974 2975 5045 iniquis
3005 4983 3274 5046 reputatus
3303 4987 3376 5028 est
3424 4974 3584 5046 (Luc.
3617 4991 3728 5030 χχιι
3749 5017 3762 5040 ,

2171 5068 2294 5134 57);
2331 5075 2510 5121 tamen
2541 5066 2826 5120 sciendum
2859 5066 3010 5122 aliud
3042 5067 3184 5137 apud
3209 5067 3434 5124 Grucos
3456 5069 3764 5136 signiﬁcare

2168 5158 2376 5232 ἄνομον,
2407 5159 2550 5230 quod
2578 5160 2663 5214 hic
2687 5160 2951 5229 scriptum
2981 5171 3101 5227 est;
3128 5163 3274 5218 aliud
3298 5161 3503 5230 ἄδικον,
3539 5163 3681 5233 quod
3711 5163 3762 5217 in

2167 5251 2384 5307 Latinis
2430 5251 2798 5307 voluminibus
2843 5253 3094 5310 habetur.
3128 5253 3347 5328 Ἀνομος
3391 5255 3537 5309 enim
3563 5255 3763 5310 dicitur

2164 5346 2280 5413 ille,
2327 5347 2416 5416 qui
2449 5345 2570 5400 sine
2619 5345 2737 5416 lege
2788 5355 2896 5415 est,
2947 5358 3002 5404 et
3058 5349 3207 5404 nullo
3253 5347 3422 5420 450
3458 5348 3581 5419 jure
3630 5363 3762 5402 con—

2165 5440 2470 5510 stringitur.
2513 5438 2710 5502 usus;
2750 5456 2878 5497 vero
2901 5443 3146 5514 iniquus,
3179 5441 3570 5512 siveinjustus.
3605 5439 3757 5496 Unde

2163 5541 2219 5588 et
2271 5532 2392 5602 ipse
2436 5534 2736 5604 Apostolus
2787 5535 2842 5589 in
2886 5536 2996 5591 alio
3048 5536 3169 5591 loco
3213 5552 3227 5588 :
3268 5550 3389 5589 eum
3432 5550 3536 5588 non
3560 5549 3758 5600 essent,

2236 5712 2264 5751 ὶ)
2292 5713 2766 5792 Fortasseverius
2795 5715 2848 5770 in
2881 5713 3004 5771 uno’
3019 5715 3291 5786 Palatino,
3317 5716 3380 5771 de
3405 5719 3760 5786 conversione,

2172 5800 2270 5856 pro
2293 5793 2689 5840 conversatione.
