4046 6392
1372 80 2277 108 ___________.....—

339 372 459 431 375

858 369 1507 427 CUMMENTARIORUM
1546 369 1610 425 IN
1651 370 2043 429 EPISTOLAM
2080 372 2175 428 AD
2216 371 2537 430 GALATAS
2576 374 2702 430 LIB.
2747 374 2811 430 ll.
2853 375 3009 432 CAP.
3050 377 3141 433 ιν.

3543 362 3648 435 5³η

346 487 462 554 ait,
492 487 603 542 sine
637 484 779 558 Lege
812 483 950 549 Dei;
975 486 1067 539 sed
1096 486 1150 539 in
1182 483 1320 555 Lege
1347 500 1511 540 essem
1533 481 1731 538 Christi
1753 483 1798 557 (Ι
1828 482 1953 541 Cor.
1982 490 2039 553 Α
2061 486 2338 543 vocabulis
2374 488 2741 560 personisque
2779 490 3139 556 dissentiant,
3165 490 3470 547 substantia
3501 498 3655 547 ustu-

350 578 468 651 rs):
517 588 573 634 et
614 586 768 633 certe
804 575 861 631 itt
908 576 1012 631 hoc
1041 590 1278 646 ,quoque
1321 576 1638 632 testimonio
1683 573 1871 650 ἄνομος
1899 577 1955 632 in

353 674 548 731 Graeco
579 671 844 742 scriptum
877 678 995 736 est;
1038 678 1094 724 et
1122 670 1213 741 qui
1256 668 1348 725 hic
1390 669 1532 726 bene
1562 670 1957 742 interpretatus

352 776 463 834 est,
489 765 667 837 potuit
690 764 835 819 idem
858 763 1085 818 verbum
1109 770 1165 817 et
1185 761 1260 817 ibi
1280 762 1533 819 similiter
1563 763 1913 835 interpretari
1941 782 1954 818 :

355 860 468 915 nisi
501 873 626 914 eum
673 855 1000 927 ambiguitas
1029 854 1343 911 fefellisset.
1390 854 1550 911 Alius
1594 871 1728 913 vero
1778 857 1956 927 ipsum

354 952 584 1009 verbum
606 991 622 1019 ,
656 950 958 1015 redimeret,
992 948 1207 1003 acutius
1237 947 1577 1015 intuebitur;
1606 958 1661 1004 et
1687 949 1833 1004 dicet
1861 964 1958 1005 eos

360 1043 666 1116 signiﬁcari
694 1040 1034 1112 redemptos,
1059 1038 1155 1112 qui
1172 1040 1409 1111 primum
1436 1040 1505 1095 de
1530 1040 1626 1095 Dei
1656 1051 1806 1111 parte
1836 1039 1957 1096 fue-

357 1137 495 1204 rint,
524 1146 579 1191 et
610 1144 794 1206 postea
838 1148 966 1190 esse
996 1138 1339 1189 cessaverint
1371 1150 1383 1188 :
1418 1134 1542 1189 illos
1566 1148 1701 1189 vero
1730 1133 1824 1202 qui
1855 1134 1960 1189 sub

360 1231 505 1301 Lege
527 1245 633 1284 non
660 1227 885 1294 fuerint,
910 1243 1021 1283 non
1051 1235 1159 1281 tam
1188 1227 1417 1296 redimi,
1452 1244 1612 1296 quam
1636 1228 1767 1284 emi.
1806 1227 1957 1285 Unde

355 1337 413 1381 ct
442 1325 510 1379 ad
543 1322 882 1390 Corinthius,
914 1322 971 1377 in
995 1322 1194 1394 quibus
1219 1321 1543 1377 audiebatur
1574 1320 1883 1390 fornicatio,
1905 1330 1961 1378 et

355 1418 485 1472 talis
559 1416 858 1472 fornicatio
919 1430 1043 1485 qua:
1116 1429 1187 1469 ne
1252 1414 1403 1470 inter
1469 1414 1673 1471 Gentes
1735 1415 1958 1486 quidem

357 1510 526 1580 (Ibid.
567 1509 649 1581 v),
669 1509 935 1565 scribitur
959 1526 974 1565 :
1000 1506 1179 1562 Pretio
1197 1508 1353 1579 empti
1370 1508 1514 1576 estis,
1539 1522 1647 1563 non
1672 1508 1958 1576 redempti:

354 1604 460 1659 sub
482 1603 630 1674 Lege
651 1602 856 1673 quippe
885 1615 997 1656 non
1030 1598 1270 1655 fuerant.
1298 1598 1616 1668 Recipimus
1640 1599 1802 1669 igitur
1827 1598 1959 1653 ado-

355 1697 603 1767 ptionem
631 1692 879 1748 ﬁliorum
925 1690 1022 1746 Dei
1055 1705 1069 1745 :
1100 1700 1157 1746 et
1202 1689 1476 1758 redempti
1507 1706 1539 1744 a
1570 1689 1784 1745 Christo
1807 1734 1820 1759 ,
1857 1689 1960 1746 sub

356 1789 629 1846 servitute
656 1789 1055 1844 elementorum
1086 1784 1275 1840 mundi
1305 1793 1362 1839 et
1400 1792 1642 1840 tutorum
1689 1793 1959 1855 potestate

2060 596 2229 652 raque
2268 580 2476 637 sociata
2504 593 2633 637 sunt
2663 600 2678 636 :
2704 592 2761 638 et
2801 582 3180 640 indidereuter
3234 582 3381 639 idem
3412 582 3654 653 Spiritus

2058 675 2130 731 ob
2171 686 2380 731 natura:
2424 676 2780 743 societatem,
2827 690 2972 732 nunc
3018 676 3205 732 Patris
3250 676 3456 733 dicitur
3504 686 3654 744 esse,

2059 769 2771 840 nunchiLArgumc-ntum
2801 780 2982 827 autem
3005 786 3114 842 quo
3128 785 3380 827 asserere
3398 780 3653 840 conatur,

2058 877 2159 919 nos
2184 862 2295 933 jam
2328 880 2436 919 non
2463 878 2585 920 esse
2610 865 2712 920 sub
2738 864 2916 935 Lege,
2957 864 3055 920 sed
3085 863 3187 920 sub
3228 864 3403 936 gratia
3439 865 3651 921 Domini

2058 954 2212 1023 Jesu,
2240 954 2330 1009 tali
2354 956 2462 1012 ﬁne
2504 956 2803 1012 concludit.
2838 957 3104 1027 Superius
3153 956 3405 1025 dixerat,
3436 963 3490 1011 ut
3526 957 3656 1011 ado-

2060 1050 2284 1120 ptionem
2304 1050 2539 1119 ﬁliorum
2582 1050 2924 1121 reciperentur
2949 1064 2967 1103 :
2997 1064 3142 1105 nunc
3173 1048 3269 1105 Dei
3296 1064 3423 1107 esse
3454 1063 3557 1105 nos
3585 1050 3653 1105 il-

2059 1141 2184 1209 lios,
2210 1157 2278 1199 ex
2301 1143 2499 1212 spiritu
2521 1142 2719 1214 probat
2743 1158 2906 1213 quem
2931 1142 3197 1199 habemus
3223 1144 3276 1198 in
3300 1142 3657 1199 nobis.Nunt-

2059 1250 2220 1306 quam
2250 1234 2420 1302 enim,
2447 1235 2642 1305 inquit,
2678 1234 3009 1290 auderemus
3035 1236 3218 1292 dicere
3245 1253 3259 1291 :
3292 1234 3454 1292 Pater
3483 1242 3658 1293 noster

2060 1328 2149 1399 qui
2187 1344 2239 1382 es
2280 1328 2337 1382 in
2375 1328 2519 1383 etelis
2543 1343 2560 1380 :
2584 1326 2963 1396 Sanctiﬁcetur
3004 1344 3189 1383 nomen
3228 1338 3412 1399 tuum,
3443 1330 3547 1385 nisi
3589 1328 3661 1386 de

2061 1418 2398 1474 conscientia
2450 1418 2689 1489 Spiritus
2720 1418 3019 1473 habitantis
3057 1419 3115 1473 in
3156 1420 3349 1484 nobis,
3382 1430 3437 1476 et
3465 1434 3660 1489 magna

2062 1524 2323 1565 sensuum
2370 1518 2428 1565 et
2460 1510 2774 1579 dogmatum
2800 1525 2938 1565 voce
2963 1509 3241 1565 clamante
3266 1527 3279 1563 :
3311 1510 3476 1575 Abba,
3500 1508 3662 1566 Pater

2061 1602 2238 1675 (Rom.
2267 1619 2388 1669 vm,
2420 1602 2529 1675 15).
2561 1605 2711 1660 Abba
2735 1604 3070 1660 Hebraicum
3099 1614 3205 1673 est,
3227 1604 3464 1674 idipsum
3492 1604 3665 1675 signi-

2062 1697 2233 1752 ﬁcans
2259 1696 2406 1767 quod
2434 1707 2489 1753 et
2508 1697 2690 1752 Pater.
2724 1699 2792 1753 Et
2816 1699 2956 1754 hanc
2978 1697 3439 1755 consuetudinem
3461 1698 3514 1754 in
3544 1699 3663 1767 plu-

2066 1788 2220 1845 ribus
2250 1791 2383 1845 locis
2415 1789 2698 1858 Scriptura
2729 1801 3057 1858 conservat,
3091 1801 3152 1847 ut
3178 1791 3510 1848 llebraicum
3538 1806 3668 1849 ver-

355 1896 480 1940 esse
505 1881 848 1937 desistimus.
881 1877 1173 1953 Quomodo
1218 1887 1398 1931 autem
1431 1876 1575 1931 inter
1606 1876 1880 1931 redimere
1907 1882 1963 1931 et
1990 1885 2039 1946 Β
2066 1883 2192 1940 bunt
2216 1899 2337 1939 cum
2368 1884 2824 1955 interpretatione
2870 1900 2972 1940 sua
3022 1894 3210 1956 ponat.
3242 1884 3569 1950 Bartimeus,
3600 1882 3668 1955 ﬁ-

355 1988 547 2032 emere
572 1973 704 2044 quid
736 1973 1053 2035 interesset,
1081 1967 1448 2037 ostendimus,
1472 1967 1556 2022 sic
1576 1965 1701 2037 quid
1722 1967 1796 2021 sit
1818 1968 1959 2023 inter

355 2068 632 2137 accipere,
666 2075 720 2122 et
751 2064 1004 2134 recipere
1034 2059 1387 2130 adoptionem
1414 2058 1678 2127 filiorum,
1706 2058 1963 2115 conside-

359 2175 571 2218 remus.
1350 2167 1380 2193 ⁸

437 2253 619 2327 (Vers.
644 2250 728 2320 6.)
757 2249 1023 2315 Quoniam
1045 2257 1215 2302 autem
1242 2246 1365 2301 estis
1392 2245 1490 2312 ﬁlii
1520 2243 1636 2315 Dei,
1661 2245 1799 2299 misit
1820 2243 1962 2300 Deus

360 2344 609 2415 spiritum
635 2341 769 2398 Filii
813 2341 896 2395 sui
926 2343 981 2395 in
1003 2339 1166 2395 corda
1207 2349 1386 2393 nostra
1425 2336 1764 2401 clamantem,
1795 2334 1960 2403 Abba,

359 2437 549 2494 Pater.
579 2434 872 2492 Manifesta
898 2435 1184 2504 apostolus
1219 2431 1420 2488 Paulus
1463 2439 1576 2486 tres
1616 2429 1842 2497 Spiritus
1867 2446 1966 2485 no-

362 2533 557 2595 minat,
587 2528 853 2599 Spiritqu
883 2527 1013 2582 Filii
1043 2526 1164 2593 Dei,
1198 2525 1334 2581 utin
1362 2523 1628 2596 prarsenti
1648 2524 1793 2591 loco,
1819 2522 1965 2578 Misit

361 2624 508 2682 Deus
537 2622 801 2695 Spiritum
830 2617 963 2674 Filii
992 2620 1046 2673 in
1070 2618 1230 2673 corda
1258 2626 1437 2671 nostra
1474 2615 1649 2690 (Rom.
1678 2630 1772 2669 vttt
1791 2659 1806 2683 ,
1843 2613 1959 2685 14).

362 2717 433 2773 Ει
462 2713 730 2785 Spiritum
779 2712 914 2779 Dei,
965 2721 1025 2766 ut
1066 2712 1121 2766 in
1170 2710 1265 2765 illo
1299 2727 1314 2765 :
1346 2709 1604 2780 Quotquot
1632 2708 1838 2779 Spiritu
1866 2705 1969 2762 Dei

363 2808 682 2882 aguntur,lti
706 2806 804 2877 ﬁlii
834 2805 1088 2861 Deisunt.
1115 2806 1179 2885 Et
1201 2804 1468 2874 Spiritum
1490 2802 1923 2858 sanctum‘utibi
1950 2819 1964 2857 :

368 2899 604 2972 Corpora
633 2908 801 2953 vestra
831 2898 1081 2966 templum
1109 2896 1276 2951 sancti
1317 2896 1549 2968 Spiritus
1576 2902 1726 2961 sunt,
1766 2895 1854 2962 qui
1893 2902 1970 2948 est

365 2996 426 3052 in
454 2993 594 3050 vobis
614 2994 660 3066 (l
687 2991 811 3049 Cor.
843 3007 917 3057 νι,
943 2990 1060 3060 19).
1095 2990 1280 3045 Alium
1309 3000 1490 3043 autem
1518 2996 1762 3043 sanctum
1792 2985 1967 3056 Spiri-

366 3101 486 3146 tum
511 3102 637 3147 esse
664 3101 824 3158 quam
854 3084 1058 3140 Filium
1095 3083 1213 3150 Dei,
1244 3079 1533 3137 manifeste
1562 3091 1618 3136 et
1647 3078 1700 3135 in
1728 3080 1972 3149 Evange-

2064 1980 2163 2034 Iius
2196 1977 2379 2034 Timei.
2414 1979 2579 2046 Aser,
2607 1979 2823 2035 divitite.
2848 1980 3104 2048 Tabitha,
3142 1979 3347 2036 Dorcas
3373 1978 3514 2050 (Act.
3542 1976 3618 2049 Ix)
3645 1993 3663 2034 :

2062 2084 2119 2128 et
2141 2070 2196 2126 in
2222 2070 2449 2138 Genesi,
2471 2070 3031 2136 Mesech.vernaeulus
3050 2070 3209 2140 (Gen.
3238 2072 3356 2143 xv),
3385 2080 3442 2127 et
3464 2080 3667 2127 caztera

2064 2164 2152 2219 his
2192 2163 2414 2220 similia.
2445 2163 2581 2220 Cum
2612 2173 2797 2220 autem
2837 2165 2993 2221 Abba
3039 2165 3204 2220 Pater
3227 2165 3469 2227 Hebraeo
3497 2165 3667 2235 Syro-

2064 2272 2170 2329 que
2198 2271 2454 2312 sermone
2484 2256 2697 2311 dicatur
2730 2273 2744 2311 :
2778 2262 2835 2311 et
2864 2256 3128 2311 Dominus
3156 2266 3347 2312 noster
3394 2256 3449 2311 in
3488 2254 3672 2309 Evan-

2064 2350 2211 2421 gelia
2234 2348 2543 2420 praecipiat,
2562 2348 2769 2403 nullum
2799 2358 3013 2419 patrem
3031 2348 3338 2405 vocandum
3361 2347 3466 2403 nisi
3490 2348 3666 2403 Deum

2065 2438 2247 2513 (Matt.
2281 2437 2462 2512 χχιιι),
2499 2440 2687 2495 nescio
2717 2454 2824 2510 qua
2856 2439 3081 2494 licentia
3113 2439 3167 2493 in
3198 2437 3550 2494 monasteriis
3580 2437 3667 2494 vel

2065 2549 2327 2591 vocemus
2371 2534 2475 2589 huc
2514 2534 2740 2590 nomine
2770 2533 2908 2589 alios
2930 2574 2944 2597 ,
2978 2533 3064 2586 vel
3094 2532 3281 2587 vocari
3311 2544 3413 2586 nos
3442 2530 3665 2600 acquie-

2068 2644 2156 2684 sca
2169 2645 2312 2684 mus.
2339 2630 2405 2684 Et
2431 2638 2589 2685 certe
2622 2629 2742 2698 ipse
2770 2628 3030 2699 pra‘cepit
3063 2628 3167 2682 hoc
3191 2626 3283 2697 qui
3315 2627 3530 2682 dixerat
3559 2639 3669 2681 non

2069 2736 2191 2778 esse
2219 2721 2512 2791 jurandum
2539 2719 2762 2793 (Matth.
2798 2721 2879 2791 v).
2912 2719 2973 2776 Si
3001 2734 3108 2774 non
3135 2719 3409 2791 iuramus,
3445 2718 3544 2774 nec
3570 2731 3669 2788 pa-

2071 2825 2207 2871 trem
2240 2815 2458 2885 quidem
2492 2813 2801 2885 quempiam
2834 2812 3203 2869 nominemus.
3233 2813 3289 2868 Si
3310 2812 3381 2869 de
3408 2824 3562 2882 patre
3590 2812 3668 2866 in-

2072 2908 2495 2979 terpretabimur
2520 2908 2702 2971 aliter,
2733 2915 2789 2962 et
2812 2907 2879 2962 de
2901 2906 3142 2974 jurando
3164 2907 3325 2960 aliter
3355 2905 3560 2960 sentire
3580 2917 3676 2957 co-

2070 3018 2264 3074 gemur
2290 2999 2400 3073 [ΑΙ.
2431 2998 2736 3071 cogemus].
2765 2997 3073 3054 Notandum
3099 2998 3289 3064 etiam,
3314 2997 3439 3068 quia
3465 2996 3673 3051 clamor

2073 3098 2127 3150 in
2156 3094 2489 3163 Scripturis,
2525 3106 2632 3147 non
2664 3090 2827 3163 552
2858 3107 3071 3161 magna:
3107 3091 3258 3146 vocis
3286 3090 3544 3155 emissio,
3575 3086 3674 3143 sed

367 3184 445 3241 lio
472 3181 859 3253 comprobatur
894 3196 909 3234 :
944 3177 1049 3247 Qui
1078 3176 1267 3232 dixerit
1306 3175 1513 3230 verbum
1549 3181 1733 3228 contra
1772 3171 1971 3226 Filium
2073 3186 2315 3240 scientia,
2342 3185 2692 3254 intelligatur
2723 3194 2779 3238 ει
2816 3183 3129 3250 dogmalum
3165 3180 3503 3253 magnitudo.
3534 3179 3671 3235 Nam

371 3277 623 3344 hominis,
652 3273 944 3329 dimittetur
972 3271 1039 3326 ei.
1074 3270 1399 3340 Quicumque
1432 3276 1606 3322 autem
1634 3265 1821 3320 dixerit
1852 3281 1961 3319 con-

2079 3278 2215 3334 etin
2250 3276 2442 3333 Exodo
2473 3274 2761 3346 reSpondit
2800 3275 3071 3329 Dominus
3116 3274 3183 3328 ad
3227 3274 3448 3346 Moysen
3485 3291 3496 3327 :
3533 3269 3674 3337 Quid

370 3382 457 3427 ινα
476 3370 738 3445 Spiritum
757 3378 1017 3434 sanctum,
1046 3382 1139 3421 nec
1161 3365 1268 3432 hic,
1291 3379 1384 3418 nec
1410 3363 1461 3416 in
1484 3366 1666 3434 futuro
1688 3360 1974 3415 dimittetur
2010 3400 2017 3408 .
2076 3372 2271 3425 clamas
2299 3370 2368 3422 ad
2406 3385 2484 3427 me
2523 3366 2721 3438 (Exod,
2750 3382 2865 3434 xw,
2902 3366 3038 3437 i5)?
3082 3381 3208 3421 cum
3253 3365 3476 3436 penitus
3504 3363 3674 3435 Moysi

371 3464 422 3520 ei
448 3463 603 3537 (Luc.
642 3477 754 3528 xu,
789 3459 901 3532 10).
936 3459 1051 3515 lloc
1076 3458 1198 3513 ideo
1225 3476 1239 3512 :
1270 3459 1395 3526 quia
1438 3456 1598 3511 multi
1630 3469 1727 3526 per
1756 3453 1961 3524 imperi-

2077 3478 2189 3519 vox
2218 3462 2367 3518 nulla
2409 3460 2777 3532 praecesserit.
2812 3459 3016 3515 Verum
3063 3465 3457 3527 compunctum
3498 3470 3595 3511 cor
3623 3463 3681 3510 et

366 3555 508 3612 tiam
538 3554 957 3624 Scripturarum
1006 3549 1182 3623 (quod
1213 3557 1269 3605 et
1303 3547 1618 3605 Firmianus
1648 3548 1702 3601 in
1731 3555 1758 3583 ιι
1784 3553 1961 3601 octavt

2075 3571 2176 3628 pro
2221 3555 2429 3625 pepulo
2460 3551 2895 3625 lacrymabiliter
2948 3551 3345 3621 ingemiscens,
3394 3547 3679 3617 Scriptura

372 3647 443 3704 ad
487 3646 905 3704 Demetriauum
949 3642 1327 3713 Epistolarum
1361 3640 1500 3695 libro
1545 3636 1695 3710 facit)
1726 3648 1961 3692 asserunt

2077 3650 2372 3705 clamorem
2421 3648 2661 3702 vocavit.
2711 3642 2997 3711 Quomodo
3026 3642 3216 3712 igitur,
3264 3641 3357 3712 qui
3405 3639 3676 3710 Spiritum

371 3740 640 3813 Spiritum
662 3748 915 3794 sanctum
946 3750 1093 3806 Stepc
1126 3735 1367 3799 Patrem,
1395 3748 1544 3802 saepe
1572 3730 1774 3787 Filium
1804 3728 1973 3785 nomi-

374 3835 521 3891 nari.
559 3834 625 3888 Et
652 3848 778 3887 cunt
808 3831 1095 3901 perspicue
1122 3827 1178 3883 in
1206 3825 1477 3882 Trinitate
1502 3822 1827 3888 credamus,
1861 3831 1975 3877 ter-

378 3928 506 3984 tiam
531 3939 823 3999 personam
847 3922 1178 3987 auferentes,
1213 3936 1319 3975 non
1341 3917 1709 3973 substantiam
1731 3915 1853 3985 ejus
1883 3929 1981 3971 γο-
2080 3925 2368 3998 appellari,

377 4022 503 4078 lunt
530 4034 678 4090 esse,
706 4018 802 4075 sed
825 4032 1047 4073 nomen.
1066 4014 1144 4071 Ne
1164 4023 1345 4069 autem
1376 4013 1597 4082 longum
1628 4010 1820 4066 faciam
1845 4009 1961 4082 (nor

2154 4019 2337 4092 (Vers.
2385 4019 2466 4092 7.)
2495 4018 2680 4087 Itaque
2730 4022 2839 4087 iam
2888 4032 2991 4071 non
3036 4025 3110 4070 est
3149 4030 3343 4083 servus,
3376 4014 3467 4067 sed
3511 4011 3681 4082 ﬁlius.

376 4116 528 4172 enim
540 4114 812 4185 dialogus,
835 4111 928 4168 sed
954 4109 1115 4184 551
1136 4108 1566 4166 commentarius
1587 4096 2007 4175 scribitur),de’
2087 4110 2239 4180 Quod
2258 4112 2304 4165 si
2329 4112 2491 4182 ﬁlius,
2514 4120 2561 4166 et
2585 4109 2752 4165 limes
2778 4119 2799 4147 ο
2834 4124 2926 4181 per
2954 4106 3241 4163 Christum.
3276 4105 3577 4170 Habentes,
3601 4103 3684 4159 in-

380 4208 837 4281 quinquagesimo
868 4206 1079 4276 psalmo
1123 4210 1237 4257 tres
1267 4201 1494 4271 spiritus
1524 4199 1836 4254 nominatos
1861 4197 1984 4251 bre-
2084 4204 2231 4271 quit,
2261 4201 2509 4273 spiritum
2539 4200 2661 4257 Filii
2706 4199 2801 4255 Dei
2829 4200 2882 4255 in
2913 4198 3073 4254 vobis
3112 4197 3472 4262 clamantem,
3503 4194 3683 4260 Abba,

385 4302 526 4357 viter
550 4299 856 4365 ostendam,
883 4294 1150 4367 prOpheta
1173 4294 1425 4349 dicente:
1455 4292 1556 4347 Cor
1585 4290 1836 4345 mundum
1865 4305 1983 4343 crea
2085 4294 2270 4361 Pater,
2296 4310 2407 4350 non
2448 4294 2588 4351 servi
2631 4292 2877 4363 cepistis
2917 4306 3071 4356 esse,
3105 4288 3201 4345 sed
3233 4288 3351 4344 ﬁlii.
3393 4285 3529 4354 Quia
3559 4292 3687 4340 ante

385 4395 441 4449 in
469 4410 548 4449 me
570 4436 585 4462 ,
612 4391 756 4446 Deus
777 4434 792 4459 ,
825 4399 872 4445 et
903 4388 1144 4461 spiritum
1176 4395 1367 4440 rectum
1397 4385 1586 4438 innova
1626 4384 1679 4437 in
1705 4381 1985 4436 visceribus
2088 4386 2223 4442 nihil
2248 4384 2588 4442 diﬂ’erebatis
2614 4399 2642 4438 a
2669 4397 2837 4440 servo
2865 4396 2991 4437 cum
3022 4379 3219 4437 essetis
3248 4386 3438 4434 natura
3465 4375 3684 4447 quidem

386 4488 535 4541 meis.
566 4485 653 4541 Ne
698 4484 946 4557 proﬁcias
982 4497 1063 4535 me
1098 4497 1131 4534 a
1160 4480 1291 4552 facie
1318 4488 1408 4533 tua
1440 4493 1458 4532 :
1490 4487 1535 4532 et
1562 4476 1821 4548 Spiritum
1866 4491 1987 4529 san-
2090 4480 2184 4534 Dei
2211 4496 2225 4546 ;
2254 4480 2352 4535 sed
2379 4480 2484 4535 sub
2516 4478 2794 4534 tutoribus
2825 4487 2878 4533 et
2906 4475 3188 4531 actoribus
3218 4472 3429 4545 parvuli
3457 4472 3692 4541 degeba-

384 4590 527 4633 ctum
549 4588 694 4632 tuum
718 4593 780 4631 ne
805 4579 1013 4644 auferas
1035 4591 1065 4626 a
1088 4589 1193 4626 me.
1225 4570 1403 4624 Redde
1425 4570 1548 4623 nti/ti
1575 4567 1808 4623 ltetitiam
1835 4567 1983 4620 salu-
2091 4572 2158 4625 tis
2185 4588 2198 4624 :
2227 4570 2373 4641 quud
2399 4572 2447 4625 si
2494 4569 2594 4625 [iiii
2622 4569 2779 4636 estis,
2809 4579 3210 4639 consequenter
3256 4566 3408 4623 vobis
3451 4563 3687 4620 debetur

387 4676 517 4726 turis
545 4672 649 4739 tui,
678 4679 727 4725 et
753 4670 945 4739 spiritu
977 4666 1256 4740 principali
1288 4665 1539 4731 conﬁrma
1565 4677 1664 4717 me.
1699 4661 1982 4730 Principa-
2011 4659 2066 4720 D
2092 4663 2413 4729 haereditas,
2446 4671 2506 4718 ιιι
2534 4661 2813 4733 quomodo
2845 4661 3096 4732 spiritum
3127 4658 3257 4714 Filii
3286 4658 3383 4714 Dei
3412 4656 3692 4728 accipien-

384 4765 495 4822 lem
521 4765 795 4836 spiritum,
820 4764 1035 4819 Patrem
1062 4761 1298 4832 appellat
1319 4779 1332 4814 :
1353 4759 1476 4830 quia
1501 4757 1671 4813 Filius
1695 4771 1759 4811 ex
1784 4756 1974 4821 Patre,
2090 4767 2193 4827 tes,
2222 4756 2348 4812 facti
2373 4757 2507 4813 estis
2530 4756 2624 4811 ﬁlii
2640 4757 2735 4811 Dei
2762 4774 2777 4811 :
2800 4755 2874 4810 ita
2905 4755 2959 4809 in
2987 4754 3298 4809 libertatem
3325 4751 3395 4808 de
3423 4751 3691 4806 servitute

387 4866 445 4913 et
485 4872 590 4911 non
621 4855 783 4911 Pater
811 4871 878 4910 ex
906 4852 1067 4910 Filio.
1098 4851 1367 4923 Spiritum
1397 4856 1581 4904 autem
1617 4858 1856 4916 rectum,
1887 4861 1982 4903 ve-
2090 4851 2315 4917 mutati,
2364 4849 2608 4905 literedes
2651 4848 2771 4902 sitis
2815 4862 2938 4902 cum
2989 4844 3212 4902 baerede
3257 4843 3435 4899 Patris
3463 4841 3691 4898 Christo

390 4955 571 5010 ritatis
593 4964 760 5021 atque
776 4951 1028 5022 justitiat,
1058 4948 1334 5005 Christum
1363 4946 1652 5002 Dominum
1677 4943 1982 5015 signiﬁcat:
2090 4945 2245 5010 Jesu,
2277 4944 2371 5015 qui
2412 4958 2479 4997 ex
2517 4955 2749 5011 persona
2781 4939 3022 4994 hominis
3061 4937 3336 5006 asstnnpti
3366 4935 3608 5004 loquitur
3634 4935 3692 4990 in

395 5048 533 5116 Quia
563 5046 724 5102 Pater
752 5060 901 5099 omne
920 5043 1183 5115 judicium
1211 5041 1352 5097 dedit
1390 5039 1532 5094 Filio
1572 5038 1756 5107 (Joan.
1783 5051 1839 5101 v,
1870 5035 1982 5105 Ἡ),
2096 5036 2305 5106 psalmo
2334 5051 2348 5088 :
2381 5033 2634 5088 Dominus
2659 5030 2790 5085 dixit
2816 5028 2885 5083 ad
2907 5044 3005 5096 me,
3035 5026 3210 5081 Filius
3232 5042 3374 5116 meus
3413 5039 3464 5079 es
3496 5034 3570 5116 tu,
3597 5039 3693 5095 ego

392 5112 455 5199 ut
471 5140 636 5197 David
650 5142 729 5195 ait
753 5157 767 5194 :
794 5112 956 5199 Deus,
976 5136 1245 5210 judicium
1264 5143 1411 5189 tuum
1437 5133 1546 5206 regi
1575 5132 1664 5197 da,
1683 5138 1732 5185 et
1753 5128 1783 5169 ιδ
1808 5138 1989 5199 poten-
2096 5126 2248 5181 hodie
2269 5126 2419 5198 genui
2446 5134 2512 5179 te.
2546 5121 2767 5176 Postulo
2789 5137 2821 5173 a
2845 5134 2947 5185 me,
2976 5126 3022 5172 et
3049 5116 3180 5171 dabo
3210 5114 3301 5169 tibi
3330 5123 3503 5189 gentes
3529 5112 3697 5170 Itm'ed

396 5239 521 5293 tiam
564 5247 706 5291 tuam
749 5235 860 5304 ﬁlio
886 5233 1022 5305 regis
1061 5230 1188 5302 (Ps.
1214 5245 1362 5297 Lm,
1394 5227 1470 5300 1).
1516 5227 1691 5282 Porro
1719 5224 1988 5293 Spiritum
2100 5222 2315 5275 ditatem
2358 5228 2534 5285 tuam,
2578 5225 2624 5269 et
2667 5213 3041 5285 possessionem
3084 5219 3227 5264 tuam
3264 5209 3507 5263 terminos
3546 5212 3696 5264 terra!

392 5340 640 5388 sanctum
671 5302 865 5400 aperto
914 5302 1139 5382 nomine
1184 5331 1373 5379 vocat.
1418 5322 1555 5391 Qua:
1601 5318 1822 5391 quidem
1868 5331 1992 5373 cum
2099 5314 2218 5388 (Ps.
2246 5329 2307 5384 tt,
2338 5313 2392 5382 7,
2424 5312 2501 5383 8).
2549 5309 2703 5377 Quod
2732 5314 2916 5364 autem
2955 5307 3008 5360 in
3044 5307 3147 5360 hoc
3182 5305 3311 5359 loco
3354 5302 3613 5372 dicimus,
3640 5302 3698 5359 in

2080 3741 2204 3797 Filii
2229 3740 2529 3803 Deihabet,
2565 3738 2709 3794 ﬁlius
2736 3738 2828 3792 Dei
2859 3745 2971 3802 est;
2998 3736 3076 3790 sic
3106 3737 3159 3790 in
3191 3731 3678 3805 reciprocum,qui

2081 3835 2335 3906 spiritum
2366 3832 2491 3889 Filii
2525 3832 2619 3888 Dei
2653 3845 2760 3886 non
2790 3830 2984 3899 habet,
3016 3829 3110 3885 Dei
3142 3827 3290 3883 ﬁlius
3338 3841 3446 3882 non
3498 3831 3681 3895 potest

470 5478 497 5507 ει
536 5467 797 5535 Suspicor
822 5478 1109 5521 ntttnerum
1143 5461 1349 5535 cubar_e
1381 5461 1432 5513 in
1464 5457 1699 5535 mendo;
1725 5453 1995 5535 Lactantii
2176 5449 2475 5535 P‘Palatin.
2517 5464 2647 5531 ms,
2680 5441 3701 5535 etiustitiam(uenﬁ-Sptemadntodum

403 5514 1167 5607 enimvl-ibrrosv
1184 5514 1258 5587 ad
1293 5514 1997 5607 Demetrianum'auditorem
2103 5524 2345 5607 pridem"
2365 5514 3053 5607 rescripse’ratLVictarius,
3084 5514 3391 5580 codicibus,
3421 5522 3482 5568 ut
3510 5514 3615 5581 ait,
3648 5522 3709 5572 et

405 5589 557 5667 iiii};
574 5589 841 5672 .nnonnisi
860 5589 1007 5663 duos
1037 5589 1293 5660 recenset
1322 5605 1438 5673 ipse
1468 5602 1832 5673 Hieronymus
1862 5598 2001 5673 libro
2106 5589 2433 5673 editignihus
2469 5589 2874 5673 adjuvantibus.
3156 5654 3221 5673 Ν
3263 5657 3275 5670 ⁸

401 5654 1012 5743 villus-tribus:
1036 5654 1291 5744 tibiae:
1322 5654 1579 5729 Proinde
1601 5654 1790 5724 malim
1823 5683 1889 5724 ex
1922 5669 2006 5723 in-
2184 5676 2205 5705 ο
2240 5666 2356 5720 Duo
2378 5654 2653 5744 mss._,’per
2673 5660 3009 5744 Deum,pro,
3039 5674 3129 5744 per
3142 5654 3415 5744 phfiptum
3439 5672 3456 5709 :
3478 5654 3705 5744 (igneus

1041 5726 1488 5825 ‘oﬁc'tavoiesc—ribi
1515 5761 1527 5797 :
1558 5749 1961 5825 quantqn‘atnnt:

2109 5747 2404 5825 utrumqug
2433 5726 2628 5825 liabet,
2678 5730 3169 5825 κξίηεονόμοςῇῆεοῦ
3328 5733 3588 5813 οΧριστοῧ,
3631 5726 3705 5784 ad

406 5796 831 5881 EEHiib'ii'niiiT
849 5796 1494 5876 Htiit'ninial'c'ét‘éiuiti
1518 5796 1754 5872 cdnsulé
1779 5811 1840 5869 S.
1862 5810 2009 5869 Hila—
2106 5824 2275 5881 quem
2306 5796 2463 5878 ἰθθεί
2494 5796 2943 5879 placeret,'ltter'es
2973 5799 3076 5858 Dei
3105 5816 3197 5873 per
3214 5796 3500 5856 Christum.

408 5895 553 5957 rium
574 5894 645 5953 de
660 5891 958 5952 Trinitate.
