4046 6380
420 263 532 330 378

1630 263 1640 274 '
1681 260 1740 320 5.
1783 255 2055 320 EUSEBII
2090 257 2470 318 HIERONYMI

3611 253 3716 315 576

429 384 649 444 caeteris
677 399 895 458 quoque
933 382 1226 440 observare
1255 379 1538 446 debemus,
1572 376 1641 433 de
1671 386 1788 432 toto
1819 390 2020 446 genere
2045 379 2095 438 Α
2124 372 2516 444 prophetarum
2552 389 2566 426 :
2600 371 2676 426 ita
2711 377 2766 427 et
2792 379 3013 426 sanctos
3058 367 3209 425 viros
3263 367 3460 426 fecisse
3502 368 3722 439 quidem

431 479 716 536 hominum
746 475 1013 548 singulari
1047 489 1277 530 numero
1319 471 1607 542 disputari.
1651 471 1852 526 Omnes
1880 470 2024 523 enim

433 571 750 637 credentes,
783 584 946 623 unum
973 582 1162 621 sumus
1191 565 1245 619 in
1274 563 1490 620 Christo
1515 565 1665 629 Jesu,
1697 573 1754 618 et
1784 561 2026 617 membra

434 662 685 732 corporis
714 659 857 730 ejus,
889 666 946 712 et
991 656 1045 710 in
1079 656 1377 726 perlectqu
1405 655 1579 708 virum
1602 653 1838 716 redacti,
1871 652 2027 706 illum

434 751 702 807 habemus
730 759 917 820 caput,
945 748 1068 820 quia
1096 757 1261 817 caput
1289 746 1390 802 viri
1417 744 1670 801 Christus
1711 752 1795 801 est
1826 742 1869 816 (ι
1902 743 2024 799 Cor.

434 860 511 913 xl,
534 845 618 912 2).

503 937 690 1012 (Vers.
718 937 774 1004 8,
801 936 886 1008 9.)
917 935 1023 992 Sed
1049 947 1171 994 tunc
1200 935 1406 1004 quidem
1426 934 1706 989 nescientes
1733 933 1898 990 Demn
1924 947 2032 987 ser-

436 1032 578 1100 vistis
605 1030 688 1086 his
712 1031 802 1102 qui
844 1038 1032 1084 natura
1064 1047 1164 1084 non
1192 1038 1335 1083 erant
1358 1029 1456 1082 dii.
1490 1028 1542 1082 Ν
1550 1045 1647 1082 unc
1685 1044 1803 1081 vero
1844 1043 2032 1100 cogno-

437 1131 634 1178 scentes
680 1122 849 1177 Deum
870 1163 886 1188 ,
932 1123 1092 1192 magis
1119 1131 1291 1175 autem
1327 1121 1516 1191 cogniti
1547 1120 1610 1174 ab
1642 1137 1730 1186 eo,
1775 1119 2033 1191 quomodo

438 1216 799 1272 convertimini
829 1217 1014 1268 iterum
1042 1215 1111 1266 ad
1138 1214 1348 1283 inﬁrma
1375 1222 1419 1266 et
1444 1230 1601 1284 egena
1629 1211 1897 1277 elementa,
1923 1213 2036 1282 qui-

438 1311 535 1364 bus
558 1325 767 1364 rursum
793 1309 982 1361 servire
1019 1307 1175 1360 vultis
1196 1308 1219 1360 ?
1243 1305 1468 1361 Galatas
1505 1319 1640 1376 quos
1669 1307 1736 1360 ab
1765 1304 2034 1360 idolorum

439 1401 594 1458 cultu
617 1399 682 1454 ad
717 1399 877 1453 ﬁdem
912 1398 1009 1452 Dei
1039 1399 1152 1452 veri
1194 1398 1630 1461 tranStuleruut,
1662 1399 1872 1468 arguit,
1901 1411 2039 1466 quo-

441 1491 606 1548 modo
639 1490 800 1547 idolis
826 1490 1126 1558 derelictis,
1162 1506 1284 1560 quae
1312 1501 1506 1546 natura
1539 1508 1647 1545 non
1675 1502 1832 1547 erant
1859 1491 1956 1558 dii,
1983 1498 2040 1544 et

443 1590 838 1655 cognoscentes
865 1583 1058 1647 Deum,
1103 1584 1274 1651 magis
1315 1595 1495 1639 autent
1542 1585 1747 1654 cegniti
1789 1585 1862 1639 ab
1898 1587 2036 1655 ipso,

447 1675 641 1746 spiritu
689 1689 912 1744 quoque
953 1673 1262 1744 adoptionis
1316 1685 1572 1746 accepto,
1617 1692 1831 1732 rursum
1881 1677 2038 1748 quasi

2130 482 2192 521 ea
2221 481 2341 536 quae
2371 466 2530 537 Legis
2553 475 2732 532 erant,
2764 463 2860 521 sed
2903 479 3124 520 sensum
3177 465 3347 534 magis
3375 463 3534 534 Legis
3563 479 3723 516 seeo-

2132 574 2217 620 tos
2247 581 2368 621 esse
2393 581 2554 636 quam
2589 565 2845 620 litteram.
2877 563 2979 631 Qui
3009 577 3117 617 non
3145 562 3328 617 minus
3355 575 3517 631 quam
3548 559 3724 614 Abra-

2133 656 2258 711 ham
2289 657 2506 711 sublato
2527 656 2595 711 de
2627 656 2766 712 facie
2795 655 3141 721 velamento,
3194 656 3490 724 cupierunt
3539 651 3728 707 videre

2132 749 2276 805 diem
2301 750 2527 816 Christi,
2554 759 2609 804 et
2633 750 2889 804 viderunt
2909 747 3075 821 454
3102 758 3155 803 et
3186 747 3353 802 l-.etati
3377 755 3506 801 sunt
3536 765 3547 799 :
3575 746 3727 801 Facti

2134 847 2352 901 inﬁrmo
2402 846 2601 916 populo
2641 845 2887 910 inﬁrmi,
2921 856 2978 898 ut
3034 842 3282 898 inﬁrmos
3337 842 3730 897 lucrifacereut

2140 940 2185 1010 (1
2210 939 2331 995 Cor.
2365 939 2460 1012 is),
2501 950 2556 995 et
2583 939 2666 994 his
2694 940 2787 1010 qui
2818 939 2920 994 sub
2973 937 3117 1006 Lege
3140 946 3301 993 erant
3349 937 3503 1008 quasi
3541 943 3730 991 essent

2135 1033 2240 1103 ipsi
2271 1033 2372 1088 sub
2398 1031 2573 1103 Lege,
2609 1042 2665 1086 ut
2692 1046 2788 1088 eos
2838 1031 2906 1086 ab
2937 1029 3095 1085 idolis
3121 1070 3134 1091 ,
3167 1030 3363 1100 quibus
3395 1029 3446 1082 iu
3497 1029 3731 1100 .‘Egyplo

2137 1135 2514 1192 assueverant,
2542 1131 2887 1192 separarent.
2915 1120 3226 1175 Absurdum
3248 1122 3447 1190 quippe
3471 1129 3553 1172 cst
3584 1119 3734 1188 Moy-

2137 1229 2232 1270 sen
2262 1225 2316 1269 et
2341 1224 2576 1270 eteteros
2602 1214 3052 1268 confabulatores
3082 1213 3180 1268 Dei
3212 1211 3268 1267 in
3294 1227 3359 1267 ea
3391 1211 3560 1266 fuisse
3601 1225 3726 1265 con-

2137 1305 2372 1373 ditione,
2408 1317 2465 1361 ut
2490 1317 2512 1345 ο
2541 1321 2651 1362 non
2683 1306 2974 1362 credamus
3006 1306 3086 1360 eis
3108 1347 3123 1371 ,
3154 1315 3209 1360 et
3240 1303 3565 1375 prmﬁnitum
3596 1313 3732 1357 tem-

2141 1414 2240 1470 pus
2270 1415 2298 1451 a
2330 1398 2492 1452 Patre
2520 1399 2763 1464 venisse,
2796 1406 2850 1453 et
2875 1397 3186 1467 redemptos
3239 1413 3334 1452 eos
3365 1411 3487 1451 esse
3518 1395 3584 1450 de
3617 1411 3733 1451 scr-

2143 1496 2316 1550 vitute
2357 1493 2536 1564 legali,
2571 1501 2626 1547 et
2676 1492 3027 1561 adoptionem
3086 1490 3327 1546 ﬁliorum
3383 1499 3730 1556 consecutos,

2145 1587 2601 1642 ethrereditatem
2641 1585 2860 1655 cepisse
2912 1599 3036 1639 cum
3067 1581 3308 1638 Christo.
3363 1582 3735 1651 Qurecumque

2141 1680 2284 1733 enim
2315 1686 2429 1732 toto
2455 1674 2651 1748 generi
2679 1675 2917 1729 humano
2963 1673 3229 1743 Sapientia
3264 1674 3358 1728 Dei
3401 1672 3555 1742 quasi
3577 1667 3605 1707 δ
3641 1670 3734 1724 uni

446 1766 700 1838 parvuli,
732 1775 790 1822 et
813 1765 917 1821 sub
952 1767 1223 1821 tutoribus
1249 1775 1304 1821 et
1331 1768 1627 1838 padagogo
1665 1784 1787 1824 esse
1816 1772 2038 1839 cupien-

2148 1775 2282 1830 Filio
2315 1773 2606 1844 praestitit,
2664 1770 2783 1826 haec
2830 1768 3022 1826 eadem
3075 1767 3372 1839 unicuique
3417 1775 3738 1823 sanctorum

447 1867 554 1927 tes,
578 1859 646 1914 ad
673 1858 885 1913 inﬁrma
910 1867 967 1913 et
986 1867 1009 1894 ο
1026 1857 1346 1928 paupertina
1377 1869 1729 1915 revertantur
1745 1862 2035 1926 elementa,

447 1967 568 2022 qua:
596 1960 889 2023 propterea
920 1950 1140 2005 inﬁrmo
1169 1960 1224 2006 et
1252 1951 1477 2022 pauperi
1494 1967 1660 2008 sensu
1693 1953 1893 2023 populo
1914 1953 2038 2008 data

444 2054 572 2102 sunt
598 2044 759 2118 453
788 2045 840 2100 in
872 2044 1118 2111 deserto,
1144 2043 1268 2114 quia
1305 2060 1410 2100 non
1439 2055 1654 2115 poterat
1689 2046 1940 2115 accipere
1983 2055 2041 2101 et

445 2137 720 2193 sustinere
740 2135 968 2206 majora.
987 2135 1192 2189 Eadem
1220 2144 1401 2190 autem
1428 2135 1727 2203 elementa,
1744 2152 1866 2206 qua:
1894 2151 2041 2192 nunc

447 2230 661 2285 inﬁrma
695 2237 751 2284 et
777 2242 947 2298 egena
979 2227 1298 2298 appellavit,
1332 2229 1584 2297 superius
1613 2238 1823 2283 tantum
1853 2228 2040 2284 mundi

444 2322 715 2379 elementa
745 2320 951 2391 posuit.
981 2321 1049 2375 Et
1079 2321 1168 2375 ubi
1194 2321 1465 2376 elementa
1493 2322 1679 2377 nmndi
1711 2323 1855 2378 dicta
1886 2333 2038 2389 sunt,

445 2415 519 2470 ibi
551 2430 656 2469 non
690 2421 774 2469 est
793 2415 1064 2478 additum,
1099 2413 1308 2483 inﬁrma
1339 2421 1388 2467 et
1413 2431 1596 2486 egena.
1647 2415 1783 2470 llinc
1823 2431 2041 2471 rursum

447 2508 539 2563 ubi
573 2505 790 2563 inﬁrma
811 2515 999 2562 vocata
1029 2515 1184 2570 sunt,
1210 2508 1428 2581 mundi,
1483 2514 1540 2562 ut
1564 2522 1729 2578 supra
1779 2509 2040 2573 diximus,

449 2615 650 2656 nomen
675 2608 759 2656 est
791 2601 1036 2654 tacitum.
1068 2599 1208 2653 Puto
1237 2599 1423 2669 itaque
1447 2600 1706 2670 qnamdiu
1742 2601 1864 2671 quis
1916 2619 2042 2671 par-

448 2694 608 2748 vulus
631 2702 738 2760 est,
775 2709 874 2748 nec
903 2701 1167 2746 statutum
1201 2708 1228 2745 a
1259 2703 1414 2760 patre
1447 2702 1661 2763 tempus
1690 2694 1954 2764 implevit,
1988 2706 2046 2750 ut

452 2788 595 2842 ﬁlius
621 2796 678 2842 et
710 2787 888 2840 hazres
916 2783 1183 2854 appellari
1208 2794 1394 2855 queat,
1427 2787 1528 2841 sub
1574 2786 1868 2842 elementis
1920 2803 2042 2844 eum

453 2879 662 2946 mundi,
695 2878 841 2948 Lege
869 2878 1134 2932 videlicet
1155 2893 1280 2932 esse
1323 2879 1517 2950 Moysi.
1556 2877 1689 2933 Cum
1716 2891 1898 2935 autem
1926 2891 2048 2939 nrst

447 2973 766 3028 libertatem
815 2972 928 3024 lilio
958 2969 1196 3024 debitam
1259 2984 1448 3026 rursus
1478 2986 1742 3027 reversus
1789 2973 1952 3028 fuerit
1978 2972 2048 3028 ad

450 3066 678 3135 Legem,
706 3062 1024 3117 circumcidi
1057 3064 1269 3126 volens,
1296 3074 1349 3118 et
1374 3073 1539 3118 totam
1579 3063 1819 3120 Iudaica:
1853 3079 2049 3134 super-

2141 1883 2360 1938 semper
2392 1881 2492 1922 suo
2520 1865 2717 1920 ordine
2757 1874 2810 1919 et
2842 1861 3254 1934 dispensatione
3281 1861 3471 1932 largita
3502 1869 3606 1914 est.
3635 1858 3740 1914 Le-

2139 1977 2260 2034 gem
2286 1959 2444 2016 nobis
2467 1957 2638 2029 Moysi
2670 1955 2889 2011 inﬁrma
2943 1965 2999 2010 et
3050 1969 3223 2026 egena
3280 1953 3594 2008 dicentibus
3623 1951 3741 2007 ele—

2142 2061 2344 2119 menta,
2373 2051 2719 2107 occasionem
2755 2048 3040 2103 inveniunt
3059 2046 3326 2110 haeretici,
3359 2052 3420 2099 ut
3446 2042 3744 2098 detrahant

2141 2144 2406 2209 Creatori,
2435 2144 2563 2215 quia
2592 2141 2855 2197 mundum
2882 2139 3214 2206 condiderit,
3239 2149 3294 2194 et
3344 2136 3542 2206 Legem
3596 2151 3728 2192 san-

2142 2240 2306 2295 xerit.
2339 2238 2544 2307 Quibus
2577 2251 2676 2292 nos
2717 2233 3176 2305 respondebimus
3202 2277 3215 2300 ,
3271 2231 3323 2287 id
3370 2229 3515 2302 quod
3568 2244 3734 2300 supra

2144 2330 2406 2399 diximus,
2437 2329 2658 2385 inﬁrma
2681 2327 2767 2383 his
2790 2342 2913 2382 esse
2939 2337 2995 2382 et
3017 2340 3186 2396 egena
3217 2323 3513 2384 elementa,
3547 2322 3639 2392 qui
3671 2320 3741 2376 ad

2149 2438 2212 2479 ea
2258 2430 2384 2495 post
2430 2419 2710 2492 Evangelii
2751 2419 2981 2491 gratiam
3023 2426 3397 2473 revertuntur.
3434 2417 3743 2486 Antequam

2144 2532 2277 2573 vero
2319 2514 2648 2587 prmﬁnitum
2694 2523 2909 2584 tempus
2955 2512 3168 2568 veniret
3209 2525 3241 2564 a
3278 2510 3462 2577 Patre,
3495 2524 3602 2562 non
3637 2520 3744 2563 tam

2149 2609 2365 2664 inﬁrma
2414 2617 2469 2662 et
2512 2622 2683 2678 egena
2731 2606 3005 2678 appellata
3057 2618 3182 2659 esse
3229 2604 3535 2670 elementa,
3582 2615 3744 2671 quam

2151 2701 2360 2757 mundi.
2414 2702 2661 2770 Denique
2710 2700 3024 2770 priusquam
3075 2696 3279 2752 Christi
3332 2696 3386 2750 in
3442 2703 3556 2749 toto
3616 2692 3748 2748 orhe

2149 2794 2505 2866 Evangelium
2548 2801 2887 2857 coruscaret,
2932 2791 3242 2846 habuerunt
3280 2803 3438 2842 suum
3482 2786 3748 2857 fulgorem

2150 2896 2421 2958 praecepta
2455 2886 2651 2957 legalia
2688 2902 2700 2938 :
2730 2894 3021 2955 postquam
3051 2898 3188 2937 vero
3216 2881 3394 2952 majus
3423 2879 3750 2950 evangelica:

2151 2980 2343 3051 gratia:
2383 2979 2563 3034 lumen
2604 2977 2828 3043 eﬁ‘nlsit,
2873 2985 2928 3030 et
2966 2975 3050 3030 sol
3075 2973 3298 3044 justitize
3330 2973 3426 3027 toti
3460 2971 3664 3026 mundo
3692 2983 3753 3024 se

2152 3070 2416 3142 prodidit,
2460 3070 2742 3125 stellarum
2791 3069 2976 3123 lumen
3025 3065 3411 3121 absconditum
3442 3072 3547 3128 est,
3577 3069 3635 3116 ct
3662 3074 3756 3116 ea-

452 3156 693 3215 stitionis
725 3156 962 3211 litteram
989 3157 1171 3227 sequi,
1199 3164 1329 3210 tunc
1381 3172 1500 3226 qua:
1555 3158 1706 3226 prius
1752 3159 1802 3212 ei
1859 3157 2045 3212 mundi

2155 3179 2279 3220 rum
2308 3163 2442 3218 radii
2471 3162 2868 3232 caligaveruut,
2903 3161 2975 3211 ita
3009 3166 3067 3210 ut
3095 3156 3388 3226 Apostolus
3413 3156 3466 3206 in
3497 3154 3605 3207 alio
3633 3152 3756 3206 loco

455 3258 666 3304 tantum
698 3248 1227 3317 luerantelemcnla,
1264 3249 1482 3303 inﬁrma
1514 3264 1730 3320 quoque
1771 3259 1825 3303 et
1877 3264 2052 3320 egena

458 3341 720 3397 dicuntur
749 3340 998 3397 exordia.
1035 3340 1313 3395 lulantmu
1339 3341 1484 3395 enim
1514 3341 1648 3395 nihil
1675 3351 1903 3410 prosunt
1932 3343 2050 3396 cul-

460 3436 674 3492 toribus
696 3439 834 3504 suis,
861 3445 1011 3491 utne
1041 3435 1142 3489 hoc
1175 3435 1392 3503 quidem
1425 3435 1503 3488 eis
1541 3434 1803 3489 exhibere
1838 3436 2050 3488 valeant

469 3529 616 3600 quod
648 3540 775 3585 ante
805 3528 1199 3599 praestiterant,
1233 3526 1600 3596 .lcrosolyma,
1628 3527 1832 3592 templo
1866 3527 2054 3578 altari-

463 3638 570 3694 que
595 3622 912 3677 destructis.
942 3617 1297 3684 Respondeat
1323 3617 1540 3685 aliquis,
1572 3624 1624 3668 et
1647 3615 1793 3668 dicat
1825 3632 1838 3668 :
1874 3616 1929 3669 Si
1961 3614 2049 3668 lex

462 3724 520 3768 et
547 3725 817 3782 praecepta
847 3725 965 3780 qua:
994 3709 1046 3762 in
1106 3707 1247 3774 Lege
1277 3708 1586 3776 conscripta
1633 3715 1761 3760 sunt
1787 3750 1800 3772 ,
1834 3704 2052 3759 inﬁrma

463 3818 520 3862 ct
541 3820 706 3874 egena
730 3803 1000 3858 elementa
1024 3807 1171 3861 sunt,
1189 3807 1244 3851 et
1264 3797 1316 3851 hi
1341 3797 1429 3866 qui
1460 3805 1837 3865 cognoverunt
1859 3797 2048 3865 Deum,

460 3900 637 3968 magis
666 3907 848 3950 autem
892 3893 1098 3963 cogniti
1123 3900 1247 3944 sunt
1286 3891 1351 3943 ab
1383 3907 1477 3957 eo,
1506 3889 1704 3957 Legem
1751 3890 2053 3946 observare

461 4008 568 4048 non
598 3989 796 4044 debent
826 3992 919 4058 (ne
945 3985 1206 4054 incipiant
1249 3999 1358 4038 non
1408 3991 1521 4036 tam
1562 3982 1730 4036 Deum
1788 3982 1971 4037 colere
2022 3999 2052 4038 a

465 4097 575 4154 quo
614 4081 816 4151 cogniti
848 4087 978 4134 sunt
1003 4118 1019 4144 ,
1073 4091 1232 4146 quam
1277 4075 1344 4130 ad
1376 4090 1470 4130 eos
1499 4075 1701 4129 reverti
1734 4075 1825 4144 qui
1859 4086 2053 4130 natura

463 4189 572 4231 non
603 4181 731 4227 sunt
767 4170 896 4240 dii),
929 4176 1024 4224 aut
1054 4169 1252 4236 Legem
1292 4167 1723 4221 observaverunt
1754 4166 1968 4238 Moyses
1999 4177 2055 4222 et

463 4265 766 4336 prophetze,
816 4270 1001 4318 etnon
1045 4267 1420 4330 cognoverunt
1452 4260 1624 4313 Deum
1656 4304 1669 4326 ,
1703 4274 1807 4313 nec
1851 4262 2054 4330 cogniti

466 4367 596 4413 sunt
619 4356 689 4412 ab
715 4371 810 4421 eo;
853 4365 949 4409 aut
971 4354 1015 4408 si
1042 4360 1418 4422 cognoverunt
1444 4351 1642 4416 Deum,
1670 4351 1925 4406 mandata
1954 4353 2057 4408 Le-

469 4451 552 4522 gis
581 4448 805 4504 minime
829 4447 1262 4518 compleverunt.
1307 4443 1463 4511 Quod
1493 4454 1784 4514 utrumque
1839 4445 2057 4513 pericu-

2157 3257 2366 3311 diceret
2396 3273 2409 3308 :
2439 3253 2580 3307 Nam
2612 3267 2702 3306 nec
2732 3249 3085 3322 glori/iculum
3115 3254 3208 3308 est,
3237 3245 3375 3313 quod
3402 3243 3755 3314 glori/iratum

2155 3351 2257 3419 fuit
2288 3350 2344 3402 in
2373 3347 2473 3400 hac
2503 3357 2681 3417 parte,
2716 3350 2927 3414 propter
2949 3341 3278 3392 excellentem
3301 3337 3514 3408 gloriam
3538 3336 3604 3404 (ll
3629 3333 3755 3391 Cor.

2154 3440 2260 3509 ιιι).
2303 3438 2457 3504 Quod
2500 3437 2628 3490 aliis
2669 3433 2850 3487 verbis
2891 3446 3034 3486 nunc
3065 3431 3327 3501 loquitur,
3362 3439 3420 3484 ut
3447 3428 3612 3492 dicat,
3643 3428 3756 3486 Lex

2155 3530 2325 3601 Moysi
2367 3543 2488 3598 qua:
2528 3538 2652 3581 ante
2697 3525 3059 3593 Evangelium
3100 3523 3277 3588 dives,
3306 3533 3361 3578 et
3387 3523 3670 3593 opulenta,
3701 3532 3758 3578 et

2155 3623 2300 3675 clara
2330 3619 2451 3685 fuit,
2485 3628 2606 3690 post
2634 3617 2927 3673 adventum
2952 3616 3160 3672 Christi
3189 3615 3255 3670 ad
3288 3617 3752 3685 comparationem

2157 3712 2277 3783 ejus
2318 3712 2474 3783 quasi
2519 3711 2732 3766 inﬁrma
2777 3720 2831 3766 et
2875 3726 3082 3782 egena,
3129 3709 3414 3764 imminuta
3452 3719 3616 3778 atque
3656 3708 3755 3764 dc-

2156 3815 2360 3862 strueta
2402 3815 2487 3860 est
2525 3805 2594 3860 ab
2634 3820 2699 3860 eo
2733 3804 2822 3874 qui
2853 3804 3026 3873 major
3058 3803 3160 3858 fuit
3187 3803 3504 3866 Salomone,
3534 3810 3591 3857 et
3615 3811 3756 3857 tem-

2158 3900 2272 3971 plo,
2302 3909 2358 3954 et
2385 3898 2543 3954 Joua.
2576 3897 2729 3964 Quod
2759 3897 2904 3952 enim
2936 3897 3196 3965 scriptum
3223 3905 3306 3950 est
3331 3913 3343 3948 :
3376 3893 3536 3947 Illum
3560 3901 3756 3964 Oportet

2123 3985 2405 4058 'cresccre,
2449 4007 2528 4045 me
2570 3998 2742 4043 autem
2787 3988 2948 4041 minui
2987 3987 3170 4057 (Joon.
3214 4001 3292 4050 ιιι,
3335 3985 3427 4055 ΞΟ)
3459 4000 3471 4036 :
3503 3998 3612 4038 non
3644 3993 3754 4038 tam

2158 4099 2226 4140 ex
2267 4083 2516 4150 Joannis,
2559 4096 2722 4152 quam
2769 4095 2838 4134 ex
2877 4077 3039 4147 Legis
3083 4093 3312 4148 persona
3355 4077 3559 4132 dictum
3600 4085 3755 4146 poto,

2159 4177 2282 4248 quia
2322 4190 2540 4246 semper
2580 4173 2780 4228 cedunt
2817 4172 3030 4227 minora
3076 4171 3402 4239 majoribus,
3434 4179 3488 4224 et
3517 4167 3755 4240 perfecta

2160 4270 2327 4326 initiis
2369 4276 2782 4339 praeponuntur.
2828 4265 2976 4320 Alias
3016 4273 3200 4319 autem
3244 4263 3460 4318 inﬁrma
3501 4271 3557 4318 et
3586 4278 3755 4334 egena

2161 4362 2450 4427 elementa,
2492 4359 2813 4416 Judaeorum
2854 4356 3195 4423 traditiones,
3237 4364 3290 4411 et
3329 4355 3631 4411 secundum
3666 4355 3758 4410 lit-

2165 4466 2331 4510 teram
2359 4454 2520 4509 vilem
2551 4451 2963 4521 intelligentiam
2991 4448 3460 4514 conﬁrmabimus,
3486 4463 3604 4518 qua:
3631 4456 3760 4504 Sunt

466 4545 647 4601 losum
678 4553 765 4600 est
793 4542 978 4598 dicere
1009 4557 1024 4597 :
1058 4541 1166 4594 Aut
1193 4538 1318 4593 illos
1343 4553 1448 4592 non
1479 4537 1681 4592 fecisse
1729 4553 1848 4608 qum
1897 4537 2045 4608 Legis

2160 4546 2576 4616 justitieationes
2624 4559 2728 4597 non
2775 4545 2974 4611 bonae,
3023 4548 3079 4594 et
3124 4548 3391 4610 pnecepta
3434 4554 3538 4594 non
3591 4537 3756 4593 bona.

462 4646 613 4704 sunt,
644 4645 700 4693 et
727 4635 805 4691 sic
831 4633 1158 4705 cognovisse
1195 4630 1364 4684 Deum
1396 4647 1410 4685 :
1445 4637 1539 4684 aut
1574 4646 1681 4683 non
1735 4633 2056 4700 cognovisse

461 4732 655 4796 Deum,
685 4728 812 4784 dum
835 4725 1048 4782 inﬁrma
1080 4734 1136 4780 et
1156 4738 1325 4793 egena
1355 4723 1516 4793 Legis
1557 4723 1827 4778 elementa
1873 4731 2055 4777 custo-

461 4825 637 4881 diunt.
667 4820 823 4892 Quod
851 4819 1074 4892 quidem
1106 4818 1185 4873 sic
1209 4817 1345 4871 solvi
1378 4826 1579 4886 potest,
1611 4825 1667 4870 ut
1699 4817 1947 4872 dicamus
1993 4817 2056 4871 il-

461 4917 545 4972 los
571 4957 589 4984 ,
655 4912 932 4986 quomodo
963 4912 1163 4967 Paulus
1201 4911 1375 4964 lactus
1405 4918 1491 4964 est
1553 4909 1756 4964 Iudaeis
1809 4909 2053 4976 Juda-us,

459 5018 520 5063 ut
540 5007 758 5064 Judzcos
788 5005 1138 5061 lucrifaceret
1162 5001 1204 5075 (l
1229 5000 1350 5056 Cor.
1386 5001 1492 5073 ιι),
1543 5010 1598 5055 et
1651 5003 1705 5054 in
1735 5001 1958 5056 Ceucris
1986 5018 2054 5057 ex

460 5111 592 5157 voto
616 5116 828 5158 comam
861 5099 1096 5152 totondit
1126 5097 1265 5166 (Act.
1298 5095 1476 5167 .vvtu),
1505 5105 1560 5148 et
1598 5093 1945 5164 nudipedalia
1974 5106 2054 5148 at-

459 5209 567 5267 que
591 5193 869 5251 calvitium
891 5189 1246 5260 Jerosolymis
1271 5188 1322 5242 in
1351 5187 1554 5256 templo
1582 5191 1842 5255 exercuit,
1877 5199 1927 5244 ut
1958 5204 2050 5243 ea-

458 5301 579 5344 rum
608 5285 825 5342 sedaret
853 5283 1136 5349 invidiam,
1164 5283 1251 5351 qui
1283 5279 1310 5318 ι)
1333 5280 1651 5334 ratechisati
1691 5281 1759 5335 de
1806 5297 1873 5336 eo
1921 5281 2041 5337 fue-
2103 5297 2112 5310 ·

455 5388 611 5449 rant,
636 5379 780 5452 quod
811 5387 1004 5436 contra
1051 5377 1250 5446 Legem
1293 5374 1460 5447 Moysi
1487 5415 1501 5442 ,
1531 5383 1585 5430 et
1618 5376 1786 5432 Deum
1841 5379 2046 5434 laceret

531 5545 558 5608 9
586 5537 752 5608 Iidem
791 5554 946 5607 mss.,
980 5537 1049 5590 ad
1075 5537 1284 5608 inﬁrma
1307 5543 1352 5590 et
1374 5552 1532 5608 egena
1559 5545 1900 5608 revertantur.

526 5606 556 5644 ι’
602 5607 874 5665 Rescribit
915 5606 1183 5680 Victorius
1220 5607 1290 5662 ad
1319 5606 1540 5680 suorum
1573 5623 1703 5664 mss.
1738 5607 1918 5680 ﬁdem,
1950 5609 2044 5680 qui

449 5680 663 5818 εῗὲἑῗιῖ
693 5680 756 5735 de
781 5696 863 5751 eo,
894 5688 1000 5736 etc.
1034 5677 1215 5737 Nostri
1246 5693 1368 5736 cum
1398 5677 1662 5750 impressa
1704 5679 1938 5737 lectione
1963 5677 2043 5735 la-

2157 4638 2323 4711 455
2352 4638 2593 4692 Robusta
2619 4636 2822 4706 quippe
2853 4641 2908 4690 et
2936 4632 3090 4688 dives
3114 4641 3198 4686 est
3220 4630 3380 4701 Legis
3405 4631 3758 4700 intelligentia

2159 4733 2455 4802 spiritualis
2487 4727 2704 4802 (Ezeeh.
2737 4728 2854 4799 xx),
2887 4729 2957 4782 ita
2989 4737 3045 4781 ut
3066 4735 3163 4781 aut
3189 4728 3407 4796 penitus
3428 4725 3756 4782 elementum

2159 4841 2268 4881 non
2311 4824 2511 4880 debeat
2551 4822 2859 4891 appellari,
2906 4831 3001 4875 aut
3044 4820 3378 4875 elementum
3424 4819 3640 4891 quidem
3687 4821 3759 4875 sit

2158 4916 2567 4986 comparatione
2597 4913 2766 4968 futuri
2793 4914 3004 4977 surculi,
3036 4921 3092 4966 et
3118 4913 3246 4967 vitae
3279 4914 3332 4966 in
3362 4913 3581 4968 Christo
3602 4911 3754 4977 Jesu,

2158 5026 2260 5080 qua
2293 5023 2433 5064 nunc
2461 5007 2648 5062 vivunt
2674 5005 2850 5076 angeli
2877 5019 3247 5075 superumque
3277 5007 3524 5060 virtutes.
3561 5004 3756 5061 Sensui

2159 5117 2290 5158 vero
2333 5101 2562 5156 .lndaico
2605 5106 2945 5170 comparata,
2981 5112 3089 5151 non
3133 5104 3242 5151 tam
3274 5097 3625 5163 elementum,
3656 5095 3758 5152 hoc

2157 5206 2262 5261 εει,
2307 5195 2544 5258 initium,
2584 5207 2743 5262 quam
2790 5189 3054 5260 perfectio
3083 5200 3443 5259 nuncnpetur.
3476 5188 3632 5257 Quod
3662 5204 3760 5242 auo

2157 5297 2266 5348 tem
2292 5287 2369 5342 ait
2400 5285 2591 5341 :Nunc
2629 5301 2748 5340 uero
2779 5294 3139 5358 cognoscentes
3171 5283 3361 5348 Deum,
3393 5283 3558 5354 magis
3584 5291 3756 5335 autent

2156 5378 2347 5452 cogniti
2377 5378 2438 5433 ab
2467 5395 2548 5447 eo,
2580 5378 2710 5434 illud
2738 5377 3004 5444 ostendit,
3033 5377 3176 5447 quod
3205 5386 3328 5446 post
3352 5375 3620 5431 idolorum
3643 5373 3756 5429 cul-

2151 5609 2186 5664 ά
2233 5548 2256 5577 ο
2287 5538 2507 5623 Absque
2537 5538 2768 5610 negandi
2798 5537 3064 5609 particula
3096 5534 3331 5594 Palatiu.
3358 5533 3521 5604 'mss.,
3560 5542 3616 5590 ut
3644 5551 3757 5590 crc-

2189 5625 2336 5663 amns
2363 5627 2458 5664 ets.

2189 5625 2336 5663 amns
2363 5627 2458 5664 ets.

2147 5719 2184 5754 _-.
2223 5679 2247 5718 (ί
2279 5680 2383 5738 Alii
2406 5681 2539 5739 editi
2559 5681 2705 5750 libri,
2728 5682 2879 5753 quasi
2897 5681 2951 5737 in
2976 5677 3118 5736 Filio
3139 5679 3404 5751 prwstitit,
3427 5688 3538 5735 etc.
