4056 6302
175 325 295 386 377

710 321 1359 382 COMMENTARIORUM
1401 319 1467 378 lN
1506 319 1894 379 EPISTOLAM
1934 320 2027 380 AD
2064 319 2393 384 GALA'I'AS
2430 323 2559 382 LIB.
2599 323 2666 384 ll—
2704 321 2856 384 CAP.
2899 324 2991 386 IV.

3394 321 3498 388 378

183 453 330 509 tum,
359 443 538 500 Deum
585 441 952 497 intellexerint
985 441 1210 504 Galatze,
1240 440 1322 494 vel
1357 439 1536 508 potius
1565 439 1665 509 ipsi
1696 454 1761 492 co
1822 443 1872 504 Α
1901 439 2050 509 poris
2093 441 2383 510 quamdam
2413 441 2758 511 particulam,
2790 443 2882 498 sed
2915 451 3087 496 tctum
3134 438 3259 498 vitae
3301 453 3501 500 nostra:

186 543 443 610 gnitione
493 538 612 608 ejus
658 537 804 606 digni
849 537 954 589 sint
996 536 1244 603 judieati.
1287 533 1404 588 Non
1452 534 1600 605 quod
1653 535 1793 588 Deus

191 634 426 688 (Zreator
473 631 718 684 omnium
759 628 959 697 aliquid
991 628 1230 697 ignoret;
1262 627 1353 679 sed
1382 625 1524 696 quod
1551 640 1645 680 ens
1678 635 1788 678 tau-

193 737 313 783 lum
349 727 496 781 scire
525 725 756 789 dicatur,
794 723 882 792 qui
915 737 1160 776 errorem
1209 722 1409 790 pietate
1443 721 1788 774 mutaverint.

195 819 475 892 Cognoscit
522 818 774 872 Dominus
805 817 894 885 qui
923 825 1044 869 sunt
1083 821 1196 886 ejus
1225 815 1294 885 (11
1319 814 1455 869 Tim.
1489 831 1546 878 ll,
1584 815 1693 883 19).
1727 814 1795 868 Et

194 912 458 968 Salvator
489 913 542 966 in
575 909 875 980 Evangelio
909 928 921 962 :
963 907 1073 978 Ego
1105 926 1244 980 sunt,
1273 907 1370 974 ait,
1402 916 1578 980 pastor
1607 907 1792 971 bonus,

194 1017 243 1060 et
271 1022 527 1078 cognosco
550 1021 709 1068 meas,
734 1013 780 1057 et
803 1012 1114 1072 cognoscunt
1138 1018 1216 1056 me
1237 1017 1362 1055 mete
1385 999 1565 1068 (Joan.
1597 1017 1650 1069 x,
1680 1000 1793 1068 lt).

198 1097 442 1153 Econtra
487 1097 551 1151 ad
587 1097 778 1166 impios
813 1112 827 1148 :
865 1093 1054 1149 Nescio
1084 1111 1190 1161 vos,
1221 1095 1444 1148 recedite
1471 1113 1502 1148 a
1537 1111 1636 1160 me,
1671 1110 1796 1161 ope-

192 1191 327 1243 rarii
353 1190 636 1260 iniquitatis
658 1187 814 1251 (Luc.
839 1202 954 1251 xtn,
983 1185 1099 1254 27).
1131 1187 1193 1240 Et
1217 1185 1282 1237 ad
1311 1187 1506 1240 stultas
1528 1185 1791 1256 virgines:

195 1279 395 1334 Nescio
421 1295 508 1333 vos
539 1294 654 1350 qua:
674 1279 795 1332 estis
821 1277 930 1350 [AL
967 1275 1104 1347 siti]
1127 1275 1345 1349 (Matth.
1377 1293 1501 1346 xxv,
1537 1277 1648 1346 l2).

268 1371 458 1444 (Vers.
497 1373 584 1435 10,
617 1368 730 1441 11.)
769 1367 895 1424 Dies
925 1369 1225 1436 observatis,
1267 1380 1317 1424 et
1348 1387 1565 1433 nunses,
1591 1381 1639 1424 et
1669 1377 1796 1423 tem-

191 1479 349 1535 pora,
377 1473 426 1517 et
464 1479 654 1530 annos,
679 1461 830 1516 timeo
861 1479 980 1528 vos,
1004 1478 1065 1515 ne
1095 1464 1229 1532 forte
1258 1463 1368 1515 sine
1395 1479 1552 1516 causa
1584 1463 1793 1517 labora-

190 1556 355 1610 rerim
397 1556 453 1609 in
497 1556 656 1609 vobis.
687 1555 790 1622 Qui
839 1571 946 1608 non
978 1555 1168 1608 adorat
1196 1555 1407 1611 Patrem
1436 1557 1488 1610 in
1521 1556 1714 1626 spiritu
1745 1564 1798 1610 ct

189 1649 447 1713 veritate,
495 1648 666 1703 nescit
711 1647 1103 1703 sabbatismum
1145 1649 1346 1704 sanctis
1376 1651 1696 1720 repositum,
1729 1649 1797 1705 de

189 1754 306 1810 quo
353 1739 591 1810 loquitur
634 1739 778 1794 Deus
810 1755 823 1792 :
854 1739 915 1794 Si
949 1740 1254 1794 introierunt
1286 1741 1336 1793 in
1371 1742 1596 1812 requiem
1635 1758 1796 1796 meam

1897 539 2128 606 spatium
2163 550 2438 609 perpetua:
2462 540 2513 593 iu
2539 539 2756 594 CliriSto
2784 541 3150 595 solemnitatis
3180 539 3496 596 habeamus.

1898 628 1963 683 Et
2006 639 2063 682 ιιι
2097 632 2493 697 posterioribus
2524 633 2706 701 priora
2739 641 3084 700 eonnectam,
3113 633 3240 703 quid
3284 634 3349 687 dc
3382 634 3503 705 lege

1896 721 2067 794 Moysi
2096 732 2151 778 et
2177 724 2245 778 de
2269 723 2542 796 superﬂua
2571 725 2710 780 cibo:
2730 740 2818 779 um
2849 727 3168 782 curiositate
3193 727 3245 780 in
3279 726 3379 781 Irae
3404 744 3500 782 ea-

1896 813 2018 867 dem
2058 815 2300 884 Epistula
2339 817 2560 884 sentiat,
2591 819 2776 871 statim
2823 817 3105 890 subjungit
3135 830 3186 874 et
3219 819 3503 889 loquitur:

1899 905 1959 960 Si
1979 907 2115 959 enim
2145 909 2336 961 mortui
2365 909 2487 962 estis
2521 925 2638 962 cum
2670 907 2898 974 Christo,
2932 909 2995 964 ab
3025 910 3286 965 elementis
3317 910 3501 965 mundi

1896 999 2072 1071 hujus,
2098 1000 2223 1068 quid
2245 999 2420 1054 adhuc
2449 1009 2709 1070 tamquam
2741 1003 2959 1057 viventes
2982 1005 3034 1057 in
3063 1005 3160 1058 hoc
3184 1006 3379 1058 mundo
3411 1004 3503 1056 dc-

1896 1092 2138 1145 cernitis?
2171 1091 2252 1146 Ne
2283 1092 2568 1163 tetigeritis,
2602 1109 2763 1163 neque
2789 1096 3139 1161 gustareritis,
3171 1112 3333 1166 nrque
3373 1112 3500 1148 con-

1898 1185 2256 1247 trectat-eritis,
2281 1201 2398 1254 qua:
2433 1194 2549 1238 sunt
2581 1186 2756 1238 omnia
2783 1186 2838 1238 in
2868 1187 3078 1240 interitu
3118 1187 3229 1259 ipso
3260 1204 3379 1251 usu,
3421 1205 3501 1241 se-

1897 1279 2127 1334 cundum
2175 1288 2433 1351 prwcepta
2479 1288 2525 1332 et
2568 1279 2832 1333 doctrinas
2865 1281 3153 1335 hominum.
3205 1281 3356 1335 Dicat
3403 1280 3502 1334 ali-

1896 1372 2139 1443 quis:Si
2187 1371 2304 1426 dies
2349 1372 2648 1426 observate
2700 1388 2809 1426 non
2865 1371 3012 1438 licet,
3063 1381 3118 1426 et
3162 1386 3398 1437 menses,
3447 1380 3504 1428 ct

1900 1475 2166 1535 tempora,
2193 1473 2248 1520 et
2271 1481 2464 1529 annos,
2499 1480 2598 1518 nos
2625 1479 2844 1535 quoque
2867 1464 3050 1520 simile
3081 1465 3284 1520 crimen
3321 1465 3502 1519 incur-

1898 1562 2068 1617 rimus
2105 1572 2349 1632 quartam
2390 1559 2600 1615 sabbati
2634 1561 3014 1626 observantes,
3047 1569 3102 1615 et
3141 1573 3497 1628 parasceien,

1899 1666 1953 1711 et
1983 1656 2124 1709 diem
2157 1653 2516 1717 Dominicam,
2559 1661 2614 1707 et
2646 1651 2909 1722 jejunium
2943 1651 3412 1723 Quadragesimtr,
3445 1659 3502 1707 et

1900 1749 2122 1805 Pascha:
2146 1748 2522 1814 festivitatem,
2555 1757 2608 1802 et
2635 1745 2986 1802 Pentecostcs
3010 1745 3279 1812 ltctitiatu,
3313 1756 3364 1799 et
3398 1759 3494 1814 pro

193 1831 373 1902 (Psal.
405 1847 546 1897 xcrv,
577 1831 663 1902 ll)
688 1849 702 1886 :
726 1842 781 1887 et
814 1849 918 1887 noa
947 1835 1014 1889 de
1045 1835 1154 1888 illis
1185 1836 1517 1904 temporibus
1546 1837 1789 1891 recordao
1827 1833 1874 1893 B
1901 1842 2167 1896 varietate
2211 1841 2516 1910 regionum,
2561 1839 2778 1893 diversa
2825 1838 2878 1891 in
2931 1837 3142 1892 honore
3198 1848 3496 1908 martyrum

190 1935 302 1991 tur,
346 1925 415 1981 de
453 1927 649 1998 quibus
691 1930 950 1995 scriptum
990 1940 1075 1984 est
1120 1947 1134 1983 :
1185 1931 1551 1986 Recordamini
1591 1935 1790 1986 dierum

189 2017 371 2072 steculi
399 2018 558 2090 (lsai.
589 2038 740 2087 vat,
771 2020 850 2094 9).
883 2023 951 2078 Et
978 2025 1110 2082 alibi
1145 2043 1159 2080 :
1193 2024 1512 2080 Memoratus
1539 2043 1651 2081 sum
1682 2027 1790 2080 dies

187 2113 452 2181 antiquos,
505 2127 554 2170 et
598 2134 762 2173 annos
809 2131 1028 2174 retentos
1076 2121 1130 2174 in
1181 2130 1347 2175 mente
1397 2121 1554 2174 habui
1601 2121 1785 2193 (Psal.

193 2221 377 2270 t.\xvt,
423 2206 498 2277 6').
549 2209 673 2265 Dies
711 2211 972 2268 Iudaicos
1015 2213 1310 2283 observat,
1360 2224 1417 2270 et
1462 2231 1702 2284 menses,
1735 2226 1790 2272 et

192 2308 462 2366 tempora,
510 2312 565 2357 et
603 2320 795 2361 annos.
846 2306 993 2372 Dies,
1025 2317 1085 2361 ut
1112 2308 1318 2364 sabbati
1353 2319 1429 2375 ,et
1460 2311 1785 2376 neomeniac,

189 2399 244 2444 ct
285 2405 314 2443 ιι
363 2389 575 2447 decima
621 2397 827 2451 mensis
872 2398 1035 2467 primi
1068 2414 1237 2470 usque
1263 2399 1329 2454 ad
1360 2411 1608 2471 quartam
1637 2401 1790 2456 deci-

189 2500 358 2546 mam.
386 2503 491 2556 qua
519 2504 687 2559 agnus
716 2505 1014 2562 corporeus
1047 2493 1278 2548 victima:
1306 2507 1644 2562 reservatur,
1674 2505 1727 2550 et
1756 2511 1784 2548 a

186 2590 377 2649 quarta
405 2581 619 2638 decima
647 2601 819 2656 usque
844 2587 910 2641 ad
939 2587 1250 2644 viCesimam
1281 2590 1508 2660 primam
1536 2589 1782 2660 ejusdem

187 2675 419 2742 mensis,
447 2677 665 2746 quando
695 2695 880 2750 azyma
909 2683 1288 2747 comeduntur,
1318 2701 1426 2739 non
1455 2683 1785 2740 sinceritatis

193 2776 250 2822 ct
290 2767 554 2833 \erilatis,
598 2771 691 2824 Sed
735 2772 786 2826 in
823 2772 1090 2829 fermento
1129 2777 1295 2831 veteri
1343 2778 1562 2831 malitia:
1604 2786 1658 2832 ct
1687 2794 1784 2833 ne-

182 2860 374 2931 quitia:
410 2860 828 2918 Pharisa-orum.
877 2865 1094 2935 Septem
1141 2883 1358 2938 quoque
1404 2870 1777 2940 septimanas,

183 2952 273 3018 qui
313 2953 418 3006 rittt
456 2952 682 3009 Judaict)
721 2967 841 3026 post
870 2976 1055 3030 azyma
1088 2971 1384 3029 compmat,
1417 2963 1534 3016 dies
1568 2964 1781 3017 lsraeli-

182 3043 300 3097 ticte
333 3045 686 3103 Pentecostes
702 3050 852 3104 colit.
871 3051 979 3106 Nec
1003 3069 1108 3107 non
1131 3065 1181 3108 et
1201 3055 1510 3124 clangorem
1531 3057 1778 3111 tubarum

143 3175 152 3183 .
181 3152 368 3190 mense
386 3139 620 3208 septimo
637 3145 807 3210 prima
828 3146 1049 3198 mensis.
1073 3147 1288 3202 Decima
1305 3150 1772 3219 quoqueeju-dem

182 3233 408 3297 mensis,
441 3233 805 3301 expiationem
845 3246 899 3293 et
923 3239 1208 3307 jejunium,
1239 3253 1295 3296 et
1326 3245 1682 3313 scenopegias
1709 3261 1770 3299 εκ
1804 3213 1849 3275 C

179 3339 330 3379 more
355 3327 603 3394 ligentes,
625 3327 879 3383 Judaicos
900 3331 1196 3387 observant
1213 3333 1348 3389 dies.
1369 3334 1577 3391 Menses
1593 3353 1656 3389 aa
1669 3345 1773 3390 tem

177 3419 512 3483 custodiunt,
528 3421 617 3490 qui
644 3423 872 3490 primum
900 3433 954 3478 et
977 3428 1264 3494 septimum
1287 3442 1554 3496 mensem,
1572 3443 1677 3484 non
1700 3429 1781 3482 itt-

180 3511 488 3581 telligemes
518 3513 835 3582 mysterium
869 3517 1138 3582 veritatis,
1163 3519 1480 3574 observant.
1504 3520 1774 3592 Tempora

175 3617 396 3672 quoque
417 3602 583 3676 456
609 3605 820 3672 colunt,
850 3608 938 3677 qui
974 3618 1055 3663 ter
1083 3624 1180 3678 per
1209 3625 1382 3666 annos
1411 3612 1654 3682 singulos
1684 3612 1775 3667 Je-

174 3697 506 3769 rosolyruam
539 3703 838 3766 venientes,
859 3711 1044 3771 putant
1065 3718 1122 3758 se
1148 3704 1358 3760 Domini
1385 3705 1608 3776 imp'ere
1634 3721 1772 3774 prte-

175 3798 416 3858 ceptom,
445 3789 678 3845 dicentis
704 3809 716 3844 :
739 3791 928 3847 Tribus
954 3796 1270 3865 temporibus
1291 3798 1413 3851 anni
1435 3800 1566 3851 diem
1590 3799 1773 3868 festum

172 3884 338 3952 agetis
367 3883 514 3949 mihi,
547 3887 918 3943 solemnitatem
963 3906 1282 3960 azymorum,
1315 3901 1360 3946 et
1403 3894 1774 3947 solemnitatem

176 3976 358 4029 messis
388 3978 786 4048 primitirorum;
817 3989 863 4034 et
903 3983 1280 4039 solemnitatem
1316 3988 1773 4040 consummationis

170 4067 226 4119 in
249 4067 393 4120 exitu
419 4070 543 4121 antri
566 4069 766 4139 (Exod.
795 4087 947 4137 χλιιι,
975 4075 1060 4142 14,
1086 4075 1275 4147 seqq.).
1302 4077 1367 4131 Et
1395 4078 1524 4132 alibi
1550 4095 1561 4131 :
1591 4077 1772 4132 Tribus

171 4161 494 4227 teutporibus
522 4163 646 4216 (mni
693 4165 966 4237 apparebit
1000 4170 1346 4223 masculinum
1379 4181 1525 4224 tuum
1556 4173 1610 4225 in
1649 4190 1773 4226 con-

165 4260 350 4322 specta
377 4250 583 4308 Domini
623 4254 717 4310 Dei
748 4259 824 4310 tui
866 4257 1033 4329 (Ibid.
1065 4261 1217 4331 xvu).
1262 4263 1416 4328 Quod
1448 4272 1630 4318 autem
1671 4266 1768 4330 ait,

166 4355 215 4395 et
245 4359 440 4407 annos,
470 4358 601 4414 puto
627 4346 695 4402 de
726 4350 958 4418 septimo
990 4353 1326 4407 remissionis
1363 4370 1508 4409 anno
1552 4357 1679 4423 dici,
1716 4367 1769 4412 et

165 4436 237 4490 de
278 4437 747 4510 quinquagesimo,
775 4458 935 4514 quem
967 4446 1043 4500 illi
1074 4445 1346 4503 Jubileum
1391 4460 1602 4504 vocant.
1642 4451 1767 4506 Ple-

166 4532 292 4582 n‘us
324 4528 469 4585 hanc
498 4531 676 4586 locum
706 4535 770 4588 ad
795 4535 1153 4594 Colossenses
1181 4540 1476 4611 Apostolus
1506 4544 1760 4613 explicat,

162 4623 394 4677 dicens:
431 4623 598 4679 Nemo
634 4643 754 4699 ergo
779 4646 867 4683 vos
899 4633 1096 4701 iudicet
1135 4633 1185 4686 in
1219 4633 1352 4698 cibo,
1386 4644 1477 4687 aut
1521 4637 1574 4688 in
1615 4648 1761 4706 potu,

161 4724 257 4768 aut
286 4717 339 4768 in
365 4727 512 4787 parte
541 4719 642 4772 diei
672 4723 810 4790 festi,
843 4733 934 4776 aut
960 4726 1261 4794 neomenite,
1287 4735 1376 4778 aut
1408 4726 1762 4793 sabbatorum,

157 4827 280 4876 qua:
320 4821 443 4864 sunt
487 4813 667 4866 umbra
708 4816 997 4884 futurorum
1041 4818 1263 4890 (Coloss.
1300 4835 1357 4884 ιι,
1392 4820 1504 4891 lli).
1548 4820 1764 4876 Partem

158 4904 270 4958 diei
298 4903 326 4958 f
355 4905 427 4959 sti
458 4905 524 4959 ad
555 4908 956 4966 distinctionem
1004 4925 1280 4983 perpetua:
1323 4914 1634 4971 festivitatis
1677 4916 1764 4972 hic

160 4998 364 5066 posuit,
408 5008 598 5056 utnon
640 5002 888 5072 brevem,
911 5014 987 5071 ct,
1018 5017 1073 5060 ut
1105 5006 1176 5061 ita
1203 5009 1404 5074 dicam,
1435 5010 1602 5066 totius
1633 5026 1762 5068 cor-

231 5188 268 5265 :
291 5180 445 5265 linus
474 5181 701 5240 Palatio.
735 5203 864 5256 ιιιε.⁸
896 5206 959 5243 ηε
992 5190 1283 5246 inordinate
1327 5194 1626 5265 congregati
1656 5210 1752 5263 po-

155 5251 268 5322 puli
295 5252 452 5320 ﬁdes,
479 5265 588 5310 etc.

227 5322 256 5361 ι’
283 5324 732 5406 δυιιιίῌιίηοιιίῢί
759 5331 990 5406 Dallarus
1011 5334 1242 5396 animos,
1275 5337 1616 5404 probaturus,
1644 5350 1752 5390 nou

153 5394 223 5474 ab
251 5398 543 5476 apostolis,
567 5402 661 5454 sed
691 5405 1034 5476 postmodum
1063 5422 1093 5460 a
1127 5394 1260 5460 viris
1276 5394 1748 5476 'prudentibttsje-

151 5466 302 5547 juo-ta
331 5466 501 5547 fuisse
531 5466 846 5547 Constituto.
877 5477 946 5529 At
971 5491 1101 5530 vero
1126 5494 1230 5530 non
1259 5466 1396 5532 alios
1422 5494 1582 5547 quam
1618 5466 1748 5543 apo-

155 5537 330 5591 Stolos
365 5539 607 5618 virorum
636 5544 960 5618 prudentum
988 5549 1203 5602 nomine
1223 5537 1492 5618 designari
1523 5551 1591 5600 ab
1625 5537 1748 5600 lin:-

152 5624 406 5686 ronymo,
462 5612 634 5686 liquet
682 5629 745 5669 ex
783 5617 885 5671 hoc
915 5620 1034 5684 ipso
1087 5612 1368 5674 contextu'
1397 5621 1736 5686 planissime,

150 5693 273 5759 cum
293 5750 305 5764 _
330 5681 496 5764 diem
526 5683 867 5764 Dominicant
908 5681 980 5764 et
1002 5681 1419 5764 congregationes
1459 5692 1594 5764 inter
1623 5681 1739 5764 dies

150 5750 423 5832 ejusdem,
447 5755 834 5832 atquejejunia
859 5750 1213 5832 institutionis
1236 5778 1356 5816 esse
1378 5779 1483 5816 non
1507 5761 1738 5815 dubitet.

153 5819 493 5880 Dominicam
512 5819 645 5883 vero
666 5819 808 5885 diem
840 5831 1074 5902 nonjatn
1099 5833 1222 5888 inde
1251 5834 1415 5888 fuisse
1431 5834 1497 5887 ab
1526 5841 1742 5910 DPOSIUf

1900 1942 2140 2003 tempora
2171 1933 2488 1986 constituta.
2523 1931 2605 1985 Ad
2635 1930 2776 1999 quod
2803 1929 2896 1999 qui
2924 1929 3242 1997 simpliciter
3265 1944 3496 1996 respon-

1895 2026 2062 2091 debit,
2088 2025 2235 2080 dicet
2261 2043 2273 2078 :
2307 2040 2412 2078 non
2435 2023 2655 2079 eosdem
2683 2022 2924 2078 Judaicm
2951 2021 3353 2076 observationis
3381 2022 3499 2076 dics

1894 2136 2015 2176 esse
2043 2135 2180 2191 quos
2211 2127 2450 2173 nostros.
2484 2117 2593 2173 Nos
2635 2118 2779 2172 enim
2811 2131 2917 2171 non
2948 2130 3262 2186 azymorum
3292 2113 3496 2186 pascha

1891 2216 2254 2278 celebramus,
2283 2212 2378 2268 sed
2402 2211 2824 2268 resurrectionis
2848 2217 2904 2264 et
2927 2208 3126 2264 crucis.
3151 2206 3264 2262 Nec
3287 2218 3493 2277 septem

1885 2309 2038 2380 juxta
2090 2322 2297 2362 morem
2355 2305 2517 2360 Israel
2587 2317 2934 2358 numeramus
2993 2299 3369 2356 hebdomadas
3438 2301 3493 2354 in

1894 2399 2253 2460 Pentecoste,
2318 2396 2414 2450 sed
2481 2394 2718 2464 Spiritus
2782 2392 2954 2446 sancti
3009 2407 3339 2446 veneramur
3391 2390 3492 2445 ad—

1892 2502 2132 2545 ventum.
2201 2491 2264 2544 lit
2324 2505 2394 2544 ne
2455 2488 2761 2543 inordinata
2820 2495 2846 2523 ι
2895 2486 3243 2555 congregatio
3310 2486 3495 2554 populi

1890 2585 2052 2639 lldetn
2101 2585 2372 2639 minueret
2417 2583 2471 2637 in
2527 2581 2776 2649 Christo,
2825 2593 3111 2650 propterea
3167 2579 3286 2634 dies
3325 2580 3494 2649 aliqui

1888 2677 2167 2731 constituti
2216 2683 2370 2739 sunt,
2427 2683 2485 2728 ut
2534 2676 2585 2728 in
2637 2689 2800 2727 unum
2846 2687 3040 2727 omnes
3083 2671 3290 2740 pariter
3335 2671 3490 2726 veni-

1887 2783 2092 2824 remus.
2142 2767 2261 2822 Non
2318 2782 2426 2838 quo
2471 2765 2742 2822 celebrior
2790 2764 2860 2819 sit
2901 2763 3017 2818 dies
3056 2762 3146 2818 illa
3193 2777 3298 2832 qua
3354 2777 3486 2816 con-

1888 2864 2160 2925 venimus,
2192 2859 2288 2916 sed
2346 2875 2452 2928 quo
2509 2872 2851 2928 quacumque
2906 2855 2994 2910 die
3047 2853 3487 2910 conveniendum

1885 2957 1976 3019 sit,
2005 2953 2165 3026 457
2199 2968 2262 3007 ex
2296 2966 2587 3022 eotrspecm
2614 2949 2735 3022 [AL
2763 2959 2817 3003 et
2842 2945 3098 3020 aspectu]
3131 2958 3318 3002 mutuo
3344 2946 3486 3001 ltcti-

1887 3049 1954 3102 tia
1989 3050 2161 3117 major
2191 3046 2415 3100 oriatur.
2451 3043 2552 3112 Qui
2597 3059 2724 3098 vero
2753 3042 3017 3114 Opposita:
3044 3041 3328 3113 quaestioni
3356 3056 3489 3097 acu-

1888 3143 1992 3198 tius
2036 3140 2369 3212 reSpondere
2405 3148 2652 3203 conatur,
2685 3139 2814 3192 illud
2855 3138 3114 3201 allitntat,
3147 3150 3340 3190 onmes
3366 3135 3486 3192 d'es

1881 3238 2118 3308 :nquales
2159 3251 2300 3301 esse,
2343 3251 2442 3289 nec
2482 3249 2574 3302 per
2607 3247 2935 3300 parasceven
2967 3241 3172 3283 tantum
3202 3229 3480 3285 Christum

1880 3331 2155 3398 cruciﬁgi,
2207 3339 2261 3382 et
2310 3327 2398 3382 die
2442 3325 2720 3380 Doniinica
2775 3337 3079 3392 resurgere,
3135 3321 3228 3374 scd
3269 3336 3486 3389 semper

1881 3433 2125 3478 sanctum
2178 3417 2595 3476 resurrectionis
2645 3430 2768 3471 esse
2815 3415 2958 3469 dietn
2997 3423 3053 3468 et
3102 3427 3317 3482 semper
3353 3427 3480 3468 eum

1879 3535 2040 3574 carne
2062 3516 2206 3572 vesci
2240 3515 2536 3579 Dominiea,
2568 3511 2780 3582 chnnia
2810 3521 2988 3564 autem
3012 3518 3068 3564 et
3093 3508 3474 3580 congregatio-

1881 3630 1974 3667 nes
2026 3613 2166 3665 inter
2217 3610 2335 3664 dies
2395 3616 2614 3677 propter
2667 3619 2762 3659 eos
2801 3619 2831 3658 ιι
2872 3602 3006 3658 viris
3044 3599 3071 3639 δ
3123 3599 3482 3670 prudentibus

1877 3708 2220 3768 constitutos,
2255 3701 2342 3771 qui
2366 3701 2536 3771 magis
2563 3698 2762 3754 sarculo
2789 3703 3002 3761 vacant,
3029 3708 3190 3764 quam
3218 3693 3350 3756 Deo,
3378 3704 3482 3746 nec

1877 3809 2126 3870 possunt,
2157 3798 2319 3850 immo
2341 3797 2532 3850 nolunt
2553 3803 2665 3846 toto
2694 3791 2748 3845 in
2776 3789 3019 3844 Ecclesia
3044 3787 3168 3842 vita:
3199 3801 3310 3841 sua:
3343 3793 3484 3840 tem-

1880 3908 2010 3961 pore
2037 3890 2376 3960 congregari,
2405 3896 2459 3943 et
2482 3897 2606 3942 ante
2636 3885 2906 3938 humanos
2932 3891 3105 3949 actus,
3135 3881 3248 3936 Deo
3271 3881 3478 3936 oratio-

1876 3999 2004 4038 tmm
2036 3998 2256 4036 suarum
2296 3979 2495 4034 offerre
2535 3976 2886 4034 sacrificium.
2919 3975 3124 4042 Quotus
3152 3973 3297 4028 enim
3335 3972 3480 4044 quis-

1877 4095 1981 4150 que
2011 4088 2114 4145 est,
2142 4077 2230 4148 qui
2265 4075 2458 4129 saltem
2490 4074 2606 4128 haec
2637 4085 2806 4142 pauca
2834 4084 2954 4139 qua:
2983 4076 3186 4122 statuta
3216 4075 3358 4133 sunt,
3393 4066 3481 4122 vel

1876 4173 2064 4228 oramli
2097 4181 2364 4240 tempora,
2391 4167 2472 4222 vel
2507 4165 2785 4236 jejunandi
2813 4178 3032 4234 semper
3061 4161 3350 4216 exerceat?
3375 4161 3482 4216 lla-

1875 4282 1979 4337 que
2003 4265 2140 4319 sicut
2169 4262 2323 4317 nobis
2351 4261 2472 4315 licet
2493 4259 2576 4313 vel
2602 4257 2852 4328 jejunare
2879 4270 3114 4324 semper,
3142 4254 3231 4307 vel
3261 4269 3478 4324 semper

1875 4375 2053 4426 orare,
2088 4367 2140 4411 et
2168 4356 2310 4412 diem
2344 4353 2679 4408 Dominicam
2721 4358 2947 4419 accepto
2980 4347 3192 4403 Domini
3241 4361 3475 4418 corpore

1875 4451 2242 4506 indesinenter
2274 4449 2547 4504 celtbrare
2585 4444 2944 4516 gaudentibus
2975 4459 2990 4497 :
3025 4458 3132 4496 non
3181 4441 3250 4494 ita
3288 4453 3343 4495 et
3381 4439 3476 4495 Ju-

1873 4546 2004 4601 daeis
2035 4545 2113 4598 fas
2142 4553 2223 4597 est
2257 4543 2403 4595 omni
2431 4552 2675 4610 tempore
2705 4537 2991 4592 immolare
3021 4549 3238 4606 agnum,
3267 4534 3470 4589 Pente-

1869 4649 2072 4693 cos:em
2100 4649 2289 4704 agere,
2321 4631 2660 4687 tabernacula
2695 4630 2885 4699 figere,
2925 4628 3172 4696 jejunarc
3202 4626 3468 4695 quoridie.

1869 4732 2012 4788 Satis
2040 4744 2172 4783 vero
2201 4735 2355 4780 caute
2373 4725 2515 4780 inter
2540 4725 2914 4778 auctoritatem
2934 4718 3204 4790 Apostoli,
3226 4729 3277 4773 et
3295 4718 3471 4774 sancti

1871 4823 2105 4879 hominis
2154 4821 2430 4876 lenitatem
2478 4817 2642 4871 verba
2676 4814 2988 4869 moderatus
3027 4822 3130 4874 est,
3177 4810 3470 4866 inferens:

1869 4917 2046 4973 Timeo
2078 4930 2187 4976 vos,
2220 4929 2283 4966 ne
2314 4913 2447 4984 forte
2490 4909 2601 4962 sine
2639 4923 2794 4960 causa
2825 4903 3163 4958 laboraverim
3209 4901 3260 4953 in
3301 4901 3466 4955 vobis.

1872 5013 1927 5070 Si
1956 5010 2102 5066 enim
2132 5007 2356 5078 abrupte
2377 5002 2744 5060 condemnare
2775 4997 3070 5060 voluisset,
3104 4995 3330 5049 dixisset
3367 4995 3472 5048 uti-

1865 5189 1932 5246 lis
1961 5192 2133 5248 sacris
2159 5191 2508 5246 constitutam
2533 5183 2846 5258 operandis,
2880 5195 3062 5258 nemo,
3092 5179 3307 5258 opinor".
3339 5175 3464 5258 ἱρὴ

1865 5247 2094 5319 iniit-ias.
2117 5263 2388 5318 Caaterum
2403 5270 2457 5316 et
2481 5247 2684 5313 diserte
2705 5247 2842 5309 alibi
2861 5247 3143 5323 prol’essus
3158 5260 3242 5323 est
3264 5248 3321 5304 S.
3348 5247 3456 5302 Pa-

1863 5345 1943 5389 ter
1969 5336 2021 5388 iu
2056 5336 2216 5404 epist.
2243 5336 2302 5388 Μ
2327 5335 2399 5404 ad
2428 5329 2758 5404 Marci-llam,
2783 5322 2902 5396 qua:
2925 5337 3115 5404 contra
3140 5322 3455 5404 Moritanum

1860 5392 2206 5473 inscribtiur,
2264 5403 2719 5474 quadragesimum
2763 5392 3052 5474 secundum
3104 5392 3455 5474 traditionem

1856 5468 2226 5548 apostolorum
2246 5468 2485 5548 jejunari
2515 5488 2534 5526 :
2561 5475 2828 5548 docetque
2859 5468 2998 5520 adeo
3025 5480 3093 5548 ex
3122 5468 3446 5548 necessitate,

1857 5531 1979 5603 nbit
2018 5565 2082 5602 ca:
2108 5531 2368 5602 volumine
2395 5542 2686 5611 quotannis
2731 5531 3152 5611 observandam,
3200 5531 3341 5602 quod
3371 5531 3442 5586 ab

1852 5621 1983 5688 ipsis
2013 5623 2273 5688 apostolis
2313 5607 2489 5688 ortum
2520 5612 2767 5688 duxerit.
2793 5607 2945 5688 Adde.
2983 5608 3273 5688 ili-aliquot.
3307 5616 3442 5658 mss.

1849 5675 1900 5745 εἰ
1933 5675 2097 5759 penes
2130 5690 2445 5746 Rabbanum
2478 5686 2585 5753 hic,
2618 5699 2648 5734 (ι
2674 5682 2795 5736 vitis
2819 5675 3139 5745 credentibus
3171 5678 3200 5730 lt
3223 5676 3305 5747 gi,
3345 5688 3442 5745 ιιο

1847 5761 2205 5832 prudentibus.
