4046 6328
563 260 682 326 879

1817 259 1880 316 3.
1919 258 2194 316 EUSEBll
2230 257 2616 316 lllEliONYMl

3765 261 3859 317 380

572 391 682 451 que
710 395 726 434 :
761 378 937 436 Timeo
964 393 1050 433 vos
1073 392 1093 432 :
1119 376 1231 431 sine
1260 391 1418 430 causa
1456 374 1594 430 enim
1635 373 1870 429 laboravi
1911 374 1968 428 in
2003 373 2164 430 vobis.
2195 377 2245 439 A
2277 377 2407 443 sint,
2435 375 2578 430 sicut
2625 375 2742 444 ipse
2772 372 3005 440 Christi;
3046 375 3213 431 immo
3240 382 3296 430 ut
3327 387 3650 445 praesentem
3695 376 3859 435 locum

577 471 732 528 Nunc
767 482 945 527 autem
974 469 1164 524 videns
1193 483 1290 524 eos
1315 466 1489 523 zelum
1520 466 1616 521 Dei
1658 465 1892 535 habere,
1923 465 2018 521 sed
2064 481 2169 520 non

565 560 873 621 secundum
904 559 1215 628 scientiam,
1250 575 1352 616 nec
1393 558 1602 630 penitus
1638 574 1829 615 eorum
1859 558 2175 628 desperavit

576 655 833 720 salutem,
852 653 942 723 qui
980 651 1070 722 pio
1098 651 1310 707 fuerant
1339 666 1528 708 errore
1555 651 1791 722 decepti,
1823 665 1926 707 nec
1955 665 2170 706 rursum

575 749 992 820 irreprehensos
1034 745 1270 817 reliquit,
1318 763 1386 801 ne
1436 755 1490 802 et
1533 746 1664 816 ipsis
1701 744 2082 816 perseverandi
2120 745 2172 799 in

576 855 784 905 errore,
816 848 870 895 et
899 841 1116 895 caeteris
1145 839 1491 896 occasionem
1526 841 1774 894 sirmliter
1803 839 2065 896 tribueret
2089 855 2174 894 er-

576 931 754 989 randi.
782 930 957 987 Timeo
983 942 1158 987 antent
1186 949 1296 999 vos,
1332 932 1531 1003 posuit,
1569 948 1664 1003 pro
1691 948 1758 988 eo
1788 933 1932 1002 quod
1972 941 2078 993 est,
2112 933 2176 985 ti-

578 1041 692 1080 meo
723 1023 789 1078 de
815 1026 976 1080 vobis.
1011 1024 1142 1081 Sine
1169 1039 1329 1080 causa
1363 1025 1571 1079 laborat
1604 1026 1882 1094 magister,
1914 1037 2033 1078 cum
2061 1023 2176 1090 ipse

578 1126 840 1190 provocat
872 1115 940 1172 ad
974 1115 1179 1187 majora
1204 1116 1524 1186 discipulos,
1555 1125 1612 1172 et
1649 1114 1724 1170 illi
1755 1122 1904 1170 retro
1937 1113 2071 1186 lapsi
2108 1114 2175 1169 ad

580 1213 792 1268 minora
823 1222 877 1268 et
906 1213 1130 1268 humilia
1157 1211 1530 1268 revolvuntur.

557 1289 564 1292 ν
650 1303 833 1378 (Vers.
853 1303 968 1376 12.)
985 1303 1165 1359 Estote
1192 1305 1326 1358 sicut
1353 1316 1401 1358 et
1423 1321 1516 1377 ego
1533 1347 1548 1372 ,
1574 1304 1695 1375 quia
1716 1312 1762 1357 et
1786 1319 1878 1374 ego
1904 1303 2033 1357 sicut
2061 1317 2170 1357 vos.

578 1397 737 1468 Quod
757 1397 886 1452 dicit
906 1399 1012 1452 tale
1025 1405 1126 1465 est,
1144 1398 1414 1467 quomodo
1427 1412 1527 1467 ego
1541 1397 1692 1450 vobis
1716 1396 1944 1450 inﬁrmis
1961 1411 2077 1448 sum
2098 1391 2177 1448 fa-

585 1501 705 1548 ctus
735 1489 1006 1558 inﬁrmus,
1028 1502 1080 1546 et
1107 1507 1215 1545 non
1243 1491 1390 1562 potui
1414 1490 1562 1560 loqui
1592 1502 1647 1544 ut
1673 1488 2175 1560 spiritualibus,sed

583 1585 740 1657 quasi
759 1584 1070 1640 carnalibus
1088 1592 1142 1638 et
1160 1583 1400 1654 parvulis
1416 1584 1468 1638 in
1486 1582 1934 1652 Cbristo,etquia
1949 1580 2176 1637 necdum

584 1679 846 1751 poteratis
867 1677 1041 1734 solido
1069 1678 1189 1732 cibo
1212 1678 1376 1745 vesci,
1407 1675 1574 1749 458
1592 1677 1917 1748 Evangelico
1939 1690 2034 1729 vos
2065 1686 2180 1730 tan-

2274 481 2496 538 sequar,
2530 467 2666 522 nihil
2696 474 2779 522 est
2807 467 3010 536 grande
3040 467 3184 537 quod
3214 469 3450 537 postulat
3482 488 3495 525 :
3522 478 3579 524 ut
3599 471 3861 541 quomodo

2277 559 2392 630 ipse
2423 571 2645 630 propter
2673 559 2796 613 illos
2817 558 2886 613 de
2919 558 3111 628 majori
3145 558 3316 614 factus
3345 570 3431 616 est
3458 562 3634 617 minor
3659 580 3673 617 :
3698 563 3775 618 sic
3793 562 3860 618 illi

2274 668 2304 708 a
2345 653 2646 709 minoribus
2673 653 2741 707 ad
2781 651 2991 721 majora
3033 651 3426 707 conscendant.
3462 652 3614 707 Nihil
3648 670 3749 720 me,
3789 655 3861 710 in-

2276 749 2432 818 quit,
2483 749 2714 804 lwsistis.
2759 747 2931 803 laedit
2957 747 3282 817 {discipulus
3321 748 3660 818 magistrum,
3697 749 3740 802 si
3773 763 3861 818 per

2277 840 2665 912 negligentiam
2708 856 2861 895 suam
2891 849 3166 910 praecepta
3213 840 3329 909 ejus
3372 839 3726 908 laboremque
3761 839 3864 895 dis-

2277 935 2490 1007 perdat.
2536 933 2654 988 Non
2704 933 2965 988 laeserant
2986 931 3196 988 Galatze
3231 931 3578 1002 Apostolum,
3614 947 3784 1000 usque
3813 932 3860 986 in

2277 1042 2522 1099 praesens
2554 1037 2764 1097 tempus
2796 1025 3150 1096 Evangelium
3180 1023 3300 1093 ejus
3347 1039 3411 1078 ac
3451 1022 3702 1078 mandata
3751 1038 3860 1078 ser-

2279 1129 2486 1175 vantes.
2517 1120 2626 1175 Aut
2652 1127 2800 1174 certe
2839 1120 2913 1172 ita
2942 1136 2956 1171 :
2982 1116 3209 1185 Quando
3233 1115 3391 1171 vobis
3420 1116 3654 1187 primum
3688 1113 3861 1172 Evan-

2278 1213 2481 1284 gelium
2521 1210 2873 1276 annuutiavi;
2932 1220 2986 1264 et
3029 1219 3251 1280 prepter
3288 1208 3657 1264 infirmitatem
3691 1209 3863 1265 carnis

2278 1313 2498 1370 vestrae,
2558 1304 2684 1374 quia
2738 1319 2844 1357 non
2893 1304 3156 1374 poteratis
3203 1310 3546 1357 sacramenta
3591 1302 3864 1372 suscipere

2282 1395 2509 1467 majora,
2539 1395 2831 1466 praedicavi
2864 1395 3018 1448 vobis
3042 1395 3194 1464 quasi
3231 1393 3487 1464 parvulis,
3519 1401 3572 1447 ct
3606 1393 3866 1463 meipsum

2281 1487 2553 1542 inlirmum
2568 1501 2689 1541 esse
2711 1485 2983 1551 simulavi,
3004 1493 3061 1539 ut
3078 1501 3173 1539 vos
3194 1484 3439 1539 inﬁrmos
3463 1484 3866 1538 lucrifacercm:

2283 1595 2466 1634 nonne
2481 1579 2634 1649 quasi
2661 1579 2914 1649 angelum
2935 1575 3253 1648 suscepiStis
3284 1592 3392 1643 me,
3416 1577 3570 1645 quasi
3591 1574 3868 1630 Christum

2283 1673 2517 1730 Jesumi
2543 1673 2679 1727 Cum
2721 1671 2884 1742 igitur
2910 1675 2966 1726 in
3005 1670 3157 1726 nullo
3187 1686 3274 1726 nte
3307 1670 3401 1724 illo
3443 1679 3689 1736 tempore
3714 1668 3868 1723 bese-

587 1781 700 1828 tum
723 1773 864 1829 lacte
894 1771 1099 1842 potavi,
1135 1771 1326 1827 uolens
1357 1771 1410 1826 in
1441 1781 1600 1826 aetate
1636 1787 1734 1826 vos
1759 1786 1976 1841 semper
2003 1770 2182 1826 infan-
2213 1785 2258 1844 Β
2287 1767 2408 1821 ritis
2439 1765 2546 1838 [ΑΙ.
2579 1763 2841 1837 laesistis],
2875 1775 2930 1819 et
2958 1779 3046 1819 me
3091 1763 3258 1818 vestri
3295 1777 3460 1817 causa
3505 1761 3766 1816 humilem
3797 1769 3874 1814 at-

587 1866 677 1921 tite
706 1881 1048 1936 permanere,
1067 1865 1162 1920 sed
1194 1865 1448 1934 paulatim
1471 1864 1540 1919 ad
1579 1865 2003 1921 adolescentiam
2027 1864 2186 1932 etju-

587 1967 870 2015 ventutem
902 1973 1071 2029 usque
1101 1957 1425 2028 perducere,
1450 1967 1508 2012 ut
1534 1957 1768 2012 solidum
1790 1957 1969 2014 cibum
2003 1971 2186 2027 posse-

583 2054 652 2109 tis
675 2053 959 2126 accipere:
994 2053 1069 2107 ita
1097 2063 1155 2109 et
1176 2066 1272 2108 vos
1300 2051 1508 2108 debetis
1529 2067 1652 2108 esse
1679 2054 1818 2108 sicut
1847 2061 1904 2107 et
1923 2066 2024 2120 ego
2044 2067 2185 2115 sum,

589 2145 916 2217 perfectiora
943 2143 1198 2200 videlicet
1222 2157 1434 2214 sapere,
1462 2143 1688 2197 dimisso
1717 2144 1880 2207 lacte,
1909 2141 1975 2196 ad
1997 2139 2190 2196 fortio-

589 2253 680 2293 res
705 2235 877 2306 cibos,
913 2245 968 2290 et
1007 2235 1073 2290 ad
1105 2235 1301 2304 pabula
1337 2233 1568 2289 transire
1601 2234 1827 2304 majora.
1861 2234 1975 2287 lloc
2005 2243 2187 2287 autem

591 2329 832 2399 loquitur
857 2327 1012 2399 quasi
1043 2327 1347 2382 Salvatoris
1379 2328 1639 2395 imitator,
1673 2327 1762 2396 qui
1793 2343 1900 2381 non
1943 2327 2188 2396 rapinam

569 2419 881 2490 arbitratus
911 2428 996 2474 est
1015 2434 1076 2474 se
1105 2434 1229 2475 esse
1256 2419 1518 2490 aequalem
1555 2419 1684 2486 Deo,
1717 2418 1812 2475 sed
1837 2402 2188 2488 semetipsum

592 2511 893 2568 exinanivit
921 2511 1149 2566 formam
1179 2513 1324 2567 servi
1354 2510 1659 2580 accipiens;
1693 2522 1746 2566 et
1774 2511 1960 2566 habitu
1993 2511 2188 2566 inven-

594 2614 685 2660 tus
709 2614 794 2661 est
825 2613 884 2659 ut
911 2607 1098 2668 homo,
1132 2613 1191 2658 ut
1218 2620 1316 2658 nos
1347 2604 1422 2658 dii
1451 2604 1706 2659 ﬁeremus
1740 2621 1806 2659 ex
1833 2603 2146 2660 hominibus
2172 2646 2186 2671 ,

592 2704 648 2750 et
677 2707 782 2748 non
811 2695 946 2749 ultra
972 2707 1338 2761 moreremur;
1371 2693 1466 2748 sed
1490 2701 1516 2730 ⁸
1540 2704 1934 2765 consurgentes
1949 2693 2185 2761 Christo,

593 2787 754 2842 amici
781 2787 899 2858 ejus
927 2787 1237 2842 diceremur
1265 2797 1318 2842 et
1356 2787 1574 2854 fratres,
1611 2797 1665 2842 et
1695 2797 1754 2841 ut
1781 2797 1928 2842 esset
1953 2787 2191 2855 discipu-

592 2882 679 2939 lus
705 2882 849 2938 sicut
886 2882 1166 2953 magiSIer,
1205 2891 1260 2938 et
1288 2897 1478 2938 servus
1520 2883 1657 2937 sicut
1698 2881 1971 2937 dominus.
2003 2881 2192 2938 Potest

573 2985 777 3056 autem
817 2984 871 3030 et
901 2973 971 3030 ita
1000 2975 1233 3046 intelligi
1267 2992 1278 3028 :
1312 2974 1556 3031 Obsecro
1587 2990 1707 3042 vos,
1736 2975 1929 3045 inquit,
1968 2974 2185 3043 fratres,

593 3076 657 3124 ut
701 3067 922 3124 Judaica
960 3067 1339 3124 observatione
1368 3078 1702 3139 contempta,
1753 3068 1989 3133 dierum,
2030 3083 2187 3123 men-

2289 1874 2395 1928 que
2440 1858 2710 1928 dejectum
2753 1857 2984 1912 similem
3018 1856 3116 1912 Dei
3157 1856 3298 1911 Filio
3349 1856 3672 1925 putaveritis
3705 1872 3718 1909 :
3746 1870 3871 1924 quo-

2290 1952 2455 2008 modo
2485 1949 2554 2005 ad
2597 1950 2805 2019 majora
2834 1964 2930 2004 vos
2963 1964 3264 2020 provocans
3295 1948 3463 2004 laedor
3493 1964 3523 2002 a
3553 1949 3732 2017 vobis,
3764 1963 3874 2018 per-

2290 2042 2472 2099 dendo
2493 2043 2732 2097 laborem
2764 2057 2967 2105 meum,
2993 2049 3050 2096 et
3077 2041 3546 2111 dispensationem
3574 2039 3749 2108 illam,
3781 2055 3874 2110 qua

2290 2151 2378 2191 me
2407 2134 2689 2205 parvulum
2721 2149 2847 2189 esse
2885 2134 3271 2189 simulaverant
3297 2176 3311 2200 ,
3365 2132 3520 2188 irrito
3547 2148 3720 2203 opere
3746 2148 3876 2188 nunc

2291 2228 2319 2268 δ
2353 2229 2588 2299 lugetis?
2616 2229 2725 2284 Per
2759 2228 3138 2284 infirmitatem
3172 2239 3352 2284 autem
3395 2229 3580 2284 carnis
3612 2245 3722 2284 non
3751 2244 3877 2294 sum,

2291 2323 2387 2380 sed
2413 2323 2772 2389 audientium,
2807 2321 3016 2379 Calatis
3048 2323 3248 2378 Paulus
3275 2323 3562 2378 annuntiat
3599 2341 3612 2378 :
3644 2323 3738 2394 qui
3782 2338 3880 2378 non

2291 2422 2544 2487 poterant
2575 2428 2796 2469 carnem
2821 2414 3094 2484 subjicere
3117 2415 3285 2470 verbo
3313 2417 3428 2482 Dei,
3457 2415 3550 2471 sed
3581 2416 3738 2486 quasi
3769 2431 3880 2470 car-

2292 2509 2382 2564 nei
2408 2549 2425 2575 ,
2470 2509 2605 2563 nihil
2638 2507 3013 2579 intelligentia
3042 2522 3331 2576 suscepere
3367 2508 3698 2579 spiritualis.
3739 2506 3882 2576 Quod

2294 2612 2354 2657 ut
2382 2601 2693 2657 evidentius
2723 2602 2834 2666 ﬁat,
2867 2616 3136 2670 ponamus
3159 2601 3504 2668 exemplum.
3541 2600 3645 2656 Per
3670 2601 3886 2655 inﬁrmi-

2295 2706 2462 2752 talem
2487 2695 2670 2751 carnis
2687 2695 2864 2760 docet,
2881 2695 2973 2764 qui
2995 2694 3130 2749 dicit
3157 2713 3169 2748 :
3199 2695 3263 2750 Si
3289 2711 3460 2749 senon
3483 2695 3771 2760 continent,
3795 2710 3884 2748 nu-

2294 2793 2434 2848 bant.
2464 2794 2530 2848 Et
2562 2810 2576 2846 :
2603 2791 2797 2846 Mulier
2813 2791 2857 2845 si
2874 2802 3107 2844 mortuus
3127 2793 3284 2862 fuerit
3314 2793 3393 2844 vir
3423 2794 3559 2862 ejus,
3589 2789 3759 2846 libera
3782 2799 3884 2844 est:

2293 2889 2377 2942 cui
2403 2888 2510 2942 vult
2541 2885 2721 2953 nubat,
2751 2894 2951 2940 tantum
2986 2886 3038 2938 in
3069 2883 3293 2938 Domino
3329 2884 3370 2955 (Ι
3398 2883 3519 2939 Cor.
3553 2899 3648 2946 \‘ll.
3688 2883 3744 2949 9,
3777 2883 3882 2952 '59).

2291 2981 2641 3054 Nequaquam
2686 2997 2813 3035 vero
2840 2996 2936 3047 per
2958 2980 3329 3034 infirmitatem
3358 2980 3542 3034 carnis
3565 2979 3757 3045 docet,
3791 2979 3882 3033 ista

2291 3087 2766 3128 commemorans:
2802 3071 3022 3125 Solutus
3054 3088 3104 3124 es
3154 3071 3216 3124 ab
3262 3085 3426 3124 uxore
3464 3085 3482 3122 :
3517 3070 3623 3123 noli
3665 3085 3886 3139 qurerere

594 3161 758 3230 sium,
797 3171 1128 3231 temporum,
1158 3171 1319 3232 atque
1350 3177 1638 3227 annorum,
1671 3177 1791 3232 qua:
1821 3171 1951 3216 sont
1977 3163 2184 3215 umbra:
2215 3161 2260 3225 C
2293 3182 2523 3220 uxorein.
2553 3165 2619 3220 Et
2653 3183 2666 3219 :
2697 3163 2923 3233 Tempus
2961 3175 3056 3228 est,
3087 3173 3140 3216 ut
3169 3171 3213 3216 et
3243 3163 3330 3232 qui
3354 3160 3543 3216 habent
3579 3177 3789 3230 uxores,
3820 3149 3903 3216 sic.

593 3252 924 3324 futurorum,
966 3269 1053 3310 me
1081 3254 1383 3321 imitemini,
1408 3255 1499 3324 qui
1539 3255 1657 3310 sine
1687 3254 1909 3324 querela
1955 3254 2008 3307 in
2045 3252 2186 3323 Lege

592 3356 860 3416 versatus,
917 3347 1101 3402 omnia
1140 3346 1436 3403 arbitratus
1475 3362 1594 3401 smn
1642 3346 1793 3416 quasi
1838 3355 2186 3414 purgamenta

592 3449 757 3511 atque
801 3439 1154 3511 quisquilias,
1203 3449 1260 3493 ut
1311 3438 1585 3493 Christqu
1643 3436 2040 3492 lucrilacerem.
2088 3435 2188 3490 Fui

594 3534 794 3605 quippe
818 3544 872 3589 et
903 3549 1006 3601 ego
1029 3533 1171 3587 sicut
1204 3546 1302 3586 vos
1338 3545 1481 3586 nunc
1509 3530 1662 3596 estis,
1688 3546 1812 3584 cum
1839 3529 2042 3586 eisdem
2086 3527 2185 3582 ob-

595 3627 998 3684 servationibus
1021 3626 1248 3681 strictus
1275 3623 1524 3691 tenebar,
1558 3633 1612 3677 et
1643 3623 1935 3676 licelesiam
1961 3617 2187 3687 Christi,

595 3720 724 3791 quia
754 3722 856 3772 ista
887 3733 996 3771 non
1027 3715 1249 3781 faceret,
1281 3729 1608 3784 persequens
1634 3712 2007 3768 devastabam.

666 3811 848 3883 (Vcrs.
877 3808 992 3882 15.)
1020 3805 1251 3876 Fratres,
1283 3807 1492 3862 obsecro
1531 3825 1616 3862 vos
1637 3849 1650 3872 ,
1680 3806 1816 3862 nihil
1854 3825 1936 3862 me
1963 3807 2188 3863 (resistis.

600 3900 758 3956 Scitis
791 3911 962 3954 autem
993 3901 1112 3968 quia
1141 3916 1232 3972 per
1261 3900 1614 3967 inﬁrmitatem
1643 3901 1817 3954 carnis
1844 3900 2191 3973 euangelizaui

599 3993 741 4049 vobis
755 3997 872 4067 jam
889 3994 1105 4064 pridem.
1135 3993 1413 4064 Superiori
1440 3995 1723 4049 sententia:
1742 3995 1908 4063 junge
1930 3993 2073 4065 quod
2103 4009 2193 4050 se-

599 4089 805 4157 quitur,
832 4085 977 4158 quod
1006 4095 1066 4141 ut
1108 4085 1200 4140 ﬁat
1230 4085 1591 4152 manifestius,
1623 4089 1694 4142 sit
1723 4088 1855 4141 ordo
1899 4086 2001 4142 iste
2028 4103 2189 4159 quem

602 4177 858 4248 ﬁngimus
889 4197 903 4232 :
936 4177 1180 4233 Obsecro
1209 4192 1328 4244 vos,
1363 4175 1582 4250 fratres,
1611 4189 1792 4234 estote
1819 4179 1962 4234 sicut
1987 4190 2041 4234 et
2063 4195 2190 4251 ego,

600 4271 724 4342 quia
759 4279 815 4326 et
839 4286 942 4341 ego
972 4275 1112 4326 sicut
1136 4287 1252 4326 vos.
1293 4270 1485 4327 Simile
1523 4281 1608 4328 est
1643 4273 1768 4328 huic
1803 4271 1937 4328 illud
1969 4272 2190 4348 :ROga-

601 4382 714 4420 mus
751 4381 846 4438 pro
877 4363 1107 4432 Christo,
1149 4364 1553 4420 reconciliamini
1586 4367 1693 4422 Deo
1729 4367 1795 4440 (ll
1827 4366 1953 4422 Cor.
1991 4385 2040 4434 v,
2073 4368 2189 4439 40).

598 4457 711 4514 Nec
741 4474 846 4513 non
891 4467 944 4513 et
971 4458 1101 4513 alibi
1137 4476 1149 4512 :
1187 4457 1407 4513 Obsecro
1437 4460 1659 4526 primum
1689 4459 1917 4513 omnium
1953 4460 2070 4530 ﬁeri
2101 4461 2192 4514 de-

2292 3261 2395 3313 sint
2423 3258 2574 3328 quasi
2603 3273 2705 3310 non
2734 3257 2978 3310 habentes
3009 3254 3177 3322 (Ibid.
3220 3254 3315 3321 27,
3345 3253 3465 3325 29).
3523 3255 3645 3310 Alia
3697 3257 3888 3329 quippe

2294 3359 2562 3420 pracepta
2586 3348 2649 3402 ad
2674 3348 3007 3417 Spiritunles,
3037 3347 3142 3402 alia
3186 3347 3386 3402 dantur
3421 3345 3489 3402 ad
3538 3363 3796 3405 carneos.
3828 3348 3890 3404 Et

2292 3442 2444 3497 aliud
2475 3451 2559 3497 est
2584 3441 2726 3508 quod
2746 3440 2900 3510 juxta
2942 3441 3252 3510 imperium,
3277 3439 3425 3496 aliud
3455 3441 3600 3512 quod
3623 3441 3787 3513 juxta
3812 3444 3886 3498 in-

2292 3531 2624 3600 dulgentiam
2645 3533 2979 3603 praecipitur.

2366 3624 2548 3696 (Vers.
2594 3624 2707 3696 lli.)
2740 3625 2809 3679 Et
2856 3626 3192 3682 tentationem
3229 3639 3477 3693 vestram,
3523 3642 3640 3698 qua:
3686 3636 3801 3683 erat
3838 3629 3888 3682 in

2293 3734 2447 3772 carne
2473 3733 2609 3784 mea,
2634 3735 2737 3772 non
2768 3719 3035 3790 spreuistis
3052 3761 3068 3786 ,
3097 3735 3258 3788 neque
3285 3719 3559 3789 respuistis
3581 3735 3602 3774 :
3631 3720 3726 3774 sed
3763 3721 3889 3776 sicut

2293 3813 2540 3884 angelum
2585 3810 2688 3868 Dei
2729 3814 3001 3883 excepistis
3046 3830 3156 3880 me,
3204 3814 3335 3868 sicut
3382 3809 3646 3867 Christum
3687 3812 3888 3869 Jesum.

2293 3902 2573 3960 Obscurus
2615 3904 2789 3972 locus,
2833 3913 2888 3960 et
2925 3903 3092 3975 460
3133 3904 3312 3957 acrius
3355 3902 3747 3962 attendendus.
3782 3905 3890 3976 Ego

2292 3997 2534 4066 quidem,
2567 3998 2664 4058 ait,
2695 3997 2847 4066 quasi
2877 3995 3116 4065 parvulis
3147 3994 3302 4050 vobis
3340 4002 3505 4062 atque
3546 3995 3884 4054 lactentibus

2296 4104 2393 4159 per
2424 4088 2789 4143 inftrmitatem
2829 4086 3011 4140 carnis
3041 4094 3240 4140 vestrae
3263 4085 3376 4154 jam
3408 4085 3620 4157 pridem
3650 4101 3890 4161 evange-

2295 4183 2472 4249 liza'vi,
2513 4198 2542 4235 a
2573 4179 2878 4235 minoribus
2906 4179 3197 4248 incipiens,
3230 4188 3284 4234 et
3307 4179 3389 4249 (ut
3414 4179 3488 4234 ita
3515 4179 3718 4253 dicam)
3753 4181 3888 4254 apud

2293 4290 2392 4329 vos
2421 4288 2557 4342 pene
2584 4271 2911 4326 balbutiens.
2943 4271 3076 4340 Qua:
3097 4271 3437 4341 dispensatio
3460 4281 3514 4326 et
3543 4273 3888 4341 praedicatio-

2295 4368 2379 4423 nis
2404 4367 2631 4422 inﬁrma:
2660 4366 2963 4436 simulatio,
2989 4382 3106 4423 mea
3136 4367 3357 4438 quidem
3381 4367 3706 4438 gubernatio
3734 4378 3885 4433 erat;

2295 4462 2391 4518 sed
2422 4473 2599 4516 vestra
2623 4461 2867 4527 teutatio,
2893 4477 2959 4516 an
2990 4461 3148 4516 vobis
3176 4462 3476 4531 placerent,
3502 4472 3558 4518 ct
3589 4478 3784 4533 magna
3817 4462 3890 4517 vi-

597 4553 938 4624 precationes,
964 4553 1244 4620 orationes,
1291 4553 1675 4621 postulationes,
1707 4553 1999 4626 gratiarum
2029 4556 2190 4606 actio-
2219 4553 2268 4611 Ι)
2294 4555 2552 4609 durentur
2576 4568 2640 4608 ea
2665 4569 2784 4622 quae
2811 4568 2909 4619 pro
2940 4553 3258 4609 conditione
3287 4554 3373 4609 sui
3394 4555 3605 4609 minora
3628 4565 3807 4622 erant,
3838 4562 3890 4610 et

598 4660 689 4699 nes
720 4643 764 4715 (l
792 4641 928 4699 Tim.
955 4659 1012 4708 ιι.
1045 4645 1124 4710 1).
1155 4644 1298 4700 Petri
1330 4661 1544 4716 quoque
1581 4647 1743 4702 Verba
1780 4647 2011 4702 dicentis
2041 4665 2055 4700 :
2089 4649 2190 4701 Se-

600 4737 769 4793 niores
800 4737 854 4791 in
876 4738 1016 4792 vobis
1046 4755 1170 4810 rogo
1197 4740 1468 4794 consenior
1497 4742 1627 4810 ipse,
1657 4751 1706 4795 et
1728 4742 1869 4795 testis
1893 4743 2191 4810 passionum

591 4827 790 4885 Christi
816 4828 858 4902 (I
896 4829 1040 4884 Petr.
1066 4847 1119 4898 v,
1157 4831 1228 4898 l).
1261 4831 1393 4899 Qua:
1421 4830 1638 4902 quidem
1671 4841 1725 4888 et
1755 4848 1852 4886 nos
1884 4832 1949 4886 ad
1974 4831 2193 4887 humili-

601 4933 766 4978 tatem
795 4933 1113 4995 provocant,
1145 4935 1200 4979 et
1227 4926 1572 4994 supercilium
1603 4925 1885 4982 decutiunt
1912 4927 2196 4996 episc0p0-

600 5035 742 5082 rum,
779 5020 869 5089 qui
898 5020 1044 5075 velut
1077 5020 1128 5074 in
1167 5021 1347 5090 aliqua
1379 5021 1600 5076 sublimi
1639 5022 1858 5091 specula
1886 5022 2188 5091 constituti,

597 5111 686 5168 vix
717 5113 1012 5182 dignantur
1033 5113 1217 5168 videre
1246 5115 1529 5177 mortales.
1577 5125 1630 5168 et
1658 5115 1858 5186 alloqui
1897 5129 2194 5171 conservos

597 5221 747 5262 suos.
790 5206 1011 5262 Discant
1053 5204 1122 5260 ab
1150 5204 1436 5275 Apostolo,
1467 5205 1634 5279 459
1671 5218 1918 5264 errantes
1961 5219 2017 5264 et
2062 5207 2196 5263 insi-

600 5299 813 5370 pientes
843 5297 1063 5353 Galatas
1101 5297 1299 5352 fratres
1322 5299 1524 5352 vocari.
1557 5300 1775 5353 Discant
1805 5311 1923 5369 post
1948 5300 2194 5368 increpa-

600 5393 804 5447 tionem
825 5392 1021 5446 blanda
1044 5391 1210 5446 verba
1231 5390 1463 5447 dicentis
1485 5409 1498 5446 :
1521 5390 1744 5446 Obsecro
1756 5409 1841 5446 vos
1868 5393 1915 5462 (Ι
1935 5393 2055 5447 Cor.
2088 5394 2191 5462 ιι).

600 5481 756 5552 Quod
785 5490 965 5537 autem
995 5482 1266 5550 obsecrat,
1308 5483 1443 5538 illud
1471 5491 1595 5551 est,
1639 5494 1696 5538 ut
1737 5485 2037 5540 imitatores
2076 5484 2193 5553 ejus

611 5615 627 5628 “
669 5631 695 5659 λ
729 5621 930 5678 Iterum
959 5623 1192 5678 Palatiu.
1229 5638 1385 5690 mss.,
1419 5624 1512 5678 sed
1545 5631 1869 5694 resurgentes
1897 5639 1916 5676 :
1937 5631 1993 5678 et
2030 5625 2190 5692 paulo

593 5695 870 5767 Superius,
898 5705 1343 5767 conresurgentes,
1378 5711 1473 5767 pro
1507 5696 1764 5767 simplici,
1794 5705 2188 5767 consurgentes.

661 5760 687 5801 ι’
721 5761 986 5822 Fortasse
1003 5760 1187 5822 veriu's
1213 5767 1270 5821 in
1291 5760 1400 5822 uno
1425 5760 1672 5823 Palatino
1685 5776 1790 5836 eSt,
1823 5760 2027 5837 lugens,
2047 5766 2194 5837 quod

2299 4664 2329 4703 a
2361 4664 2448 4704 me
2476 4649 2628 4720 quasi
2655 4646 2874 4702 humilia
2899 4646 3313 4716 promebantur.
3343 4647 3474 4714 Quae
3503 4647 3721 4717 quidem
3768 4663 3887 4716 vos,

2303 4757 2406 4795 non
2442 4751 2499 4794 ut
2527 4754 2712 4808 parva,
2737 4737 2834 4794 sed
2866 4746 2923 4792 ut
2953 4752 3147 4807 magna
3169 4738 3473 4806 capientes,
3511 4739 3780 4793 intautum
3805 4737 3891 4792 ad-

2301 4833 2481 4888 mirati
2508 4833 2660 4896 estis,
2699 4841 2755 4887 ut
2782 4847 2869 4886 me
2895 4831 2986 4900 qui
3016 4846 3078 4886 ea
3117 4831 3385 4900 loquebar
3414 4832 3569 4902 quasi
3618 4833 3887 4902 angelum,

2302 4935 2375 4992 et,
2397 4937 2451 4980 ut
2479 4925 2598 4995 plus
2626 4925 2992 4994 dicam,quasi
3018 4923 3114 4979 Dei
3147 4922 3338 4978 Filium
3369 4923 3739 4990 susciperetis.
3765 4924 3891 4978 Haec

2300 5035 2431 5091 ergo
2453 5027 2634 5074 vestra
2655 5018 2907 5084 teutatio,
2933 5033 3039 5088 qua
3065 5033 3168 5087 ego
3193 5033 3292 5073 vos
3336 5018 3389 5073 in
3413 5017 3628 5074 carnali
3648 5017 3752 5072 mei
3779 5031 3891 5070 ser-

2298 5112 2476 5168 monis
2501 5109 2910 5166 annuntiatione
2933 5111 3235 5177 tentabam,
3270 5126 3378 5164 non
3414 5109 3519 5164 fuit
3557 5117 3885 5177 contempta,

2297 5220 2399 5261 nec
2423 5204 2575 5268 vilis;
2607 5201 2704 5258 sed
2747 5203 2867 5272 plus
2897 5219 3057 5273 quam
3089 5203 3451 5267 azstimabam,
3487 5201 3675 5257 habuit
3715 5198 3889 5268 digni-

2297 5301 2442 5355 tatis.
2489 5297 2674 5354 P0test
2704 5307 2758 5353 et
2789 5298 2940 5354 locus
2970 5299 3074 5353 iste
3104 5299 3176 5354 ita
3205 5298 3440 5354 edisseri
3474 5314 3488 5352 :
3524 5296 3741 5368 quando
3765 5289 3886 5348 veni

2297 5392 2363 5446 ad
2392 5405 2509 5460 vos,
2540 5406 2647 5446 non
2680 5392 2800 5448 veni
2849 5392 2905 5447 in
2936 5408 3190 5447 sermone
3233 5391 3540 5463 sapientiae,
3591 5389 3688 5446 sed
3730 5387 3888 5442 homo

2297 5485 2521 5542 humilis
2547 5495 2709 5558 atque
2728 5495 3091 5558 contemptus,
3118 5486 3254 5541 nihil
3280 5500 3539 5556 itiagnum
3569 5482 3818 5541 deferens
3841 5490 3883 5546 ε,

2299 5627 2506 5684 referas
2535 5627 2599 5682 ad
2635 5627 2927 5696 ipsummet
2955 5627 3205 5682 Paulum.

2375 5710 2397 5737 ο
2431 5699 2591 5752 Addit
2618 5692 2682 5749 dli
2711 5715 2811 5751 suo
2833 5699 3102 5755 \lariuuns
3120 5700 3385 5754 Victorius
3415 5697 3731 5765 particulam
3765 5692 3883 5756 nisi.

2303 5770 2355 5827 id
2386 5779 2490 5839 est,
2533 5769 2664 5824 nihil
2697 5786 2941 5840 magnum
2974 5772 3238 5846 deferens,
3272 5769 3372 5826 nisi
3403 5770 3727 5840 cruci/imum.
3761 5767 3883 5837 Mss.
