  <div class='ocr_page' id='page_1' title='image "/cluster/home/n/w/nwhite01/storage/ocr_20150623/26/uva.x000826568/198.png"; bbox 0 0 4056 6302; ppageno 0'>
   <div class='ocr_carea' id='block_1_1' title="bbox 214 273 1794 341">
    <p class='ocr_par' dir='ltr' id='par_1_1' title="bbox 214 273 1794 340">
     <span class='ocr_line' id='line_1_1' title="bbox 214 273 1794 340; baseline -0.004 -1"><span class='ocrx_word' id='word_1_1' title='bbox 214 280 330 340; x_wconf 73' lang='lat'><strong>581</strong></span> <span class='ocrx_word' id='word_1_2' title='bbox 733 276 1388 337; x_wconf 73' lang='lat' dir='ltr'><strong>COMMENTARIORUM</strong></span> <span class='ocrx_word' id='word_1_3' title='bbox 1424 274 1492 333; x_wconf 76' lang='grc' dir='ltr'><strong>ΙΝ</strong></span> <span class='ocrx_word' id='word_1_4' title='bbox 1526 273 1794 336; x_wconf 74' lang='grc' dir='ltr'><strong>εΡιδτοι</strong></span> 
     </span>
    </p>
   </div>
   <div class='ocr_carea' id='block_1_2' title="bbox 1901 273 3542 341">
    <p class='ocr_par' dir='ltr' id='par_1_2' title="bbox 1901 273 3542 341">
     <span class='ocr_line' id='line_1_2' title="bbox 1901 273 3542 341; baseline 0.005 -9"><span class='ocrx_word' id='word_1_5' title='bbox 1901 274 1924 333; x_wconf 79' lang='grc' dir='ltr'>ί</span> <span class='ocrx_word' id='word_1_6' title='bbox 1960 273 2058 333; x_wconf 84' lang='lat' dir='ltr'><strong>AD</strong></span> <span class='ocrx_word' id='word_1_7' title='bbox 2096 276 2422 337; x_wconf 77' lang='lat' dir='ltr'><strong>GALATAS</strong></span> <span class='ocrx_word' id='word_1_8' title='bbox 2458 278 2593 336; x_wconf 85' lang='lat' dir='ltr'><strong>LIB.</strong></span> <span class='ocrx_word' id='word_1_9' title='bbox 2633 279 2699 337; x_wconf 88' lang='grc' dir='ltr'><strong>ιι.</strong></span> <span class='ocrx_word' id='word_1_10' title='bbox 2741 279 2899 337; x_wconf 79' lang='lat' dir='ltr'><strong>CAP.</strong></span> <span class='ocrx_word' id='word_1_11' title='bbox 2938 280 3029 338; x_wconf 65' lang='lat' dir='ltr'><strong>IV.</strong></span> <span class='ocrx_word' id='word_1_12' title='bbox 3432 284 3542 341; x_wconf 64' lang='lat'><strong>383</strong></span> 
     </span>
    </p>
   </div>
   <div class='ocr_carea' id='block_1_3' title="bbox 224 390 3538 466">
    <p class='ocr_par' dir='ltr' id='par_1_3' title="bbox 224 390 3538 466">
     <span class='ocr_line' id='line_1_3' title="bbox 224 390 3538 466; baseline -0.001 -10"><span class='ocrx_word' id='word_1_13' title='bbox 224 395 574 456; x_wconf 88' lang='lat' dir='ltr'><strong>crucilixnm.</strong></span> <span class='ocrx_word' id='word_1_14' title='bbox 601 394 738 453; x_wconf 87' lang='lat' dir='ltr'><strong>Cum</strong></span> <span class='ocrx_word' id='word_1_15' title='bbox 784 393 949 466; x_wconf 86' lang='lat' dir='ltr'><strong>igitur</strong></span> <span class='ocrx_word' id='word_1_16' title='bbox 973 408 1062 449; x_wconf 89' lang='lat' dir='ltr'><strong>me</strong></span> <span class='ocrx_word' id='word_1_17' title='bbox 1092 392 1361 449; x_wconf 74' lang='lat' dir='ltr'><strong>videretis</strong></span> <span class='ocrx_word' id='word_1_18' title='bbox 1390 393 1443 448; x_wconf 94' lang='lat' dir='ltr'><strong>in</strong></span> <span class='ocrx_word' id='word_1_19' title='bbox 1471 406 1710 463; x_wconf 88' lang='lat' dir='ltr'><strong>corpore</strong></span> <span class='ocrx_word' id='word_1_20' title='bbox 1750 391 1837 445; x_wconf 91' lang='lat' dir='ltr'><strong>in-</strong></span> <span class='ocrx_word' id='word_1_21' title='bbox 1864 390 1913 452; x_wconf 77' lang='grc' dir='ltr'><strong>Α</strong></span> <span class='ocrx_word' id='word_1_22' title='bbox 1944 390 2165 460; x_wconf 80' lang='lat' dir='ltr'><strong>gradus,</strong></span> <span class='ocrx_word' id='word_1_23' title='bbox 2190 392 2347 464; x_wconf 88' lang='lat' dir='ltr'><strong>juxta</strong></span> <span class='ocrx_word' id='word_1_24' title='bbox 2376 402 2667 462; x_wconf 88' lang='lat' dir='ltr'><strong>provectus</strong></span> <span class='ocrx_word' id='word_1_25' title='bbox 2693 408 2825 451; x_wconf 86' lang='lat' dir='ltr'><strong>suos</strong></span> <span class='ocrx_word' id='word_1_26' title='bbox 2849 394 3084 451; x_wconf 89' lang='lat' dir='ltr'><strong>habeant</strong></span> <span class='ocrx_word' id='word_1_27' title='bbox 3106 394 3538 454; x_wconf 73' lang='lat' dir='ltr'><strong>beatitudinem‘:</strong></span> 
     </span>
    </p>
   </div>
   <div class='ocr_carea' id='block_1_4' title="bbox 206 470 3535 562">
    <p class='ocr_par' dir='ltr' id='par_1_4' title="bbox 206 470 3535 562">
     <span class='ocr_line' id='line_1_4' title="bbox 206 470 3535 562; baseline -0.001 -17"><span class='ocrx_word' id='word_1_28' title='bbox 206 489 581 562; x_wconf 35' lang='lat' dir='ltr'><strong>-ﬁrmitatibus</strong></span> <span class='ocrx_word' id='word_1_29' title='bbox 624 486 866 542; x_wconf 85' lang='lat' dir='ltr'><strong>obnoxio</strong></span> <span class='ocrx_word' id='word_1_30' title='bbox 912 485 1299 547; x_wconf 87' lang='lat' dir='ltr'><strong>constitutum,</strong></span> <span class='ocrx_word' id='word_1_31' title='bbox 1356 500 1525 556; x_wconf 90' lang='lat' dir='ltr'><strong>regna</strong></span> <span class='ocrx_word' id='word_1_32' title='bbox 1577 483 1829 540; x_wconf 65' lang='lat' dir='ltr'><strong>coelestia</strong></span> <span class='ocrx_word' id='word_1_33' title='bbox 1933 482 1980 538; x_wconf 90' lang='lat' dir='ltr'><strong>si</strong></span> <span class='ocrx_word' id='word_1_34' title='bbox 2015 483 2158 552; x_wconf 81' lang='lat' dir='ltr'><strong>finis,</strong></span> <span class='ocrx_word' id='word_1_35' title='bbox 2187 492 2244 540; x_wconf 92' lang='lat' dir='ltr'><strong>et</strong></span> <span class='ocrx_word' id='word_1_36' title='bbox 2280 492 2342 541; x_wconf 91' lang='lat' dir='ltr'><strong>ut</strong></span> <span class='ocrx_word' id='word_1_37' title='bbox 2382 484 2457 541; x_wconf 88' lang='lat' dir='ltr'><strong>ita</strong></span> <span class='ocrx_word' id='word_1_38' title='bbox 2488 487 2701 556; x_wconf 87' lang='lat' dir='ltr'><strong>loquar,</strong></span> <span class='ocrx_word' id='word_1_39' title='bbox 2746 494 2989 542; x_wconf 87' lang='lat' dir='ltr'><strong>extrema</strong></span> <span class='ocrx_word' id='word_1_40' title='bbox 3032 470 3231 542; x_wconf 75' lang='lat' dir='ltr'><strong>manus</strong></span> <span class='ocrx_word' id='word_1_41' title='bbox 3251 488 3535 558; x_wconf 79' lang='lat' dir='ltr'><strong>cperide-</strong></span> 
     </span>
    </p>
   </div>
   <div class='ocr_carea' id='block_1_5' title="bbox 225 578 3538 656">
    <p class='ocr_par' dir='ltr' id='par_1_5' title="bbox 225 578 3538 656">
     <span class='ocr_line' id='line_1_5' title="bbox 225 578 3538 656; baseline -0.001 -18"><span class='ocrx_word' id='word_1_42' title='bbox 225 584 573 656; x_wconf 76' lang='lat' dir='ltr'><strong>pollicentem</strong></span> <span class='ocrx_word' id='word_1_43' title='bbox 617 597 730 637; x_wconf 90' lang='lat' dir='ltr'><strong>non</strong></span> <span class='ocrx_word' id='word_1_44' title='bbox 783 579 1054 649; x_wconf 87' lang='lat' dir='ltr'><strong>irrisistis,</strong></span> <span class='ocrx_word' id='word_1_45' title='bbox 1099 595 1202 635; x_wconf 88' lang='lat' dir='ltr'><strong>nec</strong></span> <span class='ocrx_word' id='word_1_46' title='bbox 1249 578 1565 635; x_wconf 68' lang='lat' dir='ltr'><strong>testimastis</strong></span> <span class='ocrx_word' id='word_1_47' title='bbox 1604 578 1828 650; x_wconf 87' lang='lat' dir='ltr'><strong>dignunt</strong></span> <span class='ocrx_word' id='word_1_48' title='bbox 1932 578 2114 646; x_wconf 90' lang='lat' dir='ltr'><strong>fuerit,</strong></span> <span class='ocrx_word' id='word_1_49' title='bbox 2162 588 2309 636; x_wconf 90' lang='lat' dir='ltr'><strong>totus</strong></span> <span class='ocrx_word' id='word_1_50' title='bbox 2340 581 2496 637; x_wconf 91' lang='lat' dir='ltr'><strong>labor</strong></span> <span class='ocrx_word' id='word_1_51' title='bbox 2546 581 2739 637; x_wconf 90' lang='lat' dir='ltr'><strong>irritus</strong></span> <span class='ocrx_word' id='word_1_52' title='bbox 2768 579 2895 647; x_wconf 83' lang='lat' dir='ltr'><strong>flet;</strong></span> <span class='ocrx_word' id='word_1_53' title='bbox 2940 591 2995 637; x_wconf 92' lang='lat' dir='ltr'><strong>et</strong></span> <span class='ocrx_word' id='word_1_54' title='bbox 3025 580 3279 637; x_wconf 86' lang='lat' dir='ltr'><strong>dicetur:</strong></span> <span class='ocrx_word' id='word_1_55' title='bbox 3317 578 3421 637; x_wconf 78' lang='lat' dir='ltr'><strong>Ubi</strong></span> <span class='ocrx_word' id='word_1_56' title='bbox 3460 589 3538 636; x_wconf 69' lang='lat' dir='ltr'><strong>est</strong></span> 
     </span>
    </p>
   </div>
   <div class='ocr_carea' id='block_1_6' title="bbox 224 671 3536 746">
    <p class='ocr_par' dir='ltr' id='par_1_6' title="bbox 224 671 3536 746">
     <span class='ocr_line' id='line_1_6' title="bbox 224 671 3536 746; baseline -0.001 -12"><span class='ocrx_word' id='word_1_57' title='bbox 224 692 350 734; x_wconf 89' lang='lat' dir='ltr'><strong>esse</strong></span> <span class='ocrx_word' id='word_1_58' title='bbox 388 684 746 746; x_wconf 89' lang='lat' dir='ltr'><strong>contemptu:</strong></span> <span class='ocrx_word' id='word_1_59' title='bbox 779 672 1168 744; x_wconf 89' lang='lat' dir='ltr'><strong>intelligebatis</strong></span> <span class='ocrx_word' id='word_1_60' title='bbox 1215 675 1418 745; x_wconf 92' lang='lat' dir='ltr'><strong>quippe</strong></span> <span class='ocrx_word' id='word_1_61' title='bbox 1458 671 1825 728; x_wconf 81' lang='lat' dir='ltr'><strong>humilitatem</strong></span> <span class='ocrx_word' id='word_1_62' title='bbox 1928 688 2049 744; x_wconf 81' lang='lat' dir='ltr'><strong>ergo</strong></span> <span class='ocrx_word' id='word_1_63' title='bbox 2083 672 2344 728; x_wconf 76' lang='lat' dir='ltr'><strong>beatitudo</strong></span> <span class='ocrx_word' id='word_1_64' title='bbox 2372 674 2582 728; x_wconf 76' lang='lat' dir='ltr'><strong>vestra?</strong></span> <span class='ocrx_word' id='word_1_65' title='bbox 2610 671 2892 742; x_wconf 84' lang='lat' dir='ltr'><strong>Quamvis,</strong></span> <span class='ocrx_word' id='word_1_66' title='bbox 2927 676 3126 745; x_wconf 92' lang='lat' dir='ltr'><strong>inquit,</strong></span> <span class='ocrx_word' id='word_1_67' title='bbox 3158 686 3256 728; x_wconf 80' lang='lat' dir='ltr'><strong>vos</strong></span> <span class='ocrx_word' id='word_1_68' title='bbox 3296 686 3365 729; x_wconf 89' lang='lat' dir='ltr'><strong>eo</strong></span> <span class='ocrx_word' id='word_1_69' title='bbox 3397 682 3536 730; x_wconf 89' lang='lat' dir='ltr'><strong>tem-</strong></span> 
     </span>
    </p>
   </div>
   <div class='ocr_carea' id='block_1_7' title="bbox 223 765 3531 839">
    <p class='ocr_par' dir='ltr' id='par_1_7' title="bbox 223 765 3531 839">
     <span class='ocr_line' id='line_1_7' title="bbox 223 765 3531 839; baseline -0.002 -12"><span class='ocrx_word' id='word_1_70' title='bbox 223 771 408 828; x_wconf 87' lang='lat' dir='ltr'><strong>caruis</strong></span> <span class='ocrx_word' id='word_1_71' title='bbox 432 786 594 837; x_wconf 68' lang='lat' dir='ltr'><strong>meae,</strong></span> <span class='ocrx_word' id='word_1_72' title='bbox 625 779 679 823; x_wconf 88' lang='lat' dir='ltr'><strong>et</strong></span> <span class='ocrx_word' id='word_1_73' title='bbox 706 768 878 839; x_wconf 79' lang='lat' dir='ltr'><strong>ipsius</strong></span> <span class='ocrx_word' id='word_1_74' title='bbox 913 767 1136 823; x_wconf 90' lang='lat' dir='ltr'><strong>habitus</strong></span> <span class='ocrx_word' id='word_1_75' title='bbox 1168 766 1457 834; x_wconf 79' lang='lat' dir='ltr'><strong>vilitatem,</strong></span> <span class='ocrx_word' id='word_1_76' title='bbox 1486 767 1554 821; x_wconf 90' lang='lat' dir='ltr'><strong>ad</strong></span> <span class='ocrx_word' id='word_1_77' title='bbox 1580 776 1824 823; x_wconf 82' lang='lat' dir='ltr'><strong>vestram</strong></span> <span class='ocrx_word' id='word_1_78' title='bbox 1928 779 2059 835; x_wconf 91' lang='lat' dir='ltr'><strong>pore</strong></span> <span class='ocrx_word' id='word_1_79' title='bbox 2087 780 2195 836; x_wconf 90' lang='lat' dir='ltr'><strong>quo</strong></span> <span class='ocrx_word' id='word_1_80' title='bbox 2239 765 2598 836; x_wconf 84' lang='lat' dir='ltr'><strong>Evangelium</strong></span> <span class='ocrx_word' id='word_1_81' title='bbox 2640 766 2795 835; x_wconf 91' lang='lat' dir='ltr'><strong>juxta</strong></span> <span class='ocrx_word' id='word_1_82' title='bbox 2842 780 3065 821; x_wconf 90' lang='lat' dir='ltr'><strong>carnem</strong></span> <span class='ocrx_word' id='word_1_83' title='bbox 3114 766 3489 837; x_wconf 86' lang='lat' dir='ltr'><strong>susceperatis</strong></span> <span class='ocrx_word' id='word_1_84' title='bbox 3512 807 3531 834; x_wconf 95' lang='lat'><strong>,</strong></span> 
     </span>
    </p>
   </div>
   <div class='ocr_carea' id='block_1_8' title="bbox 224 859 1819 923">
    <p class='ocr_par' dir='ltr' id='par_1_8' title="bbox 224 859 1819 923">
     <span class='ocr_line' id='line_1_8' title="bbox 224 859 1819 923; baseline -0.004 -4"><span class='ocrx_word' id='word_1_85' title='bbox 224 864 584 920; x_wconf 89' lang='lat' dir='ltr'><strong>tentationem</strong></span> <span class='ocrx_word' id='word_1_86' title='bbox 633 861 750 917; x_wconf 84' lang='lat' dir='ltr'><strong>fieri</strong></span> <span class='ocrx_word' id='word_1_87' title='bbox 780 878 795 916; x_wconf 90' lang='lat'><strong>:</strong></span> <span class='ocrx_word' id='word_1_88' title='bbox 827 876 895 915; x_wconf 93' lang='lat' dir='ltr'><strong>an</strong></span> <span class='ocrx_word' id='word_1_89' title='bbox 925 860 1182 917; x_wconf 89' lang='lat' dir='ltr'><strong>videlicet</strong></span> <span class='ocrx_word' id='word_1_90' title='bbox 1222 859 1647 916; x_wconf 84' lang='lat' dir='ltr'><strong>contemneretis</strong></span> <span class='ocrx_word' id='word_1_91' title='bbox 1674 874 1819 923; x_wconf 90' lang='lat' dir='ltr'><strong>eum,</strong></span> 
     </span>
    </p>
   </div>
   <div class='ocr_carea' id='block_1_9' title="bbox 222 950 1819 1024">
    <p class='ocr_par' dir='ltr' id='par_1_9' title="bbox 222 950 1819 1024">
     <span class='ocr_line' id='line_1_9' title="bbox 222 950 1819 1024; baseline -0.003 -14"><span class='ocrx_word' id='word_1_92' title='bbox 222 956 318 1024; x_wconf 85' lang='lat' dir='ltr'><strong>qui</strong></span> <span class='ocrx_word' id='word_1_93' title='bbox 344 955 415 1010; x_wconf 90' lang='lat' dir='ltr'><strong>ab</strong></span> <span class='ocrx_word' id='word_1_94' title='bbox 437 952 730 1009; x_wconf 87' lang='lat' dir='ltr'><strong>incredulis</strong></span> <span class='ocrx_word' id='word_1_95' title='bbox 761 950 1088 1008; x_wconf 83' lang='lat' dir='ltr'><strong>miserabilis</strong></span> <span class='ocrx_word' id='word_1_96' title='bbox 1118 951 1441 1022; x_wconf 86' lang='lat' dir='ltr'><strong>putabatur;</strong></span> <span class='ocrx_word' id='word_1_97' title='bbox 1473 951 1569 1008; x_wconf 89' lang='lat' dir='ltr'><strong>sed</strong></span> <span class='ocrx_word' id='word_1_98' title='bbox 1595 961 1819 1006; x_wconf 83' lang='lat' dir='ltr'><strong>econtra</strong></span> 
     </span>
    </p>
   </div>
   <div class='ocr_carea' id='block_1_10' title="bbox 219 1046 1820 1116">
    <p class='ocr_par' dir='ltr' id='par_1_10' title="bbox 219 1046 1820 1116">
     <span class='ocr_line' id='line_1_10' title="bbox 219 1046 1820 1116; baseline -0.002 -15"><span class='ocrx_word' id='word_1_99' title='bbox 219 1047 379 1103; x_wconf 90' lang='lat' dir='ltr'><strong>illum</strong></span> <span class='ocrx_word' id='word_1_100' title='bbox 407 1046 693 1111; x_wconf 82' lang='lat' dir='ltr'><strong>humilem,</strong></span> <span class='ocrx_word' id='word_1_101' title='bbox 723 1046 879 1101; x_wconf 89' lang='lat' dir='ltr'><strong>vilem</strong></span> <span class='ocrx_word' id='word_1_102' title='bbox 906 1054 1072 1116; x_wconf 90' lang='lat' dir='ltr'><strong>atque</strong></span> <span class='ocrx_word' id='word_1_103' title='bbox 1100 1056 1495 1115; x_wconf 88' lang='lat' dir='ltr'><strong>contemptum,</strong></span> <span class='ocrx_word' id='word_1_104' title='bbox 1530 1046 1600 1099; x_wconf 87' lang='lat' dir='ltr'><strong>ita</strong></span> <span class='ocrx_word' id='word_1_105' title='bbox 1638 1053 1695 1100; x_wconf 91' lang='lat' dir='ltr'><strong>ut</strong></span> <span class='ocrx_word' id='word_1_106' title='bbox 1722 1060 1820 1099; x_wconf 90' lang='lat' dir='ltr'><strong>an-</strong></span> 
     </span>
    </p>
   </div>
   <div class='ocr_carea' id='block_1_11' title="bbox 220 1138 1818 1213">
    <p class='ocr_par' dir='ltr' id='par_1_11' title="bbox 220 1138 1818 1213">
     <span class='ocr_line' id='line_1_11' title="bbox 220 1138 1818 1213; baseline -0.002 -17"><span class='ocrx_word' id='word_1_107' title='bbox 220 1140 427 1213; x_wconf 83' lang='lat' dir='ltr'><strong>gelum,</strong></span> <span class='ocrx_word' id='word_1_108' title='bbox 459 1148 513 1195; x_wconf 93' lang='lat' dir='ltr'><strong>et</strong></span> <span class='ocrx_word' id='word_1_109' title='bbox 552 1138 833 1209; x_wconf 75' lang='lat' dir='ltr'><strong>plusquam</strong></span> <span class='ocrx_word' id='word_1_110' title='bbox 862 1138 1118 1207; x_wconf 86' lang='lat' dir='ltr'><strong>angelum</strong></span> <span class='ocrx_word' id='word_1_111' title='bbox 1158 1138 1494 1209; x_wconf 87' lang='lat' dir='ltr'><strong>suscepistis.</strong></span> <span class='ocrx_word' id='word_1_112' title='bbox 1529 1138 1639 1193; x_wconf 86' lang='lat' dir='ltr'><strong>Aut</strong></span> <span class='ocrx_word' id='word_1_113' title='bbox 1668 1149 1818 1194; x_wconf 89' lang='lat' dir='ltr'><strong>certe</strong></span> 
     </span>
    </p>
   </div>
   <div class='ocr_carea' id='block_1_12' title="bbox 217 1230 1818 1302">
    <p class='ocr_par' dir='ltr' id='par_1_12' title="bbox 217 1230 1818 1302">
     <span class='ocr_line' id='line_1_12' title="bbox 217 1230 1818 1302; baseline -0.001 -15"><span class='ocrx_word' id='word_1_114' title='bbox 217 1230 486 1300; x_wconf 89' lang='lat' dir='ltr'><strong>suspicari</strong></span> <span class='ocrx_word' id='word_1_115' title='bbox 517 1244 830 1301; x_wconf 80' lang='lat' dir='ltr'><strong>possumus,</strong></span> <span class='ocrx_word' id='word_1_116' title='bbox 849 1230 1176 1299; x_wconf 78' lang='lat' dir='ltr'><strong>Apostolum</strong></span> <span class='ocrx_word' id='word_1_117' title='bbox 1208 1245 1275 1285; x_wconf 92' lang='lat' dir='ltr'><strong>eo</strong></span> <span class='ocrx_word' id='word_1_118' title='bbox 1302 1241 1550 1299; x_wconf 86' lang='lat' dir='ltr'><strong>tempore</strong></span> <span class='ocrx_word' id='word_1_119' title='bbox 1580 1247 1689 1302; x_wconf 91' lang='lat' dir='ltr'><strong>quo</strong></span> <span class='ocrx_word' id='word_1_120' title='bbox 1712 1230 1818 1301; x_wconf 82' lang='lat' dir='ltr'><strong>pri-</strong></span> 
     </span>
    </p>
   </div>
   <div class='ocr_carea' id='block_1_13' title="bbox 214 1321 1816 1395">
    <p class='ocr_par' dir='ltr' id='par_1_13' title="bbox 214 1321 1816 1395">
     <span class='ocr_line' id='line_1_13' title="bbox 214 1321 1816 1395; baseline 0 -16"><span class='ocrx_word' id='word_1_121' title='bbox 214 1339 365 1379; x_wconf 85' lang='lat' dir='ltr'><strong>mum</strong></span> <span class='ocrx_word' id='word_1_122' title='bbox 393 1323 541 1379; x_wconf 80' lang='lat' dir='ltr'><strong>venit</strong></span> <span class='ocrx_word' id='word_1_123' title='bbox 560 1322 627 1377; x_wconf 86' lang='lat' dir='ltr'><strong>ad</strong></span> <span class='ocrx_word' id='word_1_124' title='bbox 658 1322 903 1387; x_wconf 78' lang='lat' dir='ltr'><strong>Galatas,</strong></span> <span class='ocrx_word' id='word_1_125' title='bbox 934 1329 1268 1392; x_wconf 77' lang='lat' dir='ltr'><strong>:egrotasse;</strong></span> <span class='ocrx_word' id='word_1_126' title='bbox 1298 1332 1357 1377; x_wconf 90' lang='lat' dir='ltr'><strong>et</strong></span> <span class='ocrx_word' id='word_1_127' title='bbox 1382 1321 1563 1394; x_wconf 86' lang='lat' dir='ltr'><strong>aliqua</strong></span> <span class='ocrx_word' id='word_1_128' title='bbox 1590 1338 1816 1395; x_wconf 84' lang='lat' dir='ltr'><strong>corpus-</strong></span> 
     </span>
    </p>
   </div>
   <div class='ocr_carea' id='block_1_14' title="bbox 213 1412 1812 1484">
    <p class='ocr_par' dir='ltr' id='par_1_14' title="bbox 213 1412 1812 1484">
     <span class='ocr_line' id='line_1_14' title="bbox 213 1412 1812 1484; baseline 0.001 -14"><span class='ocrx_word' id='word_1_129' title='bbox 213 1412 659 1471; x_wconf 84' lang='lat' dir='ltr'><strong>culiintirmitate</strong></span> <span class='ocrx_word' id='word_1_130' title='bbox 688 1414 990 1479; x_wconf 75' lang='lat' dir='ltr'><strong>detentum,</strong></span> <span class='ocrx_word' id='word_1_131' title='bbox 1025 1428 1133 1469; x_wconf 90' lang='lat' dir='ltr'><strong>non</strong></span> <span class='ocrx_word' id='word_1_132' title='bbox 1167 1428 1414 1470; x_wconf 87' lang='lat' dir='ltr'><strong>cessasse</strong></span> <span class='ocrx_word' id='word_1_133' title='bbox 1460 1424 1666 1484; x_wconf 85' lang='lat' dir='ltr'><strong>tamen,</strong></span> <span class='ocrx_word' id='word_1_134' title='bbox 1709 1431 1812 1473; x_wconf 90' lang='lat' dir='ltr'><strong>nec</strong></span> 
     </span>
    </p>
   </div>
   <div class='ocr_carea' id='block_1_15' title="bbox 212 1505 1812 1578">
    <p class='ocr_par' dir='ltr' id='par_1_15' title="bbox 212 1505 1812 1578">
     <span class='ocr_line' id='line_1_15' title="bbox 212 1505 1812 1578; baseline 0.001 -16"><span class='ocrx_word' id='word_1_135' title='bbox 212 1522 404 1564; x_wconf 85' lang='lat' dir='ltr'><strong>vocem</strong></span> <span class='ocrx_word' id='word_1_136' title='bbox 424 1505 640 1561; x_wconf 89' lang='lat' dir='ltr'><strong>silentio</strong></span> <span class='ocrx_word' id='word_1_137' title='bbox 662 1505 1012 1575; x_wconf 83' lang='lat' dir='ltr'><strong>repressisse,</strong></span> <span class='ocrx_word' id='word_1_138' title='bbox 1041 1521 1149 1577; x_wconf 92' lang='lat' dir='ltr'><strong>quo</strong></span> <span class='ocrx_word' id='word_1_139' title='bbox 1174 1508 1354 1561; x_wconf 89' lang='lat' dir='ltr'><strong>minus</strong></span> <span class='ocrx_word' id='word_1_140' title='bbox 1376 1517 1616 1578; x_wconf 73' lang='lat' dir='ltr'><strong>emptum</strong></span> <span class='ocrx_word' id='word_1_141' title='bbox 1634 1507 1812 1563; x_wconf 87' lang='lat' dir='ltr'><strong>Evan-</strong></span> 
     </span>
    </p>
   </div>
   <div class='ocr_carea' id='block_1_16' title="bbox 209 1598 1808 1671">
    <p class='ocr_par' dir='ltr' id='par_1_16' title="bbox 209 1598 1808 1671">
     <span class='ocr_line' id='line_1_16' title="bbox 209 1598 1808 1671; baseline 0.001 -16"><span class='ocrx_word' id='word_1_142' title='bbox 209 1599 413 1671; x_wconf 82' lang='lat' dir='ltr'><strong>gelium</strong></span> <span class='ocrx_word' id='word_1_143' title='bbox 443 1598 786 1669; x_wconf 77' lang='lat' dir='ltr'><strong>przedicaret.</strong></span> <span class='ocrx_word' id='word_1_144' title='bbox 822 1598 957 1653; x_wconf 83' lang='lat' dir='ltr'><strong>Nam</strong></span> <span class='ocrx_word' id='word_1_145' title='bbox 1003 1600 1224 1655; x_wconf 89' lang='lat' dir='ltr'><strong>tradunt</strong></span> <span class='ocrx_word' id='word_1_146' title='bbox 1264 1616 1386 1656; x_wconf 90' lang='lat' dir='ltr'><strong>eum</strong></span> <span class='ocrx_word' id='word_1_147' title='bbox 1426 1599 1808 1669; x_wconf 88' lang='lat' dir='ltr'><strong>gravissimum</strong></span> 
     </span>
    </p>
   </div>
   <div class='ocr_carea' id='block_1_17' title="bbox 210 1689 1806 1761">
    <p class='ocr_par' dir='ltr' id='par_1_17' title="bbox 210 1689 1806 1761">
     <span class='ocr_line' id='line_1_17' title="bbox 210 1689 1806 1761; baseline 0.001 -15"><span class='ocrx_word' id='word_1_148' title='bbox 210 1692 410 1761; x_wconf 89' lang='lat' dir='ltr'><strong>capitis</strong></span> <span class='ocrx_word' id='word_1_149' title='bbox 437 1689 682 1746; x_wconf 84' lang='lat' dir='ltr'><strong>dolorem</strong></span> <span class='ocrx_word' id='word_1_150' title='bbox 713 1705 861 1760; x_wconf 72' lang='lat' dir='ltr'><strong>smpe</strong></span> <span class='ocrx_word' id='word_1_151' title='bbox 892 1706 1211 1760; x_wconf 78' lang='lat' dir='ltr'><strong>perpessure</strong></span> <span class='ocrx_word' id='word_1_152' title='bbox 1244 1708 1259 1746; x_wconf 87' lang='lat'><strong>:</strong></span> <span class='ocrx_word' id='word_1_153' title='bbox 1288 1701 1340 1746; x_wconf 92' lang='lat' dir='ltr'><strong>et</strong></span> <span class='ocrx_word' id='word_1_154' title='bbox 1382 1690 1527 1747; x_wconf 89' lang='lat' dir='ltr'><strong>hunc</strong></span> <span class='ocrx_word' id='word_1_155' title='bbox 1556 1707 1681 1747; x_wconf 89' lang='lat' dir='ltr'><strong>esse</strong></span> <span class='ocrx_word' id='word_1_156' title='bbox 1711 1709 1806 1747; x_wconf 88' lang='lat' dir='ltr'><strong>an-</strong></span> 
     </span>
    </p>
   </div>
   <div class='ocr_carea' id='block_1_18' title="bbox 1924 857 3532 928">
    <p class='ocr_par' dir='ltr' id='par_1_18' title="bbox 1924 857 3532 928">
     <span class='ocr_line' id='line_1_18' title="bbox 1924 857 3532 928; baseline 0.001 -14"><span class='ocrx_word' id='word_1_157' title='bbox 1924 857 2118 914; x_wconf 87' lang='lat' dir='ltr'><strong>beatos</strong></span> <span class='ocrx_word' id='word_1_158' title='bbox 2157 859 2396 915; x_wconf 84' lang='lat' dir='ltr'><strong>dicerem</strong></span> <span class='ocrx_word' id='word_1_159' title='bbox 2444 858 2589 928; x_wconf 88' lang='lat' dir='ltr'><strong>quod</strong></span> <span class='ocrx_word' id='word_1_160' title='bbox 2634 858 2690 913; x_wconf 91' lang='lat' dir='ltr'><strong>iu</strong></span> <span class='ocrx_word' id='word_1_161' title='bbox 2741 858 2914 915; x_wconf 89' lang='lat' dir='ltr'><strong>initiis</strong></span> <span class='ocrx_word' id='word_1_162' title='bbox 2952 858 3297 915; x_wconf 88' lang='lat' dir='ltr'><strong>fervebatis:</strong></span> <span class='ocrx_word' id='word_1_163' title='bbox 3348 867 3532 916; x_wconf 84' lang='lat' dir='ltr'><strong>tamen</strong></span> 
     </span>
    </p>
   </div>
   <div class='ocr_carea' id='block_1_19' title="bbox 1923 949 3532 1022">
    <p class='ocr_par' dir='ltr' id='par_1_19' title="bbox 1923 949 3532 1022">
     <span class='ocr_line' id='line_1_19' title="bbox 1923 949 3532 1022; baseline 0.002 -17"><span class='ocrx_word' id='word_1_164' title='bbox 1923 966 2069 1006; x_wconf 89' lang='lat' dir='ltr'><strong>nunc</strong></span> <span class='ocrx_word' id='word_1_165' title='bbox 2094 951 2219 1022; x_wconf 89' lang='lat' dir='ltr'><strong>quia</strong></span> <span class='ocrx_word' id='word_1_166' title='bbox 2251 966 2357 1006; x_wconf 92' lang='lat' dir='ltr'><strong>non</strong></span> <span class='ocrx_word' id='word_1_167' title='bbox 2393 951 2555 1005; x_wconf 85' lang='lat' dir='ltr'><strong>video</strong></span> <span class='ocrx_word' id='word_1_168' title='bbox 2585 949 2816 1006; x_wconf 64' lang='lat' dir='ltr'><strong>adificio</strong></span> <span class='ocrx_word' id='word_1_169' title='bbox 2842 951 3064 1008; x_wconf 87' lang='lat' dir='ltr'><strong>culmen</strong></span> <span class='ocrx_word' id='word_1_170' title='bbox 3106 952 3442 1022; x_wconf 84' lang='lat' dir='ltr'><strong>impositum,</strong></span> <span class='ocrx_word' id='word_1_171' title='bbox 3473 960 3532 1009; x_wconf 84' lang='lat' dir='ltr'><strong>et</strong></span> 
     </span>
    </p>
   </div>
   <div class='ocr_carea' id='block_1_20' title="bbox 1924 1041 3527 1115">
    <p class='ocr_par' dir='ltr' id='par_1_20' title="bbox 1924 1041 3527 1115">
     <span class='ocr_line' id='line_1_20' title="bbox 1924 1041 3527 1115; baseline 0.003 -18"><span class='ocrx_word' id='word_1_172' title='bbox 1924 1058 2064 1111; x_wconf 89' lang='lat' dir='ltr'><strong>pene</strong></span> <span class='ocrx_word' id='word_1_173' title='bbox 2104 1041 2133 1081; x_wconf 71' lang='grc' dir='ltr'>δ</span> <span class='ocrx_word' id='word_1_174' title='bbox 2177 1057 2520 1115; x_wconf 77' lang='lat' dir='ltr'><strong>nequaquam</strong></span> <span class='ocrx_word' id='word_1_175' title='bbox 2565 1043 2709 1113; x_wconf 88' lang='lat' dir='ltr'><strong>jacta</strong></span> <span class='ocrx_word' id='word_1_176' title='bbox 2739 1043 3073 1111; x_wconf 78' lang='lat' dir='ltr'><strong>fundamina,</strong></span> <span class='ocrx_word' id='word_1_177' title='bbox 3101 1059 3273 1115; x_wconf 86' lang='lat' dir='ltr'><strong>cogor</strong></span> <span class='ocrx_word' id='word_1_178' title='bbox 3296 1044 3479 1101; x_wconf 82' lang='lat' dir='ltr'><strong>dicere</strong></span> <span class='ocrx_word' id='word_1_179' title='bbox 3512 1064 3527 1101; x_wconf 91' lang='lat'><strong>:</strong></span> 
     </span>
    </p>
   </div>
   <div class='ocr_carea' id='block_1_21' title="bbox 1925 1135 3527 1208">
    <p class='ocr_par' dir='ltr' id='par_1_21' title="bbox 1925 1135 3527 1208">
     <span class='ocr_line' id='line_1_21' title="bbox 1925 1135 3527 1208; baseline 0.002 -16"><span class='ocrx_word' id='word_1_180' title='bbox 1925 1135 2025 1192; x_wconf 91' lang='lat' dir='ltr'><strong>Ubi</strong></span> <span class='ocrx_word' id='word_1_181' title='bbox 2052 1147 2125 1192; x_wconf 81' lang='lat' dir='ltr'><strong>est</strong></span> <span class='ocrx_word' id='word_1_182' title='bbox 2152 1153 2276 1208; x_wconf 76' lang='lat' dir='ltr'><strong>ergo</strong></span> <span class='ocrx_word' id='word_1_183' title='bbox 2305 1136 2571 1192; x_wconf 79' lang='lat' dir='ltr'><strong>beatitudo</strong></span> <span class='ocrx_word' id='word_1_184' title='bbox 2605 1147 2799 1203; x_wconf 78' lang='lat' dir='ltr'><strong>vestra,</strong></span> <span class='ocrx_word' id='word_1_185' title='bbox 2842 1152 2946 1208; x_wconf 88' lang='lat' dir='ltr'><strong>qua</strong></span> <span class='ocrx_word' id='word_1_186' title='bbox 2997 1150 3095 1193; x_wconf 88' lang='lat' dir='ltr'><strong>vos</strong></span> <span class='ocrx_word' id='word_1_187' title='bbox 3142 1138 3334 1195; x_wconf 85' lang='lat' dir='ltr'><strong>beatos</strong></span> <span class='ocrx_word' id='word_1_188' title='bbox 3375 1139 3527 1197; x_wconf 89' lang='lat' dir='ltr'><strong>arbi-</strong></span> 
     </span>
    </p>
   </div>
   <div class='ocr_carea' id='block_1_22' title="bbox 1921 1230 3526 1304">
    <p class='ocr_par' dir='ltr' id='par_1_22' title="bbox 1921 1230 3526 1304">
     <span class='ocr_line' id='line_1_22' title="bbox 1921 1230 3526 1304; baseline 0.004 -20"><span class='ocrx_word' id='word_1_189' title='bbox 1921 1238 2072 1286; x_wconf 88' lang='lat' dir='ltr'><strong>trans</strong></span> <span class='ocrx_word' id='word_1_190' title='bbox 2115 1241 2243 1286; x_wconf 89' lang='lat' dir='ltr'><strong>ante</strong></span> <span class='ocrx_word' id='word_1_191' title='bbox 2294 1231 2620 1287; x_wconf 80' lang='lat' dir='ltr'><strong>laudabam?</strong></span> <span class='ocrx_word' id='word_1_192' title='bbox 2668 1230 2813 1287; x_wconf 81' lang='lat' dir='ltr'><strong>Vere</strong></span> <span class='ocrx_word' id='word_1_193' title='bbox 2863 1232 3010 1287; x_wconf 90' lang='lat' dir='ltr'><strong>enim</strong></span> <span class='ocrx_word' id='word_1_194' title='bbox 3054 1241 3111 1286; x_wconf 89' lang='lat' dir='ltr'><strong>et</strong></span> <span class='ocrx_word' id='word_1_195' title='bbox 3158 1231 3278 1304; x_wconf 84' lang='lat' dir='ltr'><strong>ipse</strong></span> <span class='ocrx_word' id='word_1_196' title='bbox 3326 1231 3526 1301; x_wconf 81' lang='lat' dir='ltr'><strong>fateor,</strong></span> 
     </span>
    </p>
   </div>
   <div class='ocr_carea' id='block_1_23' title="bbox 1914 1323 3527 1396">
    <p class='ocr_par' dir='ltr' id='par_1_23' title="bbox 1914 1323 3527 1396">
     <span class='ocr_line' id='line_1_23' title="bbox 1914 1323 3527 1396; baseline 0.005 -21"><span class='ocrx_word' id='word_1_197' title='bbox 1914 1325 2038 1392; x_wconf 77' lang='lat' dir='ltr'><strong>quia</strong></span> <span class='ocrx_word' id='word_1_198' title='bbox 2070 1324 2149 1378; x_wconf 70' lang='lat' dir='ltr'><strong>sic</strong></span> <span class='ocrx_word' id='word_1_199' title='bbox 2179 1340 2263 1380; x_wconf 90' lang='lat' dir='ltr'><strong>me</strong></span> <span class='ocrx_word' id='word_1_200' title='bbox 2306 1325 2463 1379; x_wconf 76' lang='lat' dir='ltr'><strong>vobis</strong></span> <span class='ocrx_word' id='word_1_201' title='bbox 2501 1324 2726 1379; x_wconf 88' lang='lat' dir='ltr'><strong>humilia</strong></span> <span class='ocrx_word' id='word_1_202' title='bbox 2772 1323 3162 1394; x_wconf 62' lang='lat' dir='ltr'><strong>przedicantem</strong></span> <span class='ocrx_word' id='word_1_203' title='bbox 3209 1325 3299 1382; x_wconf 86' lang='lat' dir='ltr'><strong>vei</strong></span> <span class='ocrx_word' id='word_1_204' title='bbox 3337 1340 3527 1396; x_wconf 81' lang='lat' dir='ltr'><strong>perse-</strong></span> 
     </span>
    </p>
   </div>
   <div class='ocr_carea' id='block_1_24' title="bbox 1914 1412 3529 1490">
    <p class='ocr_par' dir='ltr' id='par_1_24' title="bbox 1914 1412 3529 1490">
     <span class='ocr_line' id='line_1_24' title="bbox 1914 1412 3529 1490; baseline 0.001 -19"><span class='ocrx_word' id='word_1_205' title='bbox 1914 1417 2225 1472; x_wconf 89' lang='lat' dir='ltr'><strong>cutionihus</strong></span> <span class='ocrx_word' id='word_1_206' title='bbox 2263 1415 2426 1490; x_wconf 58' lang='lat'><strong>562</strong></span> <span class='ocrx_word' id='word_1_207' title='bbox 2469 1416 2866 1482; x_wconf 88' lang='lat' dir='ltr'><strong>conflictatum,</strong></span> <span class='ocrx_word' id='word_1_208' title='bbox 2913 1416 2968 1473; x_wconf 92' lang='lat' dir='ltr'><strong>in</strong></span> <span class='ocrx_word' id='word_1_209' title='bbox 3003 1415 3277 1487; x_wconf 86' lang='lat' dir='ltr'><strong>principio</strong></span> <span class='ocrx_word' id='word_1_210' title='bbox 3302 1412 3529 1474; x_wconf 74' lang='lat' dir='ltr'><strong>dilexis-</strong></span> 
     </span>
    </p>
   </div>
   <div class='ocr_carea' id='block_1_25' title="bbox 1914 1509 3523 1582">
    <p class='ocr_par' dir='ltr' id='par_1_25' title="bbox 1914 1509 3523 1582">
     <span class='ocr_line' id='line_1_25' title="bbox 1914 1509 3523 1582; baseline 0.002 -19"><span class='ocrx_word' id='word_1_211' title='bbox 1914 1510 1983 1564; x_wconf 86' lang='lat' dir='ltr'><strong>tis</strong></span> <span class='ocrx_word' id='word_1_212' title='bbox 2011 1527 2025 1563; x_wconf 86' lang='lat'><strong>:</strong></span> <span class='ocrx_word' id='word_1_213' title='bbox 2062 1518 2120 1565; x_wconf 94' lang='lat' dir='ltr'><strong>ut</strong></span> <span class='ocrx_word' id='word_1_214' title='bbox 2144 1511 2189 1565; x_wconf 91' lang='lat' dir='ltr'><strong>si</strong></span> <span class='ocrx_word' id='word_1_215' title='bbox 2223 1509 2342 1566; x_wconf 81' lang='lat' dir='ltr'><strong>ﬁeri</strong></span> <span class='ocrx_word' id='word_1_216' title='bbox 2378 1522 2562 1581; x_wconf 90' lang='lat' dir='ltr'><strong>posset</strong></span> <span class='ocrx_word' id='word_1_217' title='bbox 2594 1509 2980 1582; x_wconf 86' lang='lat' dir='ltr'><strong>(hyperbolice</strong></span> <span class='ocrx_word' id='word_1_218' title='bbox 3008 1519 3190 1567; x_wconf 88' lang='lat' dir='ltr'><strong>autem</strong></span> <span class='ocrx_word' id='word_1_219' title='bbox 3221 1520 3349 1567; x_wconf 85' lang='lat' dir='ltr'><strong>sunt</strong></span> <span class='ocrx_word' id='word_1_220' title='bbox 3374 1511 3523 1567; x_wconf 79' lang='lat' dir='ltr'><strong>acci—</strong></span> 
     </span>
    </p>
   </div>
   <div class='ocr_carea' id='block_1_26' title="bbox 1912 1602 3528 1677">
    <p class='ocr_par' dir='ltr' id='par_1_26' title="bbox 1912 1602 3528 1677">
     <span class='ocr_line' id='line_1_26' title="bbox 1912 1602 3528 1677; baseline 0.002 -22"><span class='ocrx_word' id='word_1_221' title='bbox 1912 1602 2110 1673; x_wconf 77' lang='lat' dir='ltr'><strong>pienda</strong></span> <span class='ocrx_word' id='word_1_222' title='bbox 2141 1618 2263 1675; x_wconf 68' lang='lat' dir='ltr'><strong>qua:</strong></span> <span class='ocrx_word' id='word_1_223' title='bbox 2290 1604 2566 1677; x_wconf 84' lang='lat' dir='ltr'><strong>loquitur)</strong></span> <span class='ocrx_word' id='word_1_224' title='bbox 2591 1604 2880 1661; x_wconf 87' lang='lat' dir='ltr'><strong>eruissetis</strong></span> <span class='ocrx_word' id='word_1_225' title='bbox 2905 1603 3066 1661; x_wconf 82' lang='lat' dir='ltr'><strong>vobis</strong></span> <span class='ocrx_word' id='word_1_226' title='bbox 3094 1604 3313 1671; x_wconf 76' lang='lat' dir='ltr'><strong>ocuios&#39;;</strong></span> <span class='ocrx_word' id='word_1_227' title='bbox 3344 1602 3401 1660; x_wconf 78' lang='lat' dir='ltr'><strong>et</strong></span> <span class='ocrx_word' id='word_1_228' title='bbox 3422 1602 3528 1659; x_wconf 82' lang='lat' dir='ltr'><strong>trti-</strong></span> 
     </span>
    </p>
   </div>
   <div class='ocr_carea' id='block_1_27' title="bbox 1913 1697 3521 1770">
    <p class='ocr_par' dir='ltr' id='par_1_27' title="bbox 1913 1697 3521 1770">
     <span class='ocr_line' id='line_1_27' title="bbox 1913 1697 3521 1770; baseline 0.002 -20"><span class='ocrx_word' id='word_1_229' title='bbox 1913 1697 1989 1765; x_wconf 93' lang='lat' dir='ltr'><strong>hi,</strong></span> <span class='ocrx_word' id='word_1_230' title='bbox 2020 1706 2082 1753; x_wconf 87' lang='lat' dir='ltr'><strong>ut</strong></span> <span class='ocrx_word' id='word_1_231' title='bbox 2123 1699 2367 1754; x_wconf 88' lang='lat' dir='ltr'><strong>omnium</strong></span> <span class='ocrx_word' id='word_1_232' title='bbox 2412 1709 2656 1754; x_wconf 90' lang='lat' dir='ltr'><strong>vestrum</strong></span> <span class='ocrx_word' id='word_1_233' title='bbox 2689 1698 2994 1754; x_wconf 89' lang='lat' dir='ltr'><strong>luminibus</strong></span> <span class='ocrx_word' id='word_1_234' title='bbox 3045 1699 3167 1770; x_wconf 86' lang='lat' dir='ltr'><strong>plus</strong></span> <span class='ocrx_word' id='word_1_235' title='bbox 3210 1712 3521 1768; x_wconf 82' lang='lat' dir='ltr'><strong>cernerem,</strong></span> 
     </span>
    </p>
   </div>
   <div class='ocr_carea' id='block_1_28' title="bbox 207 1773 3526 1866">
    <p class='ocr_par' dir='ltr' id='par_1_28' title="bbox 207 1773 3526 1866">
     <span class='ocr_line' id='line_1_28' title="bbox 207 1773 3526 1866; baseline 0.005 -29"><span class='ocrx_word' id='word_1_236' title='bbox 207 1783 395 1852; x_wconf 88' lang='lat' dir='ltr'><strong>gelum</strong></span> <span class='ocrx_word' id='word_1_237' title='bbox 425 1781 661 1849; x_wconf 81' lang='lat' dir='ltr'><strong>Satanae,</strong></span> <span class='ocrx_word' id='word_1_238' title='bbox 694 1783 785 1853; x_wconf 88' lang='lat' dir='ltr'><strong>qui</strong></span> <span class='ocrx_word' id='word_1_239' title='bbox 806 1784 1090 1854; x_wconf 77' lang='lat' dir='ltr'><strong>appositus</strong></span> <span class='ocrx_word' id='word_1_240' title='bbox 1114 1785 1165 1840; x_wconf 89' lang='lat' dir='ltr'><strong>ei</strong></span> <span class='ocrx_word' id='word_1_241' title='bbox 1196 1786 1284 1851; x_wconf 91' lang='lat' dir='ltr'><strong>sit,</strong></span> <span class='ocrx_word' id='word_1_242' title='bbox 1323 1793 1382 1840; x_wconf 90' lang='lat' dir='ltr'><strong>ut</strong></span> <span class='ocrx_word' id='word_1_243' title='bbox 1409 1802 1532 1842; x_wconf 91' lang='lat' dir='ltr'><strong>eum</strong></span> <span class='ocrx_word' id='word_1_244' title='bbox 1570 1786 1812 1857; x_wconf 73' lang='lat' dir='ltr'><strong>colaphi-</strong></span> <span class='ocrx_word' id='word_1_245' title='bbox 1844 1773 1889 1833; x_wconf 80' lang='grc' dir='ltr'><strong><em>Β</em></strong></span> <span class='ocrx_word' id='word_1_246' title='bbox 1917 1792 2225 1849; x_wconf 86' lang='lat' dir='ltr'><strong>dedissetis.</strong></span> <span class='ocrx_word' id='word_1_247' title='bbox 2260 1793 2547 1864; x_wconf 87' lang='lat' dir='ltr'><strong>Optabatis</strong></span> <span class='ocrx_word' id='word_1_248' title='bbox 2578 1795 2782 1866; x_wconf 90' lang='lat' dir='ltr'><strong>quippe</strong></span> <span class='ocrx_word' id='word_1_249' title='bbox 2809 1808 2908 1850; x_wconf 91' lang='lat' dir='ltr'><strong>vos</strong></span> <span class='ocrx_word' id='word_1_250' title='bbox 2941 1808 3119 1850; x_wconf 70' lang='lat' dir='ltr'><strong>caecos</strong></span> <span class='ocrx_word' id='word_1_251' title='bbox 3158 1796 3281 1851; x_wconf 82' lang='lat' dir='ltr'><strong>esse</strong></span> <span class='ocrx_word' id='word_1_252' title='bbox 3307 1804 3406 1865; x_wconf 85' lang='lat' dir='ltr'><strong>per</strong></span> <span class='ocrx_word' id='word_1_253' title='bbox 3439 1793 3526 1853; x_wconf 85' lang='lat' dir='ltr'><strong>in-</strong></span> 
     </span>
    </p>
   </div>
   <div class='ocr_carea' id='block_1_29' title="bbox 206 1874 3523 1962">
    <p class='ocr_par' dir='ltr' id='par_1_29' title="bbox 206 1874 3523 1962">
     <span class='ocr_line' id='line_1_29' title="bbox 206 1874 3523 1962; baseline 0.002 -32"><span class='ocrx_word' id='word_1_254' title='bbox 206 1884 362 1930; x_wconf 77' lang='lat' dir='ltr'><strong>Zaret</strong></span> <span class='ocrx_word' id='word_1_255' title='bbox 386 1874 439 1929; x_wconf 91' lang='lat' dir='ltr'><strong>in</strong></span> <span class='ocrx_word' id='word_1_256' title='bbox 466 1889 650 1944; x_wconf 88' lang='lat' dir='ltr'><strong>carne,</strong></span> <span class='ocrx_word' id='word_1_257' title='bbox 684 1890 754 1931; x_wconf 91' lang='lat' dir='ltr'><strong>ue</strong></span> <span class='ocrx_word' id='word_1_258' title='bbox 792 1876 1167 1932; x_wconf 86' lang='lat' dir='ltr'><strong>extolleretur.</strong></span> <span class='ocrx_word' id='word_1_259' title='bbox 1220 1878 1348 1933; x_wconf 66' lang='lat' dir='ltr'><strong>llaec</strong></span> <span class='ocrx_word' id='word_1_260' title='bbox 1395 1879 1719 1949; x_wconf 83' lang='lat' dir='ltr'><strong>infirmitas,</strong></span> <span class='ocrx_word' id='word_1_261' title='bbox 1753 1891 1810 1936; x_wconf 92' lang='lat' dir='ltr'><strong>et</strong></span> <span class='ocrx_word' id='word_1_262' title='bbox 1910 1887 2183 1944; x_wconf 76' lang='lat' dir='ltr'><strong>cﬂabilem</strong></span> <span class='ocrx_word' id='word_1_263' title='bbox 2232 1891 2285 1944; x_wconf 85' lang='lat' dir='ltr'><strong>in</strong></span> <span class='ocrx_word' id='word_1_264' title='bbox 2319 1906 2405 1944; x_wconf 87' lang='lat' dir='ltr'><strong>me</strong></span> <span class='ocrx_word' id='word_1_265' title='bbox 2432 1889 2795 1953; x_wconf 80' lang='lat' dir='ltr'><strong>charitatem;</strong></span> <span class='ocrx_word' id='word_1_266' title='bbox 2830 1899 2883 1943; x_wconf 82' lang='lat' dir='ltr'><strong>ut</strong></span> <span class='ocrx_word' id='word_1_267' title='bbox 2930 1889 3053 1962; x_wconf 81' lang='lat' dir='ltr'><strong>plus</strong></span> <span class='ocrx_word' id='word_1_268' title='bbox 3094 1888 3149 1945; x_wconf 80' lang='lat' dir='ltr'><strong>in</strong></span> <span class='ocrx_word' id='word_1_269' title='bbox 3185 1902 3311 1944; x_wconf 83' lang='lat' dir='ltr'><strong>meo</strong></span> <span class='ocrx_word' id='word_1_270' title='bbox 3354 1887 3523 1945; x_wconf 72' lang='lat' dir='ltr'><strong>corde</strong></span> 
     </span>
    </p>
   </div>
   <div class='ocr_carea' id='block_1_30' title="bbox 205 1966 3518 2054">
    <p class='ocr_par' dir='ltr' id='par_1_30' title="bbox 205 1966 3518 2054">
     <span class='ocr_line' id='line_1_30' title="bbox 205 1966 3518 2054; baseline 0.001 -33"><span class='ocrx_word' id='word_1_271' title='bbox 205 1966 438 2037; x_wconf 90' lang='lat' dir='ltr'><strong>languor</strong></span> <span class='ocrx_word' id='word_1_272' title='bbox 458 1966 549 2023; x_wconf 87' lang='lat' dir='ltr'><strong>hic</strong></span> <span class='ocrx_word' id='word_1_273' title='bbox 575 1971 852 2038; x_wconf 88' lang='lat' dir='ltr'><strong>corporis,</strong></span> <span class='ocrx_word' id='word_1_274' title='bbox 879 1969 1023 2041; x_wconf 86' lang='lat' dir='ltr'><strong>apud</strong></span> <span class='ocrx_word' id='word_1_275' title='bbox 1046 1984 1142 2026; x_wconf 75' lang='lat'><strong>80$</strong></span> <span class='ocrx_word' id='word_1_276' title='bbox 1162 1970 1359 2042; x_wconf 87' lang='lat' dir='ltr'><strong>quibus</strong></span> <span class='ocrx_word' id='word_1_277' title='bbox 1381 1974 1810 2029; x_wconf 87' lang='lat' dir='ltr'><strong>annuntiabalur</strong></span> <span class='ocrx_word' id='word_1_278' title='bbox 1912 1982 2188 2054; x_wconf 68' lang='lat' dir='ltr'><strong>Evangelii</strong></span> <span class='ocrx_word' id='word_1_279' title='bbox 2213 1982 2398 2039; x_wconf 79' lang='lat' dir='ltr'><strong>lumen</strong></span> <span class='ocrx_word' id='word_1_280' title='bbox 2425 1984 2697 2051; x_wconf 28' lang='lat' dir='ltr'><strong>oriretur;</strong></span> <span class='ocrx_word' id='word_1_281' title='bbox 2729 1982 3164 2041; x_wconf 62' lang='lat' dir='ltr'><strong>emolumentum</strong></span> <span class='ocrx_word' id='word_1_282' title='bbox 3198 1997 3378 2039; x_wconf 74' lang='lat' dir='ltr'><strong>meum</strong></span> <span class='ocrx_word' id='word_1_283' title='bbox 3419 1997 3518 2039; x_wconf 73' lang='grc' dir='ltr'><strong>νο-</strong></span> 
     </span>
    </p>
   </div>
   <div class='ocr_carea' id='block_1_31' title="bbox 205 2057 1804 2131">
    <p class='ocr_par' dir='ltr' id='par_1_31' title="bbox 205 2057 1804 2131">
     <span class='ocr_line' id='line_1_31' title="bbox 205 2057 1804 2131; baseline 0.005 -18"><span class='ocrx_word' id='word_1_284' title='bbox 205 2057 569 2131; x_wconf 82' lang='lat' dir='ltr'><strong>Evangelium</strong></span> <span class='ocrx_word' id='word_1_285' title='bbox 595 2103 611 2129; x_wconf 95' lang='lat'><strong>,</strong></span> <span class='ocrx_word' id='word_1_286' title='bbox 662 2062 896 2118; x_wconf 89' lang='lat' dir='ltr'><strong>tentatio</strong></span> <span class='ocrx_word' id='word_1_287' title='bbox 939 2063 1040 2118; x_wconf 85' lang='lat' dir='ltr'><strong>fuit</strong></span> <span class='ocrx_word' id='word_1_288' title='bbox 1068 2081 1083 2117; x_wconf 90' lang='lat'><strong>:</strong></span> <span class='ocrx_word' id='word_1_289' title='bbox 1116 2080 1184 2120; x_wconf 91' lang='lat' dir='ltr'><strong>an</strong></span> <span class='ocrx_word' id='word_1_290' title='bbox 1233 2074 1647 2122; x_wconf 81' lang='lat' dir='ltr'><strong>eotttctnnerent</strong></span> <span class='ocrx_word' id='word_1_291' title='bbox 1679 2084 1804 2121; x_wconf 84' lang='lat' dir='ltr'><strong>eum</strong></span> 
     </span>
    </p>
   </div>
   <div class='ocr_carea' id='block_1_32' title="bbox 201 2148 1807 2231">
    <p class='ocr_par' dir='ltr' id='par_1_32' title="bbox 201 2148 1807 2231">
     <span class='ocr_line' id='line_1_32' title="bbox 201 2148 1807 2231; baseline 0.007 -28"><span class='ocrx_word' id='word_1_292' title='bbox 201 2148 458 2206; x_wconf 86' lang='lat' dir='ltr'><strong>sublimia</strong></span> <span class='ocrx_word' id='word_1_293' title='bbox 493 2151 926 2223; x_wconf 87' lang='lat' dir='ltr'><strong>promittentem,</strong></span> <span class='ocrx_word' id='word_1_294' title='bbox 960 2170 1121 2226; x_wconf 83' lang='lat' dir='ltr'><strong>quem</strong></span> <span class='ocrx_word' id='word_1_295' title='bbox 1162 2156 1514 2228; x_wconf 79' lang='lat' dir='ltr'><strong>languoribus</strong></span> <span class='ocrx_word' id='word_1_296' title='bbox 1554 2160 1807 2231; x_wconf 80' lang='lat' dir='ltr'><strong>corporis</strong></span> 
     </span>
    </p>
   </div>
   <div class='ocr_carea' id='block_1_33' title="bbox 200 2242 1802 2323">
    <p class='ocr_par' dir='ltr' id='par_1_33' title="bbox 200 2242 1802 2323">
     <span class='ocr_line' id='line_1_33' title="bbox 200 2242 1802 2323; baseline 0.009 -29"><span class='ocrx_word' id='word_1_297' title='bbox 200 2242 510 2311; x_wconf 80' lang='lat' dir='ltr'><strong>subjectum</strong></span> <span class='ocrx_word' id='word_1_298' title='bbox 540 2242 819 2301; x_wconf 84' lang='lat' dir='ltr'><strong>videbant.</strong></span> <span class='ocrx_word' id='word_1_299' title='bbox 850 2243 960 2301; x_wconf 85' lang='lat' dir='ltr'><strong>Nec</strong></span> <span class='ocrx_word' id='word_1_300' title='bbox 1013 2262 1120 2302; x_wconf 92' lang='lat' dir='ltr'><strong>non</strong></span> <span class='ocrx_word' id='word_1_301' title='bbox 1148 2257 1204 2304; x_wconf 88' lang='lat' dir='ltr'><strong>et</strong></span> <span class='ocrx_word' id='word_1_302' title='bbox 1250 2250 1379 2304; x_wconf 89' lang='lat' dir='ltr'><strong>illud</strong></span> <span class='ocrx_word' id='word_1_303' title='bbox 1425 2251 1532 2307; x_wconf 89' lang='lat' dir='ltr'><strong>dici</strong></span> <span class='ocrx_word' id='word_1_304' title='bbox 1578 2262 1802 2323; x_wconf 85' lang='lat' dir='ltr'><strong>potest,</strong></span> 
     </span>
    </p>
   </div>
   <div class='ocr_carea' id='block_1_34' title="bbox 198 2332 1805 2412">
    <p class='ocr_par' dir='ltr' id='par_1_34' title="bbox 198 2332 1805 2412">
     <span class='ocr_line' id='line_1_34' title="bbox 198 2332 1805 2412; baseline 0.012 -26"><span class='ocrx_word' id='word_1_305' title='bbox 198 2332 348 2403; x_wconf 88' lang='lat' dir='ltr'><strong>quod</strong></span> <span class='ocrx_word' id='word_1_306' title='bbox 375 2335 428 2388; x_wconf 89' lang='lat' dir='ltr'><strong>in</strong></span> <span class='ocrx_word' id='word_1_307' title='bbox 456 2334 727 2407; x_wconf 87' lang='lat' dir='ltr'><strong>principio</strong></span> <span class='ocrx_word' id='word_1_308' title='bbox 756 2337 1024 2397; x_wconf 88' lang='lat' dir='ltr'><strong>adventus</strong></span> <span class='ocrx_word' id='word_1_309' title='bbox 1051 2342 1136 2398; x_wconf 91' lang='lat' dir='ltr'><strong>sui</strong></span> <span class='ocrx_word' id='word_1_310' title='bbox 1161 2341 1228 2398; x_wconf 88' lang='lat' dir='ltr'><strong>ad</strong></span> <span class='ocrx_word' id='word_1_311' title='bbox 1248 2343 1491 2412; x_wconf 85' lang='lat' dir='ltr'><strong>Galatas,</strong></span> <span class='ocrx_word' id='word_1_312' title='bbox 1522 2357 1805 2405; x_wconf 87' lang='lat' dir='ltr'><strong>contume-</strong></span> 
     </span>
    </p>
   </div>
   <div class='ocr_carea' id='block_1_35' title="bbox 197 2426 1804 2513">
    <p class='ocr_par' dir='ltr' id='par_1_35' title="bbox 197 2426 1804 2513">
     <span class='ocr_line' id='line_1_35' title="bbox 197 2426 1804 2513; baseline 0.012 -32"><span class='ocrx_word' id='word_1_313' title='bbox 197 2426 321 2495; x_wconf 90' lang='lat' dir='ltr'><strong>lias,</strong></span> <span class='ocrx_word' id='word_1_314' title='bbox 348 2426 510 2503; x_wconf 66' lang='grc'><strong>461</strong></span> <span class='ocrx_word' id='word_1_315' title='bbox 522 2439 578 2485; x_wconf 91' lang='lat' dir='ltr'><strong>et</strong></span> <span class='ocrx_word' id='word_1_316' title='bbox 599 2433 1036 2501; x_wconf 83' lang='lat' dir='ltr'><strong>persecutiones,</strong></span> <span class='ocrx_word' id='word_1_317' title='bbox 1053 2446 1109 2492; x_wconf 92' lang='lat' dir='ltr'><strong>et</strong></span> <span class='ocrx_word' id='word_1_318' title='bbox 1131 2438 1319 2509; x_wconf 83' lang='lat' dir='ltr'><strong>plagas</strong></span> <span class='ocrx_word' id='word_1_319' title='bbox 1346 2441 1598 2513; x_wconf 89' lang='lat' dir='ltr'><strong>corporis</strong></span> <span class='ocrx_word' id='word_1_320' title='bbox 1624 2442 1694 2498; x_wconf 86' lang='lat' dir='ltr'><strong>ab</strong></span> <span class='ocrx_word' id='word_1_321' title='bbox 1716 2442 1804 2500; x_wconf 85' lang='lat' dir='ltr'><strong>bis</strong></span> 
     </span>
    </p>
   </div>
   <div class='ocr_carea' id='block_1_36' title="bbox 195 2521 1805 2599">
    <p class='ocr_par' dir='ltr' id='par_1_36' title="bbox 195 2521 1805 2599">
     <span class='ocr_line' id='line_1_36' title="bbox 195 2521 1805 2599; baseline 0.011 -25"><span class='ocrx_word' id='word_1_322' title='bbox 195 2521 293 2591; x_wconf 88' lang='lat' dir='ltr'><strong>qui</strong></span> <span class='ocrx_word' id='word_1_323' title='bbox 320 2523 665 2580; x_wconf 86' lang='lat' dir='ltr'><strong>contraibant</strong></span> <span class='ocrx_word' id='word_1_324' title='bbox 693 2526 993 2599; x_wconf 82' lang='lat' dir='ltr'><strong>Evangelia</strong></span> <span class='ocrx_word' id='word_1_325' title='bbox 1021 2532 1344 2587; x_wconf 86' lang='lat' dir='ltr'><strong>sustinuerit</strong></span> <span class='ocrx_word' id='word_1_326' title='bbox 1374 2550 1388 2587; x_wconf 92' lang='lat'><strong>:</strong></span> <span class='ocrx_word' id='word_1_327' title='bbox 1421 2544 1475 2589; x_wconf 89' lang='lat' dir='ltr'><strong>et</strong></span> <span class='ocrx_word' id='word_1_328' title='bbox 1504 2534 1644 2591; x_wconf 88' lang='lat' dir='ltr'><strong>hanc</strong></span> <span class='ocrx_word' id='word_1_329' title='bbox 1673 2534 1805 2592; x_wconf 79' lang='lat' dir='ltr'><strong>fuis-</strong></span> 
     </span>
    </p>
   </div>
   <div class='ocr_carea' id='block_1_37' title="bbox 192 2619 1801 2699">
    <p class='ocr_par' dir='ltr' id='par_1_37' title="bbox 192 2619 1801 2699">
     <span class='ocr_line' id='line_1_37' title="bbox 192 2619 1801 2699; baseline 0.009 -28"><span class='ocrx_word' id='word_1_330' title='bbox 192 2629 260 2671; x_wconf 87' lang='lat' dir='ltr'><strong>se</strong></span> <span class='ocrx_word' id='word_1_331' title='bbox 301 2619 658 2674; x_wconf 90' lang='lat' dir='ltr'><strong>teutatiouem</strong></span> <span class='ocrx_word' id='word_1_332' title='bbox 709 2621 794 2675; x_wconf 89' lang='lat' dir='ltr'><strong>vel</strong></span> <span class='ocrx_word' id='word_1_333' title='bbox 839 2623 1134 2678; x_wconf 86' lang='lat' dir='ltr'><strong>maximam</strong></span> <span class='ocrx_word' id='word_1_334' title='bbox 1192 2625 1423 2697; x_wconf 75' lang='lat' dir='ltr'><strong>Calatis,</strong></span> <span class='ocrx_word' id='word_1_335' title='bbox 1477 2628 1801 2699; x_wconf 81' lang='lat' dir='ltr'><strong>Apostolum</strong></span> 
     </span>
    </p>
   </div>
   <div class='ocr_carea' id='block_1_38' title="bbox 192 2707 1803 2787">
    <p class='ocr_par' dir='ltr' id='par_1_38' title="bbox 192 2707 1803 2787">
     <span class='ocr_line' id='line_1_38' title="bbox 192 2707 1803 2787; baseline 0.01 -25"><span class='ocrx_word' id='word_1_336' title='bbox 192 2707 395 2763; x_wconf 87' lang='lat' dir='ltr'><strong>Christi</strong></span> <span class='ocrx_word' id='word_1_337' title='bbox 446 2712 796 2767; x_wconf 86' lang='lat' dir='ltr'><strong>cernentibus</strong></span> <span class='ocrx_word' id='word_1_338' title='bbox 827 2715 1130 2771; x_wconf 79' lang='lat' dir='ltr'><strong>verberari.</strong></span> <span class='ocrx_word' id='word_1_339' title='bbox 1162 2717 1316 2785; x_wconf 86' lang='lat' dir='ltr'><strong>Quod</strong></span> <span class='ocrx_word' id='word_1_340' title='bbox 1348 2729 1534 2776; x_wconf 86' lang='lat' dir='ltr'><strong>autem</strong></span> <span class='ocrx_word' id='word_1_341' title='bbox 1566 2722 1664 2787; x_wconf 87' lang='lat' dir='ltr'><strong>ait,</strong></span> <span class='ocrx_word' id='word_1_342' title='bbox 1695 2724 1803 2778; x_wconf 90' lang='lat' dir='ltr'><strong>sic-</strong></span> 
     </span>
    </p>
   </div>
   <div class='ocr_carea' id='block_1_39' title="bbox 190 2801 1804 2883">
    <p class='ocr_par' dir='ltr' id='par_1_39' title="bbox 190 2801 1804 2883">
     <span class='ocr_line' id='line_1_39' title="bbox 190 2801 1804 2883; baseline 0.012 -30"><span class='ocrx_word' id='word_1_343' title='bbox 190 2809 253 2853; x_wconf 90' lang='lat' dir='ltr'><strong>ut</strong></span> <span class='ocrx_word' id='word_1_344' title='bbox 278 2801 554 2872; x_wconf 82' lang='lat' dir='ltr'><strong>angelum,</strong></span> <span class='ocrx_word' id='word_1_345' title='bbox 584 2802 720 2858; x_wconf 79' lang='lat' dir='ltr'><strong>sicut</strong></span> <span class='ocrx_word' id='word_1_346' title='bbox 740 2802 1015 2861; x_wconf 90' lang='lat' dir='ltr'><strong>Christum</strong></span> <span class='ocrx_word' id='word_1_347' title='bbox 1043 2808 1230 2864; x_wconf 84' lang='lat' dir='ltr'><strong>Jesum</strong></span> <span class='ocrx_word' id='word_1_348' title='bbox 1257 2812 1579 2883; x_wconf 87' lang='lat' dir='ltr'><strong>suscepistis</strong></span> <span class='ocrx_word' id='word_1_349' title='bbox 1606 2830 1696 2871; x_wconf 90' lang='lat' dir='ltr'><strong>me</strong></span> <span class='ocrx_word' id='word_1_350' title='bbox 1713 2833 1727 2872; x_wconf 87' lang='lat'><strong>:</strong></span> <span class='ocrx_word' id='word_1_351' title='bbox 1746 2824 1804 2872; x_wconf 89' lang='lat' dir='ltr'><strong>et</strong></span> 
     </span>
    </p>
   </div>
   <div class='ocr_carea' id='block_1_40' title="bbox 186 2892 1795 2977">
    <p class='ocr_par' dir='ltr' id='par_1_40' title="bbox 186 2892 1795 2977">
     <span class='ocr_line' id='line_1_40' title="bbox 186 2892 1795 2977; baseline 0.011 -30"><span class='ocrx_word' id='word_1_352' title='bbox 186 2894 392 2965; x_wconf 80' lang='lat' dir='ltr'><strong>angelo</strong></span> <span class='ocrx_word' id='word_1_353' title='bbox 415 2892 524 2966; x_wconf 80' lang='grc' dir='ltr'><strong>[ΑΙ.</strong></span> <span class='ocrx_word' id='word_1_354' title='bbox 547 2895 778 2970; x_wconf 81' lang='lat' dir='ltr'><strong>angelis]</strong></span> <span class='ocrx_word' id='word_1_355' title='bbox 799 2897 1076 2954; x_wconf 79' lang='lat' dir='ltr'><strong>Christum</strong></span> <span class='ocrx_word' id='word_1_356' title='bbox 1108 2916 1229 2958; x_wconf 87' lang='lat' dir='ltr'><strong>esse</strong></span> <span class='ocrx_word' id='word_1_357' title='bbox 1251 2903 1795 2977; x_wconf 87' lang='lat' dir='ltr'><strong>ostenditmajorem,</strong></span> 
     </span>
    </p>
   </div>
   <div class='ocr_carea' id='block_1_41' title="bbox 188 2988 1793 3067">
    <p class='ocr_par' dir='ltr' id='par_1_41' title="bbox 188 2988 1793 3067">
     <span class='ocr_line' id='line_1_41' title="bbox 188 2988 1793 3067; baseline 0.013 -30"><span class='ocrx_word' id='word_1_358' title='bbox 188 3001 359 3055; x_wconf 88' lang='lat' dir='ltr'><strong>quem</strong></span> <span class='ocrx_word' id='word_1_359' title='bbox 392 2988 694 3044; x_wconf 89' lang='lat' dir='ltr'><strong>secundum</strong></span> <span class='ocrx_word' id='word_1_360' title='bbox 731 2991 1197 3061; x_wconf 84' lang='lat' dir='ltr'><strong>dispensationem</strong></span> <span class='ocrx_word' id='word_1_361' title='bbox 1229 2998 1479 3067; x_wconf 66' lang='lat' dir='ltr'><strong>corporis</strong></span> <span class='ocrx_word' id='word_1_362' title='bbox 1519 3001 1793 3058; x_wconf 90' lang='lat' dir='ltr'><strong>minorem</strong></span> 
     </span>
    </p>
   </div>
   <div class='ocr_carea' id='block_1_42' title="bbox 185 3075 1799 3163">
    <p class='ocr_par' dir='ltr' id='par_1_42' title="bbox 185 3075 1799 3163">
     <span class='ocr_line' id='line_1_42' title="bbox 185 3075 1799 3163; baseline 0.011 -31"><span class='ocrx_word' id='word_1_363' title='bbox 185 3075 477 3134; x_wconf 88' lang='lat' dir='ltr'><strong>Psalmista</strong></span> <span class='ocrx_word' id='word_1_364' title='bbox 506 3089 845 3153; x_wconf 82' lang='lat' dir='ltr'><strong>cantaverat,</strong></span> <span class='ocrx_word' id='word_1_365' title='bbox 876 3083 1068 3140; x_wconf 88' lang='lat' dir='ltr'><strong>dicens</strong></span> <span class='ocrx_word' id='word_1_366' title='bbox 1114 3105 1127 3141; x_wconf 90' lang='lat'><strong>:</strong></span> <span class='ocrx_word' id='word_1_367' title='bbox 1162 3086 1441 3145; x_wconf 77' lang='lat' dir='ltr'><strong>blinorasti</strong></span> <span class='ocrx_word' id='word_1_368' title='bbox 1487 3109 1603 3147; x_wconf 88' lang='lat' dir='ltr'><strong>eum</strong></span> <span class='ocrx_word' id='word_1_369' title='bbox 1636 3093 1799 3163; x_wconf 83' lang='lat' dir='ltr'><strong>paulo</strong></span> 
     </span>
    </p>
   </div>
   <div class='ocr_carea' id='block_1_43' title="bbox 183 3172 1788 3253">
    <p class='ocr_par' dir='ltr' id='par_1_43' title="bbox 183 3172 1788 3253">
     <span class='ocr_line' id='line_1_43' title="bbox 183 3172 1788 3253; baseline 0.011 -29"><span class='ocrx_word' id='word_1_370' title='bbox 183 3173 363 3229; x_wconf 69' lang='lat' dir='ltr'><strong>&quot;tinus</strong></span> <span class='ocrx_word' id='word_1_371' title='bbox 384 3172 449 3227; x_wconf 81' lang='lat' dir='ltr'><strong>ab</strong></span> <span class='ocrx_word' id='word_1_372' title='bbox 479 3177 679 3249; x_wconf 76' lang='lat' dir='ltr'><strong>angelis</strong></span> <span class='ocrx_word' id='word_1_373' title='bbox 709 3176 880 3249; x_wconf 71' lang='lat' dir='ltr'><strong>(Prol.</strong></span> <span class='ocrx_word' id='word_1_374' title='bbox 914 3195 1040 3247; x_wconf 78' lang='lat' dir='ltr'><strong>Vttt,</strong></span> <span class='ocrx_word' id='word_1_375' title='bbox 1080 3182 1168 3253; x_wconf 87' lang='lat'><strong>6);</strong></span> <span class='ocrx_word' id='word_1_376' title='bbox 1196 3194 1251 3239; x_wconf 88' lang='lat' dir='ltr'><strong>et</strong></span> <span class='ocrx_word' id='word_1_377' title='bbox 1275 3193 1485 3241; x_wconf 87' lang='lat' dir='ltr'><strong>tantum</strong></span> <span class='ocrx_word' id='word_1_378' title='bbox 1507 3202 1602 3242; x_wconf 87' lang='lat' dir='ltr'><strong>sua</strong></span> <span class='ocrx_word' id='word_1_379' title='bbox 1624 3192 1788 3245; x_wconf 87' lang='lat' dir='ltr'><strong>verba</strong></span> 
     </span>
    </p>
   </div>
   <div class='ocr_carea' id='block_1_44' title="bbox 184 3265 1794 3351">
    <p class='ocr_par' dir='ltr' id='par_1_44' title="bbox 184 3265 1794 3351">
     <span class='ocr_line' id='line_1_44' title="bbox 184 3265 1794 3351; baseline 0.013 -33"><span class='ocrx_word' id='word_1_380' title='bbox 184 3265 245 3319; x_wconf 87' lang='lat' dir='ltr'><strong>in</strong></span> <span class='ocrx_word' id='word_1_381' title='bbox 269 3266 540 3337; x_wconf 88' lang='lat' dir='ltr'><strong>principio</strong></span> <span class='ocrx_word' id='word_1_382' title='bbox 567 3269 803 3326; x_wconf 88' lang='lat' dir='ltr'><strong>valuisse</strong></span> <span class='ocrx_word' id='word_1_383' title='bbox 829 3271 1200 3344; x_wconf 84' lang='lat' dir='ltr'><strong>demonstrat,</strong></span> <span class='ocrx_word' id='word_1_384' title='bbox 1233 3289 1289 3331; x_wconf 90' lang='lat' dir='ltr'><strong>ut</strong></span> <span class='ocrx_word' id='word_1_385' title='bbox 1317 3281 1501 3351; x_wconf 91' lang='lat' dir='ltr'><strong>angeli</strong></span> <span class='ocrx_word' id='word_1_386' title='bbox 1532 3295 1794 3351; x_wconf 81' lang='lat' dir='ltr'><strong>putaren-</strong></span> 
     </span>
    </p>
   </div>
   <div class='ocr_carea' id='block_1_45' title="bbox 182 3358 617 3416">
    <p class='ocr_par' dir='ltr' id='par_1_45' title="bbox 182 3358 617 3416">
     <span class='ocr_line' id='line_1_45' title="bbox 182 3358 617 3416; baseline 0.014 -6"><span class='ocrx_word' id='word_1_387' title='bbox 182 3365 279 3411; x_wconf 87' lang='lat' dir='ltr'><strong>tur</strong></span> <span class='ocrx_word' id='word_1_388' title='bbox 307 3367 363 3412; x_wconf 89' lang='lat' dir='ltr'><strong>ct</strong></span> <span class='ocrx_word' id='word_1_389' title='bbox 391 3358 617 3416; x_wconf 65' lang='lat' dir='ltr'><strong>Christi.</strong></span> 
     </span>
    </p>
   </div>
   <div class='ocr_carea' id='block_1_46' title="bbox 258 3448 1794 3531">
    <p class='ocr_par' dir='ltr' id='par_1_46' title="bbox 258 3448 1794 3531">
     <span class='ocr_line' id='line_1_46' title="bbox 258 3448 1794 3531; baseline 0.013 -29"><span class='ocrx_word' id='word_1_390' title='bbox 258 3448 438 3521; x_wconf 77' lang='lat' dir='ltr'><strong>(Vers.</strong></span> <span class='ocrx_word' id='word_1_391' title='bbox 474 3452 562 3519; x_wconf 76' lang='lat'><strong>15,</strong></span> <span class='ocrx_word' id='word_1_392' title='bbox 596 3454 711 3527; x_wconf 78' lang='grc'><strong>16.)</strong></span> <span class='ocrx_word' id='word_1_393' title='bbox 754 3453 854 3510; x_wconf 87' lang='lat' dir='ltr'><strong>Ubi</strong></span> <span class='ocrx_word' id='word_1_394' title='bbox 888 3467 962 3512; x_wconf 76' lang='lat' dir='ltr'><strong>est</strong></span> <span class='ocrx_word' id='word_1_395' title='bbox 990 3475 1115 3531; x_wconf 85' lang='lat' dir='ltr'><strong>ergo</strong></span> <span class='ocrx_word' id='word_1_396' title='bbox 1154 3460 1417 3518; x_wconf 80' lang='lat' dir='ltr'><strong>beatitudo</strong></span> <span class='ocrx_word' id='word_1_397' title='bbox 1445 3467 1663 3521; x_wconf 83' lang='lat' dir='ltr'><strong>vestra?</strong></span> <span class='ocrx_word' id='word_1_398' title='bbox 1696 3465 1794 3522; x_wconf 85' lang='lat' dir='ltr'><strong>Te-</strong></span> 
     </span>
    </p>
   </div>
   <div class='ocr_carea' id='block_1_47' title="bbox 176 3543 1789 3631">
    <p class='ocr_par' dir='ltr' id='par_1_47' title="bbox 176 3543 1789 3631">
     <span class='ocr_line' id='line_1_47' title="bbox 176 3543 1789 3631; baseline 0.01 -32"><span class='ocrx_word' id='word_1_399' title='bbox 176 3543 484 3599; x_wconf 74' lang='lat' dir='ltr'><strong>s.imonium</strong></span> <span class='ocrx_word' id='word_1_400' title='bbox 510 3549 647 3602; x_wconf 84' lang='lat' dir='ltr'><strong>enim</strong></span> <span class='ocrx_word' id='word_1_401' title='bbox 679 3549 921 3617; x_wconf 81' lang='lat' dir='ltr'><strong>perhibeo</strong></span> <span class='ocrx_word' id='word_1_402' title='bbox 947 3553 1091 3608; x_wconf 76' lang='lat' dir='ltr'><strong>vobis</strong></span> <span class='ocrx_word' id='word_1_403' title='bbox 1114 3570 1133 3609; x_wconf 90' lang='lat'><strong><em>:</em></strong></span> <span class='ocrx_word' id='word_1_404' title='bbox 1156 3556 1283 3627; x_wconf 84' lang='lat' dir='ltr'><strong>quia</strong></span> <span class='ocrx_word' id='word_1_405' title='bbox 1312 3560 1354 3612; x_wconf 78' lang='lat' dir='ltr'><strong>si</strong></span> <span class='ocrx_word' id='word_1_406' title='bbox 1373 3559 1489 3629; x_wconf 79' lang='lat' dir='ltr'><strong>ﬁeri</strong></span> <span class='ocrx_word' id='word_1_407' title='bbox 1510 3562 1789 3631; x_wconf 75' lang='lat' dir='ltr'><strong>potuisset,</strong></span> 
     </span>
    </p>
   </div>
   <div class='ocr_carea' id='block_1_48' title="bbox 178 3636 1795 3725">
    <p class='ocr_par' dir='ltr' id='par_1_48' title="bbox 178 3636 1795 3725">
     <span class='ocr_line' id='line_1_48' title="bbox 178 3636 1795 3725; baseline 0.014 -37"><span class='ocrx_word' id='word_1_408' title='bbox 178 3636 365 3690; x_wconf 77' lang='lat' dir='ltr'><strong>oculos</strong></span> <span class='ocrx_word' id='word_1_409' title='bbox 394 3651 583 3692; x_wconf 69' lang='lat' dir='ltr'><strong>vestros</strong></span> <span class='ocrx_word' id='word_1_410' title='bbox 607 3643 873 3697; x_wconf 76' lang='lat' dir='ltr'><strong>eruissetis</strong></span> <span class='ocrx_word' id='word_1_411' title='bbox 904 3654 950 3697; x_wconf 86' lang='lat' dir='ltr'><strong>et</strong></span> <span class='ocrx_word' id='word_1_412' title='bbox 967 3646 1237 3701; x_wconf 78' lang='lat' dir='ltr'><strong>dedissetis</strong></span> <span class='ocrx_word' id='word_1_413' title='bbox 1268 3648 1412 3704; x_wconf 85' lang='lat' dir='ltr'><strong>nti/ti.</strong></span> <span class='ocrx_word' id='word_1_414' title='bbox 1444 3650 1587 3725; x_wconf 84' lang='lat' dir='ltr'><strong>Ergo</strong></span> <span class='ocrx_word' id='word_1_415' title='bbox 1613 3655 1795 3710; x_wconf 83' lang='lat' dir='ltr'><strong>inimi-</strong></span> 
     </span>
    </p>
   </div>
   <div class='ocr_carea' id='block_1_49' title="bbox 176 3728 1792 3803">
    <p class='ocr_par' dir='ltr' id='par_1_49' title="bbox 176 3728 1792 3803">
     <span class='ocr_line' id='line_1_49' title="bbox 176 3728 1792 3803; baseline 0.014 -23"><span class='ocrx_word' id='word_1_416' title='bbox 176 3744 276 3782; x_wconf 80' lang='lat' dir='ltr'><strong>cus</strong></span> <span class='ocrx_word' id='word_1_417' title='bbox 304 3728 438 3783; x_wconf 71' lang='lat' dir='ltr'><strong>vobis</strong></span> <span class='ocrx_word' id='word_1_418' title='bbox 457 3730 625 3801; x_wconf 77' lang='lat' dir='ltr'><strong>factus</strong></span> <span class='ocrx_word' id='word_1_419' title='bbox 642 3749 757 3787; x_wconf 79' lang='lat' dir='ltr'><strong>sum</strong></span> <span class='ocrx_word' id='word_1_420' title='bbox 778 3736 1040 3790; x_wconf 83' lang='lat' dir='ltr'><strong>veritatem</strong></span> <span class='ocrx_word' id='word_1_421' title='bbox 1069 3740 1244 3793; x_wconf 75' lang='lat' dir='ltr'><strong>dicens</strong></span> <span class='ocrx_word' id='word_1_422' title='bbox 1274 3743 1457 3798; x_wconf 80' lang='lat' dir='ltr'><strong>vobis?</strong></span> <span class='ocrx_word' id='word_1_423' title='bbox 1483 3744 1683 3801; x_wconf 86' lang='lat' dir='ltr'><strong>Beatus</strong></span> <span class='ocrx_word' id='word_1_424' title='bbox 1703 3757 1792 3803; x_wconf 86' lang='lat' dir='ltr'><strong>est</strong></span> 
     </span>
    </p>
   </div>
   <div class='ocr_carea' id='block_1_50' title="bbox 172 3822 1788 3911">
    <p class='ocr_par' dir='ltr' id='par_1_50' title="bbox 172 3822 1788 3911">
     <span class='ocr_line' id='line_1_50' title="bbox 172 3822 1788 3911; baseline 0.015 -38"><span class='ocrx_word' id='word_1_425' title='bbox 172 3822 274 3891; x_wconf 90' lang='lat' dir='ltr'><strong>qui</strong></span> <span class='ocrx_word' id='word_1_426' title='bbox 306 3824 543 3879; x_wconf 85' lang='lat' dir='ltr'><strong>ambulat</strong></span> <span class='ocrx_word' id='word_1_427' title='bbox 565 3824 618 3880; x_wconf 91' lang='lat' dir='ltr'><strong>in</strong></span> <span class='ocrx_word' id='word_1_428' title='bbox 645 3825 903 3883; x_wconf 89' lang='lat' dir='ltr'><strong>virtutum</strong></span> <span class='ocrx_word' id='word_1_429' title='bbox 934 3829 1041 3899; x_wconf 89' lang='lat' dir='ltr'><strong>via,</strong></span> <span class='ocrx_word' id='word_1_430' title='bbox 1066 3831 1161 3887; x_wconf 91' lang='lat' dir='ltr'><strong>sed</strong></span> <span class='ocrx_word' id='word_1_431' title='bbox 1193 3833 1237 3887; x_wconf 82' lang='lat' dir='ltr'><strong>si</strong></span> <span class='ocrx_word' id='word_1_432' title='bbox 1262 3834 1329 3888; x_wconf 87' lang='lat' dir='ltr'><strong>ad</strong></span> <span class='ocrx_word' id='word_1_433' title='bbox 1361 3836 1588 3892; x_wconf 88' lang='lat' dir='ltr'><strong>virtutes</strong></span> <span class='ocrx_word' id='word_1_434' title='bbox 1614 3854 1788 3911; x_wconf 87' lang='lat' dir='ltr'><strong>usque</strong></span> 
     </span>
    </p>
   </div>
   <div class='ocr_carea' id='block_1_51' title="bbox 175 3916 1792 4005">
    <p class='ocr_par' dir='ltr' id='par_1_51' title="bbox 175 3916 1792 4005">
     <span class='ocr_line' id='line_1_51' title="bbox 175 3916 1792 4005; baseline 0.013 -38"><span class='ocrx_word' id='word_1_435' title='bbox 175 3916 512 3984; x_wconf 81' lang='lat' dir='ltr'><strong>pervenerit.</strong></span> <span class='ocrx_word' id='word_1_436' title='bbox 543 3916 655 3974; x_wconf 82' lang='lat' dir='ltr'><strong>Nec</strong></span> <span class='ocrx_word' id='word_1_437' title='bbox 688 3921 909 3991; x_wconf 86' lang='lat' dir='ltr'><strong>prodest</strong></span> <span class='ocrx_word' id='word_1_438' title='bbox 938 3939 968 3976; x_wconf 88' lang='lat' dir='ltr'><strong>a</strong></span> <span class='ocrx_word' id='word_1_439' title='bbox 999 3923 1145 3979; x_wconf 90' lang='lat' dir='ltr'><strong>vitiis</strong></span> <span class='ocrx_word' id='word_1_440' title='bbox 1186 3929 1503 3996; x_wconf 77' lang='lat' dir='ltr'><strong>recessisse,</strong></span> <span class='ocrx_word' id='word_1_441' title='bbox 1536 3931 1645 3987; x_wconf 91' lang='lat' dir='ltr'><strong>nisi</strong></span> <span class='ocrx_word' id='word_1_442' title='bbox 1690 3950 1792 4005; x_wconf 85' lang='lat' dir='ltr'><strong>op-</strong></span> 
     </span>
    </p>
   </div>
   <div class='ocr_carea' id='block_1_52' title="bbox 177 4006 1789 4083">
    <p class='ocr_par' dir='ltr' id='par_1_52' title="bbox 177 4006 1789 4083">
     <span class='ocr_line' id='line_1_52' title="bbox 177 4006 1789 4083; baseline 0.015 -25"><span class='ocrx_word' id='word_1_443' title='bbox 177 4006 317 4060; x_wconf 88' lang='lat' dir='ltr'><strong>tima</strong></span> <span class='ocrx_word' id='word_1_444' title='bbox 346 4010 803 4079; x_wconf 86' lang='lat' dir='ltr'><strong>comprehendas.</strong></span> <span class='ocrx_word' id='word_1_445' title='bbox 829 4015 964 4083; x_wconf 85' lang='lat' dir='ltr'><strong>Quia</strong></span> <span class='ocrx_word' id='word_1_446' title='bbox 1015 4032 1128 4072; x_wconf 93' lang='lat' dir='ltr'><strong>non</strong></span> <span class='ocrx_word' id='word_1_447' title='bbox 1162 4027 1269 4072; x_wconf 86' lang='lat' dir='ltr'><strong>tam</strong></span> <span class='ocrx_word' id='word_1_448' title='bbox 1297 4019 1450 4076; x_wconf 91' lang='lat' dir='ltr'><strong>initia</strong></span> <span class='ocrx_word' id='word_1_449' title='bbox 1497 4032 1629 4080; x_wconf 91' lang='lat' dir='ltr'><strong>sunt</strong></span> <span class='ocrx_word' id='word_1_450' title='bbox 1674 4025 1728 4081; x_wconf 91' lang='lat' dir='ltr'><strong>in</strong></span> <span class='ocrx_word' id='word_1_451' title='bbox 1761 4035 1789 4064; x_wconf 82' lang='grc' dir='ltr'>ι</span> 
     </span>
    </p>
   </div>
   <div class='ocr_carea' id='block_1_53' title="bbox 172 4097 1793 4176">
    <p class='ocr_par' dir='ltr' id='par_1_53' title="bbox 172 4097 1793 4176">
     <span class='ocr_line' id='line_1_53' title="bbox 172 4097 1793 4176; baseline 0.012 -24"><span class='ocrx_word' id='word_1_452' title='bbox 172 4097 342 4153; x_wconf 82' lang='lat' dir='ltr'><strong>bouis</strong></span> <span class='ocrx_word' id='word_1_453' title='bbox 370 4100 566 4156; x_wconf 87' lang='lat' dir='ltr'><strong>studiis</strong></span> <span class='ocrx_word' id='word_1_454' title='bbox 594 4103 886 4171; x_wconf 88' lang='lat' dir='ltr'><strong>laudanda,</strong></span> <span class='ocrx_word' id='word_1_455' title='bbox 914 4124 1076 4176; x_wconf 89' lang='lat' dir='ltr'><strong>quam</strong></span> <span class='ocrx_word' id='word_1_456' title='bbox 1106 4108 1252 4165; x_wconf 83' lang='lat' dir='ltr'><strong>linis.</strong></span> <span class='ocrx_word' id='word_1_457' title='bbox 1285 4112 1436 4167; x_wconf 87' lang='lat' dir='ltr'><strong>Sicut</strong></span> <span class='ocrx_word' id='word_1_458' title='bbox 1458 4114 1602 4170; x_wconf 88' lang='lat' dir='ltr'><strong>enim</strong></span> <span class='ocrx_word' id='word_1_459' title='bbox 1632 4116 1685 4170; x_wconf 90' lang='lat' dir='ltr'><strong>in</strong></span> <span class='ocrx_word' id='word_1_460' title='bbox 1711 4117 1793 4173; x_wconf 79' lang='lat' dir='ltr'><strong>vi-</strong></span> 
     </span>
    </p>
   </div>
   <div class='ocr_carea' id='block_1_54' title="bbox 171 4195 1789 4282">
    <p class='ocr_par' dir='ltr' id='par_1_54' title="bbox 171 4195 1789 4282">
     <span class='ocr_line' id='line_1_54' title="bbox 171 4195 1789 4282; baseline 0.012 -35"><span class='ocrx_word' id='word_1_461' title='bbox 171 4206 286 4248; x_wconf 84' lang='lat' dir='ltr'><strong>nea</strong></span> <span class='ocrx_word' id='word_1_462' title='bbox 311 4195 461 4250; x_wconf 89' lang='lat' dir='ltr'><strong>multi</strong></span> <span class='ocrx_word' id='word_1_463' title='bbox 489 4211 660 4268; x_wconf 90' lang='lat' dir='ltr'><strong>usque</strong></span> <span class='ocrx_word' id='word_1_464' title='bbox 685 4200 752 4253; x_wconf 89' lang='lat' dir='ltr'><strong>ad</strong></span> <span class='ocrx_word' id='word_1_465' title='bbox 785 4201 1011 4271; x_wconf 73' lang='lat' dir='ltr'><strong>prtelunt</strong></span> <span class='ocrx_word' id='word_1_466' title='bbox 1037 4219 1155 4258; x_wconf 71' lang='lat' dir='ltr'><strong>uva:</strong></span> <span class='ocrx_word' id='word_1_467' title='bbox 1182 4205 1382 4275; x_wconf 81' lang='lat' dir='ltr'><strong>gradus</strong></span> <span class='ocrx_word' id='word_1_468' title='bbox 1404 4217 1565 4264; x_wconf 89' lang='lat' dir='ltr'><strong>sunt:</strong></span> <span class='ocrx_word' id='word_1_469' title='bbox 1595 4220 1647 4266; x_wconf 89' lang='lat' dir='ltr'><strong>et</strong></span> <span class='ocrx_word' id='word_1_470' title='bbox 1679 4211 1789 4282; x_wconf 85' lang='lat' dir='ltr'><strong>pri-</strong></span> 
     </span>
    </p>
   </div>
   <div class='ocr_carea' id='block_1_55' title="bbox 169 4295 1785 4377">
    <p class='ocr_par' dir='ltr' id='par_1_55' title="bbox 169 4295 1785 4377">
     <span class='ocr_line' id='line_1_55' title="bbox 169 4295 1785 4377; baseline 0.012 -34"><span class='ocrx_word' id='word_1_471' title='bbox 169 4302 336 4343; x_wconf 85' lang='lat' dir='ltr'><strong>mum</strong></span> <span class='ocrx_word' id='word_1_472' title='bbox 368 4304 590 4347; x_wconf 88' lang='lat' dir='ltr'><strong>necesse</strong></span> <span class='ocrx_word' id='word_1_473' title='bbox 617 4305 697 4347; x_wconf 80' lang='lat' dir='ltr'><strong>es:</strong></span> <span class='ocrx_word' id='word_1_474' title='bbox 731 4308 785 4349; x_wconf 90' lang='lat' dir='ltr'><strong>ut</strong></span> <span class='ocrx_word' id='word_1_475' title='bbox 808 4295 932 4350; x_wconf 84' lang='lat' dir='ltr'><strong>vitis</strong></span> <span class='ocrx_word' id='word_1_476' title='bbox 961 4308 1200 4367; x_wconf 89' lang='lat' dir='ltr'><strong>gemmet</strong></span> <span class='ocrx_word' id='word_1_477' title='bbox 1226 4300 1281 4356; x_wconf 91' lang='lat' dir='ltr'><strong>in</strong></span> <span class='ocrx_word' id='word_1_478' title='bbox 1316 4304 1605 4375; x_wconf 87' lang='lat' dir='ltr'><strong>pampinis,</strong></span> <span class='ocrx_word' id='word_1_479' title='bbox 1632 4321 1785 4377; x_wconf 89' lang='lat' dir='ltr'><strong>spem</strong></span> 
     </span>
    </p>
   </div>
   <div class='ocr_carea' id='block_1_56' title="bbox 170 4382 1785 4464">
    <p class='ocr_par' dir='ltr' id='par_1_56' title="bbox 170 4382 1785 4464">
     <span class='ocr_line' id='line_1_56' title="bbox 170 4382 1785 4464; baseline 0.014 -32"><span class='ocrx_word' id='word_1_480' title='bbox 170 4382 465 4452; x_wconf 83' lang='lat' dir='ltr'><strong>promittat</strong></span> <span class='ocrx_word' id='word_1_481' title='bbox 493 4384 544 4438; x_wconf 93' lang='lat' dir='ltr'><strong>in</strong></span> <span class='ocrx_word' id='word_1_482' title='bbox 574 4384 801 4443; x_wconf 86' lang='lat' dir='ltr'><strong>ﬂoribus</strong></span> <span class='ocrx_word' id='word_1_483' title='bbox 831 4406 844 4442; x_wconf 88' lang='lat'><strong>:</strong></span> <span class='ocrx_word' id='word_1_484' title='bbox 877 4390 1078 4446; x_wconf 88' lang='lat' dir='ltr'><strong>dehinc</strong></span> <span class='ocrx_word' id='word_1_485' title='bbox 1114 4401 1171 4445; x_wconf 80' lang='grc' dir='ltr'><strong>ιιι</strong></span> <span class='ocrx_word' id='word_1_486' title='bbox 1221 4395 1356 4450; x_wconf 84' lang='lat' dir='ltr'><strong>tlore</strong></span> <span class='ocrx_word' id='word_1_487' title='bbox 1400 4396 1652 4464; x_wconf 89' lang='lat' dir='ltr'><strong>decusso,</strong></span> <span class='ocrx_word' id='word_1_488' title='bbox 1695 4398 1785 4456; x_wconf 88' lang='lat' dir='ltr'><strong>fu—</strong></span> 
     </span>
    </p>
   </div>
   <div class='ocr_carea' id='block_1_57' title="bbox 168 4475 1780 4565">
    <p class='ocr_par' dir='ltr' id='par_1_57' title="bbox 168 4475 1780 4565">
     <span class='ocr_line' id='line_1_57' title="bbox 168 4475 1780 4565; baseline 0.012 -34"><span class='ocrx_word' id='word_1_489' title='bbox 168 4475 288 4531; x_wconf 90' lang='lat' dir='ltr'><strong>turi</strong></span> <span class='ocrx_word' id='word_1_490' title='bbox 324 4477 467 4533; x_wconf 90' lang='lat' dir='ltr'><strong>botri</strong></span> <span class='ocrx_word' id='word_1_491' title='bbox 509 4480 723 4549; x_wconf 82' lang='lat' dir='ltr'><strong>species</strong></span> <span class='ocrx_word' id='word_1_492' title='bbox 767 4481 1124 4552; x_wconf 80' lang='lat' dir='ltr'><strong>deformetur,</strong></span> <span class='ocrx_word' id='word_1_493' title='bbox 1163 4489 1528 4562; x_wconf 88' lang='lat' dir='ltr'><strong>paulatimque</strong></span> <span class='ocrx_word' id='word_1_494' title='bbox 1572 4501 1780 4565; x_wconf 80' lang='lat' dir='ltr'><strong>turges-</strong></span> 
     </span>
    </p>
   </div>
   <div class='ocr_carea' id='block_1_58' title="bbox 166 4573 1783 4648">
    <p class='ocr_par' dir='ltr' id='par_1_58' title="bbox 166 4573 1783 4648">
     <span class='ocr_line' id='line_1_58' title="bbox 166 4573 1783 4648; baseline 0.014 -26"><span class='ocrx_word' id='word_1_495' title='bbox 166 4583 311 4624; x_wconf 90' lang='lat' dir='ltr'><strong>cens</strong></span> <span class='ocrx_word' id='word_1_496' title='bbox 346 4586 450 4625; x_wconf 89' lang='lat' dir='ltr'><strong>uva</strong></span> <span class='ocrx_word' id='word_1_497' title='bbox 494 4573 783 4642; x_wconf 88' lang='lat' dir='ltr'><strong>parturiat,</strong></span> <span class='ocrx_word' id='word_1_498' title='bbox 843 4585 901 4631; x_wconf 93' lang='lat' dir='ltr'><strong>ut</strong></span> <span class='ocrx_word' id='word_1_499' title='bbox 950 4592 1133 4648; x_wconf 88' lang='lat' dir='ltr'><strong>pressa</strong></span> <span class='ocrx_word' id='word_1_500' title='bbox 1187 4583 1554 4640; x_wconf 89' lang='lat' dir='ltr'><strong>torcularibus</strong></span> <span class='ocrx_word' id='word_1_501' title='bbox 1603 4585 1783 4643; x_wconf 87' lang='lat' dir='ltr'><strong>dulcia</strong></span> 
     </span>
    </p>
   </div>
   <div class='ocr_carea' id='block_1_59' title="bbox 164 4662 1787 4746">
    <p class='ocr_par' dir='ltr' id='par_1_59' title="bbox 164 4662 1787 4746">
     <span class='ocr_line' id='line_1_59' title="bbox 164 4662 1787 4746; baseline 0.012 -30"><span class='ocrx_word' id='word_1_502' title='bbox 164 4671 360 4717; x_wconf 81' lang='lat' dir='ltr'><strong>musta</strong></span> <span class='ocrx_word' id='word_1_503' title='bbox 386 4662 644 4721; x_wconf 89' lang='lat' dir='ltr'><strong>desudet.</strong></span> <span class='ocrx_word' id='word_1_504' title='bbox 676 4666 754 4722; x_wconf 83' lang='lat' dir='ltr'><strong>Ita</strong></span> <span class='ocrx_word' id='word_1_505' title='bbox 781 4676 838 4724; x_wconf 91' lang='lat' dir='ltr'><strong>et</strong></span> <span class='ocrx_word' id='word_1_506' title='bbox 866 4668 920 4723; x_wconf 94' lang='lat' dir='ltr'><strong>in</strong></span> <span class='ocrx_word' id='word_1_507' title='bbox 958 4670 1203 4726; x_wconf 86' lang='lat' dir='ltr'><strong>doetrina</strong></span> <span class='ocrx_word' id='word_1_508' title='bbox 1248 4674 1445 4746; x_wconf 77' lang='lat' dir='ltr'><strong>singuli</strong></span> <span class='ocrx_word' id='word_1_509' title='bbox 1494 4677 1787 4735; x_wconf 90' lang='lat' dir='ltr'><strong>beatitudi-</strong></span> 
     </span>
    </p>
   </div>
   <div class='ocr_carea' id='block_1_60' title="bbox 166 4759 1785 4841">
    <p class='ocr_par' dir='ltr' id='par_1_60' title="bbox 166 4759 1785 4841">
     <span class='ocr_line' id='line_1_60' title="bbox 166 4759 1785 4841; baseline 0.012 -33"><span class='ocrx_word' id='word_1_510' title='bbox 166 4770 308 4808; x_wconf 82' lang='lat' dir='ltr'><strong>num</strong></span> <span class='ocrx_word' id='word_1_511' title='bbox 350 4766 476 4809; x_wconf 91' lang='lat' dir='ltr'><strong>sunt</strong></span> <span class='ocrx_word' id='word_1_512' title='bbox 516 4768 809 4827; x_wconf 84' lang='lat' dir='ltr'><strong>provectus</strong></span> <span class='ocrx_word' id='word_1_513' title='bbox 840 4759 947 4835; x_wconf 78' lang='grc' dir='ltr'><strong>[ΑΙ.</strong></span> <span class='ocrx_word' id='word_1_514' title='bbox 984 4763 1285 4839; x_wconf 64' lang='lat' dir='ltr'><strong>profectus]</strong></span> <span class='ocrx_word' id='word_1_515' title='bbox 1316 4784 1327 4819; x_wconf 91' lang='lat'>:</span> <span class='ocrx_word' id='word_1_516' title='bbox 1362 4779 1419 4823; x_wconf 92' lang='lat' dir='ltr'><strong>ut</strong></span> <span class='ocrx_word' id='word_1_517' title='bbox 1448 4770 1634 4826; x_wconf 86' lang='lat' dir='ltr'><strong>audiat</strong></span> <span class='ocrx_word' id='word_1_518' title='bbox 1662 4775 1785 4841; x_wconf 81' lang='lat' dir='ltr'><strong>quis</strong></span> 
     </span>
    </p>
   </div>
   <div class='ocr_carea' id='block_1_61' title="bbox 164 4845 1787 4934">
    <p class='ocr_par' dir='ltr' id='par_1_61' title="bbox 164 4845 1787 4934">
     <span class='ocr_line' id='line_1_61' title="bbox 164 4845 1787 4934; baseline 0.012 -35"><span class='ocrx_word' id='word_1_519' title='bbox 164 4845 404 4900; x_wconf 70' lang='lat' dir='ltr'><strong>verbum</strong></span> <span class='ocrx_word' id='word_1_520' title='bbox 449 4847 565 4912; x_wconf 89' lang='lat' dir='ltr'><strong>Dei,</strong></span> <span class='ocrx_word' id='word_1_521' title='bbox 601 4862 656 4904; x_wconf 92' lang='lat' dir='ltr'><strong>ut</strong></span> <span class='ocrx_word' id='word_1_522' title='bbox 695 4853 984 4923; x_wconf 86' lang='lat' dir='ltr'><strong>concipiat,</strong></span> <span class='ocrx_word' id='word_1_523' title='bbox 1039 4864 1100 4909; x_wconf 90' lang='lat' dir='ltr'><strong>ut</strong></span> <span class='ocrx_word' id='word_1_524' title='bbox 1143 4856 1197 4911; x_wconf 89' lang='lat' dir='ltr'><strong>itt</strong></span> <span class='ocrx_word' id='word_1_525' title='bbox 1230 4867 1385 4913; x_wconf 85' lang='lat' dir='ltr'><strong>utero</strong></span> <span class='ocrx_word' id='word_1_526' title='bbox 1437 4862 1635 4916; x_wconf 69' lang='lat' dir='ltr'><strong>animm</strong></span> <span class='ocrx_word' id='word_1_527' title='bbox 1666 4864 1787 4934; x_wconf 86' lang='lat' dir='ltr'><strong>ejus</strong></span> 
     </span>
    </p>
   </div>
   <div class='ocr_carea' id='block_1_62' title="bbox 163 4938 1777 5022">
    <p class='ocr_par' dir='ltr' id='par_1_62' title="bbox 163 4938 1777 5022">
     <span class='ocr_line' id='line_1_62' title="bbox 163 4938 1777 5022; baseline 0.013 -29"><span class='ocrx_word' id='word_1_528' title='bbox 163 4938 479 5005; x_wconf 77' lang='lat' dir='ltr'><strong>adolescat,</strong></span> <span class='ocrx_word' id='word_1_529' title='bbox 529 4950 586 4996; x_wconf 89' lang='lat' dir='ltr'><strong>et</strong></span> <span class='ocrx_word' id='word_1_530' title='bbox 628 4944 694 4997; x_wconf 85' lang='lat' dir='ltr'><strong>ad</strong></span> <span class='ocrx_word' id='word_1_531' title='bbox 747 4955 957 5013; x_wconf 85' lang='lat' dir='ltr'><strong>partum</strong></span> <span class='ocrx_word' id='word_1_532' title='bbox 992 4964 1162 5021; x_wconf 87' lang='lat' dir='ltr'><strong>usque</strong></span> <span class='ocrx_word' id='word_1_533' title='bbox 1196 4954 1501 5022; x_wconf 87' lang='lat' dir='ltr'><strong>perveniat.</strong></span> <span class='ocrx_word' id='word_1_534' title='bbox 1540 4956 1607 5013; x_wconf 91' lang='lat' dir='ltr'><strong>Ut</strong></span> <span class='ocrx_word' id='word_1_535' title='bbox 1652 4973 1777 5014; x_wconf 91' lang='lat' dir='ltr'><strong>cum</strong></span> 
     </span>
    </p>
   </div>
   <div class='ocr_carea' id='block_1_63' title="bbox 164 5033 1773 5121">
    <p class='ocr_par' dir='ltr' id='par_1_63' title="bbox 164 5033 1773 5121">
     <span class='ocr_line' id='line_1_63' title="bbox 164 5033 1773 5121; baseline 0.012 -35"><span class='ocrx_word' id='word_1_536' title='bbox 164 5033 453 5104; x_wconf 80' lang='lat' dir='ltr'><strong>pepererit</strong></span> <span class='ocrx_word' id='word_1_537' title='bbox 495 5034 669 5102; x_wconf 87' lang='lat' dir='ltr'><strong>illum,</strong></span> <span class='ocrx_word' id='word_1_538' title='bbox 718 5038 863 5093; x_wconf 86' lang='lat' dir='ltr'><strong>lacte</strong></span> <span class='ocrx_word' id='word_1_539' title='bbox 910 5044 1167 5109; x_wconf 83' lang='lat' dir='ltr'><strong>euutriat,</strong></span> <span class='ocrx_word' id='word_1_540' title='bbox 1218 5053 1274 5099; x_wconf 87' lang='lat' dir='ltr'><strong>et</strong></span> <span class='ocrx_word' id='word_1_541' title='bbox 1323 5061 1419 5116; x_wconf 90' lang='lat' dir='ltr'><strong>per</strong></span> <span class='ocrx_word' id='word_1_542' title='bbox 1468 5048 1773 5121; x_wconf 81' lang='lat' dir='ltr'><strong>infantiam,</strong></span> 
     </span>
    </p>
   </div>
   <div class='ocr_carea' id='block_1_64' title="bbox 166 5124 1775 5211">
    <p class='ocr_par' dir='ltr' id='par_1_64' title="bbox 166 5124 1775 5211">
     <span class='ocr_line' id='line_1_64' title="bbox 166 5124 1775 5211; baseline 0.016 -36"><span class='ocrx_word' id='word_1_543' title='bbox 166 5124 488 5193; x_wconf 61' lang='lat' dir='ltr'><strong>pueritiam,</strong></span> <span class='ocrx_word' id='word_1_544' title='bbox 517 5126 966 5198; x_wconf 86' lang='lat' dir='ltr'><strong>adolescentiam,</strong></span> <span class='ocrx_word' id='word_1_545' title='bbox 990 5133 1354 5207; x_wconf 89' lang='lat' dir='ltr'><strong>juventutem,</strong></span> <span class='ocrx_word' id='word_1_546' title='bbox 1382 5140 1448 5195; x_wconf 89' lang='lat' dir='ltr'><strong>ad</strong></span> <span class='ocrx_word' id='word_1_547' title='bbox 1475 5148 1775 5211; x_wconf 88' lang='lat' dir='ltr'><strong>perlectum</strong></span> 
     </span>
    </p>
   </div>
   <div class='ocr_carea' id='block_1_65' title="bbox 162 5214 1773 5310">
    <p class='ocr_par' dir='ltr' id='par_1_65' title="bbox 162 5214 1773 5310">
     <span class='ocr_line' id='line_1_65' title="bbox 162 5214 1773 5310; baseline 0.017 -43"><span class='ocrx_word' id='word_1_548' title='bbox 162 5214 350 5271; x_wconf 74' lang='lat' dir='ltr'><strong>virum</strong></span> <span class='ocrx_word' id='word_1_549' title='bbox 375 5231 546 5289; x_wconf 88' lang='lat' dir='ltr'><strong>usque</strong></span> <span class='ocrx_word' id='word_1_550' title='bbox 574 5218 853 5290; x_wconf 88' lang='lat' dir='ltr'><strong>perducat.</strong></span> <span class='ocrx_word' id='word_1_551' title='bbox 875 5221 1006 5278; x_wconf 89' lang='lat' dir='ltr'><strong>Cum</strong></span> <span class='ocrx_word' id='word_1_552' title='bbox 1030 5240 1162 5297; x_wconf 88' lang='lat' dir='ltr'><strong>ergo</strong></span> <span class='ocrx_word' id='word_1_553' title='bbox 1182 5228 1402 5300; x_wconf 81' lang='lat' dir='ltr'><strong>singuli,</strong></span> <span class='ocrx_word' id='word_1_554' title='bbox 1428 5241 1487 5289; x_wconf 90' lang='lat' dir='ltr'><strong>ut</strong></span> <span class='ocrx_word' id='word_1_555' title='bbox 1513 5232 1773 5310; x_wconf 84' lang='lat' dir='ltr'><strong>diximus,</strong></span> 
     </span>
    </p>
   </div>
   <div class='ocr_carea' id='block_1_66' title="bbox 162 5428 1773 5503">
    <p class='ocr_par' dir='ltr' id='par_1_66' title="bbox 162 5428 1773 5503">
     <span class='ocr_line' id='line_1_66' title="bbox 162 5428 1773 5503; baseline 0.011 -19"><span class='ocrx_word' id='word_1_556' title='bbox 162 5428 386 5503; x_wconf 86' lang='lat' dir='ltr'><strong>codices</strong></span> <span class='ocrx_word' id='word_1_557' title='bbox 416 5430 602 5503; x_wconf 90' lang='lat' dir='ltr'><strong>legunt</strong></span> <span class='ocrx_word' id='word_1_558' title='bbox 636 5430 783 5500; x_wconf 90' lang='lat' dir='ltr'><strong>quod</strong></span> <span class='ocrx_word' id='word_1_559' title='bbox 810 5446 910 5487; x_wconf 86' lang='lat' dir='ltr'><strong>nos</strong></span> <span class='ocrx_word' id='word_1_560' title='bbox 939 5434 1239 5503; x_wconf 87' lang='lat' dir='ltr'><strong>posuimus.</strong></span> <span class='ocrx_word' id='word_1_561' title='bbox 1282 5437 1491 5496; x_wconf 87' lang='lat' dir='ltr'><strong>Sensus</strong></span> <span class='ocrx_word' id='word_1_562' title='bbox 1519 5441 1624 5499; x_wconf 88' lang='lat' dir='ltr'><strong>iste</strong></span> <span class='ocrx_word' id='word_1_563' title='bbox 1649 5458 1773 5503; x_wconf 86' lang='lat' dir='ltr'><strong>esse</strong></span> 
     </span>
    </p>
   </div>
   <div class='ocr_carea' id='block_1_67' title="bbox 166 5501 1773 5585">
    <p class='ocr_par' dir='ltr' id='par_1_67' title="bbox 166 5501 1773 5585">
     <span class='ocr_line' id='line_1_67' title="bbox 166 5501 1773 5585; baseline 0.011 -31"><span class='ocrx_word' id='word_1_564' title='bbox 166 5501 595 5585; x_wconf 36' lang='lat' dir='ltr'><strong>videturhniltil</strong></span> <span class='ocrx_word' id='word_1_565' title='bbox 624 5519 870 5585; x_wconf 70' lang='lat' dir='ltr'><strong>magnum</strong></span> <span class='ocrx_word' id='word_1_566' title='bbox 912 5501 1100 5576; x_wconf 60' lang='lat' dir='ltr'><strong>praeter</strong></span> <span class='ocrx_word' id='word_1_567' title='bbox 1145 5509 1456 5585; x_wconf 56' lang='lat' dir='ltr'><strong>crucifixum</strong></span> <span class='ocrx_word' id='word_1_568' title='bbox 1498 5501 1773 5585; x_wconf 58' lang='lat' dir='ltr'><strong>deferens}</strong></span> 
     </span>
    </p>
   </div>
   <div class='ocr_carea' id='block_1_68' title="bbox 162 5573 1770 5647">
    <p class='ocr_par' dir='ltr' id='par_1_68' title="bbox 162 5573 1770 5647">
     <span class='ocr_line' id='line_1_68' title="bbox 162 5573 1770 5647; baseline 0.009 -19"><span class='ocrx_word' id='word_1_569' title='bbox 162 5574 275 5647; x_wconf 73' lang='lat' dir='ltr'><strong>vel,</strong></span> <span class='ocrx_word' id='word_1_570' title='bbox 300 5573 441 5627; x_wconf 82' lang='lat' dir='ltr'><strong>nihil</strong></span> <span class='ocrx_word' id='word_1_571' title='bbox 470 5573 739 5647; x_wconf 82' lang='lat' dir='ltr'><strong>maguum,</strong></span> <span class='ocrx_word' id='word_1_572' title='bbox 767 5573 1002 5645; x_wconf 76' lang='lat' dir='ltr'><strong>deferens</strong></span> <span class='ocrx_word' id='word_1_573' title='bbox 1032 5573 1339 5647; x_wconf 71' lang='lat' dir='ltr'><strong>cruciﬁxum</strong></span> <span class='ocrx_word' id='word_1_574' title='bbox 1363 5573 1770 5644; x_wconf 42' lang='lat' dir='ltr'><strong>solumean&#39;r:</strong></span> 
     </span>
    </p>
   </div>
   <div class='ocr_carea' id='block_1_69' title="bbox 161 5644 1774 5714">
    <p class='ocr_par' dir='ltr' id='par_1_69' title="bbox 161 5644 1774 5714">
     <span class='ocr_line' id='line_1_69' title="bbox 161 5644 1774 5714; baseline 0.008 -16"><span class='ocrx_word' id='word_1_575' title='bbox 161 5672 235 5685; x_wconf 91' lang='lat'><strong>—</strong></span> <span class='ocrx_word' id='word_1_576' title='bbox 249 5644 323 5699; x_wconf 89' lang='lat' dir='ltr'><strong>Ita</strong></span> <span class='ocrx_word' id='word_1_577' title='bbox 337 5655 393 5700; x_wconf 90' lang='lat' dir='ltr'><strong>et</strong></span> <span class='ocrx_word' id='word_1_578' title='bbox 407 5646 588 5699; x_wconf 91' lang='lat' dir='ltr'><strong>nostri</strong></span> <span class='ocrx_word' id='word_1_579' title='bbox 604 5659 735 5700; x_wconf 87' lang='lat' dir='ltr'><strong>mss.</strong></span> <span class='ocrx_word' id='word_1_580' title='bbox 752 5644 1050 5713; x_wconf 70' lang='lat' dir='ltr'><strong>praeferunt</strong></span> <span class='ocrx_word' id='word_1_581' title='bbox 1065 5644 1207 5704; x_wconf 86' lang='lat' dir='ltr'><strong>bono</strong></span> <span class='ocrx_word' id='word_1_582' title='bbox 1219 5653 1353 5707; x_wconf 88' lang='lat' dir='ltr'><strong>satis</strong></span> <span class='ocrx_word' id='word_1_583' title='bbox 1378 5668 1561 5708; x_wconf 89' lang='lat' dir='ltr'><strong>sensu.</strong></span> <span class='ocrx_word' id='word_1_584' title='bbox 1594 5655 1774 5714; x_wconf 79' lang='lat' dir='ltr'><strong>Victo-</strong></span> 
     </span>
    </p>
   </div>
   <div class='ocr_carea' id='block_1_70' title="bbox 124 5714 1773 5800">
    <p class='ocr_par' dir='ltr' id='par_1_70' title="bbox 124 5714 1773 5800">
     <span class='ocr_line' id='line_1_70' title="bbox 124 5714 1773 5800; baseline 0.015 -41"><span class='ocrx_word' id='word_1_585' title='bbox 124 5754 129 5759; x_wconf 90' lang='lat'><strong>.</strong></span> <span class='ocrx_word' id='word_1_586' title='bbox 161 5715 278 5797; x_wconf 48' lang='lat' dir='ltr'><strong>riu?-</strong></span> <span class='ocrx_word' id='word_1_587' title='bbox 293 5717 379 5800; x_wconf 49' lang='lat' dir='ltr'><strong>ge</strong></span> <span class='ocrx_word' id='word_1_588' title='bbox 403 5732 507 5800; x_wconf 60' lang='lat' dir='ltr'><strong>suo</strong></span> <span class='ocrx_word' id='word_1_589' title='bbox 529 5714 702 5785; x_wconf 86' lang='lat' dir='ltr'><strong>addit,</strong></span> <span class='ocrx_word' id='word_1_590' title='bbox 729 5718 852 5786; x_wconf 79' lang='lat' dir='ltr'><strong>nisi,</strong></span> <span class='ocrx_word' id='word_1_591' title='bbox 878 5717 929 5774; x_wconf 92' lang='lat' dir='ltr'><strong>id</strong></span> <span class='ocrx_word' id='word_1_592' title='bbox 949 5728 1056 5786; x_wconf 84' lang='lat' dir='ltr'><strong>est,</strong></span> <span class='ocrx_word' id='word_1_593' title='bbox 1087 5720 1220 5776; x_wconf 85' lang='lat' dir='ltr'><strong>nihil</strong></span> <span class='ocrx_word' id='word_1_594' title='bbox 1245 5740 1490 5795; x_wconf 83' lang='lat' dir='ltr'><strong>magnum</strong></span> <span class='ocrx_word' id='word_1_595' title='bbox 1512 5726 1773 5800; x_wconf 75' lang='lat' dir='ltr'><strong>deferens,</strong></span> 
     </span>
    </p>
   </div>
   <div class='ocr_carea' id='block_1_71' title="bbox 162 5786 640 5858">
    <p class='ocr_par' dir='ltr' id='par_1_71' title="bbox 162 5786 640 5858">
     <span class='ocr_line' id='line_1_71' title="bbox 162 5786 640 5858; baseline 0.002 -18"><span class='ocrx_word' id='word_1_596' title='bbox 162 5786 263 5841; x_wconf 67' lang='lat' dir='ltr'><strong>nisi</strong></span> <span class='ocrx_word' id='word_1_597' title='bbox 286 5786 640 5858; x_wconf 70' lang='lat' dir='ltr'><strong>Cruciﬁxum.</strong></span> 
     </span>
    </p>
   </div>
   <div class='ocr_carea' id='block_1_72' title="bbox 1906 2076 3524 2146">
    <p class='ocr_par' dir='ltr' id='par_1_72' title="bbox 1906 2076 3524 2146">
     <span class='ocr_line' id='line_1_72' title="bbox 1906 2076 3524 2146; baseline 0 -13"><span class='ocrx_word' id='word_1_598' title='bbox 1906 2079 2036 2133; x_wconf 91' lang='lat' dir='ltr'><strong>stris</strong></span> <span class='ocrx_word' id='word_1_599' title='bbox 2066 2077 2279 2133; x_wconf 90' lang='lat' dir='ltr'><strong>damnis</strong></span> <span class='ocrx_word' id='word_1_600' title='bbox 2308 2092 2564 2133; x_wconf 85' lang='lat' dir='ltr'><strong>crescere</strong></span> <span class='ocrx_word' id='word_1_601' title='bbox 2596 2076 2864 2133; x_wconf 87' lang='lat' dir='ltr'><strong>volebatis</strong></span> <span class='ocrx_word' id='word_1_602' title='bbox 2893 2093 2907 2132; x_wconf 91' lang='lat'><strong>:</strong></span> <span class='ocrx_word' id='word_1_603' title='bbox 2950 2085 3011 2132; x_wconf 90' lang='lat' dir='ltr'><strong>et</strong></span> <span class='ocrx_word' id='word_1_604' title='bbox 3050 2077 3154 2132; x_wconf 88' lang='lat' dir='ltr'><strong>hoc</strong></span> <span class='ocrx_word' id='word_1_605' title='bbox 3183 2076 3280 2133; x_wconf 92' lang='lat' dir='ltr'><strong>illo</strong></span> <span class='ocrx_word' id='word_1_606' title='bbox 3308 2085 3524 2146; x_wconf 84' lang='lat' dir='ltr'><strong>tempo-</strong></span> 
     </span>
    </p>
   </div>
   <div class='ocr_carea' id='block_1_73' title="bbox 1907 2167 3518 2241">
    <p class='ocr_par' dir='ltr' id='par_1_73' title="bbox 1907 2167 3518 2241">
     <span class='ocr_line' id='line_1_73' title="bbox 1907 2167 3518 2241; baseline -0.001 -15"><span class='ocrx_word' id='word_1_607' title='bbox 1907 2185 2001 2239; x_wconf 93' lang='lat' dir='ltr'><strong>re,</strong></span> <span class='ocrx_word' id='word_1_608' title='bbox 2034 2185 2143 2239; x_wconf 91' lang='lat' dir='ltr'><strong>quo</strong></span> <span class='ocrx_word' id='word_1_609' title='bbox 2169 2169 2324 2225; x_wconf 87' lang='lat' dir='ltr'><strong>vobis</strong></span> <span class='ocrx_word' id='word_1_610' title='bbox 2353 2170 2511 2241; x_wconf 86' lang='lat' dir='ltr'><strong>quasi</strong></span> <span class='ocrx_word' id='word_1_611' title='bbox 2547 2168 2792 2240; x_wconf 87' lang='lat' dir='ltr'><strong>parvulis</strong></span> <span class='ocrx_word' id='word_1_612' title='bbox 2819 2180 2982 2240; x_wconf 88' lang='lat' dir='ltr'><strong>atque</strong></span> <span class='ocrx_word' id='word_1_613' title='bbox 3012 2168 3365 2235; x_wconf 82' lang='lat' dir='ltr'><strong>lactentibus,</strong></span> <span class='ocrx_word' id='word_1_614' title='bbox 3400 2167 3518 2224; x_wconf 85' lang='lat' dir='ltr'><strong>sive</strong></span> 
     </span>
    </p>
   </div>
   <div class='ocr_carea' id='block_1_74' title="bbox 1906 2259 3517 2333">
    <p class='ocr_par' dir='ltr' id='par_1_74' title="bbox 1906 2259 3517 2333">
     <span class='ocr_line' id='line_1_74' title="bbox 1906 2259 3517 2333; baseline -0.001 -16"><span class='ocrx_word' id='word_1_615' title='bbox 1906 2270 2131 2333; x_wconf 86' lang='lat' dir='ltr'><strong>propter</strong></span> <span class='ocrx_word' id='word_1_616' title='bbox 2154 2259 2525 2317; x_wconf 76' lang='lat' dir='ltr'><strong>inﬁrmitatem</strong></span> <span class='ocrx_word' id='word_1_617' title='bbox 2557 2260 2745 2316; x_wconf 85' lang='lat' dir='ltr'><strong>carnis</strong></span> <span class='ocrx_word' id='word_1_618' title='bbox 2774 2270 2971 2316; x_wconf 69' lang='lat' dir='ltr'><strong>vestrae</strong></span> <span class='ocrx_word' id='word_1_619' title='bbox 2996 2275 3167 2331; x_wconf 89' lang='lat' dir='ltr'><strong>parva</strong></span> <span class='ocrx_word' id='word_1_620' title='bbox 3196 2267 3252 2314; x_wconf 89' lang='lat' dir='ltr'><strong>et</strong></span> <span class='ocrx_word' id='word_1_621' title='bbox 3285 2259 3517 2316; x_wconf 75' lang='lat' dir='ltr'><strong>humilia</strong></span> 
     </span>
    </p>
   </div>
   <div class='ocr_carea' id='block_1_75' title="bbox 1905 2352 3513 2425">
    <p class='ocr_par' dir='ltr' id='par_1_75' title="bbox 1905 2352 3513 2425">
     <span class='ocr_line' id='line_1_75' title="bbox 1905 2352 3513 2425; baseline -0.001 -18"><span class='ocrx_word' id='word_1_622' title='bbox 1905 2354 2330 2421; x_wconf 87' lang='lat' dir='ltr'><strong>annuntiabam,</strong></span> <span class='ocrx_word' id='word_1_623' title='bbox 2378 2353 2495 2409; x_wconf 87' lang='lat' dir='ltr'><strong>sive</strong></span> <span class='ocrx_word' id='word_1_624' title='bbox 2551 2362 2776 2425; x_wconf 87' lang='lat' dir='ltr'><strong>propter</strong></span> <span class='ocrx_word' id='word_1_625' title='bbox 2837 2368 2973 2409; x_wconf 73' lang='lat' dir='ltr'><strong>mea:</strong></span> <span class='ocrx_word' id='word_1_626' title='bbox 3026 2352 3210 2407; x_wconf 86' lang='lat' dir='ltr'><strong>carnis</strong></span> <span class='ocrx_word' id='word_1_627' title='bbox 3265 2352 3513 2420; x_wconf 84' lang='lat' dir='ltr'><strong>injurias,</strong></span> 
     </span>
    </p>
   </div>
   <div class='ocr_carea' id='block_1_76' title="bbox 1906 2444 3513 2518">
    <p class='ocr_par' dir='ltr' id='par_1_76' title="bbox 1906 2444 3513 2518">
     <span class='ocr_line' id='line_1_76' title="bbox 1906 2444 3513 2518; baseline -0.001 -16"><span class='ocrx_word' id='word_1_628' title='bbox 1906 2461 2012 2502; x_wconf 90' lang='lat' dir='ltr'><strong>non</strong></span> <span class='ocrx_word' id='word_1_629' title='bbox 2043 2446 2243 2518; x_wconf 85' lang='lat' dir='ltr'><strong>dignus</strong></span> <span class='ocrx_word' id='word_1_630' title='bbox 2272 2446 2499 2503; x_wconf 90' lang='lat' dir='ltr'><strong>videbar</strong></span> <span class='ocrx_word' id='word_1_631' title='bbox 2529 2446 2659 2500; x_wconf 87' lang='lat' dir='ltr'><strong>fide.</strong></span> <span class='ocrx_word' id='word_1_632' title='bbox 2690 2445 2844 2501; x_wconf 85' lang='lat' dir='ltr'><strong>Nunc</strong></span> <span class='ocrx_word' id='word_1_633' title='bbox 2867 2461 2999 2501; x_wconf 87' lang='lat' dir='ltr'><strong>vero</strong></span> <span class='ocrx_word' id='word_1_634' title='bbox 3029 2446 3153 2517; x_wconf 90' lang='lat' dir='ltr'><strong>quia</strong></span> <span class='ocrx_word' id='word_1_635' title='bbox 3176 2446 3247 2501; x_wconf 88' lang='lat' dir='ltr'><strong>ab</strong></span> <span class='ocrx_word' id='word_1_636' title='bbox 3270 2444 3513 2501; x_wconf 41' lang='lat' dir='ltr'><strong>elemenw</strong></span> 
     </span>
    </p>
   </div>
   <div class='ocr_carea' id='block_1_77' title="bbox 1906 2536 3510 2611">
    <p class='ocr_par' dir='ltr' id='par_1_77' title="bbox 1906 2536 3510 2611">
     <span class='ocr_line' id='line_1_77' title="bbox 1906 2536 3510 2611; baseline -0.002 -16"><span class='ocrx_word' id='word_1_637' title='bbox 1906 2540 1973 2595; x_wconf 89' lang='lat' dir='ltr'><strong>tis</strong></span> <span class='ocrx_word' id='word_1_638' title='bbox 2002 2549 2059 2595; x_wconf 91' lang='lat' dir='ltr'><strong>et</strong></span> <span class='ocrx_word' id='word_1_639' title='bbox 2088 2537 2318 2611; x_wconf 82' lang='lat' dir='ltr'><strong>syllabis</strong></span> <span class='ocrx_word' id='word_1_640' title='bbox 2340 2547 2396 2594; x_wconf 92' lang='lat' dir='ltr'><strong>et</strong></span> <span class='ocrx_word' id='word_1_641' title='bbox 2425 2539 2663 2595; x_wconf 91' lang='lat' dir='ltr'><strong>lectione</strong></span> <span class='ocrx_word' id='word_1_642' title='bbox 2687 2538 2882 2609; x_wconf 88' lang='lat' dir='ltr'><strong>puerili</strong></span> <span class='ocrx_word' id='word_1_643' title='bbox 2907 2538 3049 2609; x_wconf 76' lang='lat' dir='ltr'><strong>cmpi</strong></span> <span class='ocrx_word' id='word_1_644' title='bbox 3081 2552 3179 2593; x_wconf 89' lang='lat' dir='ltr'><strong>vos</strong></span> <span class='ocrx_word' id='word_1_645' title='bbox 3209 2536 3278 2593; x_wconf 87' lang='lat' dir='ltr'><strong>ad</strong></span> <span class='ocrx_word' id='word_1_646' title='bbox 3302 2536 3510 2607; x_wconf 84' lang='lat' dir='ltr'><strong>majora</strong></span> 
     </span>
    </p>
   </div>
   <div class='ocr_carea' id='block_1_78' title="bbox 1903 2631 3514 2703">
    <p class='ocr_par' dir='ltr' id='par_1_78' title="bbox 1903 2631 3514 2703">
     <span class='ocr_line' id='line_1_78' title="bbox 1903 2631 3514 2703; baseline -0.001 -15"><span class='ocrx_word' id='word_1_647' title='bbox 1903 2631 2080 2688; x_wconf 88' lang='lat' dir='ltr'><strong>studia</strong></span> <span class='ocrx_word' id='word_1_648' title='bbox 2112 2646 2436 2703; x_wconf 87' lang='lat' dir='ltr'><strong>provocare,</strong></span> <span class='ocrx_word' id='word_1_649' title='bbox 2485 2641 2542 2687; x_wconf 87' lang='lat' dir='ltr'><strong>ut</strong></span> <span class='ocrx_word' id='word_1_650' title='bbox 2582 2632 2757 2687; x_wconf 91' lang='lat' dir='ltr'><strong>libros</strong></span> <span class='ocrx_word' id='word_1_651' title='bbox 2788 2632 3023 2687; x_wconf 88' lang='lat' dir='ltr'><strong>teneatis</strong></span> <span class='ocrx_word' id='word_1_652' title='bbox 3067 2631 3122 2687; x_wconf 91' lang='lat' dir='ltr'><strong>in</strong></span> <span class='ocrx_word' id='word_1_653' title='bbox 3152 2631 3423 2697; x_wconf 86' lang='lat' dir='ltr'><strong>manibus,</strong></span> <span class='ocrx_word' id='word_1_654' title='bbox 3452 2637 3514 2686; x_wconf 89' lang='lat' dir='ltr'><strong>ut</strong></span> 
     </span>
    </p>
   </div>
   <div class='ocr_carea' id='block_1_79' title="bbox 1904 2721 3511 2797">
    <p class='ocr_par' dir='ltr' id='par_1_79' title="bbox 1904 2721 3511 2797">
     <span class='ocr_line' id='line_1_79' title="bbox 1904 2721 3511 2797; baseline -0.002 -16"><span class='ocrx_word' id='word_1_655' title='bbox 1904 2725 2060 2797; x_wconf 92' lang='lat' dir='ltr'><strong>plena</strong></span> <span class='ocrx_word' id='word_1_656' title='bbox 2102 2724 2450 2790; x_wconf 88' lang='lat' dir='ltr'><strong>eruditionis,</strong></span> <span class='ocrx_word' id='word_1_657' title='bbox 2480 2733 2536 2779; x_wconf 91' lang='lat' dir='ltr'><strong>et</strong></span> <span class='ocrx_word' id='word_1_658' title='bbox 2570 2738 2829 2781; x_wconf 91' lang='lat' dir='ltr'><strong>sensuum</strong></span> <span class='ocrx_word' id='word_1_659' title='bbox 2858 2724 3026 2781; x_wconf 90' lang='lat' dir='ltr'><strong>verba</strong></span> <span class='ocrx_word' id='word_1_660' title='bbox 3054 2723 3298 2787; x_wconf 85' lang='lat' dir='ltr'><strong>diseatis,</strong></span> <span class='ocrx_word' id='word_1_661' title='bbox 3329 2721 3511 2778; x_wconf 88' lang='lat' dir='ltr'><strong>recal-</strong></span> 
     </span>
    </p>
   </div>
   <div class='ocr_carea' id='block_1_80' title="bbox 1902 2814 3509 2887">
    <p class='ocr_par' dir='ltr' id='par_1_80' title="bbox 1902 2814 3509 2887">
     <span class='ocr_line' id='line_1_80' title="bbox 1902 2814 3509 2887; baseline -0.002 -16"><span class='ocrx_word' id='word_1_662' title='bbox 1902 2816 2136 2884; x_wconf 90' lang='lat' dir='ltr'><strong>citratis,</strong></span> <span class='ocrx_word' id='word_1_663' title='bbox 2189 2815 2514 2881; x_wconf 89' lang='lat' dir='ltr'><strong>irascimini,</strong></span> <span class='ocrx_word' id='word_1_664' title='bbox 2564 2816 2749 2887; x_wconf 86' lang='lat' dir='ltr'><strong>gravis</strong></span> <span class='ocrx_word' id='word_1_665' title='bbox 2797 2814 2952 2869; x_wconf 88' lang='lat' dir='ltr'><strong>vobis</strong></span> <span class='ocrx_word' id='word_1_666' title='bbox 2981 2814 3202 2870; x_wconf 88' lang='lat' dir='ltr'><strong>videtur</strong></span> <span class='ocrx_word' id='word_1_667' title='bbox 3228 2828 3351 2870; x_wconf 89' lang='lat' dir='ltr'><strong>esse</strong></span> <span class='ocrx_word' id='word_1_668' title='bbox 3381 2828 3509 2883; x_wconf 89' lang='lat' dir='ltr'><strong>per-</strong></span> 
     </span>
    </p>
   </div>
   <div class='ocr_carea' id='block_1_81' title="bbox 1903 2903 3510 2964">
    <p class='ocr_par' dir='ltr' id='par_1_81' title="bbox 1903 2903 3510 2964">
     <span class='ocr_line' id='line_1_81' title="bbox 1903 2903 3510 2964; baseline -0.002 -1"><span class='ocrx_word' id='word_1_669' title='bbox 1903 2908 2065 2964; x_wconf 89' lang='lat' dir='ltr'><strong>fectio</strong></span> <span class='ocrx_word' id='word_1_670' title='bbox 2090 2907 2466 2964; x_wconf 87' lang='lat' dir='ltr'><strong>doctrinarum</strong></span> <span class='ocrx_word' id='word_1_671' title='bbox 2500 2924 2514 2961; x_wconf 91' lang='lat'><strong>:</strong></span> <span class='ocrx_word' id='word_1_672' title='bbox 2542 2916 2596 2963; x_wconf 90' lang='lat' dir='ltr'><strong>et</strong></span> <span class='ocrx_word' id='word_1_673' title='bbox 2618 2907 2893 2962; x_wconf 78' lang='lat' dir='ltr'><strong>intentum</strong></span> <span class='ocrx_word' id='word_1_674' title='bbox 2912 2905 2969 2962; x_wconf 88' lang='lat' dir='ltr'><strong>itt</strong></span> <span class='ocrx_word' id='word_1_675' title='bbox 3000 2906 3141 2963; x_wconf 85' lang='lat' dir='ltr'><strong>alios</strong></span> <span class='ocrx_word' id='word_1_676' title='bbox 3164 2905 3353 2961; x_wconf 87' lang='lat' dir='ltr'><strong>mutati</strong></span> <span class='ocrx_word' id='word_1_677' title='bbox 3376 2903 3510 2960; x_wconf 82' lang='lat' dir='ltr'><strong>estis</strong></span> 
     </span>
    </p>
   </div>
   <div class='ocr_carea' id='block_1_82' title="bbox 1902 2996 3507 3072">
    <p class='ocr_par' dir='ltr' id='par_1_82' title="bbox 1902 2996 3507 3072">
     <span class='ocr_line' id='line_1_82' title="bbox 1902 2996 3507 3072; baseline -0.002 -16"><span class='ocrx_word' id='word_1_678' title='bbox 1902 3000 2151 3070; x_wconf 73' lang='lat' dir='ltr'><strong>affectus,</strong></span> <span class='ocrx_word' id='word_1_679' title='bbox 2205 3008 2265 3055; x_wconf 90' lang='lat' dir='ltr'><strong>ut</strong></span> <span class='ocrx_word' id='word_1_680' title='bbox 2292 3015 2380 3056; x_wconf 90' lang='lat' dir='ltr'><strong>me</strong></span> <span class='ocrx_word' id='word_1_681' title='bbox 2408 3015 2570 3072; x_wconf 91' lang='lat' dir='ltr'><strong>quem</strong></span> <span class='ocrx_word' id='word_1_682' title='bbox 2627 3000 2784 3070; x_wconf 89' lang='lat' dir='ltr'><strong>quasi</strong></span> <span class='ocrx_word' id='word_1_683' title='bbox 2828 2998 3084 3069; x_wconf 90' lang='lat' dir='ltr'><strong>angelum</strong></span> <span class='ocrx_word' id='word_1_684' title='bbox 3124 3005 3184 3054; x_wconf 87' lang='lat' dir='ltr'><strong>et</strong></span> <span class='ocrx_word' id='word_1_685' title='bbox 3225 2996 3507 3054; x_wconf 89' lang='lat' dir='ltr'><strong>Christum</strong></span> 
     </span>
    </p>
   </div>
   <div class='ocr_carea' id='block_1_83' title="bbox 1902 3090 3533 3166">
    <p class='ocr_par' dir='ltr' id='par_1_83' title="bbox 1902 3090 3533 3166">
     <span class='ocr_line' id='line_1_83' title="bbox 1902 3090 3533 3166; baseline -0.002 -16"><span class='ocrx_word' id='word_1_686' title='bbox 1902 3094 2292 3166; x_wconf 85' lang='lat' dir='ltr'><strong>susceperatis,</strong></span> <span class='ocrx_word' id='word_1_687' title='bbox 2335 3093 2424 3148; x_wconf 91' lang='lat' dir='ltr'><strong>cui</strong></span> <span class='ocrx_word' id='word_1_688' title='bbox 2475 3091 2745 3147; x_wconf 88' lang='lat' dir='ltr'><strong>volebatis</strong></span> <span class='ocrx_word' id='word_1_689' title='bbox 2791 3092 2980 3147; x_wconf 88' lang='lat' dir='ltr'><strong>oculos</strong></span> <span class='ocrx_word' id='word_1_690' title='bbox 3021 3100 3233 3148; x_wconf 80' lang='lat' dir='ltr'><strong>vestros</strong></span> <span class='ocrx_word' id='word_1_691' title='bbox 3262 3090 3533 3155; x_wconf 87' lang='lat' dir='ltr'><strong>tradere,.</strong></span> 
     </span>
    </p>
   </div>
   <div class='ocr_carea' id='block_1_84' title="bbox 1905 3185 3505 3258">
    <p class='ocr_par' dir='ltr' id='par_1_84' title="bbox 1905 3185 3505 3258">
     <span class='ocr_line' id='line_1_84' title="bbox 1905 3185 3505 3258; baseline -0.003 -12"><span class='ocrx_word' id='word_1_692' title='bbox 1905 3207 2048 3246; x_wconf 90' lang='lat' dir='ltr'><strong>nunc</strong></span> <span class='ocrx_word' id='word_1_693' title='bbox 2072 3189 2317 3245; x_wconf 86' lang='lat' dir='ltr'><strong>habeatis</strong></span> <span class='ocrx_word' id='word_1_694' title='bbox 2347 3188 2630 3244; x_wconf 73' lang='lat' dir='ltr'><strong>inimicum</strong></span> <span class='ocrx_word' id='word_1_695' title='bbox 2661 3205 2676 3243; x_wconf 89' lang='lat'>:</span> <span class='ocrx_word' id='word_1_696' title='bbox 2703 3188 2828 3258; x_wconf 89' lang='lat' dir='ltr'><strong>quia</strong></span> <span class='ocrx_word' id='word_1_697' title='bbox 2865 3185 3018 3241; x_wconf 86' lang='lat' dir='ltr'><strong>vobis</strong></span> <span class='ocrx_word' id='word_1_698' title='bbox 3045 3186 3262 3255; x_wconf 86' lang='lat' dir='ltr'><strong>plenam</strong></span> <span class='ocrx_word' id='word_1_699' title='bbox 3291 3200 3505 3241; x_wconf 81' lang='lat' dir='ltr'><strong>annun-</strong></span> 
     </span>
    </p>
   </div>
   <div class='ocr_carea' id='block_1_85' title="bbox 1899 3277 3503 3352">
    <p class='ocr_par' dir='ltr' id='par_1_85' title="bbox 1899 3277 3503 3352">
     <span class='ocr_line' id='line_1_85' title="bbox 1899 3277 3503 3352; baseline -0.006 -11"><span class='ocrx_word' id='word_1_700' title='bbox 1899 3286 1974 3341; x_wconf 88' lang='lat' dir='ltr'><strong>tio</strong></span> <span class='ocrx_word' id='word_1_701' title='bbox 2001 3285 2313 3339; x_wconf 86' lang='lat' dir='ltr'><strong>veritatem.</strong></span> <span class='ocrx_word' id='word_1_702' title='bbox 2348 3281 2641 3352; x_wconf 83' lang='lat' dir='ltr'><strong>Eleganter</strong></span> <span class='ocrx_word' id='word_1_703' title='bbox 2660 3287 2845 3334; x_wconf 87' lang='lat' dir='ltr'><strong>autem</strong></span> <span class='ocrx_word' id='word_1_704' title='bbox 2875 3277 3204 3335; x_wconf 90' lang='lat' dir='ltr'><strong>sententiam</strong></span> <span class='ocrx_word' id='word_1_705' title='bbox 3240 3277 3503 3333; x_wconf 85' lang='lat' dir='ltr'><strong>termina-</strong></span> 
     </span>
    </p>
   </div>
   <div class='ocr_carea' id='block_1_86' title="bbox 1898 3370 3500 3447">
    <p class='ocr_par' dir='ltr' id='par_1_86' title="bbox 1898 3370 3500 3447">
     <span class='ocr_line' id='line_1_86' title="bbox 1898 3370 3500 3447; baseline -0.006 -13"><span class='ocrx_word' id='word_1_706' title='bbox 1898 3380 1994 3445; x_wconf 89' lang='lat' dir='ltr'><strong>vit,</strong></span> <span class='ocrx_word' id='word_1_707' title='bbox 2024 3378 2212 3433; x_wconf 86' lang='lat' dir='ltr'><strong>dicens</strong></span> <span class='ocrx_word' id='word_1_708' title='bbox 2243 3394 2257 3430; x_wconf 87' lang='lat'><strong>:</strong></span> <span class='ocrx_word' id='word_1_709' title='bbox 2288 3374 2432 3447; x_wconf 83' lang='lat' dir='ltr'><strong>Ergo</strong></span> <span class='ocrx_word' id='word_1_710' title='bbox 2461 3375 2703 3429; x_wconf 82' lang='lat' dir='ltr'><strong>inimicus</strong></span> <span class='ocrx_word' id='word_1_711' title='bbox 2735 3373 2876 3428; x_wconf 76' lang='lat' dir='ltr'><strong>vobis</strong></span> <span class='ocrx_word' id='word_1_712' title='bbox 2907 3374 3075 3443; x_wconf 82' lang='lat' dir='ltr'><strong>factus</strong></span> <span class='ocrx_word' id='word_1_713' title='bbox 3103 3386 3220 3426; x_wconf 80' lang='lat' dir='ltr'><strong>sum</strong></span> <span class='ocrx_word' id='word_1_714' title='bbox 3240 3370 3500 3426; x_wconf 79' lang='lat' dir='ltr'><strong>veritatem</strong></span> 
     </span>
    </p>
   </div>
   <div class='ocr_carea' id='block_1_87' title="bbox 1895 3466 3498 3539">
    <p class='ocr_par' dir='ltr' id='par_1_87' title="bbox 1895 3466 3498 3539">
     <span class='ocr_line' id='line_1_87' title="bbox 1895 3466 3498 3539; baseline -0.004 -12"><span class='ocrx_word' id='word_1_715' title='bbox 1895 3473 2069 3527; x_wconf 74' lang='lat' dir='ltr'><strong>dicens</strong></span> <span class='ocrx_word' id='word_1_716' title='bbox 2099 3470 2278 3526; x_wconf 79' lang='lat' dir='ltr'><strong>vobis?</strong></span> <span class='ocrx_word' id='word_1_717' title='bbox 2300 3479 2355 3524; x_wconf 93' lang='lat' dir='ltr'><strong>ut</strong></span> <span class='ocrx_word' id='word_1_718' title='bbox 2383 3468 2707 3526; x_wconf 90' lang='lat' dir='ltr'><strong>ostenderet</strong></span> <span class='ocrx_word' id='word_1_719' title='bbox 2738 3469 2892 3523; x_wconf 87' lang='lat' dir='ltr'><strong>initia</strong></span> <span class='ocrx_word' id='word_1_720' title='bbox 2927 3466 3355 3539; x_wconf 70' lang='lat' dir='ltr'><strong>praedicationis,</strong></span> <span class='ocrx_word' id='word_1_721' title='bbox 3390 3480 3498 3521; x_wconf 89' lang='lat' dir='ltr'><strong>non</strong></span> 
     </span>
    </p>
   </div>
   <div class='ocr_carea' id='block_1_88' title="bbox 1897 3560 3499 3633">
    <p class='ocr_par' dir='ltr' id='par_1_88' title="bbox 1897 3560 3499 3633">
     <span class='ocr_line' id='line_1_88' title="bbox 1897 3560 3499 3633; baseline -0.004 -9"><span class='ocrx_word' id='word_1_722' title='bbox 1897 3578 2004 3624; x_wconf 89' lang='lat' dir='ltr'><strong>tam</strong></span> <span class='ocrx_word' id='word_1_723' title='bbox 2038 3567 2324 3622; x_wconf 86' lang='lat' dir='ltr'><strong>veritatem</strong></span> <span class='ocrx_word' id='word_1_724' title='bbox 2369 3563 2561 3630; x_wconf 88' lang='lat' dir='ltr'><strong>fuisse,</strong></span> <span class='ocrx_word' id='word_1_725' title='bbox 2606 3579 2770 3631; x_wconf 78' lang='lat' dir='ltr'><strong>quam</strong></span> <span class='ocrx_word' id='word_1_726' title='bbox 2814 3561 3063 3617; x_wconf 89' lang='lat' dir='ltr'><strong>umbram</strong></span> <span class='ocrx_word' id='word_1_727' title='bbox 3104 3570 3159 3617; x_wconf 92' lang='lat' dir='ltr'><strong>et</strong></span> <span class='ocrx_word' id='word_1_728' title='bbox 3206 3560 3499 3633; x_wconf 82' lang='lat' dir='ltr'><strong>imaginem</strong></span> 
     </span>
    </p>
   </div>
   <div class='ocr_carea' id='block_1_89' title="bbox 1897 3653 3497 3725">
    <p class='ocr_par' dir='ltr' id='par_1_89' title="bbox 1897 3653 3497 3725">
     <span class='ocr_line' id='line_1_89' title="bbox 1897 3653 3497 3725; baseline -0.003 -10"><span class='ocrx_word' id='word_1_729' title='bbox 1897 3659 2160 3717; x_wconf 88' lang='lat' dir='ltr'><strong>veritatis.</strong></span> <span class='ocrx_word' id='word_1_730' title='bbox 2190 3658 2398 3713; x_wconf 85' lang='lat' dir='ltr'><strong>Similis</strong></span> <span class='ocrx_word' id='word_1_731' title='bbox 2423 3663 2510 3711; x_wconf 88' lang='lat' dir='ltr'><strong>est</strong></span> <span class='ocrx_word' id='word_1_732' title='bbox 2547 3656 2671 3711; x_wconf 90' lang='lat' dir='ltr'><strong>huic</strong></span> <span class='ocrx_word' id='word_1_733' title='bbox 2699 3655 2789 3709; x_wconf 88' lang='lat' dir='ltr'><strong>illa</strong></span> <span class='ocrx_word' id='word_1_734' title='bbox 2824 3656 3097 3710; x_wconf 88' lang='lat' dir='ltr'><strong>sententia</strong></span> <span class='ocrx_word' id='word_1_735' title='bbox 3132 3653 3331 3709; x_wconf 89' lang='lat' dir='ltr'><strong>nobilis</strong></span> <span class='ocrx_word' id='word_1_736' title='bbox 3354 3653 3497 3725; x_wconf 86' lang='lat' dir='ltr'><strong>apud</strong></span> 
     </span>
    </p>
   </div>
   <div class='ocr_carea' id='block_1_90' title="bbox 1894 3748 3099 3824">
    <p class='ocr_par' dir='ltr' id='par_1_90' title="bbox 1894 3748 3099 3824">
     <span class='ocr_line' id='line_1_90' title="bbox 1894 3748 3099 3824; baseline -0.006 -15"><span class='ocrx_word' id='word_1_737' title='bbox 1894 3754 2172 3809; x_wconf 81' lang='lat' dir='ltr'><strong>Romanos</strong></span> <span class='ocrx_word' id='word_1_738' title='bbox 2203 3761 2379 3822; x_wconf 78' lang='lat' dir='ltr'><strong>poeta:</strong></span> <span class='ocrx_word' id='word_1_739' title='bbox 2405 3748 2640 3824; x_wconf 82' lang='lat' dir='ltr'><strong>(Terent.</strong></span> <span class='ocrx_word' id='word_1_740' title='bbox 2671 3750 2726 3803; x_wconf 84' lang='lat' dir='ltr'><strong>in</strong></span> <span class='ocrx_word' id='word_1_741' title='bbox 2755 3748 2894 3805; x_wconf 78' lang='lat' dir='ltr'><strong>And.</strong></span> <span class='ocrx_word' id='word_1_742' title='bbox 2921 3764 2974 3813; x_wconf 85' lang='grc' dir='ltr'><strong>ι.</strong></span> <span class='ocrx_word' id='word_1_743' title='bbox 3007 3748 3060 3815; x_wconf 76' lang='grc'><strong>1)</strong></span> <span class='ocrx_word' id='word_1_744' title='bbox 3085 3765 3099 3802; x_wconf 89' lang='lat'><strong>:</strong></span> 
     </span>
    </p>
   </div>
   <div class='ocr_carea' id='block_1_91' title="bbox 2019 3848 3113 3916">
    <p class='ocr_par' dir='ltr' id='par_1_91' title="bbox 2019 3848 3113 3916">
     <span class='ocr_line' id='line_1_91' title="bbox 2019 3848 3113 3916; baseline -0.006 -12"><span class='ocrx_word' id='word_1_745' title='bbox 2019 3851 2328 3916; x_wconf 81' lang='lat' dir='ltr'><strong>Obsequium</strong></span> <span class='ocrx_word' id='word_1_746' title='bbox 2352 3851 2551 3912; x_wconf 79' lang='lat' dir='ltr'><strong>amicos,</strong></span> <span class='ocrx_word' id='word_1_747' title='bbox 2577 3850 2763 3900; x_wconf 89' lang='lat' dir='ltr'><strong>veritas</strong></span> <span class='ocrx_word' id='word_1_748' title='bbox 2785 3848 2949 3899; x_wconf 89' lang='lat' dir='ltr'><strong>odium</strong></span> <span class='ocrx_word' id='word_1_749' title='bbox 2973 3848 3113 3913; x_wconf 80' lang='lat' dir='ltr'><strong>parit.</strong></span> 
     </span>
    </p>
   </div>
   <div class='ocr_carea' id='block_1_92' title="bbox 1894 3932 3500 4006">
    <p class='ocr_par' dir='ltr' id='par_1_92' title="bbox 1894 3932 3500 4006">
     <span class='ocr_line' id='line_1_92' title="bbox 1894 3932 3500 4006; baseline -0.003 -11"><span class='ocrx_word' id='word_1_750' title='bbox 1894 3935 1999 3995; x_wconf 90' lang='lat' dir='ltr'><strong>Sed</strong></span> <span class='ocrx_word' id='word_1_751' title='bbox 2031 3935 2157 3992; x_wconf 88' lang='lat' dir='ltr'><strong>vide</strong></span> <span class='ocrx_word' id='word_1_752' title='bbox 2200 3944 2410 4006; x_wconf 85' lang='lat' dir='ltr'><strong>quanto</strong></span> <span class='ocrx_word' id='word_1_753' title='bbox 2445 3934 2536 3989; x_wconf 90' lang='lat' dir='ltr'><strong>hic</strong></span> <span class='ocrx_word' id='word_1_754' title='bbox 2568 3933 2767 3989; x_wconf 89' lang='lat' dir='ltr'><strong>melius</strong></span> <span class='ocrx_word' id='word_1_755' title='bbox 2812 3948 2973 4004; x_wconf 87' lang='lat' dir='ltr'><strong>quam</strong></span> <span class='ocrx_word' id='word_1_756' title='bbox 3018 3933 3151 3999; x_wconf 81' lang='lat' dir='ltr'><strong>ille;</strong></span> <span class='ocrx_word' id='word_1_757' title='bbox 3204 3932 3500 4003; x_wconf 80' lang='lat' dir='ltr'><strong>Apostolus</strong></span> 
     </span>
    </p>
   </div>
   <div class='ocr_carea' id='block_1_93' title="bbox 1892 4025 3496 4097">
    <p class='ocr_par' dir='ltr' id='par_1_93' title="bbox 1892 4025 3496 4097">
     <span class='ocr_line' id='line_1_93' title="bbox 1892 4025 3496 4097; baseline -0.002 -13"><span class='ocrx_word' id='word_1_758' title='bbox 1892 4029 2038 4085; x_wconf 90' lang='lat' dir='ltr'><strong>enim</strong></span> <span class='ocrx_word' id='word_1_759' title='bbox 2065 4028 2150 4083; x_wconf 88' lang='lat' dir='ltr'><strong>bis</strong></span> <span class='ocrx_word' id='word_1_760' title='bbox 2172 4042 2313 4097; x_wconf 85' lang='lat' dir='ltr'><strong>quos</strong></span> <span class='ocrx_word' id='word_1_761' title='bbox 2344 4025 2545 4081; x_wconf 87' lang='lat' dir='ltr'><strong>stultos</strong></span> <span class='ocrx_word' id='word_1_762' title='bbox 2570 4025 2808 4093; x_wconf 91' lang='lat' dir='ltr'><strong>dixerat,</strong></span> <span class='ocrx_word' id='word_1_763' title='bbox 2850 4040 2990 4095; x_wconf 91' lang='lat' dir='ltr'><strong>quos</strong></span> <span class='ocrx_word' id='word_1_764' title='bbox 3016 4027 3282 4096; x_wconf 87' lang='lat' dir='ltr'><strong>parvulos</strong></span> <span class='ocrx_word' id='word_1_765' title='bbox 3309 4026 3496 4096; x_wconf 84' lang='lat' dir='ltr'><strong>appel-</strong></span> 
     </span>
    </p>
   </div>
   <div class='ocr_carea' id='block_1_94' title="bbox 1892 4117 3480 4189">
    <p class='ocr_par' dir='ltr' id='par_1_94' title="bbox 1892 4117 3480 4189">
     <span class='ocr_line' id='line_1_94' title="bbox 1892 4117 3480 4189; baseline -0.002 -11"><span class='ocrx_word' id='word_1_766' title='bbox 1892 4123 2050 4189; x_wconf 90' lang='lat' dir='ltr'><strong>larat,</strong></span> <span class='ocrx_word' id='word_1_767' title='bbox 2083 4122 2222 4175; x_wconf 91' lang='lat' dir='ltr'><strong>hanc</strong></span> <span class='ocrx_word' id='word_1_768' title='bbox 2245 4119 2575 4175; x_wconf 85' lang='lat' dir='ltr'><strong>sententiam</strong></span> <span class='ocrx_word' id='word_1_769' title='bbox 2603 4118 2947 4189; x_wconf 90' lang='lat' dir='ltr'><strong>temperavit,</strong></span> <span class='ocrx_word' id='word_1_770' title='bbox 2978 4125 3038 4173; x_wconf 92' lang='lat' dir='ltr'><strong>et</strong></span> <span class='ocrx_word' id='word_1_771' title='bbox 3071 4117 3369 4188; x_wconf 88' lang='lat' dir='ltr'><strong>specialem</strong></span> <span class='ocrx_word' id='word_1_772' title='bbox 3398 4117 3480 4175; x_wconf 90' lang='lat' dir='ltr'><strong>fe-</strong></span> 
     </span>
    </p>
   </div>
   <div class='ocr_carea' id='block_1_95' title="bbox 1890 4209 3503 4285">
    <p class='ocr_par' dir='ltr' id='par_1_95' title="bbox 1890 4209 3503 4285">
     <span class='ocr_line' id='line_1_95' title="bbox 1890 4209 3503 4285; baseline -0.002 -15"><span class='ocrx_word' id='word_1_773' title='bbox 1890 4216 2002 4271; x_wconf 88' lang='lat' dir='ltr'><strong>cit:</strong></span> <span class='ocrx_word' id='word_1_774' title='bbox 2052 4215 2182 4271; x_wconf 88' lang='lat' dir='ltr'><strong>dum</strong></span> <span class='ocrx_word' id='word_1_775' title='bbox 2217 4214 2435 4285; x_wconf 91' lang='lat' dir='ltr'><strong>proprie</strong></span> <span class='ocrx_word' id='word_1_776' title='bbox 2478 4210 2547 4268; x_wconf 92' lang='lat' dir='ltr'><strong>ad</strong></span> <span class='ocrx_word' id='word_1_777' title='bbox 2590 4225 2857 4282; x_wconf 89' lang='lat' dir='ltr'><strong>personas</strong></span> <span class='ocrx_word' id='word_1_778' title='bbox 2907 4209 3235 4281; x_wconf 77' lang='lat' dir='ltr'><strong>Galataeque</strong></span> <span class='ocrx_word' id='word_1_779' title='bbox 3272 4209 3503 4267; x_wconf 88' lang='lat' dir='ltr'><strong>direxit.</strong></span> 
     </span>
    </p>
   </div>
   <div class='ocr_carea' id='block_1_96' title="bbox 1892 4300 3498 4377">
    <p class='ocr_par' dir='ltr' id='par_1_96' title="bbox 1892 4300 3498 4377">
     <span class='ocr_line' id='line_1_96' title="bbox 1892 4300 3498 4377; baseline -0.001 -16"><span class='ocrx_word' id='word_1_780' title='bbox 1892 4307 1985 4362; x_wconf 86' lang='lat' dir='ltr'><strong>Ille</strong></span> <span class='ocrx_word' id='word_1_781' title='bbox 2011 4323 2140 4362; x_wconf 90' lang='lat' dir='ltr'><strong>vero</strong></span> <span class='ocrx_word' id='word_1_782' title='bbox 2164 4315 2218 4362; x_wconf 88' lang='lat' dir='ltr'><strong>et</strong></span> <span class='ocrx_word' id='word_1_783' title='bbox 2247 4303 2589 4377; x_wconf 89' lang='lat' dir='ltr'><strong>generalem,</strong></span> <span class='ocrx_word' id='word_1_784' title='bbox 2616 4312 2671 4358; x_wconf 92' lang='lat' dir='ltr'><strong>et</strong></span> <span class='ocrx_word' id='word_1_785' title='bbox 2702 4301 2773 4357; x_wconf 86' lang='lat' dir='ltr'><strong>ita</strong></span> <span class='ocrx_word' id='word_1_786' title='bbox 2805 4316 2865 4356; x_wconf 88' lang='lat' dir='ltr'><strong>se</strong></span> <span class='ocrx_word' id='word_1_787' title='bbox 2891 4300 3035 4372; x_wconf 87' lang='lat' dir='ltr'><strong>apud</strong></span> <span class='ocrx_word' id='word_1_788' title='bbox 3064 4316 3258 4358; x_wconf 87' lang='lat' dir='ltr'><strong>omnes</strong></span> <span class='ocrx_word' id='word_1_789' title='bbox 3289 4301 3498 4359; x_wconf 88' lang='lat' dir='ltr'><strong>habere</strong></span> 
     </span>
    </p>
   </div>
   <div class='ocr_carea' id='block_1_97' title="bbox 1887 4395 3493 4469">
    <p class='ocr_par' dir='ltr' id='par_1_97' title="bbox 1887 4395 3493 4469">
     <span class='ocr_line' id='line_1_97' title="bbox 1887 4395 3493 4469; baseline -0.004 -11"><span class='ocrx_word' id='word_1_790' title='bbox 1887 4403 2241 4469; x_wconf 88' lang='lat' dir='ltr'><strong>denuntians,</strong></span> <span class='ocrx_word' id='word_1_791' title='bbox 2271 4399 2632 4457; x_wconf 80' lang='lat' dir='ltr'><strong>vehementer</strong></span> <span class='ocrx_word' id='word_1_792' title='bbox 2669 4396 2893 4453; x_wconf 88' lang='lat' dir='ltr'><strong>erravit.</strong></span> <span class='ocrx_word' id='word_1_793' title='bbox 2939 4395 3277 4467; x_wconf 89' lang='lat' dir='ltr'><strong>Obsequium</strong></span> <span class='ocrx_word' id='word_1_794' title='bbox 3320 4396 3493 4464; x_wconf 86' lang='lat' dir='ltr'><strong>enim,</strong></span> 
     </span>
    </p>
   </div>
   <div class='ocr_carea' id='block_1_98' title="bbox 1890 4488 3493 4567">
    <p class='ocr_par' dir='ltr' id='par_1_98' title="bbox 1890 4488 3493 4567">
     <span class='ocr_line' id='line_1_98' title="bbox 1890 4488 3493 4567; baseline -0.004 -17"><span class='ocrx_word' id='word_1_795' title='bbox 1890 4510 1996 4567; x_wconf 89' lang='lat' dir='ltr'><strong>quo</strong></span> <span class='ocrx_word' id='word_1_796' title='bbox 2028 4493 2239 4562; x_wconf 90' lang='lat' dir='ltr'><strong>putavit</strong></span> <span class='ocrx_word' id='word_1_797' title='bbox 2277 4494 2488 4548; x_wconf 85' lang='lat' dir='ltr'><strong>amicos</strong></span> <span class='ocrx_word' id='word_1_798' title='bbox 2516 4490 2657 4558; x_wconf 88' lang='lat' dir='ltr'><strong>fieri,</strong></span> <span class='ocrx_word' id='word_1_799' title='bbox 2696 4490 2931 4544; x_wconf 89' lang='lat' dir='ltr'><strong>veritate</strong></span> <span class='ocrx_word' id='word_1_800' title='bbox 2960 4488 3208 4559; x_wconf 87' lang='lat' dir='ltr'><strong>dempta,</strong></span> <span class='ocrx_word' id='word_1_801' title='bbox 3243 4504 3352 4543; x_wconf 93' lang='lat' dir='ltr'><strong>non</strong></span> <span class='ocrx_word' id='word_1_802' title='bbox 3384 4496 3493 4544; x_wconf 89' lang='lat' dir='ltr'><strong>tam</strong></span> 
     </span>
    </p>
   </div>
   <div class='ocr_carea' id='block_1_99' title="bbox 1888 4580 3487 4656">
    <p class='ocr_par' dir='ltr' id='par_1_99' title="bbox 1888 4580 3487 4656">
     <span class='ocr_line' id='line_1_99' title="bbox 1888 4580 3487 4656; baseline -0.003 -13"><span class='ocrx_word' id='word_1_803' title='bbox 1888 4588 2210 4656; x_wconf 77' lang='lat' dir='ltr'><strong>obsequium</strong></span> <span class='ocrx_word' id='word_1_804' title='bbox 2238 4596 2343 4651; x_wconf 91' lang='lat' dir='ltr'><strong>est,</strong></span> <span class='ocrx_word' id='word_1_805' title='bbox 2373 4598 2537 4653; x_wconf 86' lang='lat' dir='ltr'><strong>quam</strong></span> <span class='ocrx_word' id='word_1_806' title='bbox 2567 4580 2830 4648; x_wconf 87' lang='lat' dir='ltr'><strong>adulatio,</strong></span> <span class='ocrx_word' id='word_1_807' title='bbox 2863 4589 2919 4638; x_wconf 88' lang='lat' dir='ltr'><strong>et</strong></span> <span class='ocrx_word' id='word_1_808' title='bbox 2958 4583 3262 4639; x_wconf 86' lang='lat' dir='ltr'><strong>assentatio</strong></span> <span class='ocrx_word' id='word_1_809' title='bbox 3288 4599 3301 4636; x_wconf 87' lang='lat'><strong>:</strong></span> <span class='ocrx_word' id='word_1_810' title='bbox 3348 4596 3487 4652; x_wconf 86' lang='lat' dir='ltr'><strong>quas</strong></span> 
     </span>
    </p>
   </div>
   <div class='ocr_carea' id='block_1_100' title="bbox 1889 4672 3492 4747">
    <p class='ocr_par' dir='ltr' id='par_1_100' title="bbox 1889 4672 3492 4747">
     <span class='ocr_line' id='line_1_100' title="bbox 1889 4672 3492 4747; baseline -0.004 -11"><span class='ocrx_word' id='word_1_811' title='bbox 1889 4676 2256 4736; x_wconf 82' lang='lat' dir='ltr'><strong>clandestinus</strong></span> <span class='ocrx_word' id='word_1_812' title='bbox 2288 4676 2459 4747; x_wconf 87' lang='lat' dir='ltr'><strong>magis</strong></span> <span class='ocrx_word' id='word_1_813' title='bbox 2489 4674 2828 4744; x_wconf 87' lang='lat' dir='ltr'><strong>inimicitias,</strong></span> <span class='ocrx_word' id='word_1_814' title='bbox 2874 4690 3036 4745; x_wconf 84' lang='lat' dir='ltr'><strong>quam</strong></span> <span class='ocrx_word' id='word_1_815' title='bbox 3089 4675 3357 4730; x_wconf 85' lang='lat' dir='ltr'><strong>amicitias</strong></span> <span class='ocrx_word' id='word_1_816' title='bbox 3386 4672 3492 4730; x_wconf 83' lang='lat' dir='ltr'><strong>dici</strong></span> 
     </span>
    </p>
   </div>
   <div class='ocr_carea' id='block_1_101' title="bbox 1889 4766 3493 4840">
    <p class='ocr_par' dir='ltr' id='par_1_101' title="bbox 1889 4766 3493 4840">
     <span class='ocr_line' id='line_1_101' title="bbox 1889 4766 3493 4840; baseline -0.004 -12"><span class='ocrx_word' id='word_1_817' title='bbox 1889 4772 2112 4838; x_wconf 88' lang='lat' dir='ltr'><strong>debere,</strong></span> <span class='ocrx_word' id='word_1_818' title='bbox 2142 4769 2485 4840; x_wconf 86' lang='lat' dir='ltr'><strong>perspicuum</strong></span> <span class='ocrx_word' id='word_1_819' title='bbox 2514 4775 2620 4823; x_wconf 87' lang='lat' dir='ltr'><strong>est.</strong></span> <span class='ocrx_word' id='word_1_820' title='bbox 2662 4766 2837 4823; x_wconf 89' lang='lat' dir='ltr'><strong>Simul</strong></span> <span class='ocrx_word' id='word_1_821' title='bbox 2867 4778 3047 4823; x_wconf 86' lang='lat' dir='ltr'><strong>autem</strong></span> <span class='ocrx_word' id='word_1_822' title='bbox 3078 4777 3135 4823; x_wconf 91' lang='lat' dir='ltr'><strong>et</strong></span> <span class='ocrx_word' id='word_1_823' title='bbox 3183 4766 3316 4822; x_wconf 88' lang='lat' dir='ltr'><strong>illud</strong></span> <span class='ocrx_word' id='word_1_824' title='bbox 3357 4780 3493 4823; x_wconf 91' lang='lat' dir='ltr'><strong>con-</strong></span> 
     </span>
    </p>
   </div>
   <div class='ocr_carea' id='block_1_102' title="bbox 1890 4857 3491 4931">
    <p class='ocr_par' dir='ltr' id='par_1_102' title="bbox 1890 4857 3491 4931">
     <span class='ocr_line' id='line_1_102' title="bbox 1890 4857 3491 4931; baseline -0.004 -10"><span class='ocrx_word' id='word_1_825' title='bbox 1890 4865 2263 4928; x_wconf 80' lang='lat' dir='ltr'><strong>siderandum,</strong></span> <span class='ocrx_word' id='word_1_826' title='bbox 2310 4860 2455 4931; x_wconf 83' lang='lat' dir='ltr'><strong>quod</strong></span> <span class='ocrx_word' id='word_1_827' title='bbox 2503 4858 2667 4915; x_wconf 91' lang='lat' dir='ltr'><strong>hodie</strong></span> <span class='ocrx_word' id='word_1_828' title='bbox 2697 4872 2915 4930; x_wconf 87' lang='lat' dir='ltr'><strong>quoque</strong></span> <span class='ocrx_word' id='word_1_829' title='bbox 2942 4857 3197 4930; x_wconf 89' lang='lat' dir='ltr'><strong>quamdiu</strong></span> <span class='ocrx_word' id='word_1_830' title='bbox 3251 4858 3491 4927; x_wconf 85' lang='lat' dir='ltr'><strong>parvulis</strong></span> 
     </span>
    </p>
   </div>
   <div class='ocr_carea' id='block_1_103' title="bbox 1890 4950 3489 5030">
    <p class='ocr_par' dir='ltr' id='par_1_103' title="bbox 1890 4950 3489 5030">
     <span class='ocr_line' id='line_1_103' title="bbox 1890 4950 3489 5030; baseline -0.005 -16"><span class='ocrx_word' id='word_1_831' title='bbox 1890 4969 2049 5030; x_wconf 83' lang='lat' dir='ltr'><strong>atque</strong></span> <span class='ocrx_word' id='word_1_832' title='bbox 2080 4957 2427 5016; x_wconf 73' lang='lat' dir='ltr'><strong>lactentibus.</strong></span> <span class='ocrx_word' id='word_1_833' title='bbox 2470 4963 2526 5010; x_wconf 91' lang='lat' dir='ltr'><strong>et</strong></span> <span class='ocrx_word' id='word_1_834' title='bbox 2574 4954 2659 5008; x_wconf 92' lang='lat' dir='ltr'><strong>his</strong></span> <span class='ocrx_word' id='word_1_835' title='bbox 2690 4953 2744 5007; x_wconf 92' lang='lat' dir='ltr'><strong>in</strong></span> <span class='ocrx_word' id='word_1_836' title='bbox 2771 4966 3009 5023; x_wconf 90' lang='lat' dir='ltr'><strong>quorum</strong></span> <span class='ocrx_word' id='word_1_837' title='bbox 3038 4950 3301 5007; x_wconf 83' lang='lat' dir='ltr'><strong>cordibus</strong></span> <span class='ocrx_word' id='word_1_838' title='bbox 3333 4966 3489 5007; x_wconf 83' lang='lat' dir='ltr'><strong>num-</strong></span> 
     </span>
    </p>
   </div>
   <div class='ocr_carea' id='block_1_104' title="bbox 1886 5041 3488 5123">
    <p class='ocr_par' dir='ltr' id='par_1_104' title="bbox 1886 5041 3488 5123">
     <span class='ocr_line' id='line_1_104' title="bbox 1886 5041 3488 5123; baseline -0.005 -18"><span class='ocrx_word' id='word_1_839' title='bbox 1886 5066 2046 5123; x_wconf 86' lang='lat' dir='ltr'><strong>quam</strong></span> <span class='ocrx_word' id='word_1_840' title='bbox 2075 5048 2328 5105; x_wconf 89' lang='lat' dir='ltr'><strong>Christus</strong></span> <span class='ocrx_word' id='word_1_841' title='bbox 2362 5058 2383 5086; x_wconf 80' lang='grc' dir='ltr'><strong><em>ο</em></strong></span> <span class='ocrx_word' id='word_1_842' title='bbox 2415 5045 2704 5109; x_wconf 87' lang='lat' dir='ltr'><strong>adolescit,</strong></span> <span class='ocrx_word' id='word_1_843' title='bbox 2736 5058 2837 5099; x_wconf 88' lang='lat' dir='ltr'><strong>nec</strong></span> <span class='ocrx_word' id='word_1_844' title='bbox 2871 5041 3085 5113; x_wconf 84' lang='lat' dir='ltr'><strong>prolicit</strong></span> <span class='ocrx_word' id='word_1_845' title='bbox 3121 5051 3283 5100; x_wconf 71' lang='lat' dir='ltr'><strong>aetate</strong></span> <span class='ocrx_word' id='word_1_846' title='bbox 3314 5050 3369 5098; x_wconf 89' lang='lat' dir='ltr'><strong>et</strong></span> <span class='ocrx_word' id='word_1_847' title='bbox 3398 5057 3488 5099; x_wconf 88' lang='lat' dir='ltr'><strong>sa-</strong></span> 
     </span>
    </p>
   </div>
   <div class='ocr_carea' id='block_1_105' title="bbox 1889 5134 3488 5217">
    <p class='ocr_par' dir='ltr' id='par_1_105' title="bbox 1889 5134 3488 5217">
     <span class='ocr_line' id='line_1_105' title="bbox 1889 5134 3488 5217; baseline -0.007 -15"><span class='ocrx_word' id='word_1_848' title='bbox 1889 5146 2110 5217; x_wconf 85' lang='lat' dir='ltr'><strong>pientia,</strong></span> <span class='ocrx_word' id='word_1_849' title='bbox 2136 5154 2190 5199; x_wconf 91' lang='lat' dir='ltr'><strong>et</strong></span> <span class='ocrx_word' id='word_1_850' title='bbox 2215 5142 2392 5215; x_wconf 89' lang='lat' dir='ltr'><strong>gratia</strong></span> <span class='ocrx_word' id='word_1_851' title='bbox 2414 5138 2557 5211; x_wconf 90' lang='lat' dir='ltr'><strong>apud</strong></span> <span class='ocrx_word' id='word_1_852' title='bbox 2582 5138 2745 5212; x_wconf 44' lang='lat'><strong>$63</strong></span> <span class='ocrx_word' id='word_1_853' title='bbox 2770 5138 2941 5193; x_wconf 88' lang='lat' dir='ltr'><strong>Deum</strong></span> <span class='ocrx_word' id='word_1_854' title='bbox 2962 5144 3018 5192; x_wconf 87' lang='lat' dir='ltr'><strong>et</strong></span> <span class='ocrx_word' id='word_1_855' title='bbox 3038 5135 3312 5200; x_wconf 84' lang='lat' dir='ltr'><strong>homines,</strong></span> <span class='ocrx_word' id='word_1_856' title='bbox 3332 5134 3488 5206; x_wconf 82' lang='lat' dir='ltr'><strong>juxta</strong></span> 
     </span>
    </p>
   </div>
   <div class='ocr_carea' id='block_1_106' title="bbox 1887 5230 3488 5306">
    <p class='ocr_par' dir='ltr' id='par_1_106' title="bbox 1887 5230 3488 5306">
     <span class='ocr_line' id='line_1_106' title="bbox 1887 5230 3488 5306; baseline -0.007 -8"><span class='ocrx_word' id='word_1_857' title='bbox 1887 5243 2125 5298; x_wconf 88' lang='lat' dir='ltr'><strong>litteram</strong></span> <span class='ocrx_word' id='word_1_858' title='bbox 2153 5238 2470 5306; x_wconf 89' lang='lat' dir='ltr'><strong>Scripturas</strong></span> <span class='ocrx_word' id='word_1_859' title='bbox 2499 5233 2881 5306; x_wconf 84' lang='lat' dir='ltr'><strong>explanamus,</strong></span> <span class='ocrx_word' id='word_1_860' title='bbox 2915 5231 3224 5299; x_wconf 71' lang='lat' dir='ltr'><strong>laudantur,</strong></span> <span class='ocrx_word' id='word_1_861' title='bbox 3255 5230 3488 5304; x_wconf 80' lang='lat' dir='ltr'><strong>suspici-</strong></span> 
     </span>
    </p>
   </div>
   <div class='ocr_carea' id='block_1_107' title="bbox 1949 5433 3410 5498">
    <p class='ocr_par' dir='ltr' id='par_1_107' title="bbox 1949 5433 3410 5498">
     <span class='ocr_line' id='line_1_107' title="bbox 1949 5433 3410 5498; baseline -0.005 -1"><span class='ocrx_word' id='word_1_862' title='bbox 1949 5452 1974 5480; x_wconf 71' lang='grc' dir='ltr'><strong><em>α</em></strong></span> <span class='ocrx_word' id='word_1_863' title='bbox 2017 5439 2127 5497; x_wconf 83' lang='lat' dir='ltr'><strong>Nec</strong></span> <span class='ocrx_word' id='word_1_864' title='bbox 2157 5436 2299 5494; x_wconf 82' lang='lat' dir='ltr'><strong>male</strong></span> <span class='ocrx_word' id='word_1_865' title='bbox 2324 5450 2467 5492; x_wconf 89' lang='lat' dir='ltr'><strong>unus</strong></span> <span class='ocrx_word' id='word_1_866' title='bbox 2496 5433 2796 5498; x_wconf 89' lang='lat' dir='ltr'><strong>Palatinus,</strong></span> <span class='ocrx_word' id='word_1_867' title='bbox 2833 5451 2937 5490; x_wconf 82' lang='lat' dir='ltr'><strong>non</strong></span> <span class='ocrx_word' id='word_1_868' title='bbox 2973 5443 3084 5489; x_wconf 85' lang='lat' dir='ltr'><strong>tam</strong></span> <span class='ocrx_word' id='word_1_869' title='bbox 3108 5435 3259 5490; x_wconf 85' lang='lat' dir='ltr'><strong>initia</strong></span> <span class='ocrx_word' id='word_1_870' title='bbox 3288 5443 3410 5490; x_wconf 77' lang='lat' dir='ltr'><strong>sunt</strong></span> 
     </span>
    </p>
   </div>
   <div class='ocr_carea' id='block_1_108' title="bbox 1880 5507 2878 5577">
    <p class='ocr_par' dir='ltr' id='par_1_108' title="bbox 1880 5507 2878 5577">
     <span class='ocr_line' id='line_1_108' title="bbox 1880 5507 2878 5577; baseline -0.008 -10"><span class='ocrx_word' id='word_1_871' title='bbox 1880 5514 2031 5571; x_wconf 77' lang='lat' dir='ltr'><strong>nobis</strong></span> <span class='ocrx_word' id='word_1_872' title='bbox 2054 5511 2213 5566; x_wconf 83' lang='lat' dir='ltr'><strong>studii</strong></span> <span class='ocrx_word' id='word_1_873' title='bbox 2238 5507 2529 5570; x_wconf 82' lang='lat' dir='ltr'><strong>laudanda,</strong></span> <span class='ocrx_word' id='word_1_874' title='bbox 2564 5523 2741 5577; x_wconf 84' lang='lat' dir='ltr'><strong>quam,</strong></span> <span class='ocrx_word' id='word_1_875' title='bbox 2772 5515 2878 5562; x_wconf 87' lang='lat' dir='ltr'><strong>etc.</strong></span> 
     </span>
    </p>
   </div>
   <div class='ocr_carea' id='block_1_109' title="bbox 1956 5576 3102 5650">
    <p class='ocr_par' dir='ltr' id='par_1_109' title="bbox 1956 5576 3102 5650">
     <span class='ocr_line' id='line_1_109' title="bbox 1956 5576 3102 5650; baseline -0.006 -10"><span class='ocrx_word' id='word_1_876' title='bbox 1956 5584 1984 5624; x_wconf 69' lang='grc' dir='ltr'><strong>ι’</strong></span> <span class='ocrx_word' id='word_1_877' title='bbox 2027 5584 2199 5639; x_wconf 86' lang='lat' dir='ltr'><strong>Penes</strong></span> <span class='ocrx_word' id='word_1_878' title='bbox 2226 5578 2547 5650; x_wconf 85' lang='lat' dir='ltr'><strong>Victorium,</strong></span> <span class='ocrx_word' id='word_1_879' title='bbox 2578 5576 2707 5648; x_wconf 77' lang='lat' dir='ltr'><strong>pene</strong></span> <span class='ocrx_word' id='word_1_880' title='bbox 2735 5576 3102 5650; x_wconf 82' lang='lat' dir='ltr'><strong>nequidquam.</strong></span> 
     </span>
    </p>
   </div>
   <div class='ocr_carea' id='block_1_110' title="bbox 1954 5648 3327 5720">
    <p class='ocr_par' dir='ltr' id='par_1_110' title="bbox 1954 5648 3327 5720">
     <span class='ocr_line' id='line_1_110' title="bbox 1954 5648 3327 5720; baseline -0.001 -11"><span class='ocrx_word' id='word_1_881' title='bbox 1954 5666 1976 5695; x_wconf 73' lang='grc' dir='ltr'><strong>ε</strong></span> <span class='ocrx_word' id='word_1_882' title='bbox 2019 5654 2152 5710; x_wconf 90' lang='lat' dir='ltr'><strong>Cum</strong></span> <span class='ocrx_word' id='word_1_883' title='bbox 2186 5652 2428 5706; x_wconf 78' lang='lat' dir='ltr'><strong>\‘ictnrto</strong></span> <span class='ocrx_word' id='word_1_884' title='bbox 2458 5649 2566 5704; x_wconf 87' lang='lat' dir='ltr'><strong>duo</strong></span> <span class='ocrx_word' id='word_1_885' title='bbox 2591 5664 2751 5716; x_wconf 73' lang='lat' dir='ltr'><strong>tnss.,</strong></span> <span class='ocrx_word' id='word_1_886' title='bbox 2782 5648 3061 5720; x_wconf 75' lang='lat' dir='ltr'><strong>numquam</strong></span> <span class='ocrx_word' id='word_1_887' title='bbox 3090 5648 3327 5707; x_wconf 77' lang='lat' dir='ltr'><strong>Christus</strong></span> 
     </span>
    </p>
   </div>
   <div class='ocr_carea' id='block_1_111' title="bbox 1878 5723 2407 5796">
    <p class='ocr_par' dir='ltr' id='par_1_111' title="bbox 1878 5723 2407 5796">
     <span class='ocr_line' id='line_1_111' title="bbox 1878 5723 2407 5796; baseline -0.019 -12"><span class='ocrx_word' id='word_1_888' title='bbox 1878 5728 2020 5795; x_wconf 75' lang='lat' dir='ltr'><strong>(evil,</strong></span> <span class='ocrx_word' id='word_1_889' title='bbox 2053 5742 2145 5782; x_wconf 80' lang='lat' dir='ltr'><strong>nec</strong></span> <span class='ocrx_word' id='word_1_890' title='bbox 2174 5723 2407 5796; x_wconf 74' lang='lat' dir='ltr'><strong>profecit.</strong></span> 
     </span>
    </p>
   </div>
  </div>
