4046 6338
581 328 693 400 383

1833 322 1895 386 S.
1935 316 2207 381 EUSEBH
2245 314 2635 377 HIERONYMI

3809 310 3917 377 384

582 473 729 526 mur,
769 450 1113 513 admirationi
1162 448 1448 507 habemur.
1504 445 1638 503 Cum
1668 452 1848 501 autem
1894 439 2168 513 paululum
2196 437 2249 499 Α
2273 436 2606 502 econtrario,
2633 434 2837 489 bonum
2858 429 3194 488 :emulamiui
3226 429 3281 488 in
3311 428 3496 489 bona:
3527 428 3733 503 magis
3762 447 3917 502 qua.

584 550 914 622 coeperimus
948 560 1044 601 eos
1075 558 1396 614 provocare,
1429 549 1485 594 ut
1510 545 1790 594 transeant
1833 537 1901 591 ad
1947 533 2172 603 majora,

587 640 657 695 de
701 637 1040 706 praeconibus
1070 634 1269 690 nostris
1310 633 1514 688 inimici
1547 630 1710 697 fiant;
1743 638 1798 686 et
1847 628 2039 682 malint
2078 627 2177 682 Ju-

587 730 733 785 dros
764 730 945 800 potitts
972 742 1134 800 quant
1157 725 1434 794 apostolus
1464 723 1642 795 sequi,
1674 731 1699 759 ιι
1730 721 1824 794 qui
1850 737 1878 773 a
1912 717 2180 776 Pharisae-

585 837 742 877 orutn
767 822 1012 876 doctrina
1046 830 1102 877 et
1132 818 1511 874 traditionibus
1543 815 1882 880 recedentes,
1913 813 1981 868 ad
2006 814 2179 883 ipsum

588 913 863 973 CbriStum
897 912 1336 984 propitiatur-ium
1378 921 1433 966 et
1478 908 1870 979 perfectionem
1909 906 2070 975 Legis
2101 906 2183 959 in-

586 1007 761 1078 gressi
796 1015 970 1063 sunt:
1018 1020 1119 1061 nec
1157 1004 1399 1059 divinum
1451 1014 1760 1057 sermonem
1810 998 2061 1067 accipere
2103 996 2185 1051 di-

588 1110 845 1174 gnentur,
885 1102 976 1173 qui
1031 1098 1292 1156 Ecclesia:
1336 1097 1625 1168 magistros
1670 1095 1824 1166 jubet
1868 1093 1935 1148 ad
1984 1093 2181 1149 altiora

590 1196 844 1268 dogmata
871 1192 1163 1257 scandere,
1183 1203 1238 1248 et
1267 1192 1396 1246 totis
1412 1190 1619 1245 vit-ibus
1647 1188 1941 1244 sublimare
1971 1200 2180 1254 vocem,

589 1304 693 1345 nec
732 1286 1263 1344 circumlatrantitun
1311 1287 1602 1354 strepitum
1644 1283 2029 1351 pertimescere
2060 1296 2187 1352 par-

594 1381 870 1445 vulorum,
901 1380 1174 1436 dicentem
1201 1378 1310 1452 [AL
1341 1377 1553 1451 dicens]
1579 1395 1593 1431 :
1628 1377 1805 1447 Super
1836 1385 2065 1430 montem
2097 1392 2186 1431 ea:-

590 1471 783 1527 celsunt
813 1471 1056 1538 ascende,
1084 1472 1175 1541 qui
1202 1468 1525 1541 euangelizas
1556 1468 1709 1526 Sion.
1744 1466 1938 1522 Exulto
1978 1467 2033 1521 in
2070 1467 2188 1520 vir-

592 1572 701 1618 tute
735 1578 910 1619 vocent
932 1572 1096 1633 tuam,
1126 1564 1215 1634 qui
1251 1562 1575 1636 euangelicos
1599 1559 1919 1616 Jerusalem.
1963 1558 2182 1626 Exulto,

595 1656 706 1711 noli
723 1656 902 1711 timere
931 1654 1087 1726 (Iani.
1113 1672 1201 1725 XL,
1229 1652 1309 1727 9).

665 1748 850 1815 (Vers.
884 1750 974 1819 ‘l'l,
1016 1750 1131 1820 18.)
1174 1748 1518 1805 /Entulantur
1562 1747 1592 1787 ι’
1638 1765 1724 1803 vos
1754 1764 1857 1803 non
1886 1748 2049 1802 bene:
2095 1746 2189 1802 sed

2282 536 2468 583 rentes
2496 526 2796 597 spiritualia
2825 540 2985 597 quam
3008 522 3284 591 carnalia;
3313 534 3369 579 ttt
3400 540 3509 582 non
3552 525 3645 580 illi
3681 538 3795 581 vos
3821 525 3916 580 Ju-

2284 618 2453 684 dicos,
2487 619 2582 673 sed
2627 634 2724 673 vos
2754 618 2878 673 illos
2927 615 3271 673 Christianos
3299 632 3421 673 esse
3448 617 3740 674 doceatis.
3799 617 3915 674 Hoc

2284 720 2462 766 autem
2487 711 2643 767 facite
2661 726 2899 781 semper,
2931 719 2989 765 ut
3016 712 3394 780 perseveranti
3414 712 3618 782 gradu,
3639 711 3719 765 ad
3745 712 3913 769 tinem

2287 803 2410 859 boni
2441 804 2624 875 operis
2650 803 2940 875 pervenire
2970 803 3210 873 possitis.
3258 802 3706 859 Emulabamitti
3742 804 3918 874 siqui-

2283 894 2405 951 dem
2435 896 2637 951 bonum
2664 896 2716 950 in
2744 896 2910 960 bono,
2942 895 3092 965 prius
3107 910 3229 950 cum
3256 895 3398 965 apud
3421 910 3516 952 vos
3540 909 3748 951 essem
3780 912 3795 950 :
3821 896 3913 967 qui

2287 998 2569 1058 postquam
2600 988 2811 1042 avobis
2862 988 3086 1053 recessi,
3139 988 3322 1042 omnia
3374 1003 3496 1058 quae
3545 987 3911 1045 tradiderant

2287 1078 2620 1149 perdidistis,
2661 1079 2730 1136 de
2760 1078 3002 1134 statione
3029 1087 3176 1134 certa
3204 1087 3261 1133 et
3304 1078 3412 1134 fido
3456 1087 3647 1149 portu,
3683 1096 3917 1137 rursum

2287 1168 2340 1224 in
2369 1170 2537 1224 altum
2576 1169 2726 1226 unda
2758 1170 3039 1226 relabente
3081 1170 3370 1226 subtracti.
3422 1170 3534 1227 Nec
3579 1171 3808 1226 mirum
3838 1173 3915 1239 si,

2286 1262 2577 1319 recedente
2615 1262 2897 1333 Apostolo,
2931 1277 3063 1319 vase
3097 1262 3402 1328 electionis,
3432 1261 3558 1318 etin’
3597 1279 3724 1336 quo
3758 1264 3920 1319 (ﬁbri-

2286 1360 2404 1409 stus
2433 1354 2694 1409 Dominus
2722 1354 3067 1425 loquebatur,
3095 1354 3307 1410 Galatae
3337 1364 3468 1410 sunt
3499 1357 3706 1411 mutati
3742 1373 3758 1409 :
3788 1372 3919 1413 cum

2287 1446 2450 1501 etiam
2476 1462 2619 1502 nunc
2648 1461 2941 1503 cernamus
2955 1456 3009 1502 et
3037 1448 3091 1501 in
3121 1446 3643 1517 Ecclesiisidipsum
3675 1447 3834 1504 ﬁeri.
3859 1448 3919 1504 Si

2289 1539 2504 1608 quando
2530 1540 2672 1596 enim
2701 1540 2893 1596 doctor
2922 1541 3046 1611 quis
3089 1540 3142 1594 in
3172 1538 3418 1596 Ecclesia
3448 1539 3763 1611 contigerit
3794 1554 3919 1595 ser-

2291 1647 2453 1688 mone
2480 1640 2703 1689 ornatus
2745 1640 2802 1689 et
2845 1632 2976 1702 vita,
3008 1633 3101 1703 qui
3147 1632 3432 1688 audientes
3458 1631 3617 1703 quasi
3668 1630 3919 1687 stimulis

2290 1725 2611 1794 quibusdam
2644 1726 2885 1783 concitet
2927 1724 2995 1780 ad
3043 1725 3306 1792 virtutes,
3357 1724 3609 1781 videmus
3686 1739 3916 1779 omnem

591 1840 862 1896 excludere
881 1815 968 1896 vos
1004 1815 1204 1903 volunt,
1235 1852 1292 1897 ut
1310 1843 1428 1898 illos
1473 1841 1809 1897 wmulemini.
1852 1839 2061 1894 Bonum
2091 1855 2189 1893 au-
2216 1815 2265 1876 Β
2293 1818 2508 1890 Ριθδθηι
2538 1820 2678 1874 Circa
2708 1818 3114 1890 elemosynas.
3138 1816 3371 1886 Ῑθὶιιηῖαν
3411 1815 3769 1881 “summm.
3800 1831 3922 1870 503'

597 1938 695 1985 tem
719 1932 1038 1987 temulamini
1061 1934 1115 1988 in
1155 1934 1287 1989 bono
1316 1950 1519 2007 semper
1546 1950 1565 1988 :
1612 1944 1660 1989 et
1690 1950 1795 1988 non
1820 1942 2024 1988 tantum
2075 1948 2193 1987 cum

594 2040 818 2097 presens
842 2041 959 2080 sum
980 2025 1127 2095 apud
1148 2042 1257 2081 vos.
1280 2025 1627 2082 Emulantur
1653 2026 1815 2092 bene,
1847 2026 1939 2096 qui
1970 2041 2093 2081 cum
2116 2026 2196 2080 vi-

597 2116 764 2173 deant
790 2118 843 2173 in
878 2118 1152 2189 aliquibus
1181 2134 1306 2175 esse
1334 2120 1560 2191 gratias,
1603 2119 1771 2187 dona,
1804 2119 2055 2184 virtutes,
2091 2115 2197 2184 ipsi

601 2211 741 2267 tales
770 2225 895 2269 csse
922 2212 1272 2268 desiderant:
1320 2222 1375 2267 et
1404 2212 1589 2277 fidem,
1621 2212 1787 2267 vitam
1828 2220 1993 2281 atque
2038 2209 2197 2265 indu-

599 2306 789 2359 striam
811 2318 1001 2359 eorum
1029 2318 1126 2373 per
1154 2318 1277 2372 qua:
1298 2303 1391 2357 illa
1424 2310 1763 2369 meruerunt,
1795 2302 2041 2355 nituntur
2070 2301 2196 2357 imi-

599 2395 723 2461 tari,
754 2405 812 2450 ut
842 2396 1051 2465 possint
1078 2411 1141 2449 ca
1167 2410 1382 2466 quoque
1413 2410 1534 2464 quze
1567 2394 1709 2449 bona
1740 2391 2090 2449 aemulatione
2113 2392 2198 2448 di-

603 2504 708 2559 gna
752 2498 900 2557 sunt,
949 2488 1232 2559 consequi.
1269 2488 1346 2543 De
1392 2488 1590 2557 quibus
1639 2497 1692 2543 et
1739 2488 2028 2560 Apostolus
2081 2487 2196 2542 ait:

606 2580 960 2637 xEmulamini
989 2580 1290 2652 spiritantia
1312 2597 1330 2635 :
1354 2582 1521 2655 magis
1560 2589 1730 2635 autem
1756 2589 1813 2636 ut
1858 2580 2196 2654 prophetetis.

604 2679 687 2733 Ac
715 2676 971 2745 deinceps
1006 2694 1020 2731 :
1049 2677 1141 2733 Sic
1172 2686 1220 2730 et
1255 2693 1367 2743 vos,
1414 2676 1658 2747 quoniam
1701 2676 2030 2731 wntulatores
2077 2676 2200 2730 estis

604 2771 981 2844 spiritualium,
1023 2771 1092 2825 ad
1142 2770 1543 2841 aediﬁcationem
1583 2770 1835 2826 Ecclesiw
1893 2771 2106 2841 quaerite
2146 2779 2200 2823 ut

604 2864 895 2920 abundetis.
948 2865 1016 2921 Et
1042 2866 1283 2921 iteruut:
1342 2863 1551 2937 Itaque,
1618 2864 1828 2934 fratres,
1878 2864 2203 2919 azmulamini

605 2956 934 3028 prophetare,
964 2965 1010 3011 et
1034 2957 1176 3028 loqui
1203 2957 1396 3027 linguis
1422 2956 1582 3012 nolite
1601 2956 1892 3029 prohibere.
1917 2955 2203 3011 IEutulau-

611 3059 698 3103 tor
730 3058 911 3105 autem
946 3065 1049 3103 non
1079 3050 1241 3114 bene,
1285 3050 1379 3119 qni
1410 3065 1514 3104 non
1548 3062 1656 3105 tam
1697 3051 1797 3121 ipsi
1827 3051 2057 3120 cupiunt
2082 3065 2205 3106 esse

610 3142 892 3209 meliores,
914 3155 972 3198 ut
1002 3143 1393 3199 imitentnreos
1410 3144 1498 3214 qui
1522 3144 1865 3200 temttlatione
1888 3143 2035 3215 digni
2055 3153 2199 3208 sunt,

2295 1910 2601 1980 ceptionem
2641 1925 2966 1981 pauperum,
3006 1908 3340 1979 sepulturas,
3381 1915 3438 1964 et
3470 1917 3681 1964 caetera
3710 1907 3918 1964 similia

2296 2004 2578 2070 festinare,
2603 2005 2834 2074 fervere,
2858 2003 3190 2059 discurrere.
3213 2000 3351 2058 Cum
3380 2012 3561 2058 autem
3591 2002 3700 2059 ille
3731 2016 3923 2058 reces-

2297 2097 2449 2164 serit,
2484 2096 2743 2168 paulatim
2771 2110 3172 2163 emarcescere,
3214 2103 3272 2150 et
3313 2094 3593 2151 subtracto
3623 2094 3793 2162 cibo,
3839 2103 3921 2148 te-

2301 2190 2479 2256 nnari,
2509 2189 2739 2259 pallere,
2770 2189 3148 2260 languescere,
3180 2195 3237 2244 et
3274 2187 3551 2243 interitum
3587 2187 3759 2259 sequi
3802 2201 3922 2242 om-

2300 2281 2447 2337 nium
2479 2296 2600 2353 qua:
2641 2282 2791 2353 prius
2820 2281 3097 2352 vigebant.
3139 2280 3509 2348 Quamobrem
3537 2282 3669 2352 quia
3719 2279 3924 2336 messis

2302 2373 2491 2436 multa,
2521 2372 2758 2442 operarii
2784 2381 2964 2429 autem
3001 2371 3157 2442 pauci
3180 2370 3408 2445 (Matth.
3437 2387 3513 2437 ιι,
3554 2372 3678 2443 37),
3719 2385 3921 2443 prece-

2302 2481 2423 2521 mur
2444 2464 2726 2520 Dominum
2752 2466 2970 2533 messis,
2994 2475 3053 2521 ut
3075 2465 3257 2521 mittat
3285 2465 3571 2536 operarios
3593 2465 3669 2521 ad
3701 2475 3927 2521 meten-

2302 2558 2452 2622 dum.
2480 2560 2572 2630 qui
2600 2559 2783 2629 spicas
2813 2559 3002 2630 populi
3034 2558 3356 2625 Christiani,
3386 2574 3511 2630 qua:
3537 2566 3692 2614 stant
3729 2559 3786 2613 in
3824 2557 3923 2612 Ec-

2302 2651 2492 2717 clesia,
2527 2649 2706 2705 futuro
2747 2652 2925 2707 tritico
2969 2661 3307 2723 pratparatat,
3342 2660 3574 2720 metant,
3618 2653 3919 2723 colligant,

2304 2754 2357 2799 et
2374 2743 2425 2798 in
2451 2746 2643 2799 horrea
2665 2751 3095 2813 comportantes,
3119 2759 3461 2815 nequaquam
3486 2744 3674 2814 perire
3703 2743 3921 2814 patian-

2306 2845 2411 2891 tur.
2440 2834 2602 2908 465
2637 2838 2747 2892 lloc
2775 2836 2844 2893 de
2874 2852 2940 2892 eo
2969 2835 3088 2891 zelo
3135 2844 3193 2891 et
3236 2836 3588 2891 :emulation‘e
3617 2851 3914 2906 perversa,

2305 2931 2375 2986 de
2403 2950 2507 3003 qua
2536 2943 2593 2988 et
2622 2932 2748 2987 alibi
2777 2932 2982 2988 dictum
3027 2940 3112 2988 est
3142 2945 3158 2986 :
3208 2928 3340 2985 Noli
3387 2929 3630 2986 wtnulari
3675 2932 3734 2985 in
3767 2930 3923 2985 mali.

2306 3033 2585 3104 guantibus
2614 3032 2735 3105 (Ps.
2779 3047 2973 3095 xxxvi,
3020 3029 3074 3102 1)
3107 3046 3121 3085 :
3167 3037 3223 3085 et
3270 3028 3358 3084 bic
3388 3045 3403 3083 :
3436 3027 3802 3084 /Emulantur
3839 3041 3922 3081 ros

2309 3140 2412 3178 non
2442 3123 2588 3179 bene.
2613 3124 2927 3180 Invenimus
2958 3134 3137 3177 autem
3170 3130 3228 3177 et
3252 3121 3416 3177 alium
3442 3121 3645 3189 zelum,
3682 3137 3802 3193 quo
3831 3135 3920 3176 ze-

608 3251 769 3308 qnam
801 3237 924 3292 illos
944 3236 1093 3304 ipsos
1117 3238 1308 3292 volunt
1336 3236 1516 3293 facere
1548 3237 1786 3307 pt-jores,
1816 3247 1871 3291 et
1901 3244 2201 3292 retrorsum

2311 3217 2404 3272 lati
2436 3228 2561 3273 sunt
2600 3217 2695 3273 lilii
2725 3217 2916 3284 Jacob,
2968 3213 3175 3285 Joseplt
3218 3214 3443 3270 fratrem
3472 3229 3630 3269 suum
3673 3216 3694 3285 (
3729 3212 3919 3271 Cenes.

612 3329 827 3385 trahere
862 3330 1212 3387 mntulatione
1259 3345 1536 3401 perversa.
1572 3329 1733 3385 Verbi
1778 3329 1955 3400 gratia
1995 3328 2201 3385 dictum

612 3421 722 3477 sit:
753 3418 1094 3477 Christianus
1123 3432 1207 3477 est
1234 3424 1537 3492 quispiam.
1568 3422 1700 3491 legit
1730 3421 1955 3493 Moysen
1986 3430 2042 3477 et
2083 3436 2210 3491 pro-

614 3514 834 3585 phetas;
865 3517 966 3571 scit
987 3514 1170 3571 omnia
1195 3514 1252 3567 in
1283 3514 1473 3569 umbra
1500 3522 1555 3567 et
1584 3512 1636 3567 iu
1666 3512 1900 3582 imagine
1934 3511 2009 3565 illi
2038 3526 2207 3581 popu-

612 3606 669 3661 lo
698 3608 1075 3676 praecessisse;
1130 3603 1331 3673 scripta
1377 3615 1558 3659 autem
1605 3619 1728 3659 esse
1755 3611 1980 3674 prouter
2021 3617 2121 3656 nos
2155 3603 2207 3656 in

614 3716 753 3770 quos
777 3700 911 3754 fines
939 3697 1262 3754 saeculorum
1293 3697 1677 3752 decurrerunt.
1710 3693 2204 3750 Circumcisionem

618 3808 725 3846 non
764 3802 872 3844 tam
903 3789 1176 3859 prmputii,
1209 3804 1370 3854 quant
1395 3789 1605 3843 aurium
1636 3798 1689 3841 et
1715 3785 1900 3842 cordis
1931 3784 2208 3857 intelligit.

618 3883 940 3939 llesurrexit
958 3897 1080 3938 cum
1106 3880 1328 3935 Citristo
1358 3896 1454 3937 :ea
1485 3879 1813 3951 qnmritqute
1833 3894 2049 3936 sursum
2062 3887 2208 3936 sunt.

619 3974 905 4030 Liberatus
934 3984 1017 4027 est
1038 3975 1107 4028 ab
1128 3988 1293 4029 onere
1314 3981 1367 4029 et
1391 3975 1656 4030 servitute
1684 3973 1865 4044 Legis.
1896 3988 1967 4029 ne
1998 3981 2210 4044 tangas,

622 4085 689 4125 ne
724 4078 928 4138 gnstes,
958 4084 1027 4123 ne
1048 4068 1411 4133 rootantines,
1447 4068 1766 4137 imperantis
1800 4084 1813 4120 :
1845 4065 1973 4123 huic
1998 4066 2043 4121 si
2090 4068 2212 4138 quis

615 4164 1023 4233 Scriptorarnm
1042 4161 1231 4217 verbis
1250 4160 1480 4215 voluerit
1509 4160 1870 4230 personuere,
1900 4169 1958 4212 ut
1984 4175 2092 4213 non
2116 4174 2214 4229 per

619 4255 1005 4325 tropologiam,
1059 4253 1153 4309 sed
1206 4253 1544 4308 occidentem
1587 4250 1754 4325 464
1806 4252 2041 4306 litteram
2093 4266 2213 4318 qum

618 4357 741 4402 sunt
772 4345 994 4416 scripta,
1023 4344 1321 4415 suscipiat:
1357 4353 1418 4400 nt
1448 4345 1499 4399 in
1529 4344 1820 4400 manifesto
1852 4342 2212 4410 liatJudtcus,

620 4441 807 4498 nonin
838 4440 1076 4504 occulto,
1106 4441 1390 4494 tumulatur
1429 4454 1554 4493 cum
1598 4453 1706 4492 non
1739 4438 1878 4493 bene
1912 4458 1927 4494 :
1960 4438 2054 4492 sed
2084 4452 2215 4492 con-

618 4532 729 4588 cito
754 4545 923 4588 cursu
952 4532 1018 4587 ad
1050 4532 1254 4603 majora
1280 4530 1613 4602 gradientem
1645 4530 1926 4586 retraltere
1951 4528 2170 4585 festinat
2195 4547 2208 4593 ;

618 4634 681 4683 ut
719 4641 781 4683 se
829 4625 1010 4697 potius
1062 4625 1346 4681 aemuletur
1394 4624 1483 4696 qui
1531 4633 1830 4679 retrorsum
1883 4624 2079 4679 vadit:
2121 4633 2216 4679 aut

617 4726 969 4779 certe‘°eum
1010 4720 1241 4776 multum
1268 4720 1412 4774 ultra
1440 4734 1545 4774 ttOn
1591 4725 1896 4788 promovet.
1947 4718 2214 4785 Loquitur

619 4816 803 4887 itaque
831 4815 1058 4880 Calatis,
1111 4813 1205 4884 qui
1249 4814 1317 4870 ab
1373 4814 1742 4869 assertoribus
1791 4812 1950 4883 Lrgis
2007 4811 2214 4867 inducti

619 4910 858 4977 fuerant,
887 4918 946 4965 ut
972 4924 1068 4966 eos
1090 4908 1456 4977 imitarentur,
1502 4922 1627 4963 cum
1658 4906 1732 4962 illi
1770 4905 1947 4974 potius
1997 4904 2218 4961 Galatas

621 5003 918 5062 debuerint
968 5001 1193 5060 imitari.
1223 5002 1363 5070 Quia
1396 5000 1644 5056 naturale
1687 5007 1794 5066 est,
1849 4997 2109 5067 majorem
2149 4997 2219 5051 de

619 5098 842 5164 minori,
885 5111 994 5152 non
1023 5095 1293 5152 minorem
1326 5094 1444 5150 fieri
1468 5094 1537 5149 de
1569 5092 1798 5162 maiore,
1822 5099 1878 5147 et
1902 5090 2034 5147 dicit
2064 5108 2079 5145 :
2112 5090 2219 5145 Bo-

620 5208 747 5247 num
791 5189 1118 5247 wmufamini
1148 5191 1202 5243 in
1233 5189 1389 5249 bona,
1441 5187 1494 5242 id
1536 5194 1640 5253 est,
1692 5184 1863 5241 nolite
1919 5191 2224 5239 assertores

615 5293 858 5351 Judaicae
909 5290 1313 5348 observationis
1361 5287 1600 5354 imitari,
1648 5286 1744 5341 sed
1796 5301 1860 5341 ea
1915 5299 2037 5358 quae
2081 5284 2220 5338 bona

600 5396 765 5450 sunt,
797 5385 1106 5443 imitamini.
1137 5382 1424 5452 Quomodo
1446 5382 1591 5437 enim
1624 5381 1717 5450 qui
1745 5380 1987 5445 divitias,
2032 5387 2224 5449 poten-

617 5480 776 5546 tiam,
822 5479 1149 5549 dignitatem
1197 5475 1431 5543 alicujus
1475 5474 1744 5537 imitatur,
1780 5488 1886 5526 non
1920 5481 2028 5526 tam
2062 5469 2224 5549 bona,

620 5586 781 5641 quant
815 5585 880 5627 ea
913 5566 1035 5641 quin
1074 5568 1326 5641 fugienda
1353 5575 1503 5636 sont,
1553 5566 1878 5622 :emulatur:
1927 5563 1997 5619 ita
2030 5570 2087 5617 et
2128 5575 2225 5615 vos

694 5763 718 5789 ³
767 5755 914 5819 Αριιά
951 5754 1264 5814 Victoriam.
1296 5764 1340 5809 et
1372 5770 1484 5805 cum
1517 5770 1545 5803 π
1582 5750 1986 5817 Pltnristrorum,
2021 5757 2125 5805 etc.

696 5822 722 5861 "
764 5823 818 5878 ltt
846 5825 1013 5882 Palat.
1047 5840 1129 5880 ms
1160 5868 1173 5893 ,
1206 5824 1520 5878 a'mnluntut'
1552 5823 1711 5876 vulﬂs.

2308 3328 2493 3368 xxxvu
2523 3310 2687 3384 seqq.)
2723 3329 2737 3367 :
2768 3322 2823 3368 et
2871 3309 3037 3366 Maria
3065 3319 3120 3366 et
3171 3312 3356 3365 Aaron
3402 3309 3637 3364 atnieum
3699 3302 3920 3363 Domini

2312 3405 2530 3475 Moysen
2562 3402 2753 3475 (Nunt.
2788 3403 2906 3473 stt).
2931 3401 3120 3473 Neque
3147 3402 3301 3457 enim
3350 3411 3446 3457 aut
3485 3400 3588 3466 illi,
3613 3410 3711 3455 aut
3742 3398 3825 3466 hi,
3869 3405 3921 3451 ttt

2313 3497 2565 3550 meliores
2594 3503 2778 3550 essent
2798 3494 3002 3562 Joseplt
3031 3506 3085 3548 et
3107 3493 3313 3564 Moyse,
3342 3492 3409 3547 ad
3439 3492 3614 3548 zelum
3635 3502 3771 3547 sunt
3793 3505 3920 3546 conc

2310 3585 2510 3641 citati:
2553 3586 2648 3642 sed
2696 3588 2823 3657 quia
2873 3585 3131 3640 dolebant
3160 3586 3284 3640 illos
3327 3599 3452 3640 esse
3483 3583 3772 3639 meliores.
3820 3581 3921 3637 l-'e

2312 3679 2461 3734 zelus
2490 3680 2697 3735 vicinus
2729 3679 2946 3736 invidiae
2977 3688 3084 3734 est.
3127 3678 3375 3749 Longum
3408 3688 3493 3734 est
3523 3678 3571 3733 si
3602 3678 3773 3733 velim
3807 3691 3921 3729 om-

2314 3769 2399 3823 nia
2429 3770 2531 3824 zeli
2563 3786 2779 3841 genera,
2807 3771 2934 3827 boni
2956 3784 3053 3825 seu
3084 3768 3210 3823 ntali
3254 3769 3324 3824 de
3346 3769 3766 3839 Scripturartttn
3800 3782 3922 3839 pro-

2313 3862 2456 3919 ferre
2475 3865 2751 3922 thesauro.
2780 3865 2986 3920 Bonum
3012 3864 3188 3919 zelum
3210 3861 3444 3932 legimus
3462 3860 3702 3916 Phinees
3726 3859 3916 3936 (Nunt.

2313 3958 2463 4029 xxv),
2498 3959 2630 4013 Elite
2663 3958 2755 4025 (Ill
2786 3959 2922 4029 Reg.
2957 3954 3099 4025 xu),
3142 3953 3420 4009 blatltatiae
3452 3952 3496 4023 (l
3531 3951 3712 4005 Maeli.
3753 3953 3843 4023 η),
3871 3956 3922 4004 et

2313 4052 2543 4123 apostoli
2566 4051 2720 4107 .Iuda'.
2760 4050 2881 4122 (sed
2914 4066 3021 4105 non
3063 4046 3387 4117 proditoris)
3418 4044 3512 4116 qui
3539 4044 3611 4100 ob
3641 4046 3917 4116 insignem

2315 4148 2416 4202 zeli
2476 4149 2529 4202 in
2577 4161 2637 4203 se
2682 4149 2962 4206 virtutem,
3011 4142 3174 4198 etiam
3214 4139 3410 4194 Zelotis
3448 4153 3651 4195 nomen
3708 4135 3922 4207 accepit

2316 4238 2512 4313 (Actor.
2540 4237 2601 4310 t).
2628 4237 2821 4292 Malum
2852 4246 3058 4302 autem,
3085 4245 3141 4287 ttt
3168 4231 3301 4288 Cain
3328 4231 3546 4287 in’Abel
3579 4229 3799 4303 (Cenes.
3824 4227 3915 4297 ll).

2314 4344 2370 4389 et
2401 4342 2722 4388 cmterorum
2770 4332 2825 4385 in
2866 4329 3025 4385 alios.
3067 4327 3136 4383 Et
3163 4326 3353 4381 Zelntn
3399 4326 3525 4391 viri,
3553 4324 3623 4380 de
3652 4342 3764 4396 quo
3788 4322 3921 4378 scri-

2315 4442 2466 4498 ptum
2507 4436 2628 4482 est:
2661 4425 2728 4479 Et
2760 4424 2952 4478 venerit
2993 4422 3040 4475 ei
3070 4420 3287 4489 spiritus
3314 4418 3415 4472 zeli
3454 4416 3647 4484 (Num.
3690 4416 3772 4488 ν).
3806 4410 3914 4470 Nisi

2319 4520 2454 4574 forte
2489 4519 2705 4574 medius
2739 4516 2829 4572 ltic
2868 4516 3019 4571 zt-lus
3048 4522 3152 4580 est,
3184 4521 3240 4568 et
3268 4528 3368 4566 nec
3397 4512 3451 4565 in
3484 4511 3705 4575 bonam,
3734 4523 3837 4565 nec
3864 4505 3916 4559 in

2320 4614 2516 4669 malam
2546 4624 2756 4682 partem
2777 4609 2950 4677 accipi
2984 4615 3197 4678 potest;
3232 4605 3327 4659 sed
3361 4607 3502 4659 inter
3528 4612 3818 4673 utrumque
3834 4613 3919 4654 ze-

2321 4706 2521 4779 lotypia
2548 4706 2726 4775 ponus
2752 4701 3080 4772 appellatur.
3115 4698 3325 4753 Aliter:
3356 4695 3621 4751 Videutes
3649 4693 3704 4749 bi
3736 4691 3828 4765 qui
3852 4702 3915 4744 ex

2323 4796 2743 4855 circumcisione
2779 4804 2936 4849 erant
2979 4791 3202 4847 Galatas
3251 4805 3319 4845 ex
3363 4787 3643 4860 gentibus,
3688 4783 3916 4857 Spiritus

2324 4892 2495 4950 sancti
2523 4890 2800 4947 abundare
2830 4886 3143 4946 virtutibus,
3168 4898 3230 4940 se
3243 4898 3374 4938 vero
3400 4899 3510 4938 non
3538 4881 3736 4953 linguis
3752 4873 3912 4947 loqui,

2326 5000 2434 5042 non
2464 4983 2606 5039 dona
2638 4981 2843 5035 habere
2869 4977 3249 5041 curationum;
3280 4990 3390 5031 non
3424 4976 3654 5048 gratiam
3688 4970 3915 5044 prophe-

2327 5082 2439 5150 tiae,
2470 5078 2761 5149 cupiebant
2806 5090 2900 5131 eos
2948 5072 3052 5128 zeli
3100 5071 3337 5127 stimulis
3383 5070 3615 5134 incitati,
3665 5067 3731 5122 ad
3765 5063 3912 5131 Lrgis

2324 5190 2493 5232 onera
2526 5168 2900 5234 transducere,
2943 5174 3004 5222 ut
3036 5164 3344 5236 inciperent
3388 5172 3444 5218 et
3480 5162 3556 5217 illi
3587 5161 3672 5216 sui
3717 5154 3913 5216 similes

2328 5268 2473 5326 fieri.

2400 5362 2583 5437 (Vers.
2611 5358 2729 5427 l9.)
2756 5354 2941 5412 Filiali
2963 5355 3081 5416 mei.
3106 5370 3235 5426 quos
3257 5352 3445 5407 iterum
3473 5346 3728 5419 parturio,
3754 5345 3905 5437 donec

2327 5463 2578 5532 formetur
2598 5452 2834 5510 Christus
2875 5453 2932 5505 in
2962 5449 3123 5505 vobis.
3153 5445 3386 5515 Quantis
3423 5439 3834 5532 difficultatibus
3859 5436 3909 5486 et

2329 5527 2524 5609 dolore
2553 5549 2694 5605 fetus
2743 5553 3062 5618 promantur
3091 5556 3158 5597 ex
3189 5548 3369 5604 utero,
3406 5532 3717 5592 maledictio
3748 5527 3908 5602 prima

2385 5753 2407 5781 ο
2451 5742 2594 5796 idem
2628 5739 2851 5802 Victum,
2907 5739 3040 5787 certe
3068 5740 3124 5784 ut
3167 5725 3383 5782 multum
3418 5724 3553 5780 ultra
3583 5737 3685 5776 non
3712 5725 3906 5799 promo-

2331 5826 2439 5872 t'eat
2448 5854 2460 5867 .
