  <div class='ocr_page' id='page_1' title='image "/cluster/home/n/w/nwhite01/storage/ocr_20150623/26/uva.x000826568/201.png"; bbox 0 0 4056 6338; ppageno 0'>
   <div class='ocr_carea' id='block_1_1' title="bbox 633 280 744 342">
    <p class='ocr_par' dir='ltr' id='par_1_1' title="bbox 633 280 744 342">
     <span class='ocr_line' id='line_1_1' title="bbox 633 280 744 342; baseline -0.009 0"><span class='ocrx_word' id='word_1_1' title='bbox 633 280 744 342; x_wconf 72' lang='lat'><strong>387</strong></span> 
     </span>
    </p>
   </div>
   <div class='ocr_carea' id='block_1_2' title="bbox 635 489 2233 568">
    <p class='ocr_par' dir='ltr' id='par_1_2' title="bbox 635 489 2233 568">
     <span class='ocr_line' id='line_1_2' title="bbox 635 489 2233 568; baseline -0.001 -23"><span class='ocrx_word' id='word_1_2' title='bbox 635 497 841 568; x_wconf 81' lang='lat' dir='ltr'><strong>possint</strong></span> <span class='ocrx_word' id='word_1_3' title='bbox 875 511 1059 550; x_wconf 78' lang='lat' dir='ltr'><strong>vocem</strong></span> <span class='ocrx_word' id='word_1_4' title='bbox 1104 507 1493 562; x_wconf 76' lang='lat' dir='ltr'><strong>prorumpere:</strong></span> <span class='ocrx_word' id='word_1_5' title='bbox 1533 489 1651 545; x_wconf 80' lang='lat' dir='ltr'><strong>Non</strong></span> <span class='ocrx_word' id='word_1_6' title='bbox 1682 492 1876 562; x_wconf 75' lang='lat' dir='ltr'><strong>profui,</strong></span> <span class='ocrx_word' id='word_1_7' title='bbox 1912 508 2071 560; x_wconf 76' lang='lat' dir='ltr'><strong>mque</strong></span> <span class='ocrx_word' id='word_1_8' title='bbox 2109 507 2233 563; x_wconf 70' lang='lat' dir='ltr'><strong>pro-</strong></span> 
     </span>
    </p>
   </div>
   <div class='ocr_carea' id='block_1_3' title="bbox 627 581 2234 659">
    <p class='ocr_par' dir='ltr' id='par_1_3' title="bbox 627 581 2234 659">
     <span class='ocr_line' id='line_1_3' title="bbox 627 581 2234 659; baseline -0.003 -17"><span class='ocrx_word' id='word_1_9' title='bbox 627 588 734 659; x_wconf 75' lang='lat' dir='ltr'><strong>fuit</strong></span> <span class='ocrx_word' id='word_1_10' title='bbox 747 590 874 641; x_wconf 83' lang='lat' dir='ltr'><strong>mihi</strong></span> <span class='ocrx_word' id='word_1_11' title='bbox 885 586 1155 657; x_wconf 79' lang='lat' dir='ltr'><strong>quisquam</strong></span> <span class='ocrx_word' id='word_1_12' title='bbox 1169 581 1387 655; x_wconf 82' lang='lat' dir='ltr'><strong>(Jerem.</strong></span> <span class='ocrx_word' id='word_1_13' title='bbox 1404 599 1562 653; x_wconf 76' lang='lat' dir='ltr'><strong>unt,</strong></span> <span class='ocrx_word' id='word_1_14' title='bbox 1577 582 1892 653; x_wconf 77' lang='lat' dir='ltr'><strong>‘25).Potest</strong></span> <span class='ocrx_word' id='word_1_15' title='bbox 1907 592 1964 637; x_wconf 90' lang='lat' dir='ltr'><strong>et</strong></span> <span class='ocrx_word' id='word_1_16' title='bbox 1977 583 2136 637; x_wconf 87' lang='lat' dir='ltr'><strong>aliter</strong></span> <span class='ocrx_word' id='word_1_17' title='bbox 2149 583 2234 638; x_wconf 88' lang='lat' dir='ltr'><strong>lo-</strong></span> 
     </span>
    </p>
   </div>
   <div class='ocr_carea' id='block_1_4' title="bbox 628 674 2234 751">
    <p class='ocr_par' dir='ltr' id='par_1_4' title="bbox 628 674 2234 751">
     <span class='ocr_line' id='line_1_4' title="bbox 628 674 2234 751; baseline -0.004 -14"><span class='ocrx_word' id='word_1_18' title='bbox 628 694 729 737; x_wconf 92' lang='lat' dir='ltr'><strong>cus</strong></span> <span class='ocrx_word' id='word_1_19' title='bbox 745 681 851 737; x_wconf 89' lang='lat' dir='ltr'><strong>iste</strong></span> <span class='ocrx_word' id='word_1_20' title='bbox 863 676 1244 749; x_wconf 88' lang='lat' dir='ltr'><strong>interpretari:</strong></span> <span class='ocrx_word' id='word_1_21' title='bbox 1268 674 1645 751; x_wconf 65' lang='lat' dir='ltr'><strong>mPaulus</strong></span> <span class='ocrx_word' id='word_1_22' title='bbox 1657 675 1935 749; x_wconf 74' lang='lat' dir='ltr'><strong>apostolus</strong></span> <span class='ocrx_word' id='word_1_23' title='bbox 1947 675 2038 747; x_wconf 97' lang='lat' dir='ltr'><strong>qui</strong></span> <span class='ocrx_word' id='word_1_24' title='bbox 2054 674 2234 731; x_wconf 80' lang='lat' dir='ltr'><strong>factus</strong></span> 
     </span>
    </p>
   </div>
   <div class='ocr_carea' id='block_1_5' title="bbox 628 766 2229 838">
    <p class='ocr_par' dir='ltr' id='par_1_5' title="bbox 628 766 2229 838">
     <span class='ocr_line' id='line_1_5' title="bbox 628 766 2229 838; baseline -0.002 -12"><span class='ocrx_word' id='word_1_25' title='bbox 628 769 810 827; x_wconf 80' lang='lat' dir='ltr'><strong>fuerat</strong></span> <span class='ocrx_word' id='word_1_26' title='bbox 835 769 1040 826; x_wconf 67' lang='lat' dir='ltr'><strong>Jndmis</strong></span> <span class='ocrx_word' id='word_1_27' title='bbox 1063 767 1308 835; x_wconf 66' lang='lat' dir='ltr'><strong>Judarus,</strong></span> <span class='ocrx_word' id='word_1_28' title='bbox 1338 780 1399 825; x_wconf 91' lang='lat' dir='ltr'><strong>ut</strong></span> <span class='ocrx_word' id='word_1_29' title='bbox 1422 769 1644 825; x_wconf 69' lang='lat' dir='ltr'><strong>Judzcos</strong></span> <span class='ocrx_word' id='word_1_30' title='bbox 1669 767 2024 825; x_wconf 81' lang='lat' dir='ltr'><strong>lucrifaceret</strong></span> <span class='ocrx_word' id='word_1_31' title='bbox 2043 766 2088 838; x_wconf 90' lang='grc' dir='ltr'><strong>(ι</strong></span> <span class='ocrx_word' id='word_1_32' title='bbox 2108 766 2229 824; x_wconf 87' lang='lat' dir='ltr'><strong>Cor.</strong></span> 
     </span>
    </p>
   </div>
   <div class='ocr_carea' id='block_1_6' title="bbox 622 859 2231 933">
    <p class='ocr_par' dir='ltr' id='par_1_6' title="bbox 622 859 2231 933">
     <span class='ocr_line' id='line_1_6' title="bbox 622 859 2231 933; baseline -0.001 -17"><span class='ocrx_word' id='word_1_33' title='bbox 622 859 726 933; x_wconf 69' lang='grc' dir='ltr'><strong>ιχ),</strong></span> <span class='ocrx_word' id='word_1_34' title='bbox 758 871 813 918; x_wconf 90' lang='lat' dir='ltr'><strong>et</strong></span> <span class='ocrx_word' id='word_1_35' title='bbox 846 860 930 916; x_wconf 91' lang='lat' dir='ltr'><strong>his</strong></span> <span class='ocrx_word' id='word_1_36' title='bbox 960 860 1054 932; x_wconf 87' lang='lat' dir='ltr'><strong>qui</strong></span> <span class='ocrx_word' id='word_1_37' title='bbox 1090 870 1252 916; x_wconf 89' lang='lat' dir='ltr'><strong>erant</strong></span> <span class='ocrx_word' id='word_1_38' title='bbox 1285 861 1386 915; x_wconf 86' lang='lat' dir='ltr'><strong>sub</strong></span> <span class='ocrx_word' id='word_1_39' title='bbox 1403 859 1567 933; x_wconf 88' lang='lat' dir='ltr'><strong>Lege,</strong></span> <span class='ocrx_word' id='word_1_40' title='bbox 1608 861 1762 932; x_wconf 88' lang='lat' dir='ltr'><strong>quasi</strong></span> <span class='ocrx_word' id='word_1_41' title='bbox 1796 860 1917 931; x_wconf 89' lang='lat' dir='ltr'><strong>ipse</strong></span> <span class='ocrx_word' id='word_1_42' title='bbox 1947 870 2096 917; x_wconf 88' lang='lat' dir='ltr'><strong>esset</strong></span> <span class='ocrx_word' id='word_1_43' title='bbox 2126 860 2231 915; x_wconf 87' lang='lat' dir='ltr'><strong>sub</strong></span> 
     </span>
    </p>
   </div>
   <div class='ocr_carea' id='block_1_7' title="bbox 622 949 2226 1024">
    <p class='ocr_par' dir='ltr' id='par_1_7' title="bbox 622 949 2226 1024">
     <span class='ocr_line' id='line_1_7' title="bbox 622 949 2226 1024; baseline -0.001 -16"><span class='ocrx_word' id='word_1_44' title='bbox 622 952 787 1024; x_wconf 89' lang='lat' dir='ltr'><strong>Lege,</strong></span> <span class='ocrx_word' id='word_1_45' title='bbox 820 960 876 1009; x_wconf 89' lang='lat' dir='ltr'><strong>et</strong></span> <span class='ocrx_word' id='word_1_46' title='bbox 905 951 1135 1008; x_wconf 88' lang='lat' dir='ltr'><strong>inlirmis</strong></span> <span class='ocrx_word' id='word_1_47' title='bbox 1176 952 1450 1014; x_wconf 78' lang='lat' dir='ltr'><strong>infirmus.</strong></span> <span class='ocrx_word' id='word_1_48' title='bbox 1485 962 1546 1007; x_wconf 92' lang='lat' dir='ltr'><strong>ut</strong></span> <span class='ocrx_word' id='word_1_49' title='bbox 1578 951 1825 1008; x_wconf 77' lang='lat' dir='ltr'><strong>inﬁrmos</strong></span> <span class='ocrx_word' id='word_1_50' title='bbox 1846 949 2226 1007; x_wconf 74' lang='lat' dir='ltr'><strong>lucrifaceret:</strong></span> 
     </span>
    </p>
   </div>
   <div class='ocr_carea' id='block_1_8' title="bbox 620 1045 2229 1118">
    <p class='ocr_par' dir='ltr' id='par_1_8' title="bbox 620 1045 2229 1118">
     <span class='ocr_line' id='line_1_8' title="bbox 620 1045 2229 1118; baseline -0.002 -17"><span class='ocrx_word' id='word_1_51' title='bbox 620 1060 720 1118; x_wconf 89' lang='lat' dir='ltr'><strong>pro</strong></span> <span class='ocrx_word' id='word_1_52' title='bbox 745 1047 1011 1117; x_wconf 91' lang='lat' dir='ltr'><strong>qualitate</strong></span> <span class='ocrx_word' id='word_1_53' title='bbox 1040 1060 1232 1101; x_wconf 91' lang='lat' dir='ltr'><strong>eorum</strong></span> <span class='ocrx_word' id='word_1_54' title='bbox 1260 1061 1398 1117; x_wconf 90' lang='lat' dir='ltr'><strong>quos</strong></span> <span class='ocrx_word' id='word_1_55' title='bbox 1429 1048 1646 1102; x_wconf 81' lang='lat' dir='ltr'><strong>salvare</strong></span> <span class='ocrx_word' id='word_1_56' title='bbox 1671 1045 1965 1116; x_wconf 89' lang='lat' dir='ltr'><strong>cupiebat,</strong></span> <span class='ocrx_word' id='word_1_57' title='bbox 1988 1045 2229 1100; x_wconf 85' lang='lat' dir='ltr'><strong>mutabat</strong></span> 
     </span>
    </p>
   </div>
   <div class='ocr_carea' id='block_1_9' title="bbox 618 1134 2229 1211">
    <p class='ocr_par' dir='ltr' id='par_1_9' title="bbox 618 1134 2229 1211">
     <span class='ocr_line' id='line_1_9' title="bbox 618 1134 2229 1211; baseline -0.001 -17"><span class='ocrx_word' id='word_1_58' title='bbox 618 1154 809 1195; x_wconf 91' lang='lat' dir='ltr'><strong>vocem</strong></span> <span class='ocrx_word' id='word_1_59' title='bbox 838 1153 1014 1205; x_wconf 90' lang='lat' dir='ltr'><strong>suam,</strong></span> <span class='ocrx_word' id='word_1_60' title='bbox 1037 1146 1097 1193; x_wconf 92' lang='lat' dir='ltr'><strong>et</strong></span> <span class='ocrx_word' id='word_1_61' title='bbox 1127 1138 1183 1193; x_wconf 90' lang='lat' dir='ltr'><strong>iu</strong></span> <span class='ocrx_word' id='word_1_62' title='bbox 1214 1139 1544 1193; x_wconf 84' lang='lat' dir='ltr'><strong>histrionum</strong></span> <span class='ocrx_word' id='word_1_63' title='bbox 1575 1136 1993 1193; x_wconf 85' lang='lat' dir='ltr'><strong>similitudinem</strong></span> <span class='ocrx_word' id='word_1_64' title='bbox 2031 1134 2229 1211; x_wconf 82' lang='lat' dir='ltr'><strong>(lactus</strong></span> 
     </span>
    </p>
   </div>
   <div class='ocr_carea' id='block_1_10' title="bbox 559 1220 2228 1303">
    <p class='ocr_par' dir='ltr' id='par_1_10' title="bbox 559 1220 2228 1303">
     <span class='ocr_line' id='line_1_10' title="bbox 559 1220 2228 1303; baseline -0.001 -17"><span class='ocrx_word' id='word_1_65' title='bbox 559 1274 568 1280; x_wconf 89' lang='lat'><strong>.</strong></span> <span class='ocrx_word' id='word_1_66' title='bbox 616 1230 889 1303; x_wconf 78' lang='lat' dir='ltr'><strong>siquidem</strong></span> <span class='ocrx_word' id='word_1_67' title='bbox 928 1238 1014 1287; x_wconf 90' lang='lat' dir='ltr'><strong>est</strong></span> <span class='ocrx_word' id='word_1_68' title='bbox 1054 1229 1329 1286; x_wconf 86' lang='lat' dir='ltr'><strong>theatrum</strong></span> <span class='ocrx_word' id='word_1_69' title='bbox 1367 1220 1592 1299; x_wconf 81' lang='lat' dir='ltr'><strong>mundo,</strong></span> <span class='ocrx_word' id='word_1_70' title='bbox 1626 1240 1681 1286; x_wconf 90' lang='lat' dir='ltr'><strong>et</strong></span> <span class='ocrx_word' id='word_1_71' title='bbox 1706 1230 1940 1302; x_wconf 88' lang='lat' dir='ltr'><strong>angelis,</strong></span> <span class='ocrx_word' id='word_1_72' title='bbox 1968 1239 2027 1286; x_wconf 81' lang='lat' dir='ltr'><strong>et</strong></span> <span class='ocrx_word' id='word_1_73' title='bbox 2054 1228 2228 1284; x_wconf 82' lang='lat' dir='ltr'><strong>homi-</strong></span> 
     </span>
    </p>
   </div>
   <div class='ocr_carea' id='block_1_11' title="bbox 621 1320 2227 1398">
    <p class='ocr_par' dir='ltr' id='par_1_11' title="bbox 621 1320 2227 1398">
     <span class='ocr_line' id='line_1_11' title="bbox 621 1320 2227 1398; baseline -0.001 -18"><span class='ocrx_word' id='word_1_74' title='bbox 621 1323 783 1380; x_wconf 85' lang='lat' dir='ltr'><strong>nibus</strong></span> <span class='ocrx_word' id='word_1_75' title='bbox 806 1322 853 1398; x_wconf 84' lang='grc' dir='ltr'><strong>[ι</strong></span> <span class='ocrx_word' id='word_1_76' title='bbox 875 1320 999 1385; x_wconf 85' lang='lat' dir='ltr'><strong>Cor.</strong></span> <span class='ocrx_word' id='word_1_77' title='bbox 1027 1323 1106 1394; x_wconf 81' lang='lat' dir='ltr'><strong>tvl</strong></span> <span class='ocrx_word' id='word_1_78' title='bbox 1155 1325 1401 1380; x_wconf 91' lang='lat' dir='ltr'><strong>habitum</strong></span> <span class='ocrx_word' id='word_1_79' title='bbox 1447 1325 1500 1379; x_wconf 88' lang='lat' dir='ltr'><strong>in</strong></span> <span class='ocrx_word' id='word_1_80' title='bbox 1541 1325 1792 1381; x_wconf 89' lang='lat' dir='ltr'><strong>diversas</strong></span> <span class='ocrx_word' id='word_1_81' title='bbox 1826 1324 2026 1395; x_wconf 74' lang='lat' dir='ltr'><strong>figuras</strong></span> <span class='ocrx_word' id='word_1_82' title='bbox 2049 1332 2227 1378; x_wconf 83' lang='lat' dir='ltr'><strong>verte-</strong></span> 
     </span>
    </p>
   </div>
   <div class='ocr_carea' id='block_1_12' title="bbox 619 1414 2229 1489">
    <p class='ocr_par' dir='ltr' id='par_1_12' title="bbox 619 1414 2229 1489">
     <span class='ocr_line' id='line_1_12' title="bbox 619 1414 2229 1489; baseline -0.002 -19"><span class='ocrx_word' id='word_1_83' title='bbox 619 1415 712 1473; x_wconf 89' lang='lat' dir='ltr'><strong>bat</strong></span> <span class='ocrx_word' id='word_1_84' title='bbox 730 1424 788 1475; x_wconf 88' lang='lat' dir='ltr'><strong>et</strong></span> <span class='ocrx_word' id='word_1_85' title='bbox 807 1431 999 1472; x_wconf 89' lang='lat' dir='ltr'><strong>voces.</strong></span> <span class='ocrx_word' id='word_1_86' title='bbox 1024 1415 1143 1473; x_wconf 83' lang='lat' dir='ltr'><strong>Non</strong></span> <span class='ocrx_word' id='word_1_87' title='bbox 1170 1416 1315 1487; x_wconf 92' lang='lat' dir='ltr'><strong>quod</strong></span> <span class='ocrx_word' id='word_1_88' title='bbox 1335 1416 1389 1472; x_wconf 87' lang='lat' dir='ltr'><strong>id</strong></span> <span class='ocrx_word' id='word_1_89' title='bbox 1409 1427 1577 1483; x_wconf 87' lang='lat' dir='ltr'><strong>esset,</strong></span> <span class='ocrx_word' id='word_1_90' title='bbox 1602 1415 1745 1489; x_wconf 92' lang='lat' dir='ltr'><strong>quod</strong></span> <span class='ocrx_word' id='word_1_91' title='bbox 1774 1432 1834 1472; x_wconf 91' lang='lat' dir='ltr'><strong>se</strong></span> <span class='ocrx_word' id='word_1_92' title='bbox 1855 1430 1978 1471; x_wconf 81' lang='lat' dir='ltr'><strong>esse</strong></span> <span class='ocrx_word' id='word_1_93' title='bbox 2003 1414 2229 1469; x_wconf 84' lang='lat' dir='ltr'><strong>simula-</strong></span> 
     </span>
    </p>
   </div>
   <div class='ocr_carea' id='block_1_13' title="bbox 620 1507 2225 1583">
    <p class='ocr_par' dir='ltr' id='par_1_13' title="bbox 620 1507 2225 1583">
     <span class='ocr_line' id='line_1_13' title="bbox 620 1507 2225 1583; baseline -0.003 -17"><span class='ocrx_word' id='word_1_94' title='bbox 620 1510 741 1578; x_wconf 87' lang='lat' dir='ltr'><strong>b’at;</strong></span> <span class='ocrx_word' id='word_1_95' title='bbox 765 1509 861 1567; x_wconf 89' lang='lat' dir='ltr'><strong>sed</strong></span> <span class='ocrx_word' id='word_1_96' title='bbox 883 1509 1028 1583; x_wconf 90' lang='lat' dir='ltr'><strong>quod</strong></span> <span class='ocrx_word' id='word_1_97' title='bbox 1056 1510 1110 1565; x_wconf 87' lang='lat' dir='ltr'><strong>id</strong></span> <span class='ocrx_word' id='word_1_98' title='bbox 1137 1519 1345 1565; x_wconf 89' lang='lat' dir='ltr'><strong>tantum</strong></span> <span class='ocrx_word' id='word_1_99' title='bbox 1365 1509 1649 1567; x_wconf 84' lang='lat' dir='ltr'><strong>videretur</strong></span> <span class='ocrx_word' id='word_1_100' title='bbox 1670 1524 1816 1574; x_wconf 89' lang='lat' dir='ltr'><strong>esse,</strong></span> <span class='ocrx_word' id='word_1_101' title='bbox 1840 1507 1984 1580; x_wconf 88' lang='lat' dir='ltr'><strong>quod</strong></span> <span class='ocrx_word' id='word_1_102' title='bbox 2006 1507 2225 1563; x_wconf 59' lang='lat' dir='ltr'><strong>caeteris</strong></span> 
     </span>
    </p>
   </div>
   <div class='ocr_carea' id='block_1_14' title="bbox 620 1601 2221 1675">
    <p class='ocr_par' dir='ltr' id='par_1_14' title="bbox 620 1601 2221 1675">
     <span class='ocr_line' id='line_1_14' title="bbox 620 1601 2221 1675; baseline -0.002 -16"><span class='ocrx_word' id='word_1_103' title='bbox 620 1601 899 1674; x_wconf 86' lang='lat' dir='ltr'><strong>proderat.</strong></span> <span class='ocrx_word' id='word_1_104' title='bbox 947 1601 1142 1659; x_wconf 87' lang='lat' dir='ltr'><strong>Cernit</strong></span> <span class='ocrx_word' id='word_1_105' title='bbox 1195 1602 1416 1660; x_wconf 84' lang='lat' dir='ltr'><strong>Galatas</strong></span> <span class='ocrx_word' id='word_1_106' title='bbox 1465 1604 1578 1658; x_wconf 89' lang='lat' dir='ltr'><strong>alia</strong></span> <span class='ocrx_word' id='word_1_107' title='bbox 1634 1604 1884 1675; x_wconf 86' lang='lat' dir='ltr'><strong>indigere</strong></span> <span class='ocrx_word' id='word_1_108' title='bbox 1933 1602 2221 1668; x_wconf 84' lang='lat' dir='ltr'><strong>doctrina,</strong></span> 
     </span>
    </p>
   </div>
   <div class='ocr_carea' id='block_1_15' title="bbox 616 1695 2220 1768">
    <p class='ocr_par' dir='ltr' id='par_1_15' title="bbox 616 1695 2220 1768">
     <span class='ocr_line' id='line_1_15' title="bbox 616 1695 2220 1768; baseline -0.001 -16"><span class='ocrx_word' id='word_1_109' title='bbox 616 1696 722 1752; x_wconf 89' lang='lat' dir='ltr'><strong>alia</strong></span> <span class='ocrx_word' id='word_1_110' title='bbox 766 1696 852 1752; x_wconf 94' lang='lat' dir='ltr'><strong>via</strong></span> <span class='ocrx_word' id='word_1_111' title='bbox 894 1696 1099 1754; x_wconf 89' lang='lat' dir='ltr'><strong>debere</strong></span> <span class='ocrx_word' id='word_1_112' title='bbox 1142 1699 1373 1765; x_wconf 83' lang='lat' dir='ltr'><strong>salvari,</strong></span> <span class='ocrx_word' id='word_1_113' title='bbox 1429 1715 1536 1754; x_wconf 92' lang='lat' dir='ltr'><strong>non</strong></span> <span class='ocrx_word' id='word_1_114' title='bbox 1590 1699 1681 1753; x_wconf 90' lang='lat' dir='ltr'><strong>illa</strong></span> <span class='ocrx_word' id='word_1_115' title='bbox 1730 1714 1833 1768; x_wconf 86' lang='lat' dir='ltr'><strong>qua</strong></span> <span class='ocrx_word' id='word_1_116' title='bbox 1879 1697 2110 1767; x_wconf 88' lang='lat' dir='ltr'><strong>primum</strong></span> <span class='ocrx_word' id='word_1_117' title='bbox 2154 1695 2220 1752; x_wconf 90' lang='lat' dir='ltr'><strong>ad</strong></span> 
     </span>
    </p>
   </div>
   <div class='ocr_carea' id='block_1_16' title="bbox 1874 276 2672 338">
    <p class='ocr_par' dir='ltr' id='par_1_16' title="bbox 1874 276 2672 338">
     <span class='ocr_line' id='line_1_16' title="bbox 1874 276 2672 338; baseline 0.004 -3"><span class='ocrx_word' id='word_1_118' title='bbox 1874 276 1932 335; x_wconf 88' lang='lat' dir='ltr'><strong>S.</strong></span> <span class='ocrx_word' id='word_1_119' title='bbox 1973 276 2243 336; x_wconf 81' lang='lat' dir='ltr'><strong>EUSEBII</strong></span> <span class='ocrx_word' id='word_1_120' title='bbox 2281 276 2543 338; x_wconf 75' lang='lat' dir='ltr'><strong>ﬂIERON</strong></span> <span class='ocrx_word' id='word_1_121' title='bbox 2552 279 2672 338; x_wconf 79' lang='lat' dir='ltr'><strong>YMI</strong></span> 
     </span>
    </p>
   </div>
   <div class='ocr_carea' id='block_1_17' title="bbox 634 393 3933 475">
    <p class='ocr_par' dir='ltr' id='par_1_17' title="bbox 634 393 3933 475">
     <span class='ocr_line' id='line_1_17' title="bbox 634 393 3933 475; baseline 0.001 -17"><span class='ocrx_word' id='word_1_122' title='bbox 634 404 857 475; x_wconf 81' lang='lat' dir='ltr'><strong>penitus</strong></span> <span class='ocrx_word' id='word_1_123' title='bbox 880 403 933 458; x_wconf 90' lang='lat' dir='ltr'><strong>in</strong></span> <span class='ocrx_word' id='word_1_124' title='bbox 960 398 1116 457; x_wconf 84' lang='lat' dir='ltr'><strong>vobis</strong></span> <span class='ocrx_word' id='word_1_125' title='bbox 1138 396 1316 469; x_wconf 89' lang='lat' dir='ltr'><strong>patiar</strong></span> <span class='ocrx_word' id='word_1_126' title='bbox 1343 404 1645 469; x_wconf 84' lang='lat' dir='ltr'><strong>egestatem</strong></span> <span class='ocrx_word' id='word_1_127' title='bbox 1672 412 1687 453; x_wconf 92' lang='lat'><strong>:</strong></span> <span class='ocrx_word' id='word_1_128' title='bbox 1714 395 1784 451; x_wconf 87' lang='lat' dir='ltr'><strong>ita</strong></span> <span class='ocrx_word' id='word_1_129' title='bbox 1811 402 1873 452; x_wconf 90' lang='lat' dir='ltr'><strong>ut</strong></span> <span class='ocrx_word' id='word_1_130' title='bbox 1898 394 1955 450; x_wconf 91' lang='lat' dir='ltr'><strong>in</strong></span> <span class='ocrx_word' id='word_1_131' title='bbox 1978 394 2232 451; x_wconf 77' lang='lat' dir='ltr'><strong>Jeremia:</strong></span> <span class='ocrx_word' id='word_1_132' title='bbox 2260 398 2311 458; x_wconf 83' lang='lat' dir='ltr'><strong>A</strong></span> <span class='ocrx_word' id='word_1_133' title='bbox 2410 397 2591 467; x_wconf 81' lang='lat' dir='ltr'><strong>(Vers.</strong></span> <span class='ocrx_word' id='word_1_134' title='bbox 2618 396 2713 463; x_wconf 71' lang='lat'><strong>22,</strong></span> <span class='ocrx_word' id='word_1_135' title='bbox 2739 393 2858 469; x_wconf 73' lang='lat'><strong>25.)</strong></span> <span class='ocrx_word' id='word_1_136' title='bbox 2881 395 3149 469; x_wconf 77' lang='lat' dir='ltr'><strong>Scriptum</strong></span> <span class='ocrx_word' id='word_1_137' title='bbox 3176 406 3255 456; x_wconf 84' lang='lat' dir='ltr'><strong>est</strong></span> <span class='ocrx_word' id='word_1_138' title='bbox 3293 399 3450 467; x_wconf 87' lang='lat' dir='ltr'><strong>enim,</strong></span> <span class='ocrx_word' id='word_1_139' title='bbox 3474 401 3724 474; x_wconf 84' lang='lat' dir='ltr'><strong>quoniam</strong></span> <span class='ocrx_word' id='word_1_140' title='bbox 3763 405 3933 464; x_wconf 69' lang='lat' dir='ltr'><strong>Mra.-</strong></span> 
     </span>
    </p>
   </div>
   <div class='ocr_carea' id='block_1_18' title="bbox 2337 490 3914 560">
    <p class='ocr_par' dir='ltr' id='par_1_18' title="bbox 2337 490 3914 560">
     <span class='ocr_line' id='line_1_18' title="bbox 2337 490 3914 560; baseline 0.009 -17"><span class='ocrx_word' id='word_1_141' title='bbox 2337 490 2459 544; x_wconf 84' lang='lat' dir='ltr'><strong>[tam</strong></span> <span class='ocrx_word' id='word_1_142' title='bbox 2482 491 2614 545; x_wconf 85' lang='lat' dir='ltr'><strong>duos</strong></span> <span class='ocrx_word' id='word_1_143' title='bbox 2636 491 2773 560; x_wconf 78' lang='lat' dir='ltr'><strong>ﬁlios</strong></span> <span class='ocrx_word' id='word_1_144' title='bbox 2804 490 3003 556; x_wconf 80' lang='lat' dir='ltr'><strong>habuit,</strong></span> <span class='ocrx_word' id='word_1_145' title='bbox 3043 510 3205 547; x_wconf 83' lang='lat' dir='ltr'><strong>unum</strong></span> <span class='ocrx_word' id='word_1_146' title='bbox 3245 495 3310 548; x_wconf 84' lang='lat' dir='ltr'><strong>de</strong></span> <span class='ocrx_word' id='word_1_147' title='bbox 3341 494 3537 550; x_wconf 73' lang='lat' dir='ltr'><strong>ancilla</strong></span> <span class='ocrx_word' id='word_1_148' title='bbox 3583 508 3629 550; x_wconf 75' lang='lat' dir='ltr'><strong>et</strong></span> <span class='ocrx_word' id='word_1_149' title='bbox 3672 515 3826 552; x_wconf 87' lang='lat' dir='ltr'><strong>unum</strong></span> <span class='ocrx_word' id='word_1_150' title='bbox 3861 502 3914 557; x_wconf 85' lang='lat' dir='ltr'><strong>de</strong></span> 
     </span>
    </p>
   </div>
   <div class='ocr_carea' id='block_1_19' title="bbox 2335 581 3916 653">
    <p class='ocr_par' dir='ltr' id='par_1_19' title="bbox 2335 581 3916 653">
     <span class='ocr_line' id='line_1_19' title="bbox 2335 581 3916 653; baseline 0.009 -18"><span class='ocrx_word' id='word_1_151' title='bbox 2335 581 2521 637; x_wconf 87' lang='lat' dir='ltr'><strong>libera.</strong></span> <span class='ocrx_word' id='word_1_152' title='bbox 2557 583 2664 639; x_wconf 68' lang='lat' dir='ltr'><strong>Sed</strong></span> <span class='ocrx_word' id='word_1_153' title='bbox 2711 584 2800 653; x_wconf 85' lang='lat' dir='ltr'><strong>qui</strong></span> <span class='ocrx_word' id='word_1_154' title='bbox 2841 586 2906 637; x_wconf 88' lang='lat' dir='ltr'><strong>de</strong></span> <span class='ocrx_word' id='word_1_155' title='bbox 2942 586 3164 653; x_wconf 85' lang='lat' dir='ltr'><strong>ancilla,</strong></span> <span class='ocrx_word' id='word_1_156' title='bbox 3203 589 3485 641; x_wconf 85' lang='lat' dir='ltr'><strong>secundum</strong></span> <span class='ocrx_word' id='word_1_157' title='bbox 3533 606 3737 645; x_wconf 79' lang='lat' dir='ltr'><strong>carnem</strong></span> <span class='ocrx_word' id='word_1_158' title='bbox 3781 604 3916 649; x_wconf 80' lang='lat' dir='ltr'><strong>natus</strong></span> 
     </span>
    </p>
   </div>
   <div class='ocr_carea' id='block_1_20' title="bbox 2334 676 3914 752">
    <p class='ocr_par' dir='ltr' id='par_1_20' title="bbox 2334 676 3914 752">
     <span class='ocr_line' id='line_1_20' title="bbox 2334 676 3914 752; baseline 0.008 -24"><span class='ocrx_word' id='word_1_159' title='bbox 2334 685 2411 728; x_wconf 80' lang='lat' dir='ltr'><strong>est</strong></span> <span class='ocrx_word' id='word_1_160' title='bbox 2437 691 2454 727; x_wconf 90' lang='lat'><strong>:</strong></span> <span class='ocrx_word' id='word_1_161' title='bbox 2483 676 2569 747; x_wconf 84' lang='lat' dir='ltr'><strong>qui</strong></span> <span class='ocrx_word' id='word_1_162' title='bbox 2600 686 2773 730; x_wconf 79' lang='lat' dir='ltr'><strong>autem</strong></span> <span class='ocrx_word' id='word_1_163' title='bbox 2800 677 2865 730; x_wconf 89' lang='lat' dir='ltr'><strong>de</strong></span> <span class='ocrx_word' id='word_1_164' title='bbox 2896 676 3078 742; x_wconf 88' lang='lat' dir='ltr'><strong>libera,</strong></span> <span class='ocrx_word' id='word_1_165' title='bbox 3108 695 3201 751; x_wconf 88' lang='lat' dir='ltr'><strong>per</strong></span> <span class='ocrx_word' id='word_1_166' title='bbox 3230 681 3709 752; x_wconf 82' lang='lat' dir='ltr'><strong>repromissionem.</strong></span> <span class='ocrx_word' id='word_1_167' title='bbox 3740 683 3914 743; x_wconf 66' lang='lat' dir='ltr'><strong>Nimis</strong></span> 
     </span>
    </p>
   </div>
   <div class='ocr_carea' id='block_1_21' title="bbox 2335 768 3915 847">
    <p class='ocr_par' dir='ltr' id='par_1_21' title="bbox 2335 768 3915 847">
     <span class='ocr_line' id='line_1_21' title="bbox 2335 768 3915 847; baseline 0.01 -29"><span class='ocrx_word' id='word_1_168' title='bbox 2335 769 2675 823; x_wconf 68' lang='lat' dir='ltr'><strong>illrllCUllallS</strong></span> <span class='ocrx_word' id='word_1_169' title='bbox 2706 778 2790 824; x_wconf 85' lang='lat' dir='ltr'><strong>est</strong></span> <span class='ocrx_word' id='word_1_170' title='bbox 2814 768 3215 836; x_wconf 89' lang='lat' dir='ltr'><strong>demonstrare,</strong></span> <span class='ocrx_word' id='word_1_171' title='bbox 3266 772 3419 829; x_wconf 85' lang='lat' dir='ltr'><strong>Isaac</strong></span> <span class='ocrx_word' id='word_1_172' title='bbox 3467 783 3702 841; x_wconf 81' lang='lat' dir='ltr'><strong>tantum,</strong></span> <span class='ocrx_word' id='word_1_173' title='bbox 3734 777 3824 847; x_wconf 90' lang='lat' dir='ltr'><strong>qui</strong></span> <span class='ocrx_word' id='word_1_174' title='bbox 3859 777 3915 835; x_wconf 85' lang='lat' dir='ltr'><strong>de</strong></span> 
     </span>
    </p>
   </div>
   <div class='ocr_carea' id='block_1_22' title="bbox 2334 860 3909 937">
    <p class='ocr_par' dir='ltr' id='par_1_22' title="bbox 2334 860 3909 937">
     <span class='ocr_line' id='line_1_22' title="bbox 2334 860 3909 937; baseline 0.004 -21"><span class='ocrx_word' id='word_1_175' title='bbox 2334 860 2465 916; x_wconf 89' lang='lat' dir='ltr'><strong>Sara</strong></span> <span class='ocrx_word' id='word_1_176' title='bbox 2497 873 2655 916; x_wconf 89' lang='lat' dir='ltr'><strong>natus</strong></span> <span class='ocrx_word' id='word_1_177' title='bbox 2683 870 2792 929; x_wconf 88' lang='lat' dir='ltr'><strong>est,</strong></span> <span class='ocrx_word' id='word_1_178' title='bbox 2824 860 2997 918; x_wconf 83' lang='lat' dir='ltr'><strong>fuisse</strong></span> <span class='ocrx_word' id='word_1_179' title='bbox 3022 861 3092 918; x_wconf 91' lang='lat' dir='ltr'><strong>de</strong></span> <span class='ocrx_word' id='word_1_180' title='bbox 3123 863 3554 931; x_wconf 68' lang='lat' dir='ltr'><strong>repromissione</strong></span> <span class='ocrx_word' id='word_1_181' title='bbox 3584 875 3909 937; x_wconf 83' lang='lat' dir='ltr'><strong>generatum,</strong></span> 
     </span>
    </p>
   </div>
   <div class='ocr_carea' id='block_1_23' title="bbox 2333 951 3915 1026">
    <p class='ocr_par' dir='ltr' id='par_1_23' title="bbox 2333 951 3915 1026">
     <span class='ocr_line' id='line_1_23' title="bbox 2333 951 3915 1026; baseline 0.006 -21"><span class='ocrx_word' id='word_1_182' title='bbox 2333 960 2390 1006; x_wconf 89' lang='lat' dir='ltr'><strong>ct</strong></span> <span class='ocrx_word' id='word_1_183' title='bbox 2415 968 2521 1006; x_wconf 91' lang='lat' dir='ltr'><strong>non</strong></span> <span class='ocrx_word' id='word_1_184' title='bbox 2550 951 2715 1008; x_wconf 86' lang='lat' dir='ltr'><strong>etiam</strong></span> <span class='ocrx_word' id='word_1_185' title='bbox 2749 953 2964 1021; x_wconf 88' lang='lat' dir='ltr'><strong>lsmael,</strong></span> <span class='ocrx_word' id='word_1_186' title='bbox 2999 954 3089 1024; x_wconf 85' lang='lat' dir='ltr'><strong>qui</strong></span> <span class='ocrx_word' id='word_1_187' title='bbox 3125 954 3195 1010; x_wconf 87' lang='lat' dir='ltr'><strong>de</strong></span> <span class='ocrx_word' id='word_1_188' title='bbox 3238 954 3384 1026; x_wconf 86' lang='lat' dir='ltr'><strong>Agar</strong></span> <span class='ocrx_word' id='word_1_189' title='bbox 3414 959 3613 1013; x_wconf 78' lang='lat' dir='ltr'><strong>ancilla</strong></span> <span class='ocrx_word' id='word_1_190' title='bbox 3648 968 3735 1013; x_wconf 91' lang='lat' dir='ltr'><strong>est</strong></span> <span class='ocrx_word' id='word_1_191' title='bbox 3775 971 3915 1015; x_wconf 81' lang='lat' dir='ltr'><strong>ortus</strong></span> 
     </span>
    </p>
   </div>
   <div class='ocr_carea' id='block_1_24' title="bbox 2334 1044 3915 1122">
    <p class='ocr_par' dir='ltr' id='par_1_24' title="bbox 2334 1044 3915 1122">
     <span class='ocr_line' id='line_1_24' title="bbox 2334 1044 3915 1122; baseline 0.006 -22"><span class='ocrx_word' id='word_1_192' title='bbox 2334 1044 2611 1117; x_wconf 64' lang='lat' dir='ltr'><strong>Egyptian.</strong></span> <span class='ocrx_word' id='word_1_193' title='bbox 2636 1045 2919 1117; x_wconf 82' lang='lat' dir='ltr'><strong>Scriptura</strong></span> <span class='ocrx_word' id='word_1_194' title='bbox 2945 1048 3146 1117; x_wconf 82' lang='lat' dir='ltr'><strong>quippe</strong></span> <span class='ocrx_word' id='word_1_195' title='bbox 3174 1047 3365 1114; x_wconf 83' lang='lat' dir='ltr'><strong>refert,</strong></span> <span class='ocrx_word' id='word_1_196' title='bbox 3393 1050 3541 1119; x_wconf 91' lang='lat' dir='ltr'><strong>quod</strong></span> <span class='ocrx_word' id='word_1_197' title='bbox 3567 1065 3712 1117; x_wconf 90' lang='lat' dir='ltr'><strong>cum,</strong></span> <span class='ocrx_word' id='word_1_198' title='bbox 3745 1067 3915 1122; x_wconf 82' lang='lat' dir='ltr'><strong>perse-</strong></span> 
     </span>
    </p>
   </div>
   <div class='ocr_carea' id='block_1_25' title="bbox 2330 1137 3913 1210">
    <p class='ocr_par' dir='ltr' id='par_1_25' title="bbox 2330 1137 3913 1210">
     <span class='ocr_line' id='line_1_25' title="bbox 2330 1137 3913 1210; baseline 0.006 -19"><span class='ocrx_word' id='word_1_199' title='bbox 2330 1150 2532 1207; x_wconf 86' lang='lat' dir='ltr'><strong>quente</strong></span> <span class='ocrx_word' id='word_1_200' title='bbox 2560 1137 2718 1207; x_wconf 90' lang='lat' dir='ltr'><strong>Sara,</strong></span> <span class='ocrx_word' id='word_1_201' title='bbox 2765 1142 2906 1209; x_wconf 80' lang='lat' dir='ltr'><strong>Agar</strong></span> <span class='ocrx_word' id='word_1_202' title='bbox 2932 1138 3039 1194; x_wconf 82' lang='lat' dir='ltr'><strong>feta</strong></span> <span class='ocrx_word' id='word_1_203' title='bbox 3066 1139 3315 1210; x_wconf 79' lang='lat' dir='ltr'><strong>fugisset,</strong></span> <span class='ocrx_word' id='word_1_204' title='bbox 3347 1152 3402 1196; x_wconf 92' lang='lat' dir='ltr'><strong>et</strong></span> <span class='ocrx_word' id='word_1_205' title='bbox 3431 1145 3673 1198; x_wconf 80' lang='lat' dir='ltr'><strong>venisset</strong></span> <span class='ocrx_word' id='word_1_206' title='bbox 3698 1143 3780 1197; x_wconf 73' lang='lat' dir='ltr'><strong>&quot;ad</strong></span> <span class='ocrx_word' id='word_1_207' title='bbox 3808 1160 3913 1201; x_wconf 84' lang='lat' dir='ltr'><strong>eam</strong></span> 
     </span>
    </p>
   </div>
   <div class='ocr_carea' id='block_1_26' title="bbox 2330 1230 3914 1304">
    <p class='ocr_par' dir='ltr' id='par_1_26' title="bbox 2330 1230 3914 1304">
     <span class='ocr_line' id='line_1_26' title="bbox 2330 1230 3914 1304; baseline 0.007 -21"><span class='ocrx_word' id='word_1_208' title='bbox 2330 1230 2555 1300; x_wconf 87' lang='lat' dir='ltr'><strong>angelus</strong></span> <span class='ocrx_word' id='word_1_209' title='bbox 2585 1232 2638 1284; x_wconf 88' lang='lat' dir='ltr'><strong>in</strong></span> <span class='ocrx_word' id='word_1_210' title='bbox 2661 1233 2905 1296; x_wconf 88' lang='lat' dir='ltr'><strong>deserto,</strong></span> <span class='ocrx_word' id='word_1_211' title='bbox 2932 1245 3288 1303; x_wconf 83' lang='lat' dir='ltr'><strong>moueretque</strong></span> <span class='ocrx_word' id='word_1_212' title='bbox 3325 1244 3381 1288; x_wconf 91' lang='lat' dir='ltr'><strong>ut</strong></span> <span class='ocrx_word' id='word_1_213' title='bbox 3422 1234 3793 1304; x_wconf 84' lang='lat' dir='ltr'><strong>subjiceretur</strong></span> <span class='ocrx_word' id='word_1_214' title='bbox 3825 1238 3914 1293; x_wconf 84' lang='lat' dir='ltr'><strong>do-</strong></span> 
     </span>
    </p>
   </div>
   <div class='ocr_carea' id='block_1_27' title="bbox 2331 1309 3916 1398">
    <p class='ocr_par' dir='ltr' id='par_1_27' title="bbox 2331 1309 3916 1398">
     <span class='ocr_line' id='line_1_27' title="bbox 2331 1309 3916 1398; baseline 0.008 -20"><span class='ocrx_word' id='word_1_215' title='bbox 2331 1325 2492 1379; x_wconf 66' lang='lat' dir='ltr'><strong>mina:</strong></span> <span class='ocrx_word' id='word_1_216' title='bbox 2513 1309 2790 1395; x_wconf 60' lang='lat' dir='ltr'><strong>p&#39;otestati,</strong></span> <span class='ocrx_word' id='word_1_217' title='bbox 2831 1324 2979 1383; x_wconf 84' lang='lat' dir='ltr'><strong>idem</strong></span> <span class='ocrx_word' id='word_1_218' title='bbox 3008 1327 3127 1398; x_wconf 84' lang='lat' dir='ltr'><strong>ipse</strong></span> <span class='ocrx_word' id='word_1_219' title='bbox 3162 1330 3390 1398; x_wconf 86' lang='lat' dir='ltr'><strong>angelus</strong></span> <span class='ocrx_word' id='word_1_220' title='bbox 3427 1331 3593 1386; x_wconf 86' lang='lat' dir='ltr'><strong>etiam</strong></span> <span class='ocrx_word' id='word_1_221' title='bbox 3632 1332 3751 1388; x_wconf 69' lang='lat' dir='ltr'><strong>brae</strong></span> <span class='ocrx_word' id='word_1_222' title='bbox 3782 1334 3916 1390; x_wconf 86' lang='lat' dir='ltr'><strong>locu-</strong></span> 
     </span>
    </p>
   </div>
   <div class='ocr_carea' id='block_1_28' title="bbox 2331 1415 3915 1491">
    <p class='ocr_par' dir='ltr' id='par_1_28' title="bbox 2331 1415 3915 1491">
     <span class='ocr_line' id='line_1_28' title="bbox 2331 1415 3915 1491; baseline 0.009 -24"><span class='ocrx_word' id='word_1_223' title='bbox 2331 1427 2417 1467; x_wconf 76' lang='lat' dir='ltr'><strong>tus</strong></span> <span class='ocrx_word' id='word_1_224' title='bbox 2446 1416 2551 1471; x_wconf 85' lang='lat' dir='ltr'><strong>sit:</strong></span> <span class='ocrx_word' id='word_1_225' title='bbox 2587 1415 2953 1487; x_wconf 79' lang='lat' dir='ltr'><strong>Multiplicans</strong></span> <span class='ocrx_word' id='word_1_226' title='bbox 2982 1420 3342 1489; x_wconf 77' lang='lat' dir='ltr'><strong>multiplicabo</strong></span> <span class='ocrx_word' id='word_1_227' title='bbox 3374 1438 3544 1477; x_wconf 83' lang='lat' dir='ltr'><strong>semen</strong></span> <span class='ocrx_word' id='word_1_228' title='bbox 3566 1432 3734 1491; x_wconf 84' lang='lat' dir='ltr'><strong>tuum,</strong></span> <span class='ocrx_word' id='word_1_229' title='bbox 3760 1437 3915 1482; x_wconf 81' lang='lat' dir='ltr'><strong>etnon</strong></span> 
     </span>
    </p>
   </div>
   <div class='ocr_carea' id='block_1_29' title="bbox 2327 1508 3916 1585">
    <p class='ocr_par' dir='ltr' id='par_1_29' title="bbox 2327 1508 3916 1585">
     <span class='ocr_line' id='line_1_29' title="bbox 2327 1508 3916 1585; baseline 0.009 -26"><span class='ocrx_word' id='word_1_230' title='bbox 2327 1508 2685 1564; x_wconf 77' lang='lat' dir='ltr'><strong>numerabitur</strong></span> <span class='ocrx_word' id='word_1_231' title='bbox 2702 1524 2813 1582; x_wconf 77' lang='lat' dir='ltr'><strong>prce</strong></span> <span class='ocrx_word' id='word_1_232' title='bbox 2830 1511 3164 1565; x_wconf 81' lang='lat' dir='ltr'><strong>multitudine</strong></span> <span class='ocrx_word' id='word_1_233' title='bbox 3182 1508 3392 1581; x_wconf 81' lang='lat' dir='ltr'><strong>(Cenes.</strong></span> <span class='ocrx_word' id='word_1_234' title='bbox 3415 1528 3524 1580; x_wconf 77' lang='lat' dir='ltr'><strong>xvr,</strong></span> <span class='ocrx_word' id='word_1_235' title='bbox 3556 1516 3668 1585; x_wconf 80' lang='lat' dir='ltr'><strong>ill).</strong></span> <span class='ocrx_word' id='word_1_236' title='bbox 3693 1516 3760 1570; x_wconf 82' lang='lat' dir='ltr'><strong>Et</strong></span> <span class='ocrx_word' id='word_1_237' title='bbox 3781 1528 3916 1584; x_wconf 87' lang='lat' dir='ltr'><strong>post-</strong></span> 
     </span>
    </p>
   </div>
   <div class='ocr_carea' id='block_1_30' title="bbox 2325 1601 3917 1673">
    <p class='ocr_par' dir='ltr' id='par_1_30' title="bbox 2325 1601 3917 1673">
     <span class='ocr_line' id='line_1_30' title="bbox 2325 1601 3917 1673; baseline 0.009 -22"><span class='ocrx_word' id='word_1_238' title='bbox 2325 1617 2386 1652; x_wconf 71' lang='lat' dir='ltr'><strong>ea</strong></span> <span class='ocrx_word' id='word_1_239' title='bbox 2422 1601 2490 1655; x_wconf 87' lang='lat' dir='ltr'><strong>de</strong></span> <span class='ocrx_word' id='word_1_240' title='bbox 2514 1601 2708 1657; x_wconf 88' lang='lat' dir='ltr'><strong>Ismael</strong></span> <span class='ocrx_word' id='word_1_241' title='bbox 2741 1601 2888 1672; x_wconf 73' lang='lat' dir='ltr'><strong>(qua!</strong></span> <span class='ocrx_word' id='word_1_242' title='bbox 2920 1604 3108 1673; x_wconf 88' lang='lat' dir='ltr'><strong>utique</strong></span> <span class='ocrx_word' id='word_1_243' title='bbox 3149 1605 3597 1673; x_wconf 86' lang='lat' dir='ltr'><strong>repromissionis</strong></span> <span class='ocrx_word' id='word_1_244' title='bbox 3642 1610 3803 1663; x_wconf 89' lang='lat' dir='ltr'><strong>verba</strong></span> <span class='ocrx_word' id='word_1_245' title='bbox 3829 1626 3917 1666; x_wconf 86' lang='lat' dir='ltr'><strong>ne-</strong></span> 
     </span>
    </p>
   </div>
   <div class='ocr_carea' id='block_1_31' title="bbox 2328 1693 3913 1773">
    <p class='ocr_par' dir='ltr' id='par_1_31' title="bbox 2328 1693 3913 1773">
     <span class='ocr_line' id='line_1_31' title="bbox 2328 1693 3913 1773; baseline 0.007 -29"><span class='ocrx_word' id='word_1_246' title='bbox 2328 1711 2414 1746; x_wconf 86' lang='lat' dir='ltr'><strong>mo</strong></span> <span class='ocrx_word' id='word_1_247' title='bbox 2446 1693 2765 1763; x_wconf 86' lang='lat' dir='ltr'><strong>dubitarit):</strong></span> <span class='ocrx_word' id='word_1_248' title='bbox 2802 1693 2913 1749; x_wconf 85' lang='lat' dir='ltr'><strong>Iste</strong></span> <span class='ocrx_word' id='word_1_249' title='bbox 2941 1696 3039 1750; x_wconf 87' lang='lat' dir='ltr'><strong>erit</strong></span> <span class='ocrx_word' id='word_1_250' title='bbox 3073 1697 3372 1752; x_wconf 75' lang='lat' dir='ltr'><strong>rusticanus</strong></span> <span class='ocrx_word' id='word_1_251' title='bbox 3402 1698 3577 1769; x_wconf 80' lang='lat' dir='ltr'><strong>homo,</strong></span> <span class='ocrx_word' id='word_1_252' title='bbox 3608 1717 3792 1754; x_wconf 88' lang='lat' dir='ltr'><strong>manus</strong></span> <span class='ocrx_word' id='word_1_253' title='bbox 3813 1703 3913 1773; x_wconf 77' lang='lat' dir='ltr'><strong>ejus</strong></span> 
     </span>
    </p>
   </div>
   <div class='ocr_carea' id='block_1_32' title="bbox 615 1777 3912 1862">
    <p class='ocr_par' dir='ltr' id='par_1_32' title="bbox 615 1777 3912 1862">
     <span class='ocr_line' id='line_1_32' title="bbox 615 1777 3912 1862; baseline 0.001 -18"><span class='ocrx_word' id='word_1_254' title='bbox 615 1786 823 1844; x_wconf 89' lang='lat' dir='ltr'><strong>Christi</strong></span> <span class='ocrx_word' id='word_1_255' title='bbox 856 1788 1018 1844; x_wconf 82' lang='lat' dir='ltr'><strong>tidem</strong></span> <span class='ocrx_word' id='word_1_256' title='bbox 1058 1790 1277 1845; x_wconf 77' lang='lat' dir='ltr'><strong>fuerant</strong></span> <span class='ocrx_word' id='word_1_257' title='bbox 1323 1790 1390 1845; x_wconf 93' lang='lat' dir='ltr'><strong>de</strong></span> <span class='ocrx_word' id='word_1_258' title='bbox 1439 1789 1748 1861; x_wconf 79' lang='lat' dir='ltr'><strong>gentilitate</strong></span> <span class='ocrx_word' id='word_1_259' title='bbox 1790 1788 2090 1845; x_wconf 88' lang='lat' dir='ltr'><strong>transducti</strong></span> <span class='ocrx_word' id='word_1_260' title='bbox 2120 1805 2136 1846; x_wconf 90' lang='lat'><strong>:</strong></span> <span class='ocrx_word' id='word_1_261' title='bbox 2166 1798 2224 1846; x_wconf 89' lang='lat' dir='ltr'><strong>et</strong></span> <span class='ocrx_word' id='word_1_262' title='bbox 2251 1777 2301 1839; x_wconf 87' lang='grc' dir='ltr'><strong>Β</strong></span> <span class='ocrx_word' id='word_1_263' title='bbox 2326 1802 2483 1853; x_wconf 80' lang='lat' dir='ltr'><strong>super</strong></span> <span class='ocrx_word' id='word_1_264' title='bbox 2511 1802 2705 1852; x_wconf 84' lang='lat' dir='ltr'><strong>omnes,</strong></span> <span class='ocrx_word' id='word_1_265' title='bbox 2733 1794 2783 1840; x_wconf 92' lang='lat' dir='ltr'><strong>et</strong></span> <span class='ocrx_word' id='word_1_266' title='bbox 2814 1803 3001 1842; x_wconf 81' lang='lat' dir='ltr'><strong>manus</strong></span> <span class='ocrx_word' id='word_1_267' title='bbox 3035 1789 3265 1842; x_wconf 82' lang='lat' dir='ltr'><strong>omnium</strong></span> <span class='ocrx_word' id='word_1_268' title='bbox 3295 1806 3451 1862; x_wconf 80' lang='lat' dir='ltr'><strong>super</strong></span> <span class='ocrx_word' id='word_1_269' title='bbox 3480 1807 3617 1857; x_wconf 88' lang='lat' dir='ltr'><strong>eum,</strong></span> <span class='ocrx_word' id='word_1_270' title='bbox 3652 1802 3703 1847; x_wconf 90' lang='lat' dir='ltr'><strong>et</strong></span> <span class='ocrx_word' id='word_1_271' title='bbox 3749 1802 3912 1847; x_wconf 76' lang='lat' dir='ltr'><strong>contra</strong></span> 
     </span>
    </p>
   </div>
   <div class='ocr_carea' id='block_1_33' title="bbox 615 1878 2220 1955">
    <p class='ocr_par' dir='ltr' id='par_1_33' title="bbox 615 1878 2220 1955">
     <span class='ocr_line' id='line_1_33' title="bbox 615 1878 2220 1955; baseline 0.001 -20"><span class='ocrx_word' id='word_1_272' title='bbox 615 1878 967 1952; x_wconf 87' lang='lat' dir='ltr'><strong>compellitur</strong></span> <span class='ocrx_word' id='word_1_273' title='bbox 1014 1881 1244 1937; x_wconf 86' lang='lat' dir='ltr'><strong>dicere:</strong></span> <span class='ocrx_word' id='word_1_274' title='bbox 1279 1880 1476 1938; x_wconf 83' lang='lat' dir='ltr'><strong>Vellem</strong></span> <span class='ocrx_word' id='word_1_275' title='bbox 1517 1900 1654 1938; x_wconf 87' lang='lat' dir='ltr'><strong>nunc</strong></span> <span class='ocrx_word' id='word_1_276' title='bbox 1699 1900 1806 1939; x_wconf 85' lang='lat' dir='ltr'><strong>esse</strong></span> <span class='ocrx_word' id='word_1_277' title='bbox 1844 1883 1988 1955; x_wconf 86' lang='lat' dir='ltr'><strong>apud</strong></span> <span class='ocrx_word' id='word_1_278' title='bbox 2025 1899 2133 1950; x_wconf 83' lang='lat' dir='ltr'><strong>vos,</strong></span> <span class='ocrx_word' id='word_1_279' title='bbox 2174 1894 2220 1937; x_wconf 86' lang='lat' dir='ltr'><strong>et</strong></span> 
     </span>
    </p>
   </div>
   <div class='ocr_carea' id='block_1_34' title="bbox 614 1978 2218 2049">
    <p class='ocr_par' dir='ltr' id='par_1_34' title="bbox 614 1978 2218 2049">
     <span class='ocr_line' id='line_1_34' title="bbox 614 1978 2218 2049; baseline 0.002 -21"><span class='ocrx_word' id='word_1_280' title='bbox 614 1985 814 2029; x_wconf 86' lang='lat' dir='ltr'><strong>mutare</strong></span> <span class='ocrx_word' id='word_1_281' title='bbox 842 1991 1018 2030; x_wconf 85' lang='lat' dir='ltr'><strong>vocem</strong></span> <span class='ocrx_word' id='word_1_282' title='bbox 1058 1991 1248 2042; x_wconf 84' lang='lat' dir='ltr'><strong>meam,</strong></span> <span class='ocrx_word' id='word_1_283' title='bbox 1279 1985 1307 2015; x_wconf 76' lang='grc' dir='ltr'>ι</span> <span class='ocrx_word' id='word_1_284' title='bbox 1337 1978 1584 2048; x_wconf 89' lang='lat' dir='ltr'><strong>quoniam</strong></span> <span class='ocrx_word' id='word_1_285' title='bbox 1631 1978 1927 2049; x_wconf 79' lang='lat' dir='ltr'><strong>confundor</strong></span> <span class='ocrx_word' id='word_1_286' title='bbox 1971 1978 2026 2031; x_wconf 90' lang='lat' dir='ltr'><strong>in</strong></span> <span class='ocrx_word' id='word_1_287' title='bbox 2058 1978 2218 2032; x_wconf 79' lang='lat' dir='ltr'><strong>t&#39;obis.</strong></span> 
     </span>
    </p>
   </div>
   <div class='ocr_carea' id='block_1_35' title="bbox 610 2062 2223 2140">
    <p class='ocr_par' dir='ltr' id='par_1_35' title="bbox 610 2062 2223 2140">
     <span class='ocr_line' id='line_1_35' title="bbox 610 2062 2223 2140; baseline 0.002 -20"><span class='ocrx_word' id='word_1_288' title='bbox 610 2062 754 2136; x_wconf 82' lang='lat' dir='ltr'><strong>Non,</strong></span> <span class='ocrx_word' id='word_1_289' title='bbox 798 2065 1015 2139; x_wconf 91' lang='lat' dir='ltr'><strong>inquit,</strong></span> <span class='ocrx_word' id='word_1_290' title='bbox 1044 2067 1205 2124; x_wconf 90' lang='lat' dir='ltr'><strong>video</strong></span> <span class='ocrx_word' id='word_1_291' title='bbox 1241 2082 1329 2125; x_wconf 88' lang='lat' dir='ltr'><strong>me</strong></span> <span class='ocrx_word' id='word_1_292' title='bbox 1374 2068 1659 2139; x_wconf 88' lang='lat' dir='ltr'><strong>prodesse,</strong></span> <span class='ocrx_word' id='word_1_293' title='bbox 1699 2069 1742 2123; x_wconf 90' lang='lat' dir='ltr'><strong>si</strong></span> <span class='ocrx_word' id='word_1_294' title='bbox 1769 2084 1832 2124; x_wconf 88' lang='lat' dir='ltr'><strong>ea</strong></span> <span class='ocrx_word' id='word_1_295' title='bbox 1868 2069 2066 2138; x_wconf 88' lang='lat' dir='ltr'><strong>loquar</strong></span> <span class='ocrx_word' id='word_1_296' title='bbox 2104 2083 2223 2140; x_wconf 61' lang='lat' dir='ltr'><strong>quae</strong></span> 
     </span>
    </p>
   </div>
   <div class='ocr_carea' id='block_1_36' title="bbox 610 2158 2220 2233">
    <p class='ocr_par' dir='ltr' id='par_1_36' title="bbox 610 2158 2220 2233">
     <span class='ocr_line' id='line_1_36' title="bbox 610 2158 2220 2233; baseline 0.004 -21"><span class='ocrx_word' id='word_1_297' title='bbox 610 2158 760 2229; x_wconf 88' lang='lat' dir='ltr'><strong>prius</strong></span> <span class='ocrx_word' id='word_1_298' title='bbox 810 2158 1035 2215; x_wconf 88' lang='lat' dir='ltr'><strong>locutus</strong></span> <span class='ocrx_word' id='word_1_299' title='bbox 1074 2175 1195 2216; x_wconf 88' lang='lat' dir='ltr'><strong>sum</strong></span> <span class='ocrx_word' id='word_1_300' title='bbox 1224 2205 1242 2230; x_wconf 91' lang='lat'><strong>,</strong></span> <span class='ocrx_word' id='word_1_301' title='bbox 1303 2172 1534 2233; x_wconf 83' lang='lat' dir='ltr'><strong>prepter</strong></span> <span class='ocrx_word' id='word_1_302' title='bbox 1581 2161 1727 2233; x_wconf 88' lang='lat' dir='ltr'><strong>quod</strong></span> <span class='ocrx_word' id='word_1_303' title='bbox 1783 2163 2043 2232; x_wconf 77' lang='lat' dir='ltr'><strong>ignorans</strong></span> <span class='ocrx_word' id='word_1_304' title='bbox 2093 2162 2220 2231; x_wconf 92' lang='lat' dir='ltr'><strong>quid</strong></span> 
     </span>
    </p>
   </div>
   <div class='ocr_carea' id='block_1_37' title="bbox 608 2251 2222 2321">
    <p class='ocr_par' dir='ltr' id='par_1_37' title="bbox 608 2251 2222 2321">
     <span class='ocr_line' id='line_1_37' title="bbox 608 2251 2222 2321; baseline 0.003 -16"><span class='ocrx_word' id='word_1_305' title='bbox 608 2265 787 2321; x_wconf 87' lang='lat' dir='ltr'><strong>agam,</strong></span> <span class='ocrx_word' id='word_1_306' title='bbox 833 2252 964 2307; x_wconf 89' lang='lat' dir='ltr'><strong>etin</strong></span> <span class='ocrx_word' id='word_1_307' title='bbox 995 2251 1215 2306; x_wconf 90' lang='lat' dir='ltr'><strong>diversa</strong></span> <span class='ocrx_word' id='word_1_308' title='bbox 1255 2252 1575 2319; x_wconf 89' lang='lat' dir='ltr'><strong>distractus,</strong></span> <span class='ocrx_word' id='word_1_309' title='bbox 1627 2254 1861 2318; x_wconf 89' lang='lat' dir='ltr'><strong>laceror,</strong></span> <span class='ocrx_word' id='word_1_310' title='bbox 1909 2253 2222 2310; x_wconf 82' lang='lat' dir='ltr'><strong>confundor</strong></span> 
     </span>
    </p>
   </div>
   <div class='ocr_carea' id='block_1_38' title="bbox 611 2342 2220 2415">
    <p class='ocr_par' dir='ltr' id='par_1_38' title="bbox 611 2342 2220 2415">
     <span class='ocr_line' id='line_1_38' title="bbox 611 2342 2220 2415; baseline 0.004 -20"><span class='ocrx_word' id='word_1_311' title='bbox 611 2351 775 2413; x_wconf 84' lang='lat' dir='ltr'><strong>atque</strong></span> <span class='ocrx_word' id='word_1_312' title='bbox 807 2342 1068 2399; x_wconf 85' lang='lat' dir='ltr'><strong>dilanior.</strong></span> <span class='ocrx_word' id='word_1_313' title='bbox 1099 2343 1171 2398; x_wconf 88' lang='lat' dir='ltr'><strong>Et</strong></span> <span class='ocrx_word' id='word_1_314' title='bbox 1195 2345 1474 2415; x_wconf 82' lang='lat' dir='ltr'><strong>quomodo</strong></span> <span class='ocrx_word' id='word_1_315' title='bbox 1519 2344 1713 2401; x_wconf 86' lang='lat' dir='ltr'><strong>medici</strong></span> <span class='ocrx_word' id='word_1_316' title='bbox 1759 2361 1883 2402; x_wconf 90' lang='lat' dir='ltr'><strong>cum</strong></span> <span class='ocrx_word' id='word_1_317' title='bbox 1927 2348 2035 2401; x_wconf 88' lang='lat' dir='ltr'><strong>vim</strong></span> <span class='ocrx_word' id='word_1_318' title='bbox 2086 2348 2220 2403; x_wconf 89' lang='lat' dir='ltr'><strong>artis</strong></span> 
     </span>
    </p>
   </div>
   <div class='ocr_carea' id='block_1_39' title="bbox 613 2435 2222 2509">
    <p class='ocr_par' dir='ltr' id='par_1_39' title="bbox 613 2435 2222 2509">
     <span class='ocr_line' id='line_1_39' title="bbox 613 2435 2222 2509; baseline 0.004 -20"><span class='ocrx_word' id='word_1_319' title='bbox 613 2447 728 2489; x_wconf 80' lang='lat' dir='ltr'><strong>suae</strong></span> <span class='ocrx_word' id='word_1_320' title='bbox 749 2435 801 2490; x_wconf 92' lang='lat' dir='ltr'><strong>in</strong></span> <span class='ocrx_word' id='word_1_321' title='bbox 829 2438 1002 2505; x_wconf 86' lang='lat' dir='ltr'><strong>primo</strong></span> <span class='ocrx_word' id='word_1_322' title='bbox 1022 2436 1261 2492; x_wconf 89' lang='lat' dir='ltr'><strong>viderint</strong></span> <span class='ocrx_word' id='word_1_323' title='bbox 1292 2453 1395 2493; x_wconf 94' lang='lat' dir='ltr'><strong>non</strong></span> <span class='ocrx_word' id='word_1_324' title='bbox 1420 2437 1604 2495; x_wconf 90' lang='lat' dir='ltr'><strong>valere</strong></span> <span class='ocrx_word' id='word_1_325' title='bbox 1631 2438 2016 2509; x_wconf 86' lang='lat' dir='ltr'><strong>medicamine,</strong></span> <span class='ocrx_word' id='word_1_326' title='bbox 2044 2449 2222 2496; x_wconf 91' lang='lat' dir='ltr'><strong>trans-</strong></span> 
     </span>
    </p>
   </div>
   <div class='ocr_carea' id='block_1_40' title="bbox 612 2528 2220 2605">
    <p class='ocr_par' dir='ltr' id='par_1_40' title="bbox 612 2528 2220 2605">
     <span class='ocr_line' id='line_1_40' title="bbox 612 2528 2220 2605; baseline 0.004 -21"><span class='ocrx_word' id='word_1_327' title='bbox 612 2539 746 2586; x_wconf 91' lang='lat' dir='ltr'><strong>cnnt</strong></span> <span class='ocrx_word' id='word_1_328' title='bbox 774 2528 843 2585; x_wconf 91' lang='lat' dir='ltr'><strong>ad</strong></span> <span class='ocrx_word' id='word_1_329' title='bbox 871 2530 1019 2586; x_wconf 87' lang='lat' dir='ltr'><strong>aliud</strong></span> <span class='ocrx_word' id='word_1_330' title='bbox 1040 2572 1057 2599; x_wconf 93' lang='lat'><strong>,</strong></span> <span class='ocrx_word' id='word_1_331' title='bbox 1098 2540 1157 2587; x_wconf 90' lang='lat' dir='ltr'><strong>et</strong></span> <span class='ocrx_word' id='word_1_332' title='bbox 1206 2532 1416 2588; x_wconf 91' lang='lat' dir='ltr'><strong>tamdiu</strong></span> <span class='ocrx_word' id='word_1_333' title='bbox 1444 2531 1798 2603; x_wconf 83' lang='lat' dir='ltr'><strong>experiuntur</strong></span> <span class='ocrx_word' id='word_1_334' title='bbox 1825 2532 1957 2604; x_wconf 91' lang='lat' dir='ltr'><strong>quid</strong></span> <span class='ocrx_word' id='word_1_335' title='bbox 1987 2535 2161 2605; x_wconf 89' lang='lat' dir='ltr'><strong>prosit</strong></span> <span class='ocrx_word' id='word_1_336' title='bbox 2188 2549 2220 2590; x_wconf 92' lang='lat' dir='ltr'><strong>e</strong></span> 
     </span>
    </p>
   </div>
   <div class='ocr_carea' id='block_1_41' title="bbox 611 2623 2218 2699">
    <p class='ocr_par' dir='ltr' id='par_1_41' title="bbox 611 2623 2218 2699">
     <span class='ocr_line' id='line_1_41' title="bbox 611 2623 2218 2699; baseline 0.002 -21"><span class='ocrx_word' id='word_1_337' title='bbox 611 2623 881 2695; x_wconf 87' lang='lat' dir='ltr'><strong>pluribus,</strong></span> <span class='ocrx_word' id='word_1_338' title='bbox 913 2624 1091 2685; x_wconf 87' lang='lat' dir='ltr'><strong>donec</strong></span> <span class='ocrx_word' id='word_1_339' title='bbox 1114 2626 1439 2698; x_wconf 87' lang='lat' dir='ltr'><strong>perveniant</strong></span> <span class='ocrx_word' id='word_1_340' title='bbox 1467 2627 1535 2683; x_wconf 90' lang='lat' dir='ltr'><strong>ad</strong></span> <span class='ocrx_word' id='word_1_341' title='bbox 1567 2629 1906 2683; x_wconf 89' lang='lat' dir='ltr'><strong>curationem</strong></span> <span class='ocrx_word' id='word_1_342' title='bbox 1945 2645 1960 2684; x_wconf 86' lang='lat'><strong>:</strong></span> <span class='ocrx_word' id='word_1_343' title='bbox 1992 2637 2051 2683; x_wconf 94' lang='lat' dir='ltr'><strong>ut</strong></span> <span class='ocrx_word' id='word_1_344' title='bbox 2073 2628 2218 2699; x_wconf 90' lang='lat' dir='ltr'><strong>quod</strong></span> 
     </span>
    </p>
   </div>
   <div class='ocr_carea' id='block_1_42' title="bbox 614 2715 2216 2790">
    <p class='ocr_par' dir='ltr' id='par_1_42' title="bbox 614 2715 2216 2790">
     <span class='ocr_line' id='line_1_42' title="bbox 614 2715 2216 2790; baseline 0.002 -19"><span class='ocrx_word' id='word_1_345' title='bbox 614 2730 710 2785; x_wconf 88' lang='lat' dir='ltr'><strong>per</strong></span> <span class='ocrx_word' id='word_1_346' title='bbox 736 2715 1022 2771; x_wconf 89' lang='lat' dir='ltr'><strong>mollitiem</strong></span> <span class='ocrx_word' id='word_1_347' title='bbox 1073 2716 1305 2788; x_wconf 84' lang='lat' dir='ltr'><strong>alicujus</strong></span> <span class='ocrx_word' id='word_1_348' title='bbox 1334 2717 1615 2789; x_wconf 88' lang='lat' dir='ltr'><strong>emplastri</strong></span> <span class='ocrx_word' id='word_1_349' title='bbox 1648 2733 1989 2790; x_wconf 88' lang='lat' dir='ltr'><strong>nequaquam</strong></span> <span class='ocrx_word' id='word_1_350' title='bbox 2035 2720 2216 2775; x_wconf 91' lang='lat' dir='ltr'><strong>sanari</strong></span> 
     </span>
    </p>
   </div>
   <div class='ocr_carea' id='block_1_43' title="bbox 616 2808 2222 2880">
    <p class='ocr_par' dir='ltr' id='par_1_43' title="bbox 616 2808 2222 2880">
     <span class='ocr_line' id='line_1_43' title="bbox 616 2808 2222 2880; baseline 0.002 -17"><span class='ocrx_word' id='word_1_351' title='bbox 616 2808 812 2878; x_wconf 82' lang='lat' dir='ltr'><strong>valuit,</strong></span> <span class='ocrx_word' id='word_1_352' title='bbox 866 2808 1199 2866; x_wconf 84' lang='lat' dir='ltr'><strong>mordaciori</strong></span> <span class='ocrx_word' id='word_1_353' title='bbox 1233 2812 1488 2880; x_wconf 86' lang='lat' dir='ltr'><strong>pulvere,</strong></span> <span class='ocrx_word' id='word_1_354' title='bbox 1517 2821 1574 2867; x_wconf 90' lang='lat' dir='ltr'><strong>et</strong></span> <span class='ocrx_word' id='word_1_355' title='bbox 1616 2812 1907 2866; x_wconf 87' lang='lat' dir='ltr'><strong>austeriori</strong></span> <span class='ocrx_word' id='word_1_356' title='bbox 1938 2811 2222 2867; x_wconf 84' lang='lat' dir='ltr'><strong>curatione</strong></span> 
     </span>
    </p>
   </div>
   <div class='ocr_carea' id='block_1_44' title="bbox 611 2899 2212 2973">
    <p class='ocr_par' dir='ltr' id='par_1_44' title="bbox 611 2899 2212 2973">
     <span class='ocr_line' id='line_1_44' title="bbox 611 2899 2212 2973; baseline 0.002 -20"><span class='ocrx_word' id='word_1_357' title='bbox 611 2906 842 2954; x_wconf 89' lang='lat' dir='ltr'><strong>sanetur</strong></span> <span class='ocrx_word' id='word_1_358' title='bbox 872 2918 887 2955; x_wconf 92' lang='lat'><strong>:</strong></span> <span class='ocrx_word' id='word_1_359' title='bbox 912 2899 982 2955; x_wconf 90' lang='lat' dir='ltr'><strong>ita</strong></span> <span class='ocrx_word' id='word_1_360' title='bbox 1011 2909 1067 2955; x_wconf 91' lang='lat' dir='ltr'><strong>et</strong></span> <span class='ocrx_word' id='word_1_361' title='bbox 1092 2914 1195 2971; x_wconf 83' lang='lat' dir='ltr'><strong>ego</strong></span> <span class='ocrx_word' id='word_1_362' title='bbox 1217 2901 1342 2972; x_wconf 90' lang='lat' dir='ltr'><strong>quia</strong></span> <span class='ocrx_word' id='word_1_363' title='bbox 1369 2900 1678 2956; x_wconf 80' lang='lat' dir='ltr'><strong>confundor</strong></span> <span class='ocrx_word' id='word_1_364' title='bbox 1704 2902 1757 2956; x_wconf 92' lang='lat' dir='ltr'><strong>in</strong></span> <span class='ocrx_word' id='word_1_365' title='bbox 1784 2902 1962 2969; x_wconf 87' lang='lat' dir='ltr'><strong>vobis,</strong></span> <span class='ocrx_word' id='word_1_366' title='bbox 1985 2912 2040 2957; x_wconf 92' lang='lat' dir='ltr'><strong>et</strong></span> <span class='ocrx_word' id='word_1_367' title='bbox 2061 2903 2212 2973; x_wconf 85' lang='lat' dir='ltr'><strong>igno-</strong></span> 
     </span>
    </p>
   </div>
   <div class='ocr_carea' id='block_1_45' title="bbox 610 2990 2213 3063">
    <p class='ocr_par' dir='ltr' id='par_1_45' title="bbox 610 2990 2213 3063">
     <span class='ocr_line' id='line_1_45' title="bbox 610 2990 2213 3063; baseline 0.001 -16"><span class='ocrx_word' id='word_1_368' title='bbox 610 2990 790 3047; x_wconf 88' lang='lat' dir='ltr'><strong>rantia</strong></span> <span class='ocrx_word' id='word_1_369' title='bbox 821 2991 929 3047; x_wconf 89' lang='lat' dir='ltr'><strong>huc</strong></span> <span class='ocrx_word' id='word_1_370' title='bbox 957 3001 1124 3063; x_wconf 86' lang='lat' dir='ltr'><strong>atque</strong></span> <span class='ocrx_word' id='word_1_371' title='bbox 1155 2992 1286 3047; x_wconf 90' lang='lat' dir='ltr'><strong>illuc</strong></span> <span class='ocrx_word' id='word_1_372' title='bbox 1328 2992 1630 3063; x_wconf 86' lang='lat' dir='ltr'><strong>distrahor,</strong></span> <span class='ocrx_word' id='word_1_373' title='bbox 1672 2993 1871 3049; x_wconf 90' lang='lat' dir='ltr'><strong>vellem</strong></span> <span class='ocrx_word' id='word_1_374' title='bbox 1905 2994 2213 3048; x_wconf 90' lang='lat' dir='ltr'><strong>litterarum</strong></span> 
     </span>
    </p>
   </div>
   <div class='ocr_carea' id='block_1_46' title="bbox 610 3085 2214 3157">
    <p class='ocr_par' dir='ltr' id='par_1_46' title="bbox 610 3085 2214 3157">
     <span class='ocr_line' id='line_1_46' title="bbox 610 3085 2214 3157; baseline 0.001 -17"><span class='ocrx_word' id='word_1_375' title='bbox 610 3098 804 3142; x_wconf 89' lang='lat' dir='ltr'><strong>vocem</strong></span> <span class='ocrx_word' id='word_1_376' title='bbox 834 3100 1080 3156; x_wconf 61' lang='lat' dir='ltr'><strong>praesens</strong></span> <span class='ocrx_word' id='word_1_377' title='bbox 1125 3085 1198 3142; x_wconf 89' lang='lat' dir='ltr'><strong>de</strong></span> <span class='ocrx_word' id='word_1_378' title='bbox 1242 3101 1363 3143; x_wconf 88' lang='lat' dir='ltr'><strong>meo</strong></span> <span class='ocrx_word' id='word_1_379' title='bbox 1392 3101 1488 3142; x_wconf 92' lang='lat' dir='ltr'><strong>ore</strong></span> <span class='ocrx_word' id='word_1_380' title='bbox 1518 3088 1787 3157; x_wconf 80' lang='lat' dir='ltr'><strong>proferre,</strong></span> <span class='ocrx_word' id='word_1_381' title='bbox 1834 3094 1892 3142; x_wconf 89' lang='lat' dir='ltr'><strong>ut</strong></span> <span class='ocrx_word' id='word_1_382' title='bbox 1928 3100 2028 3141; x_wconf 86' lang='lat' dir='ltr'><strong>vos</strong></span> <span class='ocrx_word' id='word_1_383' title='bbox 2055 3086 2214 3141; x_wconf 87' lang='lat' dir='ltr'><strong>solito</strong></span> 
     </span>
    </p>
   </div>
   <div class='ocr_carea' id='block_1_47' title="bbox 2323 1879 3933 1951">
    <p class='ocr_par' dir='ltr' id='par_1_47' title="bbox 2323 1879 3933 1951">
     <span class='ocr_line' id='line_1_47' title="bbox 2323 1879 3933 1951; baseline 0.006 -19"><span class='ocrx_word' id='word_1_384' title='bbox 2323 1879 2515 1951; x_wconf 79' lang='lat' dir='ltr'><strong>faciem</strong></span> <span class='ocrx_word' id='word_1_385' title='bbox 2554 1881 2787 1935; x_wconf 80' lang='lat' dir='ltr'><strong>omnium</strong></span> <span class='ocrx_word' id='word_1_386' title='bbox 2837 1881 3062 1951; x_wconf 79' lang='lat' dir='ltr'><strong>fratrum</strong></span> <span class='ocrx_word' id='word_1_387' title='bbox 3107 1898 3324 1936; x_wconf 73' lang='lat' dir='ltr'><strong>suam.»</strong></span> <span class='ocrx_word' id='word_1_388' title='bbox 3365 1883 3640 1938; x_wconf 81' lang='lat' dir='ltr'><strong>habitabit.</strong></span> <span class='ocrx_word' id='word_1_389' title='bbox 3684 1884 3794 1941; x_wconf 84' lang='lat' dir='ltr'><strong>Sed</strong></span> <span class='ocrx_word' id='word_1_390' title='bbox 3837 1902 3933 1941; x_wconf 84' lang='lat' dir='ltr'><strong>re-~</strong></span> 
     </span>
    </p>
   </div>
   <div class='ocr_carea' id='block_1_48' title="bbox 2322 1968 3911 2046">
    <p class='ocr_par' dir='ltr' id='par_1_48' title="bbox 2322 1968 3911 2046">
     <span class='ocr_line' id='line_1_48' title="bbox 2322 1968 3911 2046; baseline 0.004 -21"><span class='ocrx_word' id='word_1_391' title='bbox 2322 1968 2588 2041; x_wconf 88' lang='lat' dir='ltr'><strong>sponderi</strong></span> <span class='ocrx_word' id='word_1_392' title='bbox 2621 1981 2825 2041; x_wconf 72' lang='lat' dir='ltr'><strong>potest,</strong></span> <span class='ocrx_word' id='word_1_393' title='bbox 2850 1971 3076 2027; x_wconf 85' lang='lat' dir='ltr'><strong>minoris</strong></span> <span class='ocrx_word' id='word_1_394' title='bbox 3100 1974 3443 2029; x_wconf 86' lang='lat' dir='ltr'><strong>auctoritatis</strong></span> <span class='ocrx_word' id='word_1_395' title='bbox 3472 1989 3595 2031; x_wconf 85' lang='lat' dir='ltr'><strong>esse</strong></span> <span class='ocrx_word' id='word_1_396' title='bbox 3623 1979 3911 2046; x_wconf 83' lang='lat' dir='ltr'><strong>repromis-</strong></span> 
     </span>
    </p>
   </div>
   <div class='ocr_carea' id='block_1_49' title="bbox 2322 2064 3908 2140">
    <p class='ocr_par' dir='ltr' id='par_1_49' title="bbox 2322 2064 3908 2140">
     <span class='ocr_line' id='line_1_49' title="bbox 2322 2064 3908 2140; baseline 0.004 -21"><span class='ocrx_word' id='word_1_397' title='bbox 2322 2064 2535 2121; x_wconf 89' lang='lat' dir='ltr'><strong>sionem</strong></span> <span class='ocrx_word' id='word_1_398' title='bbox 2566 2065 2768 2136; x_wconf 88' lang='lat' dir='ltr'><strong>angeli,</strong></span> <span class='ocrx_word' id='word_1_399' title='bbox 2800 2078 2963 2136; x_wconf 87' lang='lat' dir='ltr'><strong>quam</strong></span> <span class='ocrx_word' id='word_1_400' title='bbox 2993 2066 3164 2136; x_wconf 85' lang='lat' dir='ltr'><strong>ipsius</strong></span> <span class='ocrx_word' id='word_1_401' title='bbox 3204 2066 3325 2121; x_wconf 79' lang='lat' dir='ltr'><strong>Dei.</strong></span> <span class='ocrx_word' id='word_1_402' title='bbox 3372 2066 3528 2124; x_wconf 87' lang='lat' dir='ltr'><strong>Sicut</strong></span> <span class='ocrx_word' id='word_1_403' title='bbox 3564 2069 3716 2124; x_wconf 87' lang='lat' dir='ltr'><strong>enim</strong></span> <span class='ocrx_word' id='word_1_404' title='bbox 3748 2070 3908 2140; x_wconf 89' lang='lat' dir='ltr'><strong>stella,</strong></span> 
     </span>
    </p>
   </div>
   <div class='ocr_carea' id='block_1_50' title="bbox 2323 2157 3914 2232">
    <p class='ocr_par' dir='ltr' id='par_1_50' title="bbox 2323 2157 3914 2232">
     <span class='ocr_line' id='line_1_50' title="bbox 2323 2157 3914 2232; baseline 0.003 -20"><span class='ocrx_word' id='word_1_405' title='bbox 2323 2167 2448 2212; x_wconf 92' lang='lat' dir='ltr'><strong>orto</strong></span> <span class='ocrx_word' id='word_1_406' title='bbox 2471 2157 2611 2221; x_wconf 87' lang='lat' dir='ltr'><strong>sole,</strong></span> <span class='ocrx_word' id='word_1_407' title='bbox 2644 2172 2757 2213; x_wconf 90' lang='lat' dir='ltr'><strong>non</strong></span> <span class='ocrx_word' id='word_1_408' title='bbox 2775 2159 3006 2215; x_wconf 87' lang='lat' dir='ltr'><strong>rutilat:</strong></span> <span class='ocrx_word' id='word_1_409' title='bbox 3033 2160 3106 2213; x_wconf 90' lang='lat' dir='ltr'><strong>ita</strong></span> <span class='ocrx_word' id='word_1_410' title='bbox 3131 2166 3188 2216; x_wconf 88' lang='lat' dir='ltr'><strong>et</strong></span> <span class='ocrx_word' id='word_1_411' title='bbox 3209 2160 3389 2229; x_wconf 77' lang='lat' dir='ltr'><strong>angeli</strong></span> <span class='ocrx_word' id='word_1_412' title='bbox 3419 2160 3581 2216; x_wconf 84' lang='lat' dir='ltr'><strong>verba</strong></span> <span class='ocrx_word' id='word_1_413' title='bbox 3610 2161 3678 2215; x_wconf 86' lang='lat' dir='ltr'><strong>ad</strong></span> <span class='ocrx_word' id='word_1_414' title='bbox 3702 2176 3914 2232; x_wconf 83' lang='lat' dir='ltr'><strong>compa-</strong></span> 
     </span>
    </p>
   </div>
   <div class='ocr_carea' id='block_1_51' title="bbox 2323 2251 3911 2321">
    <p class='ocr_par' dir='ltr' id='par_1_51' title="bbox 2323 2251 3911 2321">
     <span class='ocr_line' id='line_1_51' title="bbox 2323 2251 3911 2321; baseline 0.003 -15"><span class='ocrx_word' id='word_1_415' title='bbox 2323 2251 2592 2307; x_wconf 89' lang='lat' dir='ltr'><strong>rationem</strong></span> <span class='ocrx_word' id='word_1_416' title='bbox 2646 2252 3089 2321; x_wconf 89' lang='lat' dir='ltr'><strong>repromissionis</strong></span> <span class='ocrx_word' id='word_1_417' title='bbox 3130 2253 3224 2308; x_wconf 91' lang='lat' dir='ltr'><strong>Dei</strong></span> <span class='ocrx_word' id='word_1_418' title='bbox 3252 2254 3560 2317; x_wconf 86' lang='lat' dir='ltr'><strong>ohscurari,</strong></span> <span class='ocrx_word' id='word_1_419' title='bbox 3596 2263 3653 2310; x_wconf 91' lang='lat' dir='ltr'><strong>et</strong></span> <span class='ocrx_word' id='word_1_420' title='bbox 3692 2269 3911 2311; x_wconf 84' lang='lat' dir='ltr'><strong>evanes-</strong></span> 
     </span>
    </p>
   </div>
   <div class='ocr_carea' id='block_1_52' title="bbox 2322 2345 3911 2419">
    <p class='ocr_par' dir='ltr' id='par_1_52' title="bbox 2322 2345 3911 2419">
     <span class='ocr_line' id='line_1_52' title="bbox 2322 2345 3911 2419; baseline 0.004 -19"><span class='ocrx_word' id='word_1_421' title='bbox 2322 2359 2469 2408; x_wconf 87' lang='lat' dir='ltr'><strong>cere,</strong></span> <span class='ocrx_word' id='word_1_422' title='bbox 2501 2355 2553 2400; x_wconf 90' lang='lat' dir='ltr'><strong>el</strong></span> <span class='ocrx_word' id='word_1_423' title='bbox 2582 2360 2682 2416; x_wconf 89' lang='lat' dir='ltr'><strong>pro</strong></span> <span class='ocrx_word' id='word_1_424' title='bbox 2705 2345 2878 2401; x_wconf 76' lang='lat' dir='ltr'><strong>nihilo</strong></span> <span class='ocrx_word' id='word_1_425' title='bbox 2921 2346 3225 2417; x_wconf 87' lang='lat' dir='ltr'><strong>computari</strong></span> <span class='ocrx_word' id='word_1_426' title='bbox 3277 2346 3510 2404; x_wconf 79' lang='lat' dir='ltr'><strong>Videtur</strong></span> <span class='ocrx_word' id='word_1_427' title='bbox 3548 2349 3775 2419; x_wconf 89' lang='lat' dir='ltr'><strong>quidem</strong></span> <span class='ocrx_word' id='word_1_428' title='bbox 3806 2350 3911 2405; x_wconf 61' lang='lat' dir='ltr'><strong>haec</strong></span> 
     </span>
    </p>
   </div>
   <div class='ocr_carea' id='block_1_53' title="bbox 2323 2438 3926 2509">
    <p class='ocr_par' dir='ltr' id='par_1_53' title="bbox 2323 2438 3926 2509">
     <span class='ocr_line' id='line_1_53' title="bbox 2323 2438 3926 2509; baseline 0.003 -16"><span class='ocrx_word' id='word_1_429' title='bbox 2323 2439 2614 2507; x_wconf 82' lang='lat' dir='ltr'><strong>responsio</strong></span> <span class='ocrx_word' id='word_1_430' title='bbox 2650 2438 2858 2509; x_wconf 87' lang='lat' dir='ltr'><strong>aliquid</strong></span> <span class='ocrx_word' id='word_1_431' title='bbox 2906 2439 3112 2495; x_wconf 87' lang='lat' dir='ltr'><strong>habere</strong></span> <span class='ocrx_word' id='word_1_432' title='bbox 3150 2441 3443 2507; x_wconf 86' lang='lat' dir='ltr'><strong>momenti;</strong></span> <span class='ocrx_word' id='word_1_433' title='bbox 3474 2440 3570 2495; x_wconf 90' lang='lat' dir='ltr'><strong>sed</strong></span> <span class='ocrx_word' id='word_1_434' title='bbox 3611 2443 3797 2497; x_wconf 86' lang='lat' dir='ltr'><strong>statim</strong></span> <span class='ocrx_word' id='word_1_435' title='bbox 3826 2457 3926 2498; x_wconf 86' lang='lat' dir='ltr'><strong>se--</strong></span> 
     </span>
    </p>
   </div>
   <div class='ocr_carea' id='block_1_54' title="bbox 2323 2530 3908 2606">
    <p class='ocr_par' dir='ltr' id='par_1_54' title="bbox 2323 2530 3908 2606">
     <span class='ocr_line' id='line_1_54' title="bbox 2323 2530 3908 2606; baseline 0.004 -22"><span class='ocrx_word' id='word_1_436' title='bbox 2323 2531 2538 2603; x_wconf 90' lang='lat' dir='ltr'><strong>quentis</strong></span> <span class='ocrx_word' id='word_1_437' title='bbox 2562 2530 2860 2601; x_wconf 73' lang='lat' dir='ltr'><strong>Scriptum.</strong></span> <span class='ocrx_word' id='word_1_438' title='bbox 2901 2532 3230 2589; x_wconf 86' lang='lat' dir='ltr'><strong>auctoritate</strong></span> <span class='ocrx_word' id='word_1_439' title='bbox 3261 2534 3590 2591; x_wconf 88' lang='lat' dir='ltr'><strong>conteritur.</strong></span> <span class='ocrx_word' id='word_1_440' title='bbox 3640 2534 3908 2606; x_wconf 62' lang='lat' dir='ltr'><strong>Scriptum</strong></span> 
     </span>
    </p>
   </div>
   <div class='ocr_carea' id='block_1_55' title="bbox 2323 2622 3911 2683">
    <p class='ocr_par' dir='ltr' id='par_1_55' title="bbox 2323 2622 3911 2683">
     <span class='ocr_line' id='line_1_55' title="bbox 2323 2622 3911 2683; baseline 0.002 -5"><span class='ocrx_word' id='word_1_441' title='bbox 2323 2634 2405 2678; x_wconf 83' lang='lat' dir='ltr'><strong>est</strong></span> <span class='ocrx_word' id='word_1_442' title='bbox 2433 2622 2619 2679; x_wconf 89' lang='lat' dir='ltr'><strong>enim:</strong></span> <span class='ocrx_word' id='word_1_443' title='bbox 2667 2623 2931 2679; x_wconf 78' lang='lat' dir='ltr'><strong>Abraham</strong></span> <span class='ocrx_word' id='word_1_444' title='bbox 2980 2633 3155 2680; x_wconf 87' lang='lat' dir='ltr'><strong>autem</strong></span> <span class='ocrx_word' id='word_1_445' title='bbox 3192 2624 3327 2681; x_wconf 70' lang='lat' dir='ltr'><strong>dixit</strong></span> <span class='ocrx_word' id='word_1_446' title='bbox 3360 2626 3429 2681; x_wconf 86' lang='lat' dir='ltr'><strong>ad</strong></span> <span class='ocrx_word' id='word_1_447' title='bbox 3469 2624 3682 2682; x_wconf 83' lang='lat' dir='ltr'><strong>Deum:</strong></span> <span class='ocrx_word' id='word_1_448' title='bbox 3728 2625 3911 2683; x_wconf 83' lang='lat' dir='ltr'><strong>Ismael</strong></span> 
     </span>
    </p>
   </div>
   <div class='ocr_carea' id='block_1_56' title="bbox 2320 2714 4017 2791">
    <p class='ocr_par' dir='ltr' id='par_1_56' title="bbox 2320 2714 4017 2791">
     <span class='ocr_line' id='line_1_56' title="bbox 2320 2714 4017 2791; baseline 0.003 -23"><span class='ocrx_word' id='word_1_449' title='bbox 2320 2715 2419 2769; x_wconf 83' lang='lat' dir='ltr'><strong>iste</strong></span> <span class='ocrx_word' id='word_1_450' title='bbox 2448 2715 2583 2769; x_wconf 83' lang='lat' dir='ltr'><strong>vivat</strong></span> <span class='ocrx_word' id='word_1_451' title='bbox 2629 2714 2684 2770; x_wconf 90' lang='lat' dir='ltr'><strong>in</strong></span> <span class='ocrx_word' id='word_1_452' title='bbox 2726 2725 3007 2784; x_wconf 88' lang='lat' dir='ltr'><strong>conspectu</strong></span> <span class='ocrx_word' id='word_1_453' title='bbox 3038 2725 3124 2770; x_wconf 87' lang='lat' dir='ltr'><strong>tuo</strong></span> <span class='ocrx_word' id='word_1_454' title='bbox 3151 2714 3345 2784; x_wconf 84' lang='lat' dir='ltr'><strong>(Ibid.,</strong></span> <span class='ocrx_word' id='word_1_455' title='bbox 3382 2732 3511 2782; x_wconf 79' lang='lat' dir='ltr'><strong>xvtl,</strong></span> <span class='ocrx_word' id='word_1_456' title='bbox 3538 2718 3607 2772; x_wconf 75' lang='grc'><strong>18</strong></span> <span class='ocrx_word' id='word_1_457' title='bbox 3634 2716 3912 2791; x_wconf 84' lang='lat' dir='ltr'><strong>seqq.):et</strong></span> <span class='ocrx_word' id='word_1_458' title='bbox 4016 2734 4017 2743; x_wconf 44' lang='grc' dir='ltr'><strong>η</strong></span> 
     </span>
    </p>
   </div>
   <div class='ocr_carea' id='block_1_57' title="bbox 2321 2805 3910 2880">
    <p class='ocr_par' dir='ltr' id='par_1_57' title="bbox 2321 2805 3910 2880">
     <span class='ocr_line' id='line_1_57' title="bbox 2321 2805 3910 2880; baseline 0.001 -18"><span class='ocrx_word' id='word_1_459' title='bbox 2321 2805 2466 2862; x_wconf 89' lang='lat' dir='ltr'><strong>Deus</strong></span> <span class='ocrx_word' id='word_1_460' title='bbox 2496 2806 2779 2876; x_wconf 88' lang='lat' dir='ltr'><strong>respondit</strong></span> <span class='ocrx_word' id='word_1_461' title='bbox 2813 2808 2878 2861; x_wconf 86' lang='lat' dir='ltr'><strong>ad</strong></span> <span class='ocrx_word' id='word_1_462' title='bbox 2922 2823 3045 2863; x_wconf 89' lang='lat' dir='ltr'><strong>eum</strong></span> <span class='ocrx_word' id='word_1_463' title='bbox 3076 2808 3147 2862; x_wconf 89' lang='lat' dir='ltr'><strong>ita</strong></span> <span class='ocrx_word' id='word_1_464' title='bbox 3174 2826 3188 2860; x_wconf 86' lang='lat'><strong>:</strong></span> <span class='ocrx_word' id='word_1_465' title='bbox 3224 2807 3356 2863; x_wconf 80' lang='lat' dir='ltr'><strong>Ecce</strong></span> <span class='ocrx_word' id='word_1_466' title='bbox 3382 2809 3523 2864; x_wconf 87' lang='lat' dir='ltr'><strong>Sara</strong></span> <span class='ocrx_word' id='word_1_467' title='bbox 3549 2824 3683 2863; x_wconf 76' lang='lat' dir='ltr'><strong>uxor</strong></span> <span class='ocrx_word' id='word_1_468' title='bbox 3711 2818 3804 2863; x_wconf 81' lang='lat' dir='ltr'><strong>tua</strong></span> <span class='ocrx_word' id='word_1_469' title='bbox 3826 2826 3910 2880; x_wconf 82' lang='lat' dir='ltr'><strong>pa-</strong></span> 
     </span>
    </p>
   </div>
   <div class='ocr_carea' id='block_1_58' title="bbox 2319 2898 3908 2977">
    <p class='ocr_par' dir='ltr' id='par_1_58' title="bbox 2319 2898 3908 2977">
     <span class='ocr_line' id='line_1_58' title="bbox 2319 2898 3908 2977; baseline 0.004 -24"><span class='ocrx_word' id='word_1_470' title='bbox 2319 2900 2415 2954; x_wconf 88' lang='lat' dir='ltr'><strong>riet</strong></span> <span class='ocrx_word' id='word_1_471' title='bbox 2443 2900 2537 2955; x_wconf 86' lang='lat' dir='ltr'><strong>tibi</strong></span> <span class='ocrx_word' id='word_1_472' title='bbox 2570 2898 2740 2970; x_wconf 81' lang='lat' dir='ltr'><strong>filium</strong></span> <span class='ocrx_word' id='word_1_473' title='bbox 2767 2942 2782 2967; x_wconf 91' lang='lat'><strong>,</strong></span> <span class='ocrx_word' id='word_1_474' title='bbox 2814 2911 2863 2955; x_wconf 86' lang='lat' dir='ltr'><strong>et</strong></span> <span class='ocrx_word' id='word_1_475' title='bbox 2891 2901 3095 2957; x_wconf 74' lang='lat' dir='ltr'><strong>vocabis</strong></span> <span class='ocrx_word' id='word_1_476' title='bbox 3137 2919 3322 2959; x_wconf 89' lang='lat' dir='ltr'><strong>nomen</strong></span> <span class='ocrx_word' id='word_1_477' title='bbox 3362 2907 3475 2977; x_wconf 76' lang='lat' dir='ltr'><strong>ejus</strong></span> <span class='ocrx_word' id='word_1_478' title='bbox 3512 2902 3690 2970; x_wconf 61' lang='lat' dir='ltr'><strong>Isaac,</strong></span> <span class='ocrx_word' id='word_1_479' title='bbox 3737 2916 3785 2961; x_wconf 90' lang='lat' dir='ltr'><strong>et</strong></span> <span class='ocrx_word' id='word_1_480' title='bbox 3812 2915 3908 2961; x_wconf 56' lang='lat' dir='ltr'><strong>sta.</strong></span> 
     </span>
    </p>
   </div>
   <div class='ocr_carea' id='block_1_59' title="bbox 2321 2996 3910 3063">
    <p class='ocr_par' dir='ltr' id='par_1_59' title="bbox 2321 2996 3910 3063">
     <span class='ocr_line' id='line_1_59' title="bbox 2321 2996 3910 3063; baseline 0.003 -14"><span class='ocrx_word' id='word_1_481' title='bbox 2321 3003 2464 3050; x_wconf 88' lang='lat' dir='ltr'><strong>tuam</strong></span> <span class='ocrx_word' id='word_1_482' title='bbox 2492 3005 2851 3051; x_wconf 78' lang='lat' dir='ltr'><strong>testamentum</strong></span> <span class='ocrx_word' id='word_1_483' title='bbox 2870 3013 3038 3051; x_wconf 87' lang='lat' dir='ltr'><strong>meum</strong></span> <span class='ocrx_word' id='word_1_484' title='bbox 3062 2996 3133 3050; x_wconf 85' lang='lat' dir='ltr'><strong>ad</strong></span> <span class='ocrx_word' id='word_1_485' title='bbox 3148 3014 3286 3063; x_wconf 87' lang='lat' dir='ltr'><strong>eum,</strong></span> <span class='ocrx_word' id='word_1_486' title='bbox 3304 2998 3360 3051; x_wconf 84' lang='lat' dir='ltr'><strong>in</strong></span> <span class='ocrx_word' id='word_1_487' title='bbox 3389 3008 3755 3054; x_wconf 85' lang='lat' dir='ltr'><strong>testamentum</strong></span> <span class='ocrx_word' id='word_1_488' title='bbox 3767 3008 3910 3055; x_wconf 81' lang='lat' dir='ltr'><strong>teter-</strong></span> 
     </span>
    </p>
   </div>
   <div class='ocr_carea' id='block_1_60' title="bbox 2320 3089 3912 3165">
    <p class='ocr_par' dir='ltr' id='par_1_60' title="bbox 2320 3089 3912 3165">
     <span class='ocr_line' id='line_1_60' title="bbox 2320 3089 3912 3165; baseline 0.004 -23"><span class='ocrx_word' id='word_1_489' title='bbox 2320 3105 2464 3151; x_wconf 88' lang='lat' dir='ltr'><strong>num,</strong></span> <span class='ocrx_word' id='word_1_490' title='bbox 2488 3097 2538 3143; x_wconf 91' lang='lat' dir='ltr'><strong>et</strong></span> <span class='ocrx_word' id='word_1_491' title='bbox 2552 3090 2734 3144; x_wconf 79' lang='lat' dir='ltr'><strong>semini</strong></span> <span class='ocrx_word' id='word_1_492' title='bbox 2755 3092 2869 3161; x_wconf 83' lang='lat' dir='ltr'><strong>ejus</strong></span> <span class='ocrx_word' id='word_1_493' title='bbox 2896 3098 3009 3157; x_wconf 89' lang='lat' dir='ltr'><strong>post</strong></span> <span class='ocrx_word' id='word_1_494' title='bbox 3037 3106 3180 3146; x_wconf 86' lang='lat' dir='ltr'><strong>eum.</strong></span> <span class='ocrx_word' id='word_1_495' title='bbox 3204 3089 3285 3145; x_wconf 89' lang='lat' dir='ltr'><strong>De</strong></span> <span class='ocrx_word' id='word_1_496' title='bbox 3308 3089 3503 3146; x_wconf 85' lang='lat' dir='ltr'><strong>Ismael</strong></span> <span class='ocrx_word' id='word_1_497' title='bbox 3523 3102 3699 3146; x_wconf 89' lang='lat' dir='ltr'><strong>autem</strong></span> <span class='ocrx_word' id='word_1_498' title='bbox 3718 3109 3740 3146; x_wconf 89' lang='lat'><strong>:</strong></span> <span class='ocrx_word' id='word_1_499' title='bbox 3762 3090 3912 3165; x_wconf 67' lang='grc' dir='ltr'><strong>ωε)</strong></span> 
     </span>
    </p>
   </div>
   <div class='ocr_carea' id='block_1_61' title="bbox 607 3154 3907 3256">
    <p class='ocr_par' dir='ltr' id='par_1_61' title="bbox 607 3154 3907 3256">
     <span class='ocr_line' id='line_1_61' title="bbox 607 3154 3907 3256; baseline 0 -20"><span class='ocrx_word' id='word_1_500' title='bbox 607 3179 857 3237; x_wconf 73' lang='lat' dir='ltr'><strong>severior</strong></span> <span class='ocrx_word' id='word_1_501' title='bbox 888 3180 1004 3251; x_wconf 87' lang='lat' dir='ltr'><strong>ipse</strong></span> <span class='ocrx_word' id='word_1_502' title='bbox 1033 3179 1400 3252; x_wconf 87' lang='lat' dir='ltr'><strong>corripercm;</strong></span> <span class='ocrx_word' id='word_1_503' title='bbox 1433 3179 1689 3252; x_wconf 90' lang='lat' dir='ltr'><strong>quoniam</strong></span> <span class='ocrx_word' id='word_1_504' title='bbox 1719 3179 1949 3250; x_wconf 83' lang='lat' dir='ltr'><strong>epistola</strong></span> <span class='ocrx_word' id='word_1_505' title='bbox 1976 3196 2084 3235; x_wconf 90' lang='lat' dir='ltr'><strong>non</strong></span> <span class='ocrx_word' id='word_1_506' title='bbox 2112 3194 2211 3251; x_wconf 89' lang='lat' dir='ltr'><strong>po-</strong></span> <span class='ocrx_word' id='word_1_507' title='bbox 2242 3154 2289 3220; x_wconf 68' lang='grc' dir='ltr'>Ο</span> <span class='ocrx_word' id='word_1_508' title='bbox 2322 3179 2456 3235; x_wconf 83' lang='lat' dir='ltr'><strong>Ecce</strong></span> <span class='ocrx_word' id='word_1_509' title='bbox 2469 3181 2717 3234; x_wconf 66' lang='lat' dir='ltr'><strong>exaudiui</strong></span> <span class='ocrx_word' id='word_1_510' title='bbox 2745 3188 2815 3247; x_wconf 90' lang='lat' dir='ltr'><strong>te,</strong></span> <span class='ocrx_word' id='word_1_511' title='bbox 2837 3190 2887 3237; x_wconf 88' lang='lat' dir='ltr'><strong>et</strong></span> <span class='ocrx_word' id='word_1_512' title='bbox 2911 3198 3027 3237; x_wconf 86' lang='lat' dir='ltr'><strong>ecce</strong></span> <span class='ocrx_word' id='word_1_513' title='bbox 3049 3182 3291 3238; x_wconf 75' lang='lat' dir='ltr'><strong>benedixi</strong></span> <span class='ocrx_word' id='word_1_514' title='bbox 3313 3199 3451 3249; x_wconf 85' lang='lat' dir='ltr'><strong>eum,</strong></span> <span class='ocrx_word' id='word_1_515' title='bbox 3481 3192 3531 3237; x_wconf 88' lang='lat' dir='ltr'><strong>et</strong></span> <span class='ocrx_word' id='word_1_516' title='bbox 3556 3184 3763 3256; x_wconf 78' lang='lat' dir='ltr'><strong>augebo</strong></span> <span class='ocrx_word' id='word_1_517' title='bbox 3782 3154 3907 3252; x_wconf 66' lang='lat' dir='ltr'><strong>eum,</strong></span> 
     </span>
    </p>
   </div>
   <div class='ocr_carea' id='block_1_62' title="bbox 608 3273 2216 3346">
    <p class='ocr_par' dir='ltr' id='par_1_62' title="bbox 608 3273 2216 3346">
     <span class='ocr_line' id='line_1_62' title="bbox 608 3273 2216 3346; baseline -0.001 -17"><span class='ocrx_word' id='word_1_518' title='bbox 608 3281 718 3329; x_wconf 90' lang='lat' dir='ltr'><strong>test</strong></span> <span class='ocrx_word' id='word_1_519' title='bbox 744 3289 935 3331; x_wconf 89' lang='lat' dir='ltr'><strong>vocem</strong></span> <span class='ocrx_word' id='word_1_520' title='bbox 981 3273 1323 3346; x_wconf 86' lang='lat' dir='ltr'><strong>objurgantis</strong></span> <span class='ocrx_word' id='word_1_521' title='bbox 1373 3274 1717 3345; x_wconf 82' lang='lat' dir='ltr'><strong>exprimere;</strong></span> <span class='ocrx_word' id='word_1_522' title='bbox 1765 3288 1870 3329; x_wconf 91' lang='lat' dir='ltr'><strong>non</strong></span> <span class='ocrx_word' id='word_1_523' title='bbox 1912 3273 2062 3330; x_wconf 89' lang='lat' dir='ltr'><strong>valet</strong></span> <span class='ocrx_word' id='word_1_524' title='bbox 2104 3274 2216 3329; x_wconf 87' lang='lat' dir='ltr'><strong>ira-</strong></span> 
     </span>
    </p>
   </div>
   <div class='ocr_carea' id='block_1_63' title="bbox 604 3366 2217 3439">
    <p class='ocr_par' dir='ltr' id='par_1_63' title="bbox 604 3366 2217 3439">
     <span class='ocr_line' id='line_1_63' title="bbox 604 3366 2217 3439; baseline 0 -17"><span class='ocrx_word' id='word_1_525' title='bbox 604 3366 813 3422; x_wconf 82' lang='lat' dir='ltr'><strong>scentis</strong></span> <span class='ocrx_word' id='word_1_526' title='bbox 840 3381 1105 3423; x_wconf 88' lang='lat' dir='ltr'><strong>resonare</strong></span> <span class='ocrx_word' id='word_1_527' title='bbox 1127 3369 1450 3436; x_wconf 84' lang='lat' dir='ltr'><strong>clamorem,</strong></span> <span class='ocrx_word' id='word_1_528' title='bbox 1479 3378 1534 3423; x_wconf 91' lang='lat' dir='ltr'><strong>et</strong></span> <span class='ocrx_word' id='word_1_529' title='bbox 1556 3367 1803 3423; x_wconf 90' lang='lat' dir='ltr'><strong>dolorem</strong></span> <span class='ocrx_word' id='word_1_530' title='bbox 1837 3369 2075 3439; x_wconf 85' lang='lat' dir='ltr'><strong>pectoris</strong></span> <span class='ocrx_word' id='word_1_531' title='bbox 2099 3367 2217 3439; x_wconf 89' lang='lat' dir='ltr'><strong>api-</strong></span> 
     </span>
    </p>
   </div>
   <div class='ocr_carea' id='block_1_64' title="bbox 603 3457 2208 3530">
    <p class='ocr_par' dir='ltr' id='par_1_64' title="bbox 603 3457 2208 3530">
     <span class='ocr_line' id='line_1_64' title="bbox 603 3457 2208 3530; baseline 0 -17"><span class='ocrx_word' id='word_1_532' title='bbox 603 3457 761 3513; x_wconf 84' lang='lat' dir='ltr'><strong>cibus</strong></span> <span class='ocrx_word' id='word_1_533' title='bbox 788 3459 1094 3529; x_wconf 83' lang='lat' dir='ltr'><strong>explicare.</strong></span> <span class='ocrx_word' id='word_1_534' title='bbox 1139 3458 1327 3515; x_wconf 85' lang='lat' dir='ltr'><strong>Potest</strong></span> <span class='ocrx_word' id='word_1_535' title='bbox 1355 3470 1537 3514; x_wconf 88' lang='lat' dir='ltr'><strong>autem</strong></span> <span class='ocrx_word' id='word_1_536' title='bbox 1568 3469 1625 3516; x_wconf 89' lang='lat' dir='ltr'><strong>et</strong></span> <span class='ocrx_word' id='word_1_537' title='bbox 1653 3458 1960 3530; x_wconf 88' lang='lat' dir='ltr'><strong>simplicius</strong></span> <span class='ocrx_word' id='word_1_538' title='bbox 2006 3460 2208 3514; x_wconf 63' lang='lat' dir='ltr'><strong>intelli.</strong></span> 
     </span>
    </p>
   </div>
   <div class='ocr_carea' id='block_1_65' title="bbox 601 3549 2211 3622">
    <p class='ocr_par' dir='ltr' id='par_1_65' title="bbox 601 3549 2211 3622">
     <span class='ocr_line' id='line_1_65' title="bbox 601 3549 2211 3622; baseline 0.001 -17"><span class='ocrx_word' id='word_1_539' title='bbox 601 3549 699 3621; x_wconf 83' lang='lat' dir='ltr'><strong>gi:</strong></span> <span class='ocrx_word' id='word_1_540' title='bbox 735 3550 960 3606; x_wconf 87' lang='lat' dir='ltr'><strong>Blandis</strong></span> <span class='ocrx_word' id='word_1_541' title='bbox 1007 3549 1150 3622; x_wconf 86' lang='lat' dir='ltr'><strong>apud</strong></span> <span class='ocrx_word' id='word_1_542' title='bbox 1195 3566 1294 3605; x_wconf 76' lang='lat' dir='ltr'><strong>vos</strong></span> <span class='ocrx_word' id='word_1_543' title='bbox 1345 3550 1509 3606; x_wconf 90' lang='lat' dir='ltr'><strong>modo</strong></span> <span class='ocrx_word' id='word_1_544' title='bbox 1548 3551 1735 3605; x_wconf 89' lang='lat' dir='ltr'><strong>verbis</strong></span> <span class='ocrx_word' id='word_1_545' title='bbox 1787 3567 1916 3607; x_wconf 90' lang='lat' dir='ltr'><strong>usus</strong></span> <span class='ocrx_word' id='word_1_546' title='bbox 1945 3565 2089 3617; x_wconf 89' lang='lat' dir='ltr'><strong>sum,</strong></span> <span class='ocrx_word' id='word_1_547' title='bbox 2133 3550 2211 3606; x_wconf 86' lang='lat' dir='ltr'><strong>di—</strong></span> 
     </span>
    </p>
   </div>
   <div class='ocr_carea' id='block_1_66' title="bbox 600 3638 2215 3715">
    <p class='ocr_par' dir='ltr' id='par_1_66' title="bbox 600 3638 2215 3715">
     <span class='ocr_line' id='line_1_66' title="bbox 600 3638 2215 3715; baseline 0.001 -18"><span class='ocrx_word' id='word_1_548' title='bbox 600 3655 735 3699; x_wconf 80' lang='lat' dir='ltr'><strong>cens</strong></span> <span class='ocrx_word' id='word_1_549' title='bbox 764 3660 778 3697; x_wconf 89' lang='lat'><strong>:</strong></span> <span class='ocrx_word' id='word_1_550' title='bbox 809 3638 1051 3706; x_wconf 80' lang='lat' dir='ltr'><strong>Fratres,</strong></span> <span class='ocrx_word' id='word_1_551' title='bbox 1084 3641 1296 3698; x_wconf 78' lang='lat' dir='ltr'><strong>ob;ecro</strong></span> <span class='ocrx_word' id='word_1_552' title='bbox 1316 3659 1426 3697; x_wconf 84' lang='lat' dir='ltr'><strong>vos.</strong></span> <span class='ocrx_word' id='word_1_553' title='bbox 1460 3642 1529 3697; x_wconf 85' lang='lat' dir='ltr'><strong>Et</strong></span> <span class='ocrx_word' id='word_1_554' title='bbox 1556 3659 1569 3695; x_wconf 92' lang='lat'><strong>:</strong></span> <span class='ocrx_word' id='word_1_555' title='bbox 1600 3640 1788 3697; x_wconf 84' lang='lat' dir='ltr'><strong>Filioli</strong></span> <span class='ocrx_word' id='word_1_556' title='bbox 1819 3643 1941 3710; x_wconf 85' lang='lat' dir='ltr'><strong>mei,</strong></span> <span class='ocrx_word' id='word_1_557' title='bbox 1972 3660 2100 3715; x_wconf 85' lang='lat' dir='ltr'><strong>quos</strong></span> <span class='ocrx_word' id='word_1_558' title='bbox 2120 3646 2215 3698; x_wconf 88' lang='lat' dir='ltr'><strong>ite-</strong></span> 
     </span>
    </p>
   </div>
   <div class='ocr_carea' id='block_1_67' title="bbox 598 3735 2212 3809">
    <p class='ocr_par' dir='ltr' id='par_1_67' title="bbox 598 3735 2212 3809">
     <span class='ocr_line' id='line_1_67' title="bbox 598 3735 2212 3809; baseline 0.001 -17"><span class='ocrx_word' id='word_1_559' title='bbox 598 3753 719 3792; x_wconf 82' lang='lat' dir='ltr'><strong>rum</strong></span> <span class='ocrx_word' id='word_1_560' title='bbox 749 3736 990 3809; x_wconf 88' lang='lat' dir='ltr'><strong>parturio</strong></span> <span class='ocrx_word' id='word_1_561' title='bbox 1017 3736 1181 3790; x_wconf 86' lang='lat' dir='ltr'><strong>donec</strong></span> <span class='ocrx_word' id='word_1_562' title='bbox 1230 3735 1470 3792; x_wconf 75' lang='lat' dir='ltr'><strong>Christus</strong></span> <span class='ocrx_word' id='word_1_563' title='bbox 1519 3740 1774 3808; x_wconf 77' lang='lat' dir='ltr'><strong>formetur</strong></span> <span class='ocrx_word' id='word_1_564' title='bbox 1812 3738 1867 3791; x_wconf 88' lang='lat' dir='ltr'><strong>in</strong></span> <span class='ocrx_word' id='word_1_565' title='bbox 1911 3737 2093 3803; x_wconf 77' lang='lat' dir='ltr'><strong>vobis;</strong></span> <span class='ocrx_word' id='word_1_566' title='bbox 2118 3738 2212 3793; x_wconf 86' lang='lat' dir='ltr'><strong>sed</strong></span> 
     </span>
    </p>
   </div>
   <div class='ocr_carea' id='block_1_68' title="bbox 597 3826 2213 3901">
    <p class='ocr_par' dir='ltr' id='par_1_68' title="bbox 597 3826 2213 3901">
     <span class='ocr_line' id='line_1_68' title="bbox 597 3826 2213 3901; baseline 0.001 -19"><span class='ocrx_word' id='word_1_567' title='bbox 597 3842 705 3901; x_wconf 86' lang='lat' dir='ltr'><strong>ego</strong></span> <span class='ocrx_word' id='word_1_568' title='bbox 733 3826 967 3884; x_wconf 88' lang='lat' dir='ltr'><strong>blandus</strong></span> <span class='ocrx_word' id='word_1_569' title='bbox 992 3838 1047 3883; x_wconf 90' lang='lat' dir='ltr'><strong>et</strong></span> <span class='ocrx_word' id='word_1_570' title='bbox 1077 3829 1237 3895; x_wconf 90' lang='lat' dir='ltr'><strong>lenis,</strong></span> <span class='ocrx_word' id='word_1_571' title='bbox 1269 3831 1359 3899; x_wconf 91' lang='lat' dir='ltr'><strong>qui</strong></span> <span class='ocrx_word' id='word_1_572' title='bbox 1404 3828 1472 3884; x_wconf 91' lang='lat' dir='ltr'><strong>ad</strong></span> <span class='ocrx_word' id='word_1_573' title='bbox 1502 3843 1600 3883; x_wconf 86' lang='lat' dir='ltr'><strong>vos</strong></span> <span class='ocrx_word' id='word_1_574' title='bbox 1622 3829 1777 3899; x_wconf 88' lang='lat' dir='ltr'><strong>quasi</strong></span> <span class='ocrx_word' id='word_1_575' title='bbox 1810 3840 1969 3900; x_wconf 90' lang='lat' dir='ltr'><strong>pater</strong></span> <span class='ocrx_word' id='word_1_576' title='bbox 1999 3830 2213 3885; x_wconf 88' lang='lat' dir='ltr'><strong>locutus</strong></span> 
     </span>
    </p>
   </div>
   <div class='ocr_carea' id='block_1_69' title="bbox 599 3918 2211 3995">
    <p class='ocr_par' dir='ltr' id='par_1_69' title="bbox 599 3918 2211 3995">
     <span class='ocr_line' id='line_1_69' title="bbox 599 3918 2211 3995; baseline 0.001 -20"><span class='ocrx_word' id='word_1_577' title='bbox 599 3933 751 3988; x_wconf 88' lang='lat' dir='ltr'><strong>sum,</strong></span> <span class='ocrx_word' id='word_1_578' title='bbox 782 3934 882 3995; x_wconf 86' lang='lat' dir='ltr'><strong>pro</strong></span> <span class='ocrx_word' id='word_1_579' title='bbox 910 3934 974 3974; x_wconf 86' lang='lat' dir='ltr'><strong>ea</strong></span> <span class='ocrx_word' id='word_1_580' title='bbox 1002 3918 1275 3975; x_wconf 85' lang='lat' dir='ltr'><strong>charitate</strong></span> <span class='ocrx_word' id='word_1_581' title='bbox 1318 3935 1426 3995; x_wconf 87' lang='lat' dir='ltr'><strong>qua</strong></span> <span class='ocrx_word' id='word_1_582' title='bbox 1456 3918 1485 3959; x_wconf 66' lang='grc' dir='ltr'><strong>ι’</strong></span> <span class='ocrx_word' id='word_1_583' title='bbox 1519 3918 1667 3977; x_wconf 80' lang='lat' dir='ltr'><strong>ﬁlios</strong></span> <span class='ocrx_word' id='word_1_584' title='bbox 1703 3935 1858 3977; x_wconf 92' lang='lat' dir='ltr'><strong>meos</strong></span> <span class='ocrx_word' id='word_1_585' title='bbox 1894 3922 2073 3992; x_wconf 88' lang='lat' dir='ltr'><strong>perire</strong></span> <span class='ocrx_word' id='word_1_586' title='bbox 2106 3936 2211 3977; x_wconf 92' lang='lat' dir='ltr'><strong>non</strong></span> 
     </span>
    </p>
   </div>
   <div class='ocr_carea' id='block_1_70' title="bbox 601 3994 2213 4084">
    <p class='ocr_par' dir='ltr' id='par_1_70' title="bbox 601 3994 2213 4084">
     <span class='ocr_line' id='line_1_70' title="bbox 601 3994 2213 4084; baseline 0.006 -22"><span class='ocrx_word' id='word_1_587' title='bbox 601 3994 861 4080; x_wconf 49' lang='lat' dir='ltr'><strong>patior&#39;et</strong></span> <span class='ocrx_word' id='word_1_588' title='bbox 890 4025 1081 4067; x_wconf 88' lang='lat' dir='ltr'><strong>errare</strong></span> <span class='ocrx_word' id='word_1_589' title='bbox 1107 4020 1399 4082; x_wconf 85' lang='lat' dir='ltr'><strong>perpetuo,</strong></span> <span class='ocrx_word' id='word_1_590' title='bbox 1425 4012 1621 4067; x_wconf 88' lang='lat' dir='ltr'><strong>vellem</strong></span> <span class='ocrx_word' id='word_1_591' title='bbox 1645 4028 1790 4068; x_wconf 91' lang='lat' dir='ltr'><strong>nunc</strong></span> <span class='ocrx_word' id='word_1_592' title='bbox 1820 4028 2063 4084; x_wconf 67' lang='lat' dir='ltr'><strong>przesens</strong></span> <span class='ocrx_word' id='word_1_593' title='bbox 2092 4029 2213 4071; x_wconf 89' lang='lat' dir='ltr'><strong>esse</strong></span> 
     </span>
    </p>
   </div>
   <div class='ocr_carea' id='block_1_71' title="bbox 602 4100 2210 4173">
    <p class='ocr_par' dir='ltr' id='par_1_71' title="bbox 602 4100 2210 4173">
     <span class='ocr_line' id='line_1_71' title="bbox 602 4100 2210 4173; baseline 0.002 -16"><span class='ocrx_word' id='word_1_594' title='bbox 602 4101 648 4157; x_wconf 88' lang='lat' dir='ltr'><strong>si</strong></span> <span class='ocrx_word' id='word_1_595' title='bbox 671 4100 1038 4157; x_wconf 79' lang='lat' dir='ltr'><strong>confessionis</strong></span> <span class='ocrx_word' id='word_1_596' title='bbox 1064 4118 1151 4160; x_wconf 90' lang='lat' dir='ltr'><strong>me</strong></span> <span class='ocrx_word' id='word_1_597' title='bbox 1173 4102 1397 4161; x_wconf 90' lang='lat' dir='ltr'><strong>vincula</strong></span> <span class='ocrx_word' id='word_1_598' title='bbox 1418 4118 1526 4161; x_wconf 95' lang='lat' dir='ltr'><strong>non</strong></span> <span class='ocrx_word' id='word_1_599' title='bbox 1554 4114 1858 4173; x_wconf 88' lang='lat' dir='ltr'><strong>arctarent,</strong></span> <span class='ocrx_word' id='word_1_600' title='bbox 1883 4117 1937 4161; x_wconf 89' lang='lat' dir='ltr'><strong>et</strong></span> <span class='ocrx_word' id='word_1_601' title='bbox 1957 4105 2210 4161; x_wconf 90' lang='lat' dir='ltr'><strong>blandam</strong></span> 
     </span>
    </p>
   </div>
   <div class='ocr_carea' id='block_1_72' title="bbox 601 4196 2213 4266">
    <p class='ocr_par' dir='ltr' id='par_1_72' title="bbox 601 4196 2213 4266">
     <span class='ocr_line' id='line_1_72' title="bbox 601 4196 2213 4266; baseline 0.002 -14"><span class='ocrx_word' id='word_1_602' title='bbox 601 4210 796 4252; x_wconf 88' lang='lat' dir='ltr'><strong>vocem</strong></span> <span class='ocrx_word' id='word_1_603' title='bbox 841 4196 895 4251; x_wconf 93' lang='lat' dir='ltr'><strong>in</strong></span> <span class='ocrx_word' id='word_1_604' title='bbox 946 4197 1294 4266; x_wconf 88' lang='lat' dir='ltr'><strong>objurgautis</strong></span> <span class='ocrx_word' id='word_1_605' title='bbox 1338 4200 1509 4255; x_wconf 85' lang='lat' dir='ltr'><strong>verba</strong></span> <span class='ocrx_word' id='word_1_606' title='bbox 1556 4208 1789 4255; x_wconf 85' lang='lat' dir='ltr'><strong>mutare.</strong></span> <span class='ocrx_word' id='word_1_607' title='bbox 1821 4199 1933 4255; x_wconf 80' lang='lat' dir='ltr'><strong>Nec</strong></span> <span class='ocrx_word' id='word_1_608' title='bbox 1973 4201 2213 4256; x_wconf 88' lang='lat' dir='ltr'><strong>levitatis</strong></span> 
     </span>
    </p>
   </div>
   <div class='ocr_carea' id='block_1_73' title="bbox 594 4290 2208 4366">
    <p class='ocr_par' dir='ltr' id='par_1_73' title="bbox 594 4290 2208 4366">
     <span class='ocr_line' id='line_1_73' title="bbox 594 4290 2208 4366; baseline 0.001 -20"><span class='ocrx_word' id='word_1_609' title='bbox 594 4299 704 4355; x_wconf 86' lang='lat' dir='ltr'><strong>est,</strong></span> <span class='ocrx_word' id='word_1_610' title='bbox 731 4290 778 4345; x_wconf 88' lang='lat' dir='ltr'><strong>si</strong></span> <span class='ocrx_word' id='word_1_611' title='bbox 806 4306 953 4346; x_wconf 89' lang='lat' dir='ltr'><strong>nunc</strong></span> <span class='ocrx_word' id='word_1_612' title='bbox 977 4290 1144 4366; x_wconf 61' lang='grc'><strong>469</strong></span> <span class='ocrx_word' id='word_1_613' title='bbox 1170 4290 1448 4361; x_wconf 88' lang='lat' dir='ltr'><strong>blandiar,</strong></span> <span class='ocrx_word' id='word_1_614' title='bbox 1493 4309 1641 4348; x_wconf 92' lang='lat' dir='ltr'><strong>nunc</strong></span> <span class='ocrx_word' id='word_1_615' title='bbox 1683 4295 1925 4360; x_wconf 62' lang='lat' dir='ltr'><strong>irascar;</strong></span> <span class='ocrx_word' id='word_1_616' title='bbox 1978 4295 2208 4365; x_wconf 89' lang='lat' dir='ltr'><strong>impellit</strong></span> 
     </span>
    </p>
   </div>
   <div class='ocr_carea' id='block_1_74' title="bbox 593 4382 2211 4454">
    <p class='ocr_par' dir='ltr' id='par_1_74' title="bbox 593 4382 2211 4454">
     <span class='ocr_line' id='line_1_74' title="bbox 593 4382 2211 4454; baseline 0.002 -15"><span class='ocrx_word' id='word_1_617' title='bbox 593 4398 685 4439; x_wconf 89' lang='lat' dir='ltr'><strong>me</strong></span> <span class='ocrx_word' id='word_1_618' title='bbox 712 4382 977 4451; x_wconf 88' lang='lat' dir='ltr'><strong>charitas,</strong></span> <span class='ocrx_word' id='word_1_619' title='bbox 1008 4384 1250 4454; x_wconf 87' lang='lat' dir='ltr'><strong>impellit</strong></span> <span class='ocrx_word' id='word_1_620' title='bbox 1298 4401 1386 4441; x_wconf 91' lang='lat' dir='ltr'><strong>me</strong></span> <span class='ocrx_word' id='word_1_621' title='bbox 1422 4385 1603 4453; x_wconf 89' lang='lat' dir='ltr'><strong>dolor,</strong></span> <span class='ocrx_word' id='word_1_622' title='bbox 1636 4386 1871 4443; x_wconf 89' lang='lat' dir='ltr'><strong>diversis</strong></span> <span class='ocrx_word' id='word_1_623' title='bbox 1921 4387 2211 4443; x_wconf 86' lang='lat' dir='ltr'><strong>all’ectibus</strong></span> 
     </span>
    </p>
   </div>
   <div class='ocr_carea' id='block_1_75' title="bbox 592 4474 2211 4552">
    <p class='ocr_par' dir='ltr' id='par_1_75' title="bbox 592 4474 2211 4552">
     <span class='ocr_line' id='line_1_75' title="bbox 592 4474 2211 4552; baseline 0.004 -22"><span class='ocrx_word' id='word_1_624' title='bbox 592 4474 763 4549; x_wconf 88' lang='lat' dir='ltr'><strong>loqui.</strong></span> <span class='ocrx_word' id='word_1_625' title='bbox 793 4476 990 4535; x_wconf 86' lang='lat' dir='ltr'><strong>Nescio</strong></span> <span class='ocrx_word' id='word_1_626' title='bbox 1018 4479 1166 4536; x_wconf 90' lang='lat' dir='ltr'><strong>enim</strong></span> <span class='ocrx_word' id='word_1_627' title='bbox 1215 4480 1267 4535; x_wconf 94' lang='lat' dir='ltr'><strong>in</strong></span> <span class='ocrx_word' id='word_1_628' title='bbox 1314 4495 1438 4552; x_wconf 67' lang='lat' dir='ltr'><strong>qua:</strong></span> <span class='ocrx_word' id='word_1_629' title='bbox 1481 4481 1713 4551; x_wconf 91' lang='lat' dir='ltr'><strong>primum</strong></span> <span class='ocrx_word' id='word_1_630' title='bbox 1756 4481 1923 4536; x_wconf 90' lang='lat' dir='ltr'><strong>verba</strong></span> <span class='ocrx_word' id='word_1_631' title='bbox 1961 4497 2211 4552; x_wconf 89' lang='lat' dir='ltr'><strong>prorum-</strong></span> 
     </span>
    </p>
   </div>
   <div class='ocr_carea' id='block_1_76' title="bbox 597 4574 2206 4647">
    <p class='ocr_par' dir='ltr' id='par_1_76' title="bbox 597 4574 2206 4647">
     <span class='ocr_line' id='line_1_76' title="bbox 597 4574 2206 4647; baseline 0.002 -21"><span class='ocrx_word' id='word_1_632' title='bbox 597 4588 747 4647; x_wconf 88' lang='lat' dir='ltr'><strong>pam,</strong></span> <span class='ocrx_word' id='word_1_633' title='bbox 780 4580 838 4627; x_wconf 85' lang='lat' dir='ltr'><strong>et</strong></span> <span class='ocrx_word' id='word_1_634' title='bbox 863 4588 974 4645; x_wconf 91' lang='lat' dir='ltr'><strong>quo</strong></span> <span class='ocrx_word' id='word_1_635' title='bbox 1010 4588 1111 4630; x_wconf 91' lang='lat' dir='ltr'><strong>vos</strong></span> <span class='ocrx_word' id='word_1_636' title='bbox 1158 4574 1387 4631; x_wconf 89' lang='lat' dir='ltr'><strong>debeam</strong></span> <span class='ocrx_word' id='word_1_637' title='bbox 1430 4588 1629 4631; x_wconf 90' lang='lat' dir='ltr'><strong>sanare</strong></span> <span class='ocrx_word' id='word_1_638' title='bbox 1657 4574 2037 4647; x_wconf 87' lang='lat' dir='ltr'><strong>medicamine,</strong></span> <span class='ocrx_word' id='word_1_639' title='bbox 2082 4575 2206 4647; x_wconf 90' lang='lat' dir='ltr'><strong>quia</strong></span> 
     </span>
    </p>
   </div>
   <div class='ocr_carea' id='block_1_77' title="bbox 593 4664 1203 4735">
    <p class='ocr_par' dir='ltr' id='par_1_77' title="bbox 593 4664 1203 4735">
     <span class='ocr_line' id='line_1_77' title="bbox 593 4664 1203 4735; baseline 0.002 -17"><span class='ocrx_word' id='word_1_640' title='bbox 593 4664 906 4735; x_wconf 78' lang='lat' dir='ltr'><strong>confundor</strong></span> <span class='ocrx_word' id='word_1_641' title='bbox 932 4666 985 4723; x_wconf 95' lang='lat' dir='ltr'><strong>in</strong></span> <span class='ocrx_word' id='word_1_642' title='bbox 1016 4666 1203 4723; x_wconf 91' lang='lat' dir='ltr'><strong>vobis.</strong></span> 
     </span>
    </p>
   </div>
   <div class='ocr_carea' id='block_1_78' title="bbox 667 4755 2203 4833">
    <p class='ocr_par' dir='ltr' id='par_1_78' title="bbox 667 4755 2203 4833">
     <span class='ocr_line' id='line_1_78' title="bbox 667 4755 2203 4833; baseline 0.003 -21"><span class='ocrx_word' id='word_1_643' title='bbox 667 4755 851 4827; x_wconf 85' lang='lat' dir='ltr'><strong>(Vers.</strong></span> <span class='ocrx_word' id='word_1_644' title='bbox 875 4756 999 4831; x_wconf 73' lang='lat'><strong>21.)</strong></span> <span class='ocrx_word' id='word_1_645' title='bbox 1040 4758 1210 4814; x_wconf 88' lang='lat' dir='ltr'><strong>Dicite</strong></span> <span class='ocrx_word' id='word_1_646' title='bbox 1230 4757 1357 4815; x_wconf 76' lang='lat' dir='ltr'><strong>mihi</strong></span> <span class='ocrx_word' id='word_1_647' title='bbox 1382 4759 1474 4832; x_wconf 83' lang='lat' dir='ltr'><strong>qui</strong></span> <span class='ocrx_word' id='word_1_648' title='bbox 1501 4760 1594 4817; x_wconf 88' lang='lat' dir='ltr'><strong>sub</strong></span> <span class='ocrx_word' id='word_1_649' title='bbox 1612 4760 1749 4833; x_wconf 85' lang='lat' dir='ltr'><strong>Lege</strong></span> <span class='ocrx_word' id='word_1_650' title='bbox 1768 4762 1925 4816; x_wconf 84' lang='lat' dir='ltr'><strong>vultis</strong></span> <span class='ocrx_word' id='word_1_651' title='bbox 1951 4778 2077 4827; x_wconf 83' lang='lat' dir='ltr'><strong>esse,</strong></span> <span class='ocrx_word' id='word_1_652' title='bbox 2100 4759 2203 4816; x_wconf 61' lang='lat' dir='ltr'><strong>Leo</strong></span> 
     </span>
    </p>
   </div>
   <div class='ocr_carea' id='block_1_79' title="bbox 2319 3273 3911 3347">
    <p class='ocr_par' dir='ltr' id='par_1_79' title="bbox 2319 3273 3911 3347">
     <span class='ocr_line' id='line_1_79' title="bbox 2319 3273 3911 3347; baseline 0.002 -21"><span class='ocrx_word' id='word_1_653' title='bbox 2319 3282 2366 3326; x_wconf 91' lang='lat' dir='ltr'><strong>et</strong></span> <span class='ocrx_word' id='word_1_654' title='bbox 2413 3273 2775 3342; x_wconf 79' lang='lat' dir='ltr'><strong>multiplicabo</strong></span> <span class='ocrx_word' id='word_1_655' title='bbox 2815 3274 2966 3328; x_wconf 87' lang='lat' dir='ltr'><strong>illum</strong></span> <span class='ocrx_word' id='word_1_656' title='bbox 3009 3273 3352 3330; x_wconf 82' lang='lat' dir='ltr'><strong>vehementer.</strong></span> <span class='ocrx_word' id='word_1_657' title='bbox 3404 3274 3693 3330; x_wconf 85' lang='lat' dir='ltr'><strong>Duodecim</strong></span> <span class='ocrx_word' id='word_1_658' title='bbox 3749 3284 3911 3347; x_wconf 84' lang='lat' dir='ltr'><strong>gentes</strong></span> 
     </span>
    </p>
   </div>
   <div class='ocr_carea' id='block_1_80' title="bbox 2314 3365 3912 3438">
    <p class='ocr_par' dir='ltr' id='par_1_80' title="bbox 2314 3365 3912 3438">
     <span class='ocr_line' id='line_1_80' title="bbox 2314 3365 3912 3438; baseline 0 -18"><span class='ocrx_word' id='word_1_659' title='bbox 2314 3365 2600 3437; x_wconf 87' lang='lat' dir='ltr'><strong>generabit,</strong></span> <span class='ocrx_word' id='word_1_660' title='bbox 2629 3373 2678 3419; x_wconf 74' lang='lat' dir='ltr'><strong>rt</strong></span> <span class='ocrx_word' id='word_1_661' title='bbox 2703 3365 2839 3421; x_wconf 86' lang='lat' dir='ltr'><strong>dabo</strong></span> <span class='ocrx_word' id='word_1_662' title='bbox 2859 3382 2976 3421; x_wconf 89' lang='lat' dir='ltr'><strong>eum</strong></span> <span class='ocrx_word' id='word_1_663' title='bbox 3007 3367 3061 3421; x_wconf 89' lang='lat' dir='ltr'><strong>in</strong></span> <span class='ocrx_word' id='word_1_664' title='bbox 3087 3375 3288 3438; x_wconf 80' lang='lat' dir='ltr'><strong>gentem</strong></span> <span class='ocrx_word' id='word_1_665' title='bbox 3350 3383 3611 3438; x_wconf 85' lang='lat' dir='ltr'><strong>magnam,</strong></span> <span class='ocrx_word' id='word_1_666' title='bbox 3645 3376 3912 3423; x_wconf 79' lang='lat' dir='ltr'><strong>testamen-</strong></span> 
     </span>
    </p>
   </div>
   <div class='ocr_carea' id='block_1_81' title="bbox 2317 3457 3913 3531">
    <p class='ocr_par' dir='ltr' id='par_1_81' title="bbox 2317 3457 3913 3531">
     <span class='ocr_line' id='line_1_81' title="bbox 2317 3457 3913 3531; baseline 0.001 -21"><span class='ocrx_word' id='word_1_667' title='bbox 2317 3465 2426 3512; x_wconf 87' lang='lat' dir='ltr'><strong>tum</strong></span> <span class='ocrx_word' id='word_1_668' title='bbox 2446 3467 2618 3511; x_wconf 85' lang='lat' dir='ltr'><strong>autem</strong></span> <span class='ocrx_word' id='word_1_669' title='bbox 2647 3472 2822 3511; x_wconf 87' lang='lat' dir='ltr'><strong>meum</strong></span> <span class='ocrx_word' id='word_1_670' title='bbox 2860 3469 3084 3513; x_wconf 83' lang='lat' dir='ltr'><strong>statuam</strong></span> <span class='ocrx_word' id='word_1_671' title='bbox 3128 3458 3201 3512; x_wconf 87' lang='lat' dir='ltr'><strong>ad</strong></span> <span class='ocrx_word' id='word_1_672' title='bbox 3247 3457 3421 3524; x_wconf 85' lang='lat' dir='ltr'><strong>Isaac,</strong></span> <span class='ocrx_word' id='word_1_673' title='bbox 3467 3475 3615 3528; x_wconf 84' lang='lat' dir='ltr'><strong>quem</strong></span> <span class='ocrx_word' id='word_1_674' title='bbox 3657 3458 3913 3531; x_wconf 86' lang='lat' dir='ltr'><strong>generabit</strong></span> 
     </span>
    </p>
   </div>
   <div class='ocr_carea' id='block_1_82' title="bbox 2319 3547 3911 3622">
    <p class='ocr_par' dir='ltr' id='par_1_82' title="bbox 2319 3547 3911 3622">
     <span class='ocr_line' id='line_1_82' title="bbox 2319 3547 3911 3622; baseline 0.003 -22"><span class='ocrx_word' id='word_1_675' title='bbox 2319 3548 2412 3602; x_wconf 88' lang='lat' dir='ltr'><strong>tibi</strong></span> <span class='ocrx_word' id='word_1_676' title='bbox 2438 3547 2579 3603; x_wconf 86' lang='lat' dir='ltr'><strong>Sara</strong></span> <span class='ocrx_word' id='word_1_677' title='bbox 2604 3548 2661 3601; x_wconf 82' lang='lat' dir='ltr'><strong>in</strong></span> <span class='ocrx_word' id='word_1_678' title='bbox 2691 3559 2918 3618; x_wconf 87' lang='lat' dir='ltr'><strong>tempore</strong></span> <span class='ocrx_word' id='word_1_679' title='bbox 2946 3549 3069 3613; x_wconf 86' lang='lat' dir='ltr'><strong>isto,</strong></span> <span class='ocrx_word' id='word_1_680' title='bbox 3115 3565 3256 3603; x_wconf 88' lang='lat' dir='ltr'><strong>anno</strong></span> <span class='ocrx_word' id='word_1_681' title='bbox 3298 3559 3535 3605; x_wconf 80' lang='lat' dir='ltr'><strong>venturo.</strong></span> <span class='ocrx_word' id='word_1_682' title='bbox 3595 3550 3675 3605; x_wconf 81' lang='lat' dir='ltr'><strong>Ex</strong></span> <span class='ocrx_word' id='word_1_683' title='bbox 3719 3551 3911 3622; x_wconf 82' lang='lat' dir='ltr'><strong>quibus</strong></span> 
     </span>
    </p>
   </div>
   <div class='ocr_carea' id='block_1_83' title="bbox 2316 3639 3911 3713">
    <p class='ocr_par' dir='ltr' id='par_1_83' title="bbox 2316 3639 3911 3713">
     <span class='ocr_line' id='line_1_83' title="bbox 2316 3639 3911 3713; baseline 0 -17"><span class='ocrx_word' id='word_1_684' title='bbox 2316 3639 2543 3696; x_wconf 85' lang='lat' dir='ltr'><strong>evidens</strong></span> <span class='ocrx_word' id='word_1_685' title='bbox 2563 3650 2649 3697; x_wconf 90' lang='lat' dir='ltr'><strong>est</strong></span> <span class='ocrx_word' id='word_1_686' title='bbox 2674 3640 2847 3712; x_wconf 88' lang='lat' dir='ltr'><strong>ipsius</strong></span> <span class='ocrx_word' id='word_1_687' title='bbox 2886 3658 3104 3713; x_wconf 88' lang='lat' dir='ltr'><strong>quoque</strong></span> <span class='ocrx_word' id='word_1_688' title='bbox 3154 3642 3507 3699; x_wconf 87' lang='lat' dir='ltr'><strong>sermonibus</strong></span> <span class='ocrx_word' id='word_1_689' title='bbox 3552 3642 3675 3712; x_wconf 87' lang='lat' dir='ltr'><strong>Dei,</strong></span> <span class='ocrx_word' id='word_1_690' title='bbox 3726 3642 3911 3699; x_wconf 84' lang='lat' dir='ltr'><strong>lsmael</strong></span> 
     </span>
    </p>
   </div>
   <div class='ocr_carea' id='block_1_84' title="bbox 2317 3730 3914 3806">
    <p class='ocr_par' dir='ltr' id='par_1_84' title="bbox 2317 3730 3914 3806">
     <span class='ocr_line' id='line_1_84' title="bbox 2317 3730 3914 3806; baseline 0.002 -19"><span class='ocrx_word' id='word_1_691' title='bbox 2317 3730 2625 3787; x_wconf 87' lang='lat' dir='ltr'><strong>secundum</strong></span> <span class='ocrx_word' id='word_1_692' title='bbox 2670 3734 3158 3803; x_wconf 66' lang='lat' dir='ltr'><strong>repromissionem</strong></span> <span class='ocrx_word' id='word_1_693' title='bbox 3205 3750 3332 3791; x_wconf 84' lang='lat' dir='ltr'><strong>esse</strong></span> <span class='ocrx_word' id='word_1_694' title='bbox 3357 3744 3707 3806; x_wconf 87' lang='lat' dir='ltr'><strong>generatum.</strong></span> <span class='ocrx_word' id='word_1_695' title='bbox 3734 3735 3842 3792; x_wconf 86' lang='lat' dir='ltr'><strong>Sed</strong></span> <span class='ocrx_word' id='word_1_696' title='bbox 3864 3743 3914 3790; x_wconf 86' lang='lat' dir='ltr'><strong>et</strong></span> 
     </span>
    </p>
   </div>
   <div class='ocr_carea' id='block_1_85' title="bbox 2317 3821 3915 3898">
    <p class='ocr_par' dir='ltr' id='par_1_85' title="bbox 2317 3821 3915 3898">
     <span class='ocr_line' id='line_1_85' title="bbox 2317 3821 3915 3898; baseline 0.001 -20"><span class='ocrx_word' id='word_1_697' title='bbox 2317 3821 2523 3879; x_wconf 83' lang='lat' dir='ltr'><strong>hocita</strong></span> <span class='ocrx_word' id='word_1_698' title='bbox 2563 3824 2820 3889; x_wconf 86' lang='lat' dir='ltr'><strong>solvitur,</strong></span> <span class='ocrx_word' id='word_1_699' title='bbox 2863 3825 3341 3895; x_wconf 76' lang='lat' dir='ltr'><strong>reproniissioncm</strong></span> <span class='ocrx_word' id='word_1_700' title='bbox 3388 3827 3612 3898; x_wconf 83' lang='lat' dir='ltr'><strong>proprie</strong></span> <span class='ocrx_word' id='word_1_701' title='bbox 3654 3826 3713 3882; x_wconf 90' lang='lat' dir='ltr'><strong>in</strong></span> <span class='ocrx_word' id='word_1_702' title='bbox 3755 3835 3915 3883; x_wconf 88' lang='lat' dir='ltr'><strong>testa-</strong></span> 
     </span>
    </p>
   </div>
   <div class='ocr_carea' id='block_1_86' title="bbox 2318 3917 3912 3989">
    <p class='ocr_par' dir='ltr' id='par_1_86' title="bbox 2318 3917 3912 3989">
     <span class='ocr_line' id='line_1_86' title="bbox 2318 3917 3912 3989; baseline 0.003 -18"><span class='ocrx_word' id='word_1_703' title='bbox 2318 3918 2489 3974; x_wconf 88' lang='lat' dir='ltr'><strong>menti</strong></span> <span class='ocrx_word' id='word_1_704' title='bbox 2530 3917 2751 3975; x_wconf 90' lang='lat' dir='ltr'><strong>datione</strong></span> <span class='ocrx_word' id='word_1_705' title='bbox 2795 3919 3089 3989; x_wconf 83' lang='lat' dir='ltr'><strong>compleri,</strong></span> <span class='ocrx_word' id='word_1_706' title='bbox 3135 3930 3192 3975; x_wconf 91' lang='lat' dir='ltr'><strong>et</strong></span> <span class='ocrx_word' id='word_1_707' title='bbox 3223 3921 3369 3976; x_wconf 91' lang='lat' dir='ltr'><strong>aliud</strong></span> <span class='ocrx_word' id='word_1_708' title='bbox 3398 3936 3525 3977; x_wconf 88' lang='lat' dir='ltr'><strong>esse</strong></span> <span class='ocrx_word' id='word_1_709' title='bbox 3568 3920 3912 3985; x_wconf 85' lang='lat' dir='ltr'><strong>benedicere,</strong></span> 
     </span>
    </p>
   </div>
   <div class='ocr_carea' id='block_1_87' title="bbox 2315 4010 3913 4083">
    <p class='ocr_par' dir='ltr' id='par_1_87' title="bbox 2315 4010 3913 4083">
     <span class='ocr_line' id='line_1_87' title="bbox 2315 4010 3913 4083; baseline 0.001 -18"><span class='ocrx_word' id='word_1_710' title='bbox 2315 4024 2541 4080; x_wconf 80' lang='lat' dir='ltr'><strong>augere,</strong></span> <span class='ocrx_word' id='word_1_711' title='bbox 2579 4010 2946 4081; x_wconf 86' lang='lat' dir='ltr'><strong>multiplicare</strong></span> <span class='ocrx_word' id='word_1_712' title='bbox 2991 4011 3373 4080; x_wconf 87' lang='lat' dir='ltr'><strong>vehementer,</strong></span> <span class='ocrx_word' id='word_1_713' title='bbox 3422 4012 3570 4083; x_wconf 88' lang='lat' dir='ltr'><strong>qttod</strong></span> <span class='ocrx_word' id='word_1_714' title='bbox 3618 4013 3672 4068; x_wconf 91' lang='lat' dir='ltr'><strong>in</strong></span> <span class='ocrx_word' id='word_1_715' title='bbox 3720 4011 3913 4070; x_wconf 86' lang='lat' dir='ltr'><strong>lsmacl</strong></span> 
     </span>
    </p>
   </div>
   <div class='ocr_carea' id='block_1_88' title="bbox 2314 4103 3914 4173">
    <p class='ocr_par' dir='ltr' id='par_1_88' title="bbox 2314 4103 3914 4173">
     <span class='ocr_line' id='line_1_88' title="bbox 2314 4103 3914 4173; baseline -0.002 -13"><span class='ocrx_word' id='word_1_716' title='bbox 2314 4105 2581 4173; x_wconf 83' lang='lat' dir='ltr'><strong>scriptum</strong></span> <span class='ocrx_word' id='word_1_717' title='bbox 2611 4112 2697 4158; x_wconf 86' lang='lat' dir='ltr'><strong>est</strong></span> <span class='ocrx_word' id='word_1_718' title='bbox 2727 4119 2741 4156; x_wconf 92' lang='lat'><strong>:</strong></span> <span class='ocrx_word' id='word_1_719' title='bbox 2780 4103 2924 4158; x_wconf 88' lang='lat' dir='ltr'><strong>aliud</strong></span> <span class='ocrx_word' id='word_1_720' title='bbox 2951 4103 3225 4159; x_wconf 71' lang='lat' dir='ltr'><strong>ltzcredetu</strong></span> <span class='ocrx_word' id='word_1_721' title='bbox 3277 4104 3457 4160; x_wconf 82' lang='lat' dir='ltr'><strong>facere</strong></span> <span class='ocrx_word' id='word_1_722' title='bbox 3492 4120 3589 4172; x_wconf 88' lang='lat' dir='ltr'><strong>per</strong></span> <span class='ocrx_word' id='word_1_723' title='bbox 3619 4112 3914 4160; x_wconf 82' lang='lat' dir='ltr'><strong>testamen-</strong></span> 
     </span>
    </p>
   </div>
   <div class='ocr_carea' id='block_1_89' title="bbox 2313 4197 3916 4269">
    <p class='ocr_par' dir='ltr' id='par_1_89' title="bbox 2313 4197 3916 4269">
     <span class='ocr_line' id='line_1_89' title="bbox 2313 4197 3916 4269; baseline -0.002 -16"><span class='ocrx_word' id='word_1_724' title='bbox 2313 4206 2449 4261; x_wconf 82' lang='lat' dir='ltr'><strong>tum,</strong></span> <span class='ocrx_word' id='word_1_725' title='bbox 2480 4199 2624 4269; x_wconf 76' lang='lat' dir='ltr'><strong>quod</strong></span> <span class='ocrx_word' id='word_1_726' title='bbox 2668 4198 2737 4253; x_wconf 88' lang='lat' dir='ltr'><strong>de</strong></span> <span class='ocrx_word' id='word_1_727' title='bbox 2792 4198 2944 4254; x_wconf 82' lang='lat' dir='ltr'><strong>Isaac</strong></span> <span class='ocrx_word' id='word_1_728' title='bbox 2974 4198 3224 4255; x_wconf 82' lang='lat' dir='ltr'><strong>dicitur:</strong></span> <span class='ocrx_word' id='word_1_729' title='bbox 3274 4197 3516 4254; x_wconf 87' lang='lat' dir='ltr'><strong>Statuam</strong></span> <span class='ocrx_word' id='word_1_730' title='bbox 3562 4207 3916 4253; x_wconf 77' lang='lat' dir='ltr'><strong>testamentum</strong></span> 
     </span>
    </p>
   </div>
   <div class='ocr_carea' id='block_1_90' title="bbox 2312 4287 3916 4357">
    <p class='ocr_par' dir='ltr' id='par_1_90' title="bbox 2312 4287 3916 4357">
     <span class='ocr_line' id='line_1_90' title="bbox 2312 4287 3916 4357; baseline -0.002 -12"><span class='ocrx_word' id='word_1_731' title='bbox 2312 4307 2485 4346; x_wconf 84' lang='lat' dir='ltr'><strong>meum</strong></span> <span class='ocrx_word' id='word_1_732' title='bbox 2514 4291 2584 4345; x_wconf 83' lang='lat' dir='ltr'><strong>ad</strong></span> <span class='ocrx_word' id='word_1_733' title='bbox 2613 4308 2751 4355; x_wconf 85' lang='lat' dir='ltr'><strong>eum,</strong></span> <span class='ocrx_word' id='word_1_734' title='bbox 2781 4293 2834 4345; x_wconf 87' lang='lat' dir='ltr'><strong>in</strong></span> <span class='ocrx_word' id='word_1_735' title='bbox 2891 4301 3256 4345; x_wconf 83' lang='lat' dir='ltr'><strong>testamentum</strong></span> <span class='ocrx_word' id='word_1_736' title='bbox 3311 4301 3587 4357; x_wconf 68' lang='lat' dir='ltr'><strong>a&#39;termtm,</strong></span> <span class='ocrx_word' id='word_1_737' title='bbox 3637 4300 3685 4345; x_wconf 83' lang='lat' dir='ltr'><strong>et</strong></span> <span class='ocrx_word' id='word_1_738' title='bbox 3739 4287 3916 4346; x_wconf 76' lang='lat' dir='ltr'><strong>semini</strong></span> 
     </span>
    </p>
   </div>
   <div class='ocr_carea' id='block_1_91' title="bbox 2314 4380 3919 4455">
    <p class='ocr_par' dir='ltr' id='par_1_91' title="bbox 2314 4380 3919 4455">
     <span class='ocr_line' id='line_1_91' title="bbox 2314 4380 3919 4455; baseline -0.001 -19"><span class='ocrx_word' id='word_1_739' title='bbox 2314 4386 2427 4455; x_wconf 77' lang='lat' dir='ltr'><strong>ejus</strong></span> <span class='ocrx_word' id='word_1_740' title='bbox 2454 4393 2570 4455; x_wconf 83' lang='lat' dir='ltr'><strong>post</strong></span> <span class='ocrx_word' id='word_1_741' title='bbox 2606 4400 2747 4438; x_wconf 86' lang='lat' dir='ltr'><strong>eum.</strong></span> <span class='ocrx_word' id='word_1_742' title='bbox 2794 4384 2859 4437; x_wconf 83' lang='lat' dir='ltr'><strong>Et</strong></span> <span class='ocrx_word' id='word_1_743' title='bbox 2902 4384 2956 4436; x_wconf 93' lang='lat' dir='ltr'><strong>in</strong></span> <span class='ocrx_word' id='word_1_744' title='bbox 2992 4384 3496 4452; x_wconf 83' lang='lat' dir='ltr'><strong>consequentibus:</strong></span> <span class='ocrx_word' id='word_1_745' title='bbox 3532 4380 3919 4438; x_wconf 76' lang='lat' dir='ltr'><strong>Testamentum</strong></span> 
     </span>
    </p>
   </div>
   <div class='ocr_carea' id='block_1_92' title="bbox 2315 4475 3919 4549">
    <p class='ocr_par' dir='ltr' id='par_1_92' title="bbox 2315 4475 3919 4549">
     <span class='ocr_line' id='line_1_92' title="bbox 2315 4475 3919 4549; baseline -0.001 -19"><span class='ocrx_word' id='word_1_746' title='bbox 2315 4487 2487 4531; x_wconf 86' lang='lat' dir='ltr'><strong>autent</strong></span> <span class='ocrx_word' id='word_1_747' title='bbox 2509 4493 2677 4531; x_wconf 87' lang='lat' dir='ltr'><strong>meum</strong></span> <span class='ocrx_word' id='word_1_748' title='bbox 2703 4486 2934 4533; x_wconf 89' lang='lat' dir='ltr'><strong>statuam</strong></span> <span class='ocrx_word' id='word_1_749' title='bbox 2963 4477 3035 4530; x_wconf 84' lang='lat' dir='ltr'><strong>ad</strong></span> <span class='ocrx_word' id='word_1_750' title='bbox 3079 4475 3256 4544; x_wconf 85' lang='lat' dir='ltr'><strong>Isaac,</strong></span> <span class='ocrx_word' id='word_1_751' title='bbox 3288 4494 3435 4549; x_wconf 87' lang='lat' dir='ltr'><strong>quem</strong></span> <span class='ocrx_word' id='word_1_752' title='bbox 3466 4479 3630 4549; x_wconf 85' lang='lat' dir='ltr'><strong>pariet</strong></span> <span class='ocrx_word' id='word_1_753' title='bbox 3663 4477 3759 4532; x_wconf 84' lang='lat' dir='ltr'><strong>tibi</strong></span> <span class='ocrx_word' id='word_1_754' title='bbox 3789 4476 3919 4533; x_wconf 81' lang='lat' dir='ltr'><strong>Sara</strong></span> 
     </span>
    </p>
   </div>
   <div class='ocr_carea' id='block_1_93' title="bbox 2316 4566 3919 4643">
    <p class='ocr_par' dir='ltr' id='par_1_93' title="bbox 2316 4566 3919 4643">
     <span class='ocr_line' id='line_1_93' title="bbox 2316 4566 3919 4643; baseline -0.002 -18"><span class='ocrx_word' id='word_1_755' title='bbox 2316 4568 2499 4641; x_wconf 70' lang='lat' dir='ltr'><strong>(Gem,</strong></span> <span class='ocrx_word' id='word_1_756' title='bbox 2532 4587 2665 4640; x_wconf 79' lang='lat' dir='ltr'><strong>ml,</strong></span> <span class='ocrx_word' id='word_1_757' title='bbox 2695 4570 2811 4643; x_wconf 81' lang='lat' dir='ltr'><strong>l9).</strong></span> <span class='ocrx_word' id='word_1_758' title='bbox 2843 4570 2911 4626; x_wconf 85' lang='lat' dir='ltr'><strong>Et</strong></span> <span class='ocrx_word' id='word_1_759' title='bbox 2938 4571 3213 4642; x_wconf 90' lang='lat' dir='ltr'><strong>quomodo</strong></span> <span class='ocrx_word' id='word_1_760' title='bbox 3248 4571 3393 4627; x_wconf 89' lang='lat' dir='ltr'><strong>aliud</strong></span> <span class='ocrx_word' id='word_1_761' title='bbox 3422 4580 3554 4625; x_wconf 91' lang='lat' dir='ltr'><strong>sunt</strong></span> <span class='ocrx_word' id='word_1_762' title='bbox 3572 4571 3739 4636; x_wconf 86' lang='lat' dir='ltr'><strong>dona,</strong></span> <span class='ocrx_word' id='word_1_763' title='bbox 3775 4566 3919 4623; x_wconf 83' lang='lat' dir='ltr'><strong>aliud</strong></span> 
     </span>
    </p>
   </div>
   <div class='ocr_carea' id='block_1_94' title="bbox 2310 4662 3921 4734">
    <p class='ocr_par' dir='ltr' id='par_1_94' title="bbox 2310 4662 3921 4734">
     <span class='ocr_line' id='line_1_94' title="bbox 2310 4662 3921 4734; baseline -0.002 -15"><span class='ocrx_word' id='word_1_764' title='bbox 2310 4665 2620 4721; x_wconf 88' lang='lat' dir='ltr'><strong>substantia</strong></span> <span class='ocrx_word' id='word_1_765' title='bbox 2656 4683 2668 4721; x_wconf 87' lang='lat'><strong>:</strong></span> <span class='ocrx_word' id='word_1_766' title='bbox 2716 4664 2860 4720; x_wconf 90' lang='lat' dir='ltr'><strong>aliud</strong></span> <span class='ocrx_word' id='word_1_767' title='bbox 2906 4665 3107 4734; x_wconf 77' lang='lat' dir='ltr'><strong>legata,</strong></span> <span class='ocrx_word' id='word_1_768' title='bbox 3144 4664 3289 4720; x_wconf 88' lang='lat' dir='ltr'><strong>aliud</strong></span> <span class='ocrx_word' id='word_1_769' title='bbox 3332 4663 3626 4720; x_wconf 59' lang='lat' dir='ltr'><strong>ltaareditas</strong></span> <span class='ocrx_word' id='word_1_770' title='bbox 3665 4662 3921 4734; x_wconf 84' lang='lat' dir='ltr'><strong>(legimus</strong></span> 
     </span>
    </p>
   </div>
   <div class='ocr_carea' id='block_1_95' title="bbox 2309 4756 3920 4815">
    <p class='ocr_par' dir='ltr' id='par_1_95' title="bbox 2309 4756 3920 4815">
     <span class='ocr_line' id='line_1_95' title="bbox 2309 4756 3920 4815; baseline -0.002 -1"><span class='ocrx_word' id='word_1_771' title='bbox 2309 4759 2454 4814; x_wconf 88' lang='lat' dir='ltr'><strong>enim</strong></span> <span class='ocrx_word' id='word_1_772' title='bbox 2487 4759 2614 4813; x_wconf 88' lang='lat' dir='ltr'><strong>llliis</strong></span> <span class='ocrx_word' id='word_1_773' title='bbox 2634 4757 3070 4814; x_wconf 87' lang='lat' dir='ltr'><strong>concubinarum</strong></span> <span class='ocrx_word' id='word_1_774' title='bbox 3118 4758 3355 4815; x_wconf 63' lang='lat' dir='ltr'><strong>Abrahae</strong></span> <span class='ocrx_word' id='word_1_775' title='bbox 3391 4760 3533 4814; x_wconf 89' lang='lat' dir='ltr'><strong>dona</strong></span> <span class='ocrx_word' id='word_1_776' title='bbox 3566 4756 3767 4813; x_wconf 88' lang='lat' dir='ltr'><strong>tradita</strong></span> <span class='ocrx_word' id='word_1_777' title='bbox 3801 4775 3815 4811; x_wconf 90' lang='lat'><strong>:</strong></span> <span class='ocrx_word' id='word_1_778' title='bbox 3862 4758 3920 4810; x_wconf 85' lang='lat' dir='ltr'><strong>li-</strong></span> 
     </span>
    </p>
   </div>
   <div class='ocr_carea' id='block_1_96' title="bbox 3824 291 3933 356">
    <p class='ocr_par' dir='ltr' id='par_1_96' title="bbox 3824 291 3933 356">
     <span class='ocr_line' id='line_1_96' title="bbox 3824 291 3933 356; baseline 0.064 -6"><span class='ocrx_word' id='word_1_779' title='bbox 3824 291 3933 356; x_wconf 60' lang='grc' dir='ltr'><strong>δεῖ</strong></span> 
     </span>
    </p>
   </div>
   <div class='ocr_carea' id='block_1_97' title="bbox 588 4852 3918 4926">
    <p class='ocr_par' dir='ltr' id='par_1_97' title="bbox 588 4852 3918 4926">
     <span class='ocr_line' id='line_1_97' title="bbox 588 4852 3918 4926; baseline 0.001 -21"><span class='ocrx_word' id='word_1_780' title='bbox 588 4868 703 4926; x_wconf 83' lang='lat' dir='ltr'><strong>gem</strong></span> <span class='ocrx_word' id='word_1_781' title='bbox 733 4867 841 4909; x_wconf 87' lang='lat' dir='ltr'><strong>non</strong></span> <span class='ocrx_word' id='word_1_782' title='bbox 870 4852 1135 4911; x_wconf 80' lang='lat' dir='ltr'><strong>audistis?</strong></span> <span class='ocrx_word' id='word_1_783' title='bbox 1160 4853 1468 4911; x_wconf 87' lang='lat' dir='ltr'><strong>Notandum</strong></span> <span class='ocrx_word' id='word_1_784' title='bbox 1499 4854 1703 4926; x_wconf 84' lang='lat' dir='ltr'><strong>Legem</strong></span> <span class='ocrx_word' id='word_1_785' title='bbox 1729 4855 1821 4910; x_wconf 91' lang='lat' dir='ltr'><strong>hic</strong></span> <span class='ocrx_word' id='word_1_786' title='bbox 1843 4855 2044 4908; x_wconf 88' lang='lat' dir='ltr'><strong>dictam</strong></span> <span class='ocrx_word' id='word_1_787' title='bbox 2080 4870 2204 4909; x_wconf 78' lang='lat' dir='ltr'><strong>esse</strong></span> <span class='ocrx_word' id='word_1_788' title='bbox 2308 4853 2382 4907; x_wconf 94' lang='lat' dir='ltr'><strong>lio</strong></span> <span class='ocrx_word' id='word_1_789' title='bbox 2414 4863 2597 4909; x_wconf 89' lang='lat' dir='ltr'><strong>autem</strong></span> <span class='ocrx_word' id='word_1_790' title='bbox 2640 4852 2792 4910; x_wconf 70' lang='lat' dir='ltr'><strong>Sane</strong></span> <span class='ocrx_word' id='word_1_791' title='bbox 2832 4855 2999 4908; x_wconf 90' lang='lat' dir='ltr'><strong>totius</strong></span> <span class='ocrx_word' id='word_1_792' title='bbox 3053 4854 3372 4909; x_wconf 69' lang='lat' dir='ltr'><strong>substantia!</strong></span> <span class='ocrx_word' id='word_1_793' title='bbox 3416 4852 3799 4909; x_wconf 72' lang='lat' dir='ltr'><strong>[nereditatem</strong></span> <span class='ocrx_word' id='word_1_794' title='bbox 3833 4867 3918 4907; x_wconf 86' lang='lat' dir='ltr'><strong>rc-</strong></span> 
     </span>
    </p>
   </div>
   <div class='ocr_carea' id='block_1_98' title="bbox 588 4944 2199 5017">
    <p class='ocr_par' dir='ltr' id='par_1_98' title="bbox 588 4944 2199 5017">
     <span class='ocr_line' id='line_1_98' title="bbox 588 4944 2199 5017; baseline 0 -17"><span class='ocrx_word' id='word_1_795' title='bbox 588 4944 875 5001; x_wconf 84' lang='lat' dir='ltr'><strong>Geneseos</strong></span> <span class='ocrx_word' id='word_1_796' title='bbox 901 4945 1209 5015; x_wconf 89' lang='lat' dir='ltr'><strong>historiam,</strong></span> <span class='ocrx_word' id='word_1_797' title='bbox 1233 4961 1342 5002; x_wconf 90' lang='lat' dir='ltr'><strong>non</strong></span> <span class='ocrx_word' id='word_1_798' title='bbox 1375 4957 1433 5001; x_wconf 91' lang='lat' dir='ltr'><strong>ut</strong></span> <span class='ocrx_word' id='word_1_799' title='bbox 1456 4948 1621 5017; x_wconf 89' lang='lat' dir='ltr'><strong>vulgo</strong></span> <span class='ocrx_word' id='word_1_800' title='bbox 1652 4946 1946 5013; x_wconf 60' lang='lat' dir='ltr'><strong>aestimant,</strong></span> <span class='ocrx_word' id='word_1_801' title='bbox 1972 4961 2093 5016; x_wconf 74' lang='lat' dir='ltr'><strong>qua:</strong></span> <span class='ocrx_word' id='word_1_802' title='bbox 2121 4946 2199 5000; x_wconf 88' lang='lat' dir='ltr'><strong>l&#39;a-</strong></span> 
     </span>
    </p>
   </div>
   <div class='ocr_carea' id='block_1_99' title="bbox 584 5039 2205 5112">
    <p class='ocr_par' dir='ltr' id='par_1_99' title="bbox 584 5039 2205 5112">
     <span class='ocr_line' id='line_1_99' title="bbox 584 5039 2205 5112; baseline -0.001 -19"><span class='ocrx_word' id='word_1_803' title='bbox 584 5040 777 5095; x_wconf 84' lang='lat' dir='ltr'><strong>cicnda</strong></span> <span class='ocrx_word' id='word_1_804' title='bbox 809 5041 941 5107; x_wconf 90' lang='lat' dir='ltr'><strong>sint,</strong></span> <span class='ocrx_word' id='word_1_805' title='bbox 974 5057 1169 5112; x_wconf 71' lang='lat' dir='ltr'><strong>quwve</strong></span> <span class='ocrx_word' id='word_1_806' title='bbox 1198 5039 1552 5106; x_wconf 89' lang='lat' dir='ltr'><strong>vitanda,sed</strong></span> <span class='ocrx_word' id='word_1_807' title='bbox 1575 5050 1748 5095; x_wconf 91' lang='lat' dir='ltr'><strong>totum</strong></span> <span class='ocrx_word' id='word_1_808' title='bbox 1771 5039 1918 5109; x_wconf 89' lang='lat' dir='ltr'><strong>quod</strong></span> <span class='ocrx_word' id='word_1_809' title='bbox 1940 5039 2010 5094; x_wconf 89' lang='lat' dir='ltr'><strong>de</strong></span> <span class='ocrx_word' id='word_1_810' title='bbox 2029 5039 2205 5094; x_wconf 80' lang='lat' dir='ltr'><strong>Abra-</strong></span> 
     </span>
    </p>
   </div>
   <div class='ocr_carea' id='block_1_100' title="bbox 586 5130 2201 5205">
    <p class='ocr_par' dir='ltr' id='par_1_100' title="bbox 586 5130 2201 5205">
     <span class='ocr_line' id='line_1_100' title="bbox 586 5130 2201 5205; baseline -0.001 -18"><span class='ocrx_word' id='word_1_811' title='bbox 586 5132 739 5198; x_wconf 83' lang='lat' dir='ltr'><strong>ham,</strong></span> <span class='ocrx_word' id='word_1_812' title='bbox 769 5140 825 5187; x_wconf 89' lang='lat' dir='ltr'><strong>et</strong></span> <span class='ocrx_word' id='word_1_813' title='bbox 852 5131 976 5205; x_wconf 79' lang='lat' dir='ltr'><strong>ejus</strong></span> <span class='ocrx_word' id='word_1_814' title='bbox 1012 5132 1284 5188; x_wconf 76' lang='lat' dir='ltr'><strong>uxoribus</strong></span> <span class='ocrx_word' id='word_1_815' title='bbox 1316 5132 1615 5203; x_wconf 86' lang='lat' dir='ltr'><strong>liberisque</strong></span> <span class='ocrx_word' id='word_1_816' title='bbox 1655 5132 1990 5198; x_wconf 77' lang='lat' dir='ltr'><strong>contexitur,</strong></span> <span class='ocrx_word' id='word_1_817' title='bbox 2023 5130 2201 5202; x_wconf 88' lang='lat' dir='ltr'><strong>legem</strong></span> 
     </span>
    </p>
   </div>
   <div class='ocr_carea' id='block_1_101' title="bbox 580 5222 2207 5297">
    <p class='ocr_par' dir='ltr' id='par_1_101' title="bbox 580 5222 2207 5297">
     <span class='ocr_line' id='line_1_101' title="bbox 580 5222 2207 5297; baseline -0.001 -17"><span class='ocrx_word' id='word_1_818' title='bbox 580 5224 915 5295; x_wconf 86' lang='lat' dir='ltr'><strong>appellatam</strong></span> <span class='ocrx_word' id='word_1_819' title='bbox 951 5222 1138 5297; x_wconf 73' lang='lat' dir='ltr'><strong>(locis.</strong></span> <span class='ocrx_word' id='word_1_820' title='bbox 1170 5222 1286 5297; x_wconf 79' lang='lat' dir='ltr'><strong>xv).</strong></span> <span class='ocrx_word' id='word_1_821' title='bbox 1322 5223 1583 5294; x_wconf 86' lang='lat' dir='ltr'><strong>Legimus</strong></span> <span class='ocrx_word' id='word_1_822' title='bbox 1606 5232 1661 5279; x_wconf 92' lang='lat' dir='ltr'><strong>et</strong></span> <span class='ocrx_word' id='word_1_823' title='bbox 1690 5224 1742 5279; x_wconf 92' lang='lat' dir='ltr'><strong>in</strong></span> <span class='ocrx_word' id='word_1_824' title='bbox 1770 5224 1876 5278; x_wconf 88' lang='lat' dir='ltr'><strong>alio</strong></span> <span class='ocrx_word' id='word_1_825' title='bbox 1899 5225 2044 5289; x_wconf 91' lang='lat' dir='ltr'><strong>loco,</strong></span> <span class='ocrx_word' id='word_1_826' title='bbox 2069 5223 2207 5279; x_wconf 86' lang='lat' dir='ltr'><strong>Pro-</strong></span> 
     </span>
    </p>
   </div>
   <div class='ocr_carea' id='block_1_102' title="bbox 579 5314 2204 5390">
    <p class='ocr_par' dir='ltr' id='par_1_102' title="bbox 579 5314 2204 5390">
     <span class='ocr_line' id='line_1_102' title="bbox 579 5314 2204 5390; baseline -0.001 -18"><span class='ocrx_word' id='word_1_827' title='bbox 579 5317 784 5390; x_wconf 79' lang='lat' dir='ltr'><strong>phetas</strong></span> <span class='ocrx_word' id='word_1_828' title='bbox 823 5332 1047 5388; x_wconf 87' lang='lat' dir='ltr'><strong>quoque</strong></span> <span class='ocrx_word' id='word_1_829' title='bbox 1091 5317 1290 5389; x_wconf 87' lang='lat' dir='ltr'><strong>Legem</strong></span> <span class='ocrx_word' id='word_1_830' title='bbox 1337 5317 1545 5371; x_wconf 87' lang='lat' dir='ltr'><strong>vocari.</strong></span> <span class='ocrx_word' id='word_1_831' title='bbox 1594 5317 1757 5372; x_wconf 85' lang='lat' dir='ltr'><strong>Audit</strong></span> <span class='ocrx_word' id='word_1_832' title='bbox 1799 5332 1930 5385; x_wconf 83' lang='lat' dir='ltr'><strong>ergo</strong></span> <span class='ocrx_word' id='word_1_833' title='bbox 1972 5314 2204 5385; x_wconf 88' lang='lat' dir='ltr'><strong>Legem,</strong></span> 
     </span>
    </p>
   </div>
   <div class='ocr_carea' id='block_1_103' title="bbox 579 5406 2197 5480">
    <p class='ocr_par' dir='ltr' id='par_1_103' title="bbox 579 5406 2197 5480">
     <span class='ocr_line' id='line_1_103' title="bbox 579 5406 2197 5480; baseline 0 -17"><span class='ocrx_word' id='word_1_834' title='bbox 579 5409 674 5480; x_wconf 88' lang='lat' dir='ltr'><strong>qui</strong></span> <span class='ocrx_word' id='word_1_835' title='bbox 710 5408 868 5480; x_wconf 77' lang='lat' dir='ltr'><strong>juxta</strong></span> <span class='ocrx_word' id='word_1_836' title='bbox 914 5407 1144 5465; x_wconf 87' lang='lat' dir='ltr'><strong>Paulum</strong></span> <span class='ocrx_word' id='word_1_837' title='bbox 1185 5423 1294 5463; x_wconf 92' lang='lat' dir='ltr'><strong>non</strong></span> <span class='ocrx_word' id='word_1_838' title='bbox 1342 5407 1713 5479; x_wconf 81' lang='lat' dir='ltr'><strong>superﬁciem,</strong></span> <span class='ocrx_word' id='word_1_839' title='bbox 1759 5406 1856 5463; x_wconf 88' lang='lat' dir='ltr'><strong>sed</strong></span> <span class='ocrx_word' id='word_1_840' title='bbox 1899 5406 2197 5464; x_wconf 88' lang='lat' dir='ltr'><strong>medullam</strong></span> 
     </span>
    </p>
   </div>
   <div class='ocr_carea' id='block_1_104' title="bbox 580 5499 2199 5573">
    <p class='ocr_par' dir='ltr' id='par_1_104' title="bbox 580 5499 2199 5573">
     <span class='ocr_line' id='line_1_104' title="bbox 580 5499 2199 5573; baseline -0.003 -13"><span class='ocrx_word' id='word_1_841' title='bbox 580 5502 700 5570; x_wconf 77' lang='lat' dir='ltr'><strong>ejus</strong></span> <span class='ocrx_word' id='word_1_842' title='bbox 730 5502 1064 5573; x_wconf 86' lang='lat' dir='ltr'><strong>introspicit.</strong></span> <span class='ocrx_word' id='word_1_843' title='bbox 1086 5501 1208 5557; x_wconf 86' lang='lat' dir='ltr'><strong>Non</strong></span> <span class='ocrx_word' id='word_1_844' title='bbox 1231 5501 1384 5557; x_wconf 89' lang='lat' dir='ltr'><strong>audit</strong></span> <span class='ocrx_word' id='word_1_845' title='bbox 1409 5502 1637 5572; x_wconf 88' lang='lat' dir='ltr'><strong>Legem,</strong></span> <span class='ocrx_word' id='word_1_846' title='bbox 1673 5503 1764 5571; x_wconf 89' lang='lat' dir='ltr'><strong>qui</strong></span> <span class='ocrx_word' id='word_1_847' title='bbox 1799 5502 1994 5556; x_wconf 81' lang='lat' dir='ltr'><strong>similis</strong></span> <span class='ocrx_word' id='word_1_848' title='bbox 2034 5499 2199 5557; x_wconf 82' lang='lat' dir='ltr'><strong>Gaia-</strong></span> 
     </span>
    </p>
   </div>
   <div class='ocr_carea' id='block_1_105' title="bbox 578 5591 1973 5665">
    <p class='ocr_par' dir='ltr' id='par_1_105' title="bbox 578 5591 1973 5665">
     <span class='ocr_line' id='line_1_105' title="bbox 578 5591 1973 5665; baseline -0.002 -17"><span class='ocrx_word' id='word_1_849' title='bbox 578 5598 782 5660; x_wconf 85' lang='lat' dir='ltr'><strong>tarum,</strong></span> <span class='ocrx_word' id='word_1_850' title='bbox 809 5591 1145 5650; x_wconf 73' lang='lat' dir='ltr'><strong>exteriorem</strong></span> <span class='ocrx_word' id='word_1_851' title='bbox 1177 5602 1388 5650; x_wconf 83' lang='lat' dir='ltr'><strong>tantum</strong></span> <span class='ocrx_word' id='word_1_852' title='bbox 1408 5594 1673 5650; x_wconf 85' lang='lat' dir='ltr'><strong>corticem</strong></span> <span class='ocrx_word' id='word_1_853' title='bbox 1702 5592 1973 5665; x_wconf 84' lang='lat' dir='ltr'><strong>sequitur.</strong></span> 
     </span>
    </p>
   </div>
   <div class='ocr_carea' id='block_1_106' title="bbox 579 5705 2198 5839">
    <p class='ocr_par' dir='ltr' id='par_1_106' title="bbox 579 5705 2198 5839">
     <span class='ocr_line' id='line_1_106' title="bbox 579 5705 2198 5839; baseline 0.005 -78"><span class='ocrx_word' id='word_1_854' title='bbox 579 5706 852 5839; x_wconf 48' lang='lat' dir='ltr'><strong>uiuliae</strong></span> <span class='ocrx_word' id='word_1_855' title='bbox 899 5706 1103 5778; x_wconf 85' lang='lat' dir='ltr'><strong>verba,</strong></span> <span class='ocrx_word' id='word_1_856' title='bbox 1152 5707 1404 5780; x_wconf 75' lang='lat' dir='ltr'><strong>quoniam</strong></span> <span class='ocrx_word' id='word_1_857' title='bbox 1454 5706 1793 5781; x_wconf 79' lang='lat' dir='ltr'><strong>confundor,</strong></span> <span class='ocrx_word' id='word_1_858' title='bbox 1832 5705 2052 5765; x_wconf 72' lang='lat' dir='ltr'><strong>Victor.</strong></span> <span class='ocrx_word' id='word_1_859' title='bbox 2106 5708 2198 5770; x_wconf 80' lang='lat' dir='ltr'><strong>hic</strong></span> 
     </span>
    </p>
   </div>
   <div class='ocr_carea' id='block_1_107' title="bbox 2302 4943 3917 5016">
    <p class='ocr_par' dir='ltr' id='par_1_107' title="bbox 2302 4943 3917 5016">
     <span class='ocr_line' id='line_1_107' title="bbox 2302 4943 3917 5016; baseline -0.001 -18"><span class='ocrx_word' id='word_1_860' title='bbox 2302 4943 2548 5015; x_wconf 85' lang='lat' dir='ltr'><strong>lictant);</strong></span> <span class='ocrx_word' id='word_1_861' title='bbox 2580 4946 2651 4999; x_wconf 90' lang='lat' dir='ltr'><strong>ita</strong></span> <span class='ocrx_word' id='word_1_862' title='bbox 2682 4945 2829 4999; x_wconf 87' lang='lat' dir='ltr'><strong>aliud</strong></span> <span class='ocrx_word' id='word_1_863' title='bbox 2863 4961 3018 5014; x_wconf 86' lang='lat' dir='ltr'><strong>esse,</strong></span> <span class='ocrx_word' id='word_1_864' title='bbox 3075 4954 3135 5001; x_wconf 92' lang='lat' dir='ltr'><strong>ut</strong></span> <span class='ocrx_word' id='word_1_865' title='bbox 3182 4946 3442 5011; x_wconf 80' lang='lat' dir='ltr'><strong>diximus,</strong></span> <span class='ocrx_word' id='word_1_866' title='bbox 3477 4943 3917 5016; x_wconf 78' lang='lat' dir='ltr'><strong>benedictionem</strong></span> 
     </span>
    </p>
   </div>
   <div class='ocr_carea' id='block_1_108' title="bbox 2312 5034 4017 5107">
    <p class='ocr_par' dir='ltr' id='par_1_108' title="bbox 2312 5034 4017 5107">
     <span class='ocr_line' id='line_1_108' title="bbox 2312 5034 4017 5107; baseline 0.001 -16"><span class='ocrx_word' id='word_1_867' title='bbox 2312 5045 2473 5106; x_wconf 83' lang='lat' dir='ltr'><strong>atque</strong></span> <span class='ocrx_word' id='word_1_868' title='bbox 2514 5039 2711 5107; x_wconf 85' lang='lat' dir='ltr'><strong>legata,</strong></span> <span class='ocrx_word' id='word_1_869' title='bbox 2760 5038 2906 5094; x_wconf 89' lang='lat' dir='ltr'><strong>aliud</strong></span> <span class='ocrx_word' id='word_1_870' title='bbox 2949 5046 3362 5097; x_wconf 86' lang='lat' dir='ltr'><strong>testamentum.</strong></span> <span class='ocrx_word' id='word_1_871' title='bbox 3406 5038 3515 5095; x_wconf 82' lang='lat' dir='ltr'><strong>Sed</strong></span> <span class='ocrx_word' id='word_1_872' title='bbox 3557 5049 3614 5094; x_wconf 90' lang='lat' dir='ltr'><strong>et</strong></span> <span class='ocrx_word' id='word_1_873' title='bbox 3658 5039 3769 5094; x_wconf 87' lang='lat' dir='ltr'><strong>hoc</strong></span> <span class='ocrx_word' id='word_1_874' title='bbox 3813 5034 3921 5092; x_wconf 83' lang='lat' dir='ltr'><strong>dici</strong></span> <span class='ocrx_word' id='word_1_875' title='bbox 4016 5088 4017 5099; x_wconf 24' lang='grc' dir='ltr'>χ</span> 
     </span>
    </p>
   </div>
   <div class='ocr_carea' id='block_1_109' title="bbox 2314 5129 3920 5202">
    <p class='ocr_par' dir='ltr' id='par_1_109' title="bbox 2314 5129 3920 5202">
     <span class='ocr_line' id='line_1_109' title="bbox 2314 5129 3920 5202; baseline 0.001 -19"><span class='ocrx_word' id='word_1_876' title='bbox 2314 5140 2497 5202; x_wconf 88' lang='lat' dir='ltr'><strong>potest</strong></span> <span class='ocrx_word' id='word_1_877' title='bbox 2516 5130 2584 5186; x_wconf 91' lang='lat' dir='ltr'><strong>dc</strong></span> <span class='ocrx_word' id='word_1_878' title='bbox 2612 5129 2862 5196; x_wconf 87' lang='lat' dir='ltr'><strong>lsntaele,</strong></span> <span class='ocrx_word' id='word_1_879' title='bbox 2914 5142 3035 5199; x_wconf 91' lang='lat' dir='ltr'><strong>post</strong></span> <span class='ocrx_word' id='word_1_880' title='bbox 3079 5142 3404 5202; x_wconf 86' lang='lat' dir='ltr'><strong>conceptum</strong></span> <span class='ocrx_word' id='word_1_881' title='bbox 3453 5131 3593 5199; x_wconf 81' lang='lat' dir='ltr'><strong>ejus,</strong></span> <span class='ocrx_word' id='word_1_882' title='bbox 3628 5131 3713 5186; x_wconf 87' lang='lat' dir='ltr'><strong>vel</strong></span> <span class='ocrx_word' id='word_1_883' title='bbox 3747 5146 3920 5200; x_wconf 66' lang='lat' dir='ltr'><strong>augeo</strong></span> 
     </span>
    </p>
   </div>
   <div class='ocr_carea' id='block_1_110' title="bbox 2314 5222 3919 5294">
    <p class='ocr_par' dir='ltr' id='par_1_110' title="bbox 2314 5222 3919 5294">
     <span class='ocr_line' id='line_1_110' title="bbox 2314 5222 3919 5294; baseline -0.002 -16"><span class='ocrx_word' id='word_1_884' title='bbox 2314 5223 2451 5291; x_wconf 91' lang='lat' dir='ltr'><strong>lum,</strong></span> <span class='ocrx_word' id='word_1_885' title='bbox 2476 5223 2561 5279; x_wconf 85' lang='lat' dir='ltr'><strong>vel</strong></span> <span class='ocrx_word' id='word_1_886' title='bbox 2590 5222 2759 5277; x_wconf 89' lang='lat' dir='ltr'><strong>Deum</strong></span> <span class='ocrx_word' id='word_1_887' title='bbox 2794 5224 3058 5279; x_wconf 84' lang='lat' dir='ltr'><strong>loculum.</strong></span> <span class='ocrx_word' id='word_1_888' title='bbox 3089 5225 3167 5280; x_wconf 90' lang='lat' dir='ltr'><strong>De</strong></span> <span class='ocrx_word' id='word_1_889' title='bbox 3196 5224 3346 5279; x_wconf 84' lang='lat' dir='ltr'><strong>Isaac</strong></span> <span class='ocrx_word' id='word_1_890' title='bbox 3376 5239 3507 5278; x_wconf 85' lang='lat' dir='ltr'><strong>vero</strong></span> <span class='ocrx_word' id='word_1_891' title='bbox 3529 5233 3830 5294; x_wconf 81' lang='lat' dir='ltr'><strong>antequam</strong></span> <span class='ocrx_word' id='word_1_892' title='bbox 3866 5222 3919 5274; x_wconf 90' lang='lat' dir='ltr'><strong>iu</strong></span> 
     </span>
    </p>
   </div>
   <div class='ocr_carea' id='block_1_111' title="bbox 2314 5314 3918 5387">
    <p class='ocr_par' dir='ltr' id='par_1_111' title="bbox 2314 5314 3918 5387">
     <span class='ocr_line' id='line_1_111' title="bbox 2314 5314 3918 5387; baseline -0.002 -16"><span class='ocrx_word' id='word_1_893' title='bbox 2314 5314 2468 5371; x_wconf 77' lang='lat' dir='ltr'><strong>Sarte</strong></span> <span class='ocrx_word' id='word_1_894' title='bbox 2497 5324 2655 5369; x_wconf 90' lang='lat' dir='ltr'><strong>utero</strong></span> <span class='ocrx_word' id='word_1_895' title='bbox 2697 5315 3103 5384; x_wconf 85' lang='lat' dir='ltr'><strong>conciperetur,</strong></span> <span class='ocrx_word' id='word_1_896' title='bbox 3145 5315 3317 5371; x_wconf 89' lang='lat' dir='ltr'><strong>Deum</strong></span> <span class='ocrx_word' id='word_1_897' title='bbox 3366 5315 3538 5371; x_wconf 79' lang='lat' dir='ltr'><strong>fuisse</strong></span> <span class='ocrx_word' id='word_1_898' title='bbox 3582 5314 3918 5387; x_wconf 89' lang='lat' dir='ltr'><strong>pollicitum.</strong></span> 
     </span>
    </p>
   </div>
   <div class='ocr_carea' id='block_1_112' title="bbox 2319 5404 3921 5477">
    <p class='ocr_par' dir='ltr' id='par_1_112' title="bbox 2319 5404 3921 5477">
     <span class='ocr_line' id='line_1_112' title="bbox 2319 5404 3921 5477; baseline -0.001 -17"><span class='ocrx_word' id='word_1_899' title='bbox 2319 5406 2447 5461; x_wconf 62' lang='lat' dir='ltr'><strong>Ilaec</strong></span> <span class='ocrx_word' id='word_1_900' title='bbox 2494 5406 2711 5460; x_wconf 87' lang='lat' dir='ltr'><strong>interim</strong></span> <span class='ocrx_word' id='word_1_901' title='bbox 2766 5416 3027 5476; x_wconf 88' lang='lat' dir='ltr'><strong>quantum</strong></span> <span class='ocrx_word' id='word_1_902' title='bbox 3077 5406 3281 5477; x_wconf 86' lang='lat' dir='ltr'><strong>ingenii</strong></span> <span class='ocrx_word' id='word_1_903' title='bbox 3344 5407 3515 5461; x_wconf 88' lang='lat' dir='ltr'><strong>nostri</strong></span> <span class='ocrx_word' id='word_1_904' title='bbox 3569 5404 3921 5460; x_wconf 87' lang='lat' dir='ltr'><strong>mediocritas</strong></span> 
     </span>
    </p>
   </div>
   <div class='ocr_carea' id='block_1_113' title="bbox 2310 5494 3920 5569">
    <p class='ocr_par' dir='ltr' id='par_1_113' title="bbox 2310 5494 3920 5569">
     <span class='ocr_line' id='line_1_113' title="bbox 2310 5494 3920 5569; baseline 0 -20"><span class='ocrx_word' id='word_1_905' title='bbox 2310 5498 2519 5569; x_wconf 85' lang='lat' dir='ltr'><strong>patitur</strong></span> <span class='ocrx_word' id='word_1_906' title='bbox 2538 5496 2680 5551; x_wconf 90' lang='lat' dir='ltr'><strong>dicta</strong></span> <span class='ocrx_word' id='word_1_907' title='bbox 2711 5497 2839 5552; x_wconf 86' lang='lat' dir='ltr'><strong>sint.</strong></span> <span class='ocrx_word' id='word_1_908' title='bbox 2872 5497 3144 5552; x_wconf 57' lang='lat' dir='ltr'><strong>Caeterum</strong></span> <span class='ocrx_word' id='word_1_909' title='bbox 3168 5498 3214 5552; x_wconf 91' lang='lat' dir='ltr'><strong>si</strong></span> <span class='ocrx_word' id='word_1_910' title='bbox 3244 5498 3368 5568; x_wconf 92' lang='lat' dir='ltr'><strong>quis</strong></span> <span class='ocrx_word' id='word_1_911' title='bbox 3394 5503 3580 5567; x_wconf 84' lang='lat' dir='ltr'><strong>potest</strong></span> <span class='ocrx_word' id='word_1_912' title='bbox 3616 5495 3799 5564; x_wconf 82' lang='lat' dir='ltr'><strong>majus</strong></span> <span class='ocrx_word' id='word_1_913' title='bbox 3819 5494 3920 5550; x_wconf 56' lang='lat' dir='ltr'><strong>ali.</strong></span> 
     </span>
    </p>
   </div>
   <div class='ocr_carea' id='block_1_114' title="bbox 2306 5587 3921 5664">
    <p class='ocr_par' dir='ltr' id='par_1_114' title="bbox 2306 5587 3921 5664">
     <span class='ocr_line' id='line_1_114' title="bbox 2306 5587 3921 5664; baseline -0.003 -17"><span class='ocrx_word' id='word_1_914' title='bbox 2306 5590 2435 5664; x_wconf 90' lang='lat' dir='ltr'><strong>quid</strong></span> <span class='ocrx_word' id='word_1_915' title='bbox 2467 5590 2748 5658; x_wconf 87' lang='lat' dir='ltr'><strong>invenire,</strong></span> <span class='ocrx_word' id='word_1_916' title='bbox 2790 5590 3066 5661; x_wconf 85' lang='lat' dir='ltr'><strong>quomodo</strong></span> <span class='ocrx_word' id='word_1_917' title='bbox 3097 5589 3294 5646; x_wconf 85' lang='lat' dir='ltr'><strong>lsmael</strong></span> <span class='ocrx_word' id='word_1_918' title='bbox 3327 5592 3417 5662; x_wconf 91' lang='lat' dir='ltr'><strong>qui</strong></span> <span class='ocrx_word' id='word_1_919' title='bbox 3440 5588 3511 5647; x_wconf 88' lang='lat' dir='ltr'><strong>de</strong></span> <span class='ocrx_word' id='word_1_920' title='bbox 3532 5587 3736 5647; x_wconf 83' lang='lat' dir='ltr'><strong>ancilla</strong></span> <span class='ocrx_word' id='word_1_921' title='bbox 3761 5597 3921 5664; x_wconf 63' lang='lat' dir='ltr'><strong>natu,</strong></span> 
     </span>
    </p>
   </div>
   <div class='ocr_carea' id='block_1_115' title="bbox 2376 5704 3523 5782">
    <p class='ocr_par' dir='ltr' id='par_1_115' title="bbox 2376 5704 3523 5782">
     <span class='ocr_line' id='line_1_115' title="bbox 2376 5704 3523 5782; baseline 0.005 -19"><span class='ocrx_word' id='word_1_922' title='bbox 2376 5705 2591 5782; x_wconf 39' lang='lat' dir='ltr'><strong>{Idem</strong></span> <span class='ocrx_word' id='word_1_923' title='bbox 2612 5704 2917 5776; x_wconf 78' lang='lat' dir='ltr'><strong>Victorius,</strong></span> <span class='ocrx_word' id='word_1_924' title='bbox 2944 5723 3051 5780; x_wconf 84' lang='lat' dir='ltr'><strong>qua</strong></span> <span class='ocrx_word' id='word_1_925' title='bbox 3072 5724 3161 5765; x_wconf 78' lang='lat' dir='ltr'><strong>vos</strong></span> <span class='ocrx_word' id='word_1_926' title='bbox 3189 5708 3381 5782; x_wconf 85' lang='lat' dir='ltr'><strong>perire,</strong></span> <span class='ocrx_word' id='word_1_927' title='bbox 3412 5717 3523 5771; x_wconf 88' lang='lat' dir='ltr'><strong>etc.</strong></span> 
     </span>
    </p>
   </div>
  </div>
