4046 6404
194 382 302 442 589

707 377 1366 437 COMMENTARIORUM
1405 376 1473 435 ΙΝ
1517 374 1909 436 EPISTOLAM
1948 378 2041 435 AD
2078 377 2404 437 GALATAS
2440 377 2572 437 LIB.
2613 376 2679 435 ll.
2718 375 2876 435 CAP.
2915 376 3007 435 IV.

3396 357 3515 437 396

194 506 304 563 est,
337 510 446 551 non
494 494 561 549 sit
609 495 1061 561 repromissionis
1094 494 1261 558 titius,
1307 494 1403 548 scd
1433 494 1582 550 Isaac
1614 493 1703 565 qui
1730 493 1798 549 de
1828 497 1872 556 Α
1905 494 2169 551 iambicus
2219 496 2287 553 de
2334 497 2601 553 comantia
2656 506 2905 565 sumptus
2946 505 3030 552 est
3058 494 3365 552 Menandri.
3423 498 3507 555 Ex

193 591 405 646 libera:
434 589 530 643 illc
554 589 736 656 potius
767 586 1071 642 audiendus
1098 598 1205 642 est.
1252 587 1319 641 Et
1360 587 1407 641 si
1439 588 1589 659 quid,
1625 588 1801 658 inquit

195 681 519 752 Apostolus,
538 680 692 735 aliter
712 680 940 747 sentitis,
989 689 1033 733 et
1060 678 1157 733 Itoc
1184 679 1325 734 uobis
1364 678 1506 734 Deus
1535 679 1795 735 reuelauit.

193 774 350 831 Nunc
379 772 625 829 breviter
662 772 729 828 ad
756 771 955 827 altiora
981 771 1314 827 tendendum
1339 781 1444 835 est,
1471 780 1529 827 ut
1554 772 1802 827 dicamus

196 881 645 937 unumquemque
683 875 931 920 nostrum
976 864 1238 936 primum,
1271 882 1376 920 non
1406 865 1563 936 juxta
1612 882 1801 937 repro-

197 959 521 1018 missionem
544 961 718 1029 nasci,
743 958 1002 1029 quamdiu
1025 959 1435 1030 Scripturarum
1465 959 1649 1015 verbis
1671 961 1800 1013 sint-

197 1053 435 1125 plicibus
474 1053 795 1120 instruitur,
832 1062 886 1107 et
917 1051 1165 1107 Judaicis
1219 1051 1396 1107 adhuc
1442 1051 1800 1121 expositioni-

197 1147 303 1204 bus
330 1148 679 1205 delectatur:
710 1146 926 1218 quando
945 1162 1077 1201 vero
1091 1147 1158 1200 ad
1177 1146 1503 1201 sublimiora
1518 1154 1801 1202 transcen-

197 1241 367 1308 derit,
397 1241 641 1311 etlegem
668 1238 998 1294 intellexerit
1026 1239 1393 1308 spiritualem,
1427 1246 1557 1293 tunc
1577 1253 1701 1293 eum
1731 1238 1800 1293 de

198 1335 633 1403 repromissione
653 1332 904 1404 generari
930 1350 944 1386 :
975 1344 1050 1396 et,
1072 1340 1133 1387 ut
1153 1332 1393 1402 apertius
1417 1330 1631 1400 loquar,
1664 1346 1800 1400 quo-

198 1425 334 1481 tidie
382 1439 481 1481 eos
525 1427 620 1496 qui
666 1424 879 1480 faciunt
919 1439 1087 1494 opera
1130 1422 1385 1491 Abraltm,
1424 1422 1494 1478 de
1522 1421 1795 1476 Abraham

197 1518 370 1573 nasci.
404 1516 608 1574 Verum
651 1517 777 1572 illos
824 1518 914 1589 qui
956 1516 1160 1571 habent
1210 1516 1464 1587 spiritum
1515 1515 1799 1572 servitutis

196 1609 394 1664 iterum
418 1608 474 1664 in
502 1609 723 1677 timore,
756 1624 821 1664 ex
852 1609 1048 1663 ancilla
1087 1609 1341 1679 generari
1369 1607 1656 1679 Egyptia;
1702 1623 1800 1663 eos

195 1711 377 1758 autem
401 1702 491 1773 qui
524 1703 775 1770 Spiritum
810 1702 1122 1772 ad0ptionis
1173 1699 1514 1771 acceperint,
1542 1715 1608 1755 ex
1663 1699 1797 1753 Sara

194 1793 411 1849 libera:
440 1809 544 1865 qua
594 1794 851 1850 libertate
898 1810 927 1847 a
971 1793 1195 1848 Cluisto
1226 1791 1415 1847 donati
1449 1807 1662 1848 sumus.
1688 1790 1795 1846 Lo-

1903 589 2101 657 quibus
2124 597 2178 644 et
2203 590 2345 656 aliis,
2384 591 2609 645 evidens
2648 599 2731 644 est
2784 589 3011 644 Paulum
3060 603 3166 643 non
3219 589 3505 660 ignorasse

1902 680 2112 738 litteras
2154 683 2474 749 saeculares,
2527 692 2583 739 et
2623 699 2784 755 quam
2826 682 2922 739 hic
2972 682 3292 753 allegoriam
3341 681 3499 749 dixit,

1901 771 2032 827 alibi
2063 788 2289 830 vocasse
2316 773 2731 846 intelligentiam
2762 773 3126 844 spiritualem.
3147 771 3217 830 Ut
3240 773 3353 828 ibi:
3384 773 3504 829 Sci-

1902 884 2017 923 mus
2044 870 2181 923 enim
2201 870 2339 941 quod
2360 868 2470 924 Lex
2491 868 2786 938 spiritualis
2813 878 2886 923 est
2914 867 3094 934 (Rom.
3126 881 3227 933 vn,
3254 865 3372 940 Η),
3404 881 3504 937 pro

1901 978 1968 1018 eo
1996 964 2140 1033 quod
2170 974 2279 1031 est,
2308 963 2599 1034 allegoria,
2634 964 2752 1019 sive
2781 962 3079 1034 allegorice
3119 962 3371 1033 ﬁgurata.
3435 962 3502 1017 Et

1902 1054 2031 1109 alibi
2058 1072 2072 1108 :
2104 1054 2298 1109 Omnes
2329 1054 2564 1108 emndem
2607 1054 2933 1127 spiritualent
2978 1052 3144 1127 4⁵12
3172 1054 3506 1109 comederunt

1903 1166 2096 1219 escam,
2125 1159 2175 1204 et
2205 1150 2439 1205 eumdem
2468 1150 2796 1223 spiritualem
2832 1148 3069 1204 biberunt
3118 1160 3317 1218 potum.
3352 1147 3506 1204 Bibe-

1903 1243 2025 1298 bant
2048 1251 2223 1297 autem
2258 1243 2323 1297 de
2352 1242 2619 1311 spirituali
2659 1242 2891 1313 sequenti
2915 1257 3002 1296 eos
3035 1246 3203 1313 petra,
3235 1255 3383 1313 petra
3406 1258 3505 1295 au-

1904 1346 2002 1391 tem
2029 1346 2141 1391 erat
2171 1334 2411 1391 Christus
2451 1333 2502 1409 (l
2533 1333 2657 1390 Cor.
2685 1351 2745 1401 ι,
2780 1333 2913 1405 Ξῑλί).⁴
2943 1333 3135 1387 Manna
3180 1332 3291 1400 hic,
3332 1346 3383 1389 et
3414 1347 3509 1388 su-

1906 1430 1999 1485 biti
2025 1429 2729 1500 ΐιιιιῐίεζετιψῑίοέδιέρριψε
2764 1427 2877 1498 ipsa
2914 1441 3036 1497 (ιυω
3057 1425 3503 1497 sequiturJquod

1903 1523 2197 1592 allegorice
2242 1519 2564 1591 accipienda
2613 1518 2748 1585 sint,
2804 1530 2969 1574 nemo
3007 1527 3095 1573 est
3132 1517 3225 1589 qui
3271 1518 3503 1573 dubitet.

1903 1615 2030 1671 Scio
2076 1613 2205 1684 qttid
2248 1613 2562 1670 econtrario
2610 1611 2790 1682 possit
2834 1611 3038 1682 opponi
3081 1628 3095 1665 :
3158 1607 3400 1679 Fratres,
3459 1611 3507 1665 si

1902 1717 2295 1780 prmoccupatus
2318 1707 2478 1776 fuerit
2502 1707 2655 1761 homo
2684 1706 2737 1761 in
2764 1705 2946 1778 aliquo
2971 1704 3164 1761 delicto
3188 1720 3207 1758 :
3239 1722 3330 1761 uos
3352 1706 3508 1777 spiri-

1905 1800 2071 1854 tuales
2120 1800 2362 1853 instruite
2404 1797 2698 1853 istiusmodi
2746 1798 2802 1851 in
2846 1797 3038 1867 spiritu
3092 1798 3507 1852 mansuetudinis

195 1888 386 1957 quitur
408 1888 671 1943 Dominus
700 1890 764 1942 ad
795 1887 1042 1953 Jutlmns,
1089 1888 1181 1958 qui
1226 1887 1407 1941 adhuc
1451 1887 1666 1941 ancillae
1698 1886 1793 1940 lilii
1828 1889 1873 1947 Β
1905 1890 2102 1963 (Infra,
2134 1908 2210 1957 vt,
2244 1892 2323 1964 l).
2354 1891 2425 1946 Et
2450 1893 2506 1946 in
2527 1891 2637 1946 alio
2671 1891 2835 1946 loco:
2875 1890 3189 1961 Spiritualis
3225 1900 3398 1945 autent
3424 1891 3509 1945 di-

192 1995 321 2037 cese
344 1980 624 2036 malebant
647 1997 659 2033 :
685 1978 847 2061 47],
888 1979 953 2036 Si
988 1981 1280 2034 manseritis
1307 1980 1362 2034 in
1385 1994 1617 2033 sermone
1658 1994 1795 2044 meo,

191 2089 309 2127 uere
340 2070 588 2144 discipuli
620 2073 716 2126 mei
762 2073 928 2134 eritis,
977 2082 1023 2126 et
1075 2072 1394 2145 cognoscetis
1435 2071 1725 2136 ueritatem,
1750 2079 1799 2125 et

188 2167 383 2221 ueritas
412 2165 603 2220 liberos
625 2166 781 2237 faciet
810 2181 899 2219 uos
929 2165 1113 2237 (Joan.
1138 2180 1256 2233 vttt,
1290 2165 1386 2234 51,
1415 2163 1533 2233 32).
1569 2164 1721 2221 Unde
1743 2173 1798 2221 et

191 2258 266 2313 illi
292 2258 617 2329 ignorantes
642 2258 936 2330 mysticum
955 2257 1239 2329 essequod
1272 2257 1581 2326 dicebatur,
1605 2258 1794 2312 aiunt:

190 2350 383 2409 Semen
408 2351 629 2407 Abrahae
649 2368 853 2421 smnus,
884 2362 933 2407 et
959 2351 1152 2406 nemini
1178 2368 1426 2425 umquam
1445 2353 1744 2407 seruiuimus
1778 2367 1797 2408 :

185 2448 447 2519 quomodo
462 2458 517 2502 tu
528 2449 680 2516 dicis,
691 2449 837 2502 liberi
850 2446 1311 2521 eritis?llespondit
1325 2447 1400 2501 eis
1412 2446 1443 2500 Ι
1452 2463 1594 2502 esus:
1607 2446 1795 2513 Amen,

183 2560 340 2599 amen
382 2545 502 2598 dico
545 2543 686 2597 uobis
716 2582 732 2608 ,
790 2541 915 2613 quia
958 2543 1125 2596 omnis
1178 2542 1272 2614 qui
1332 2542 1457 2609 facit
1503 2550 1794 2614 peccatum,

185 2652 371 2692 seruus
421 2646 499 2691 est
548 2635 766 2709 peccati.
821 2634 1015 2691 Seruus
1044 2644 1341 2689 autemnon
1363 2643 1537 2688 manet
1562 2634 1614 2688 in
1638 2634 1796 2688 donto

184 2729 237 2785 in
290 2739 574 2796 aeternum,
627 2728 773 2798 ﬁlius
844 2737 1016 2782 autent
1083 2736 1255 2781 manet
1316 2728 1372 2781 in
1420 2738 1691 2782 aeternum.
1735 2726 1795 2782 Si

182 2822 325 2878 servi
358 2837 548 2878 sumus
579 2819 820 2891 peccati,
852 2822 997 2892 Agar
1033 2835 1133 2875 nos
1160 2820 1450 2890 generavit
1487 2819 1742 2890 Egyptia
1777 2836 1792 2875 :

185 2913 229 2970 si
261 2929 376 2969 non
410 2922 604 2984 regnat
649 2921 933 2983 peccatum
961 2911 1017 2967 in
1050 2923 1243 2968 nostro
1290 2913 1504 2968 mortali
1537 2927 1795 2983 corpore,

184 3020 315 3063 vere
346 3006 456 3061 Dei
488 3005 585 3060 lilii
616 3020 826 3060 sumus.

255 3101 443 3173 (Vers.
469 3099 589 3170 Ἡ.)
624 3099 754 3168 Quae
775 3108 803 3137 ι
828 3108 954 3154 sunt
982 3114 1074 3171 per
1100 3097 1409 3173 allegoriam
1450 3097 1612 3151 dicta.
1647 3096 1793 3152 Alle-

187 3195 335 3266 goria
368 3195 598 3266 proprie
621 3194 690 3249 de
717 3202 836 3249 arte
871 3192 1230 3264 grammatica
1260 3200 1367 3261 est,
1397 3199 1452 3247 et
1480 3207 1587 3262 quo
1618 3207 1644 3244 a
1674 3204 1792 3246 me-

1897 1985 2100 2054 iudicat
2119 1985 2293 2038 omnia
2323 1999 2342 2036 :
2367 1983 2479 2054 ipse
2500 1991 2674 2037 autent
2704 1998 2735 2036 a
2770 1980 2922 2036 nullo
2950 1982 3281 2050 diiudicatur
3312 1981 3355 2051 (l
3379 1980 3504 2038 Cor.

1900 2092 1960 2143 tt,
1992 2076 2088 2149 25)
2122 2095 2136 2133 :
2167 2076 2316 2148 quod
2355 2076 2569 2131 scilicet
2618 2076 2769 2131 aliud
2810 2091 2973 2146 quam
3013 2091 3182 2146 supra
3233 2077 3494 2146 diximus,

1898 2170 2129 2226 verbum
2157 2168 2447 2241 spirituale
2493 2178 2672 2223 sonet.
2702 2167 2811 2224 Sed
2849 2182 2950 2224 nos
2977 2168 3346 2240 spiritualem,
3378 2170 3506 2240 quia

1899 2262 2083 2319 omnia
2099 2262 2333 2333 judicct,
2358 2271 2412 2319 et
2440 2263 2556 2333 ipse
2578 2276 2609 2317 a
2644 2261 2863 2318 nemine
2883 2259 3239 2332 dijudicetur,
3272 2278 3399 2318 eum
3421 2262 3503 2316 vi-

1899 2373 2019 2414 rum
2049 2357 2304 2424 dicimus,
2333 2356 2427 2429 qui
2449 2356 2702 2411 universa
2722 2355 3134 2425 Scripturarnm
3152 2364 3502 2412 sacramenta

1898 2464 2259 2521 cognoscens,
2283 2448 2592 2504 sublimiter
2619 2463 2682 2501 ea
2716 2447 2986 2518 intelligat
3010 2465 3024 2503 :
3056 2455 3113 2503 et
3140 2446 3423 2503 Christum
3448 2446 3502 2503 in

1898 2544 2104 2598 divinis
2129 2541 2282 2597 libris
2310 2540 2527 2607 videns,
2554 2538 2691 2595 nihil
2730 2537 2785 2594 in
2816 2538 2900 2595 eis
2919 2535 3162 2595 Iudaicae
3192 2537 3505 2594 traditionis

1897 2637 2172 2693 admittat.

1970 2728 2156 2803 (Vers.
2185 2728 2278 2793 25,
2315 2724 2436 2799 26.)
2484 2724 2614 2781 Herc
2662 2725 2802 2780 enim
2845 2733 2967 2780 sunt
3022 2724 3126 2780 duo
3174 2731 3500 2792 testamenta,

1897 2840 2061 2879 unum
2089 2823 2546 2895 quidemamonte
2584 2820 2744 2885 Sina,
2784 2820 2842 2875 in
2882 2821 3176 2876 seruitutem
3222 2836 3502 2894 generans,

1897 2932 2015 2988 quae
2040 2926 2113 2969 est
2134 2916 2292 2988 Agar.
2322 2912 2455 2969 Sina
2491 2912 2628 2967 enim
2654 2928 2803 2967 mons
2832 2913 2985 2967 estin
3006 2912 3220 2980 Arabia,
3253 2912 3344 2984 qui
3380 2928 3505 2966 con-

1899 3010 2146 3064 terminus
2173 3017 2246 3062 est
2269 3009 2337 3075 ei,
2359 3022 2477 3078 qua:
2500 3022 2641 3059 nunc
2660 3013 2733 3060 est
2759 3002 3075 3071 Jerusalem,
3108 3015 3155 3060 et
3194 3006 3349 3060 seruit
3383 3021 3503 3059 cunt

1898 3101 2025 3172 ﬁliis
2051 3100 2178 3155 suis.
2205 3096 2311 3152 Illa
2337 3106 2509 3151 autem
2530 3112 2647 3167 quae
2667 3112 2874 3151 sursum
2894 3106 2970 3151 est
2997 3095 3310 3165 Jerusalem,
3341 3097 3503 3150 libera

1900 3201 1995 3259 est,
2018 3206 2135 3261 quae
2155 3199 2229 3245 est
2246 3198 2412 3244 mater
2432 3189 2662 3243 omnium
2705 3199 2961 3242 nostrum.
2996 3189 3140 3244 Pene
3171 3195 3501 3243 cunctorum

191 3289 451 3361 taphora,
485 3287 817 3351 veLcacteris
838 3287 1013 3357 tropis
1034 3286 1273 3351 dilferat,
1322 3287 1375 3341 in
1425 3284 1634 3341 scholis
1667 3300 1790 3355 par-
1819 3269 1866 3333 Ε
1897 3297 2063 3353 super
2084 3281 2187 3335 hoc
2210 3279 2331 3335 loco
2363 3280 2466 3333 ista
2497 3288 2579 3332 est
2610 3275 2946 3346 explanatio,
2973 3288 3029 3331 ut
3058 3275 3203 3348 Agar
3217 3276 3490 3342 ancillam,

185 3380 294 3436 vuli
346 3379 641 3436 discimus.
699 3378 858 3434 Aliud
917 3377 1208 3448 prattendit
1265 3377 1320 3432 in
1374 3377 1577 3442 verbis,
1638 3375 1787 3431 aliud

186 3472 473 3543 signiﬁcat
499 3471 553 3525 in
579 3484 765 3526 sensu.
788 3469 943 3525 Pleni
977 3482 1103 3525 sunt
1132 3480 1409 3525 oratorum
1465 3469 1627 3541 (ευρ.
1659 3468 1792 3523 alle—

186 3564 404 3639 goriis),
432 3573 489 3620 ct
518 3571 805 3635 poetarum
839 3561 984 3617 libri.
1022 3560 1304 3633 Scriptura
1334 3577 1550 3633 quoque
1580 3559 1787 3629 divina,

184 3670 282 3729 per
308 3658 455 3713 hanc
480 3671 587 3711 non
613 3655 825 3711 modica
848 3671 914 3711 ex
939 3664 1095 3724 parte
1119 3666 1368 3710 contexta
1399 3663 1504 3711 est.
1526 3654 1680 3724 Quod
1710 3657 1793 3709 in-

187 3750 444 3825 telligens
469 3749 677 3805 Paulus
719 3749 1003 3820 apostolus
1043 3747 1267 3822 (quippe
1293 3747 1386 3817 qui
1414 3757 1472 3804 et
1500 3748 1793 3803 saeculares

190 3830 403 3901 litteras
428 3844 610 3913 aliqua
641 3858 708 3899 ex
739 3850 892 3914 parte
908 3842 1239 3913 contigerat)
1270 3841 1390 3911 ipso
1414 3839 1582 3895 verbo
1606 3838 1792 3910 ﬁgura:

189 3952 318 3993 usus
344 3946 461 4005 est,
511 3945 573 3991 ut
618 3934 966 4006 allegoriam,
1016 3932 1159 3990 sicut
1196 3932 1339 4006 apud
1390 3947 1523 3988 suos
1567 3931 1786 4001 dicitur,

189 4032 502 4101 appellaret
549 4046 564 4085 :
613 4043 723 4099 quo
764 4026 984 4083 scilicet
1033 4040 1200 4083 sensu
1252 4025 1424 4096 magis
1472 4023 1577 4079 loci
1632 4023 1794 4093 hujus

189 4120 358 4178 (ἓνωεί
386 4121 669 4178 sermonis
714 4120 1040 4175 abusionem
1074 4127 1434 4174 monstraret.
1465 4116 1652 4175 Scissa
1697 4132 1795 4172 an-

188 4224 293 4271 tem
329 4216 583 4281 Paulum,
619 4215 749 4270 licet
775 4230 884 4268 nou
913 4215 980 4268 ad
1006 4213 1308 4286 perlectqu
1341 4211 1404 4279 ιι,
1436 4212 1649 4267 litteras
1692 4228 1793 4267 stc-

185 4311 422 4374 culares,
447 4309 619 4379 ipsius
659 4309 824 4364 verba
860 4319 1127 4362 testantur
1153 4326 1165 4361 :
1192 4305 1339 4362 Dixit
1372 4308 1585 4379 quidam
1612 4323 1675 4361 ea:
1695 4308 1791 4375 (is,

184 4402 433 4474 praprius
458 4417 637 4457 eorum
667 4399 926 4472 propheta
949 4416 967 4455 :
988 4398 1253 4455 Cretenses
1273 4417 1475 4472 semper
1498 4400 1790 4471 mendaces,

184 4491 343 4547 mala:
378 4492 590 4559 bestiae,
620 4503 821 4547 uentres
868 4493 1007 4565 pigri
1059 4490 1190 4557 (Tit.
1221 4509 1259 4562 ι,
1294 4492 1407 4565 12).
1459 4490 1559 4548 llic
1604 4508 1792 4549 versus

184 4581 454 4641 heroicus
482 4584 823 4655 Epimenidis
872 4594 1048 4656 poeta:
1090 4594 1195 4651 est,
1228 4586 1386 4656 cujus
1435 4596 1490 4641 et
1531 4586 1710 4653 Plato,
1738 4597 1795 4643 et

1896 3374 2327 3443 interpretentur
2355 3370 2408 3424 in
2442 3369 2606 3440 Lege,
2631 3381 2688 3423 et
2707 3368 2761 3423 in
2793 3370 2992 3439 populo
3011 3368 3325 3424 Judtnoruut
3349 3385 3363 3422 :
3390 3369 3491 3423 Sa-

1894 3480 2012 3521 ram
2034 3476 2216 3520 autem
2247 3461 2499 3530 liberam,
2532 3462 2585 3516 in
2630 3460 2901 3529 Ecclesia,
2957 3476 3079 3532 qua:
3125 3459 3195 3516 de
3238 3460 3496 3531 gentibus

1895 3565 2223 3630 congregata
2254 3565 2361 3622 est,
2385 3568 2507 3625 quas
2535 3559 2710 3609 mater
2736 3560 3053 3608 sanctorum
3084 3551 3177 3618 sit,
3203 3550 3377 3607 Paulo
3412 3551 3499 3605 di-

1894 3661 2055 3709 cente
2080 3667 2093 3707 :
2122 3650 2251 3718 Qua:
2279 3657 2355 3704 est
2383 3656 2546 3702 mater
2565 3647 2793 3701 omnium
2820 3656 3075 3701 nostrum.
3105 3645 3233 3701 Haec
3268 3645 3360 3700 diu
3392 3662 3500 3702 non

1894 3743 2133 3815 peperit,
2160 3749 2455 3812 antequam
2483 3738 2734 3793 Christus
2785 3737 2856 3794 de
2903 3737 3125 3809 Virgine
3155 3747 3498 3805 nasceretur,

1895 3833 2181 3893 etsterilis
2210 3832 2601 3888 fuit:necdum
2652 3830 2766 3886 risu
2814 3829 3002 3885 mundi
3048 3827 3202 3885 lsaac
3226 3830 3298 3886 de
3321 3830 3500 3885 electo

1897 3937 2054 3999 patre
2074 3941 2196 3982 cum
2237 3940 2375 3981 voce
2417 3922 2738 3979 sublimium
2781 3922 3098 3993 dogmatum
3153 3931 3448 3979 resonante
3482 3941 3498 3980 :

1896 4019 2170 4093 siquidem
2196 4028 2252 4075 et
2280 4018 2542 4074 Abraham
2564 4018 2616 4072 in
2644 4027 2833 4073 nostra
2864 4016 3068 4087 lingua,
3107 4025 3257 4089 pater
3308 4016 3503 4071 electus

1897 4128 2013 4168 cum
2043 4113 2216 4167 sonitu
2244 4121 2267 4151 ο
2294 4108 2554 4167 refertur.
2601 4109 2744 4181 Agar
2797 4118 2979 4165 autem
3012 4126 3135 4178 qua:
3167 4110 3501 4180 interpreta-

1900 4218 1987 4262 tur
2012 4208 2282 4282 παροικία,
2302 4206 2354 4261 id
2379 4215 2483 4269 est,
2524 4203 2803 4270 incolatus,
2842 4205 2959 4259 sive
2989 4204 3365 4277 peregrinatio,
3389 4203 3503 4261 sive

1897 4315 2066 4366 mora,
2099 4306 2324 4369 generat
2364 4296 2580 4362 lsmael,
2604 4296 2697 4367 qui
2737 4303 2945 4352 tantum
2989 4295 3178 4351 audiat
3219 4294 3321 4351 Dei
3366 4311 3507 4368 pric-

1897 4402 2081 4463 cepta.
2108 4407 2209 4448 nec
2237 4390 2399 4447 faciat
2424 4389 2700 4446 hominem
2733 4391 3029 4460 rusticum,
3062 4390 3501 4463 sanguinarium,

1897 4486 2115 4541 deserta
2134 4494 2438 4542 sectantem
2463 4501 2476 4539 :
2508 4484 2603 4556 qui
2630 4484 2900 4540 universis
2926 4483 3191 4541 fratribus
3212 4486 3324 4541 suis
3343 4484 3415 4542 de
3440 4485 3505 4539 li-

1899 4579 2026 4635 bera
2043 4579 2342 4649 procreatis
2372 4579 2624 4634 inimicus
2641 4578 2731 4644 sit,
2758 4588 2812 4634 et
2837 4578 3070 4635 adversa
3098 4581 3181 4635 eis
3209 4578 3393 4635 l‘ronte
3417 4595 3504 4635 rc-

184 4681 374 4734 caeteri
408 4681 707 4749 scriptores
751 4689 967 4735 veteres
1015 4679 1392 4735 recordamur.
1418 4679 1579 4749 Apud
1624 4679 1791 4735 Atbe-
1827 4659 1873 4718 ο
1898 4673 2076 4726 sistat.
2097 4668 2206 4724 Nec
2228 4672 2425 4724 mirum
2444 4681 2604 4725 vetus
2625 4669 3221 4743 Testamentum,quod
3247 4671 3505 4729 inmon'e

186 4771 413 4827 nienses
444 4787 667 4840 quoque
707 4787 828 4826 cum
862 4771 915 4825 in
969 4771 1256 4842 Areopago
1287 4769 1651 4839 satisfaceret,
1679 4773 1791 4827 lucc

185 4864 440 4921 addidit:
476 4864 627 4920 Sicut
669 4873 716 4917 et
756 4864 971 4935 quidam
1001 4864 1066 4919 de
1105 4864 1244 4918 uobis
1292 4872 1455 4935 poetae
1496 4864 1742 4918 dixerunt
1773 4881 1792 4918 :

185 4953 368 5025 Ipsius
401 4958 538 5011 enim
560 4967 608 5011 et
634 4973 795 5031 genus
836 4973 1015 5012 sumus
1067 4955 1205 5029 (Act.
1245 4970 1377 5021 xvn,
1399 4956 1517 5026 ‘28).
1547 4948 1662 5011 lloc
1694 4960 1790 5011 he-

185 5047 527 5103 mistichium
561 5048 731 5102 lcrtur
760 5050 813 5102 in
851 5051 1039 5114 Arato,
1072 5049 1163 5120 qui
1204 5046 1276 5103 de
1328 5048 1469 5103 caelo
1511 5047 1793 5120 stellisque

185 5145 546 5214 conscripsit.
579 5143 799 5199 Necnon
833 5153 885 5197 ct
914 5142 1042 5197 illud
1070 5158 1085 5197 :
1115 5141 1471 5213 Corrumpunt
1498 5142 1660 5197 bonos
1683 5160 1795 5198 mo-

182 5251 264 5291 res
290 5236 742 5309 confabulationes
778 5238 1015 5303 pessima:
1046 5237 1088 5310 (l
1122 5236 1246 5293 Cor.
1279 5253 1374 5305 xv,
1396 5236 1519 5308 '55);
1550 5237 1798 5294 trimeter

257 5381 284 5410 ι
313 5372 375 5430 1η
411 5373 819 5446 ms.Palatiuo,
854 5381 910 5429 et
935 5387 1104 5444 penes
1156 5373 1482 5442 Victoriam,
1520 5373 1652 5442 Quae
1677 5377 1796 5446 qui-

188 5442 302 5516 dem
327 5444 785 5516 s_unt_allegorica.

252 5513 283 5553 ι)
322 5514 533 5599 genter
563 5513 737 5585 Epist.
782 5514 901 5582 120,
934 5514 1003 5571 ad
1041 5514 1350 5585 Hedibiam,
1395 5526 1590 5588 quaest.
1626 5517 1718 5586 11,
1742 5526 1799 5574 et

184 5600 306 5656 quae
335 5588 413 5642 ibi
445 5599 796 5644 annotamus.

188 5737 203 5741 _
257 5667 280 5695 ε
320 5656 417 5741 Sic
443 5674 659 5741 tt'empc,
688 5657 834 5741 quod
865 5658 1216 5741 Martianzeus
1248 5667 1423 5741 notat,
1457 5659 1789 5741 interpreta-

185 5737 273 5807 tus
321 5736 412 5807 est
466 5726 625 5785 Philo
671 5726 1024 5807 :’_'Adpuo‘tu,_
1063 5736 1240 5807 πατὴρ
1306 5731 1529 5807 ἐκλεκτὸς
1574 5726 1787 5807 ἠχοῦς,

183 5797 479 5873 Abraham,
512 5807 657 5870 pater
670 5797 875 5873 electus
911 5803 1025 5858 soni
1056 5816 1077 5858 :
1103 5797 1238 5857 satis
1293 5800 1590 5871 violenter,
1610 5797 1795 5873 'g'quas’i

185 5868 366 5933 tribus
389 5868 547 5929 hisce
566 5870 754 5931 verbis
777 5882 1082 5943 constaret,
1102 5881 1387 5947 inmoler,
1406 5883 1551 5943 nm,
1574 5868 1795 5944 electus,

1901 4763 2158 4832 Siua,qui
2189 4761 2349 4817 estin
2386 4761 2610 4829 Arabia,
2640 4770 2695 4817 et
2728 4761 2964 4818 conﬁnis
2989 4770 3077 4820 est
3102 4763 3330 4843 ei,_qu:e
3357 4780 3507 4820 nunc

1898 4854 2061 4927 5'73
2118 4862 2203 4910 est
2241 4853 2579 4923 Jerusalem,
2636 4855 2997 4911 constitutum
3041 4867 3126 4912 est
3161 4869 3327 4927 atque
3372 4872 3516 4913 con-

1903 4952 2199 5019 scriptum,
2233 4963 2339 5003 non
2372 4961 2499 5002 esse
2526 4956 2849 5017 perpetuum
2877 4965 2892 5004 :
2918 4963 3041 5003 cum
3081 4959 3136 5004 et
3176 4948 3445 5005 incolatus
3472 4967 3502 5006 a

1864 5052 2158 5114 'perpetua
2201 5040 2552 5112 possessione
2599 5039 2848 5095 diversus
2897 5041 3010 5109 sit,
3045 5048 3102 5096 et
3132 5041 3265 5096 Sina
3304 5026 3507 5097 montis

1900 5149 2099 5192 nomen
2137 5134 2470 5189 tentationem
2497 5140 2659 5188 sonet
2693 5147 2709 5186 :
2740 5141 2798 5188 et
2823 5131 3022 5187 Arabia
3048 5132 3321 5204 signiﬁcet
3350 5150 3506 5190 occa-

1898 5245 2016 5286 sum
2039 5246 2058 5285 :
2089 5239 2145 5302 et
2173 5226 2486 5284 econtrario
2507 5240 2628 5297 qua:
2656 5240 2878 5281 sursum
2910 5234 2995 5281 est
3018 5224 3323 5282 Jerusalem
3342 5268 3359 5292 .
3383 5241 3507 5300 qua:

1906 5383 2065 5435 τισι,
2113 5364 2333 5424 sonitus.
2386 5360 2505 5420 Jam
2551 5376 2654 5418 nec
2691 5362 2912 5438 probari
2937 5362 3290 5438 AHieronymo
3314 5365 3503 5437 liquet,

1902 5434 2143 5517 quicum
2196 5452 2298 5517 suo
2341 5449 2508 5489 sensu
2553 5449 2755 5517 pomen
2796 5434 2956 5517 istud
3001 5434 3508 5517 egios'uitmptitnc

1901 5505 2147 5571 omnium
2175 5524 2242 5564 ex
2273 5507 2392 5576 ipso
2421 5506 2566 5560 sacri
2594 5513 2770 5560 textus
2795 5505 3019 5577 indicio,
3043 5505 3248 5562 Cenes.
3283 5505 3414 5577 rvit,
3447 5511 3504 5569 5.

1903 5574 2311 5655 interpretatus
2342 5586 2447 5642 est,
2506 5583 2709 5644 patrem
2755 5574 3117 5655 multitudinis
3155 5574 3407 5655 gentium,
3440 5597 3505 5635 ex

1904 5648 2147 5713 Hebrieis
2173 5648 2423 5716 vocibus,
2443 5657 2558 5713 ιιι,
2593 5655 2758 5713 pater,
2791 5655 2900 5713 :1,
2943 5648 3269 5718 (multitudo,
3304 5661 3360 5708 et
3388 5661 3505 5716 an.

1899 5727 2047 5813 quod
2071 5724 2220 5782 idem
2248 5728 2334 5777 est
2358 5730 2528 5792 atque
2564 5724 2727 5809 τρο-ι,
2760 5729 2815 5774 et
2844 5717 3044 5792 turbas,
3092 5717 3338 5797 populea,
3385 5742 3511 5803 σενι..

1902 5831 1999 5893 tes,
2028 5821 2190 5898 idque
2216 5832 2389 5895 genus
2411 5815 2647 5895 ingentis
2677 5815 2891 5877 numeri
2916 5826 3097 5881 sonat.
3495 5861 3501 5886 ε
