4046 6330
593 213 700 280 891

1833 202 1892 260 S.
1940 199 2215 259 [ill-SE81]
2256 199 2650 261 lllERONYMI

3803 200 3899 263 39%

598 337 685 386 est
731 326 903 383 libera
946 329 1227 392 materque
1273 327 1586 374 sanctorum
1612 360 1626 386 ,
1674 316 2012 372 demonstret
2058 318 2197 372 banc
2226 317 2275 379 Α
2303 317 2468 374 deant
2493 337 2506 373 ε
2528 332 2581 375 et
2605 320 2692 374 vix
2718 332 2876 374 rarus
2897 327 3059 389 atque
3083 313 3335 375 notabilis
3356 319 3407 374 in
3431 318 3663 377 urbibus
3686 319 3899 379 Judreus

597 418 926 487 Jerusalem,
952 430 1074 486 qum
1098 415 1149 468 in
1183 409 1439 482 prtesenzi
1462 421 1568 475 est,
1597 409 1715 464 deo'
1735 425 1851 465 sum
1876 425 1996 466 esse
2018 454 2031 478 ,
2066 420 2118 463 et
2141 410 2192 464 in

602 513 790 570 humili
824 520 851 549 ι
890 509 1185 578 inﬁmoque
1215 505 1546 560 demersam.
1580 503 1718 559 Sunt
1744 504 1835 574 qui
1863 504 1971 559 duo
2001 503 2192 558 Testa-

602 622 782 666 menta
812 616 867 661 et
892 603 1054 660 aliter
1085 602 1389 673 intelligant
1421 617 1435 654 :
1472 608 1531 655 ut
1562 598 1901 669 Scripturam
1923 598 2194 665 divinam,

604 712 711 759 tam
737 709 979 757 veterem
1001 713 1163 770 quam
1190 710 1408 762 novam,
1432 694 1593 765 juxta
1611 693 1983 748 diversitatem
2006 706 2199 747 sensus

599 808 901 866 eorumque
942 790 1271 849 sententiam
1323 788 1416 860 qui
1449 788 1667 861 legunt.
1697 795 1788 841 aut
1819 786 2068 841 ancillam
2109 785 2197 840 in-

600 894 990 958 terpretentur,
1020 896 1109 940 aut
1144 882 1368 938 liberam
1389 922 1404 947 ,
1429 890 1484 937 et
1507 896 1635 950 eos,
1668 879 1759 950 qui
1790 878 1967 934 adhuc
2004 877 2199 933 littera:

599 977 868 1046 serviant,
890 986 946 1032 et
976 974 1225 1046 spiritum
1262 971 1475 1026 timoris
1504 970 1741 1026 habeant
1774 971 1826 1024 in
1853 970 2195 1037 servitutem,

602 1073 671 1131 tle
697 1077 838 1145 Agar
861 1069 1120 1142 .Egyptia
1157 1067 1327 1122 velint
1355 1079 1479 1120 esse
1508 1074 1841 1136 generatos:
1880 1079 1975 1119 eos
2015 1071 2198 1117 autem

600 1167 694 1236 qui
738 1164 806 1220 ad
847 1162 1133 1234 superiora
1163 1158 1574 1223 conm-endam,
1606 1165 1663 1212 et
1707 1155 2002 1225 allegorice
2030 1154 2199 1209 velint

603 1256 810 1313 sentire
850 1268 973 1324 quin
1011 1253 1219 1321 scripta
1247 1259 1413 1317 sunt,
1449 1248 1589 1303 ﬁlios
1622 1261 1746 1301 esse
1773 1247 1923 1302 Sara:
1946 1287 1961 1312 ,
1993 1262 2114 1316 qua:
2142 1245 2197 1299 in

601 1347 781 1418 lingua
815 1353 999 1400 nostra
1017 1340 1290 1421 ἄρχουσα,
1316 1341 1369 1396 id
1392 1350 1497 1404 est,
1514 1340 1755 1412 princeps
1780 1339 2197 1408 interpretatur,

604 1452 807 1510 genere
850 1433 1131 1491 feminino.
1178 1435 1245 1489 Et
1277 1434 1378 1487 hoc
1411 1433 1483 1487 ob
1532 1431 1683 1486 illam
1715 1431 2096 1486 necessitatem
2139 1444 2199 1483 se

605 1538 858 1587 asserunt
904 1527 1013 1601 [ΑΙ.
1056 1524 1292 1599 asserat]
1326 1542 1589 1595 ttsurpare
1637 1523 1806 1595 :quia
1840 1523 2083 1595 iniquum
2127 1521 2199 1576 sit

606 1626 853 1697 Moysen,
890 1632 948 1679 et
975 1632 1202 1679 cunctos
1236 1620 1536 1691 prophetas
1557 1619 1626 1675 de
1654 1618 1852 1674 ancilla
1879 1657 1895 1684 ,
1928 1615 2200 1688 quoslibet

2299 423 2578 482 appareat.

2375 503 2554 575 (Vers.
2596 502 2716 577 9.3.)
2751 504 2864 559 Nos
2911 514 3117 570 autem,
3157 505 3381 576 fratres,
3413 504 3705 560 secundum
3753 504 3899 561 Isaac

2298 597 2657 668 promissionis
2684 596 2785 668 ﬁlii
2813 614 3009 652 sumus.
3047 600 3367 669 Apostolum
3399 608 3455 655 et
3487 599 3703 654 similes
3730 600 3781 655 ei
3809 614 3892 655 se-

2298 687 2539 744 cundum
2569 688 2720 745 Laac
2751 690 3129 759 promissionis
3156 705 3278 745 esse
3307 690 3472 757 ﬁlios,
3506 691 3660 746 nulla
3701 692 3895 749 intelli-

2299 780 2497 850 gentia:
2539 780 2836 837 difﬁcultas
2883 792 2986 837 cst.
3019 782 3129 839 Sed
3158 782 3282 853 quia
3322 782 3585 853 Origenes
3633 783 3784 840 hunc
3824 784 3899 840 lo-

2301 887 2423 925 cutu
2454 871 2789 939 edisserens,
2816 874 2889 928 ita
2917 873 3173 944 Apostoli
3202 875 3384 944 posuit
3404 875 3726 946 exemplum
3756 895 3769 931 :
3804 875 3901 931 Vos

2302 974 2497 1030 autent,
2516 967 2733 1036 fratres,
2755 966 3036 1020 secundum
3067 964 3221 1020 Isaac
3247 967 3605 1036 promissionis
3637 968 3745 1038 ﬁlii
3764 970 3899 1037 estis,

2302 1058 2567 1126 qumritur
2592 1060 2867 1129 quomodo
2895 1058 3143 1128 Galatas,
3171 1076 3307 1129 quos
3339 1062 3535 1114 stultos
3565 1061 3900 1131 appellarat,

2303 1158 2357 1203 ct
2401 1149 2699 1221 increpisse
2729 1149 2942 1206 dixerat
2969 1154 3191 1223 spiritu,
3219 1166 3388 1207 carne
3416 1153 3572 1208 ﬁnire
3591 1193 3607 1214 .
3645 1168 3795 1208 nunc
3823 1170 3904 1208 se-

2301 1244 2535 1298 cundum
2584 1242 2738 1300 Isaac
2779 1245 2923 1299 lilios
2950 1244 3402 1316 repromissionis
3426 1244 3622 1301 vocet?
3666 1245 3904 1302 Dicimus

2302 1335 2487 1405 itaque
2510 1336 2832 1407 Aposmlum
2863 1336 2987 1392 ideo
3012 1351 3108 1393 eos
3129 1337 3404 1408 appellare
3426 1336 3731 1392 secundum
3756 1335 3902 1393 [stac

2303 1429 2448 1484 ﬁlios
2481 1430 2948 1500 repromissionis,
2983 1430 3108 1501 quia
3141 1446 3249 1486 non
3290 1429 3511 1501 penitus
3563 1447 3761 1487 eorum
3805 1432 3904 1486 de-

2303 1530 2488 1592 Speret
2512 1523 2770 1591 salutem,
2798 1533 2853 1577 et
2883 1536 3104 1578 rursum
3128 1538 3227 1579 eos
3250 1523 3316 1577 ad
3345 1522 3593 1594 spiritum
3641 1538 3758 1595 quo
3788 1539 3902 1579 cae-

2303 1623 2498 1685 pcrant
2521 1619 2755 1670 aestimet
2779 1631 3124 1679 reversuros.
3155 1616 3394 1687 ﬁantque
3434 1616 3531 1671 ﬁlii
3566 1616 3778 1672 liberte.
3804 1616 3904 1685 Qui

605 1731 741 1773 vero
790 1714 1073 1787 gentilium
1128 1714 1197 1769 de
1257 1712 1433 1770 libera
1489 1709 1798 1780 intelligere
1859 1717 2197 1780 procreatos.
2232 1709 2281 1770 B
2308 1707 2350 1761 si
2382 1722 2547 1763 carne
2579 1707 2784 1762 fuerint
2812 1708 3205 1774 consummati,
3239 1710 3335 1763 ﬁlii
3366 1719 3494 1764 sunt
3520 1710 3760 1765 ancillas.

605 1808 762 1887 Uade
803 1808 1000 1866 melius
1029 1822 1183 1878 esse,
1219 1818 1274 1860 ut
1309 1822 1418 1861 non
1455 1806 1632 1860 solum
1665 1803 1735 1860 de
1764 1804 1849 1859 bis
1884 1804 1973 1872 qui
2005 1804 2059 1857 in
2100 1802 2205 1857 Ec-

603 1909 769 1964 clesia
798 1918 947 1976 sunt,
979 1921 1078 1976 pro
1100 1903 1416 1960 diversitate
1444 1904 1523 1973 (nt
1552 1916 1716 1972 supra
1742 1900 2003 1971 diximus)
2034 1898 2204 1954 intel-

605 2002 870 2066 lccluum,
895 2000 1029 2054 alios
1055 2012 1265 2067 servos,
1298 1998 1435 2052 alios
1469 1995 1671 2050 liberos
1699 1992 2032 2048 arbitremur
2060 2010 2075 2045 :
2103 1990 2201 2045 sed

603 2098 766 2153 etiam
803 2094 872 2149 de
908 2108 1019 2149 uno
1048 2093 1353 2161 eodemque
1393 2089 1613 2143 homine
1657 2086 1917 2156 quamdiu
1958 2086 2203 2156 sequitur

600 2189 926 2252 historiam,
974 2186 1195 2242 ancilla:
1244 2201 1365 2239 cum
1412 2198 1537 2238 es‘e
1569 2184 1738 2236 ﬁlium
1789 2198 1805 2237 :
1849 2195 1972 2236 cum
2014 2189 2198 2236 autem

600 2283 883 2353 aperiente
911 2278 1041 2334 Jesu
1062 2277 1398 2346 Scripturas,
1433 2276 1716 2329 incensum
1748 2271 2025 2327 fueritcor
2053 2274 2196 2339 ejus,

600 2372 735 2426 etin
766 2370 1036 2426 fractinne
1066 2369 1228 2437 panis
1252 2368 1554 2437 inspexerit
1573 2380 1696 2419 cum
1719 2379 1879 2434 quem
1910 2375 2068 2418 antea
2093 2378 2199 2417 non

603 2462 818 2517 videbat
838 2459 995 2530 (Luc.
1021 2461 1177 2527 xxiv)
1199 2476 1211 2511 :
1232 2465 1360 2512 tunc
1379 2466 1433 2511 et
1454 2454 1630 2526 ipsum
1654 2438 1804 2511 Sara:
1826 2454 1998 2509 ﬁlium
2024 2456 2200 2509 nomi-

603 2556 742 2613 nari.
778 2555 1018 2611 Marcion
1045 2561 1103 2609 et
1125 2550 1455 2607 Maniclmus
1481 2553 1623 2604 hunc
1651 2549 1829 2605 locum
1856 2548 1910 2603 itt
1933 2565 2038 2616 quo
2064 2547 2202 2603 dixit

604 2646 901 2716 Apostolus
934 2664 949 2700 :
998 2646 1128 2710 Qui:
1166 2643 1377 2716 quidem
1417 2651 1537 2697 sunt
1572 2640 1890 2712 allegorica,
1920 2649 1976 2696 et
2001 2649 2198 2697 czetcra

603 2755 726 2811 qnte
772 2745 1096 2806 sequuntur,
1142 2735 1211 2791 de
1252 2734 1444 2790 codice
1488 2748 1589 2788 suo
1629 2732 1819 2789 tollere
1865 2733 2196 2802 noluerunt,

604 2842 865 2902 palantes
893 2829 1183 2884 adversum
1217 2842 1317 2882 uos
1360 2825 1602 2894 relinqui
1634 2826 1818 2897 :quod
1853 2825 2067 2881 scilicet
2090 2825 2199 2879 Lex

607 2922 768 2978 aliter
796 2923 868 2977 sit
888 2920 1263 2990 intelligenda,
1287 2935 1451 2991 quam
1474 2919 1678 2991 scripta
1710 2929 1827 2985 est;
1859 2934 1981 2974 cum
2012 2917 2200 2988 utique

604 3015 816 3072 etiamsi
856 3015 1146 3085 allegorice
1190 3013 1360 3084 (quod
1410 3027 1513 3068 nos
1563 3028 1779 3083 quoque
1824 3011 2088 3078 fatemur,
2141 3018 2197 3065 et

2378 1797 2560 1869 (Vers.
2592 1798 2803 1869 ‘29-'51.)
2858 1798 2965 1856 Sed
3008 1799 3267 1872 quomodo
3316 1811 3438 1855 tunc
3480 1801 3572 1873 qui
3618 1801 3903 1856 secundum

2305 1907 2516 1945 ctrncm
2540 1902 2693 1946 natus
2724 1898 2915 1962 fuerat,
2943 1893 3343 1964 persequebatur
3369 1894 3597 1963 eumqui
3620 1896 3903 1949 secundum

2302 1986 2543 2057 spiritum
2575 2001 2593 2038 :
2626 1988 2698 2039 ita
2728 1994 2774 2040 et
2796 2002 2950 2040 nunc.
2984 1984 3092 2041 Sed
3117 1986 3243 2057 quid
3268 1987 3393 2040 dicit
3421 1986 3744 2056 Scriptura?
3764 1986 3905 2059 Ejice

2303 2078 2552 2132 ancillam
2596 2087 2644 2131 et
2689 2079 2858 2146 ﬁlium
2901 2081 3016 2153 ejus
3066 2094 3213 2133 :non
3243 2079 3382 2133 enim
3421 2080 3583 2136 [iteres
3630 2081 3734 2135 erit
3767 2079 3902 2151 ﬁlius

2304 2171 2513 2225 ancilla:
2538 2186 2654 2224 cum
2682 2168 2797 2240 ﬁlio
2820 2186 2933 2225 meo
2965 2168 3142 2226 Isaac.
3174 2168 3364 2242 Itaque
3385 2212 3400 2234 ,
3429 2172 3617 2241 fratres
3641 2214 3656 2234 ,
3686 2189 3795 2226 non
3819 2188 3903 2225 su-

2303 2282 2418 2318 mus
2439 2264 2646 2319 ancilla:
2671 2264 2790 2332 ﬁlii,
2811 2265 2902 2318 sed
2931 2265 3127 2319 liberm.
3152 2263 3268 2330 Qua
3294 2263 3527 2318 libertate
3548 2263 3791 2319 Christus
3812 2279 3902 2316 nos

2302 2355 2558 2411 liberavit.
2596 2353 2714 2409 Non
2760 2363 2888 2423 puto
2932 2354 3179 2409 invenire
3219 2370 3324 2408 non
3357 2368 3520 2425 posse
3567 2354 3661 2409 ubi
3710 2353 3900 2408 lsmacl

2303 2454 2622 2517 persecutus
2663 2442 2827 2516 475
2870 2442 3034 2499 fuerit
3078 2443 3230 2499 Isaac
3275 2461 3291 2502 :
3338 2444 3433 2499 sed
3469 2452 3682 2500 tantum
3729 2443 3896 2510 illud,

2301 2537 2447 2609 quod
2476 2553 2599 2592 cum
2630 2539 2771 2592 lilius
2796 2536 3099 2609 Egyptian,
3130 2538 3221 2609 qui
3248 2540 3420 2608 major
3459 2546 3586 2593 natu
3618 2549 3747 2595 erat
3767 2581 3784 2607 ,
3825 2541 3903 2592 Iu-

2301 2632 2459 2688 dct't'l.
2491 2647 2614 2686 cum
2647 2630 2798 2687 Isaac
2822 2676 2837 2701 ,
2871 2632 3147 2701 indignata
3176 2632 3247 2686 sit
3278 2634 3411 2688 Sara
3434 2672 3451 2698 ,
3497 2642 3555 2688 et
3586 2632 3803 2688 dixerit
3838 2630 3901 2685 ad

2303 2724 2620 2780 Abraham:
2656 2721 2805 2791 Ejice
2842 2724 3092 2777 ancillam
3120 2732 3169 2777 et
3198 2721 3370 2793 ﬁlium
3409 2726 3567 2797 ejus:
3599 2723 3733 2779 Non
3768 2722 3902 2779 enim

2301 2816 2624 2873 liter-editubit
2662 2816 2805 2887 ﬁlius
2834 2816 3046 2872 ancilla:
3080 2833 3199 2871 cum
3244 2816 3357 2887 ﬁlio
3398 2834 3514 2873 meo
3541 2817 3705 2874 Isaac
3749 2815 3899 2886 (Gen.

2302 2928 2416 2979 xxi,
2447 2914 2559 2985 l0).
2601 2914 2669 2968 Et
2706 2914 2892 2985 utique
2918 2914 3147 2985 simplex
3175 2914 3326 2969 lusus
3354 2913 3498 2969 inter
3523 2913 3787 2984 infantes,
3813 2927 3903 2968 ex-

2303 3009 2556 3080 pulsinne
2584 3017 2643 3064 et
2669 3008 3016 3064 abdicatiOne
3056 3007 3317 3077 indignus
3357 3019 3463 3063 est.
3507 3005 3720 3063 Verum
3763 3008 3904 3077 Apoe

605 3108 805 3163 Paulus
846 3108 1030 3179 docet)
1067 3105 1389 3176 accipienda
1418 3105 1513 3175 sit,
1546 3120 1652 3159 non
1687 3119 1785 3173 pro
1817 3104 2093 3158 Voluntate
2121 3103 2191 3158 le-
2227 3095 2276 3161 C
2307 3104 2483 3158 stnlus
2515 3103 2668 3172 quasi
2702 3102 2964 3159 Hebraeus
2989 3118 3054 3158 ex
3085 3101 3367 3170 Hebrtl'is,
3391 3112 3445 3159 et
3481 3100 3550 3157 ad
3583 3102 3759 3173 pedes
3788 3115 3901 3156 ma-

604 3204 805 3272 gcntis,
830 3210 888 3257 et
921 3217 1020 3270 pro
1056 3199 1350 3255 scribentis
1379 3199 1706 3254 auctoritate
1731 3197 1812 3252 sic
1832 3197 2051 3251 coiidita
2079 3195 2149 3249 sit
2185 3214 2197 3248 :

603 3306 658 3348 et
684 3309 750 3349 eo
783 3295 922 3361 ipso,
951 3291 1097 3363 quod
1127 3302 1320 3347 contra
1353 3306 1452 3346 uos
1480 3304 1701 3345 servare
1734 3288 1835 3342 visi
1871 3296 1999 3343 sunt
2020 3328 2034 3353 ,
2066 3301 2200 3343 con-

603 3397 850 3442 terantur
878 3403 892 3440 :
921 3385 1065 3457 quod
1099 3385 1315 3456 Moyses
1356 3383 1623 3439 creatoris
1650 3381 1747 3436 Dei
1777 3397 1969 3436 servus
1989 3422 2003 3446 ,
2034 3379 2197 3449 spiri-

605 3483 769 3535 tttalta
810 3479 1096 3548 scripserit
1123 3475 1174 3542 δ,
1209 3476 1471 3546 Apostolo
1501 3490 1715 3544 quoque
1744 3489 1936 3528 eorum
1967 3474 2200 3540 idipsnm

604 3571 860 3638 docente,
887 3585 1047 3639 quem
1077 3566 1176 3635 ipsi
1202 3566 1428 3621 alterius
1450 3564 1678 3632 Christi,
1698 3561 1865 3634 474.
1885 3572 1939 3618 et
1956 3560 2201 3617 melioris

605 3664 699 3718 Dei
731 3672 985 3718 asserunt
1014 3659 1455 3730 praedicatorem.

673 3757 859 3828 (Vers.
905 3752 1027 3823 27.)
1068 3751 1335 3823 Scriptum
1373 3762 1448 3806 est
1489 3753 1627 3807 enim
1656 3768 1674 3804 :
1714 3750 1894 3806 laetare
1918 3790 1935 3818 ,
1976 3750 2197 3819 sterilis,

602 3866 717 3921 qnw
741 3866 844 3903 non
876 3848 1019 3914 paris
1052 3861 1072 3901 :
1103 3862 1314 3917 erumpe
1341 3855 1389 3900 et
1418 3844 1608 3909 clama,
1642 3861 1758 3915 qua:
1793 3861 1894 3898 non
1931 3846 2160 3915 parturis
2182 3859 2202 3898 :

601 3942 724 4012 quia
762 3940 914 3993 multi
948 3938 1049 4009 ﬁlii
1094 3939 1309 3993 deserta:
1350 3939 1515 4008 magis
1559 3955 1712 4006 quam
1743 3941 1860 4010 ejus
1897 3955 2012 4008 qua:
2050 3937 2202 3993 habet

600 4032 765 4084 uirum
791 4029 948 4102 (fsai.
980 4045 1087 4097 Ltv,
1116 4031 1192 4101 l.)
1219 4031 1404 4085 Virum
1437 4031 1625 4085 habuit
1653 4045 1923 4102 synagoga
1953 4033 2151 4100 Legem
2183 4050 2198 4087 :

604 4125 830 4194 etjuxta
857 4123 1031 4180 Annae
1069 4140 1287 4196 quoque
1320 4140 1438 4193 pro;
1463 4122 1688 4192 lietiam,
1722 4125 1894 4179 fetosa
1923 4124 2198 4193 quondam

606 4216 661 4271 in
697 4215 890 4270 liberis
914 4214 1017 4269 fuit
1039 4214 1083 4287 (l
1111 4215 1240 4287 Reg.
1268 4222 1339 4286 ι.)
1369 4215 1591 4270 Sterilis
1612 4230 1745 4269 vero
1772 4216 2042 4283 Ecclesia,
2084 4215 2203 4272 sine

604 4308 725 4365 viro
747 4308 998 4376 Christo,
1025 4308 1143 4364 sine
1176 4310 1286 4364 ullo
1313 4308 1496 4378 sponsi
1520 4309 1790 4365 sermOnis
1819 4309 2082 4380 alloquio,
2109 4311 2201 4366 ditt

601 4400 772 4473 iacuit
803 4401 856 4455 in
881 4400 1122 4456 deserto.
1167 4399 1272 4457 Sed
1306 4411 1592 4471 postquam
1632 4402 1844 4472 accepit
1874 4402 1964 4457 illa
1999 4402 2198 4457 librum

2304 3195 2459 3265 gistri
2511 3193 2828 3250 Gamalielis
2871 3199 3101 3249 edoctus
3147 3212 3164 3252 :
3200 3193 3294 3263 qui
3340 3193 3613 3265 quOudant
3657 3193 3903 3249 furentes

2305 3291 2569 3342 atversus
2624 3286 2912 3341 Dominum
2960 3283 3070 3358 [ΑΙ.
3114 3284 3262 3359 eum]
3307 3286 3614 3342 Pharisaeos
3658 3284 3901 3343 concilio

2304 3382 2652 3447 refrenaret,
2712 3397 2780 3437 ex
2830 3379 3013 3435 verbis
3062 3381 3210 3437 Sarte
3262 3381 3492 3437 dicentis
3538 3396 3553 3433 :
3595 3396 3706 3437 non
3770 3377 3902 3435 enim

2302 3471 2632 3526 Ittvreditabit
2676 3472 2822 3541 ﬁlius
2851 3469 3091 3537 ancillte,
3146 3489 3264 3527 cum
3283 3471 3396 3543 ﬁlio
3436 3489 3549 3528 meo
3583 3471 3789 3540 Isaac,
3825 3472 3904 3526 itt-

2306 3566 2520 3619 tellexit
2544 3566 2720 3619 lusum
2760 3566 2912 3620 illum
2944 3564 3248 3635 simplicem
3281 3583 3388 3622 non
3420 3568 3606 3623 fuisse.
3641 3566 3756 3625 Sed
3782 3565 3902 3637 quia

2303 3656 2529 3712 for-itan
2578 3654 2777 3712 I~mael
2821 3656 2978 3727 quasi
3025 3655 3198 3726 major
3244 3668 3406 3725 natu,
3439 3670 3496 3715 et
3543 3674 3612 3716 eo
3650 3667 3903 3730 tempore

2303 3748 2659 3804 circumcisus
2694 3764 2803 3819 quo
2844 3751 2954 3818 jam
2995 3755 3209 3817 poterat
3237 3747 3546 3819 intelligere
3595 3759 3652 3806 et
3699 3747 3904 3807 sentire

2303 3842 2445 3912 quod
2476 3856 2667 3911 passus
2693 3851 2799 3909 est,
2832 3840 2935 3895 Slbi
2960 3839 3319 3911 primogenita
3346 3840 3687 3909 vindicabat,
3712 3843 3900 3912 Scrip-

2306 3945 2423 3988 tura
2466 3933 2703 4004 jnrgium
2736 3932 3119 4005 parvulorum,
3156 3933 3333 3990 lusum
3359 3934 3593 3988 vocavit.
3642 3935 3809 3992 Unde
3853 3941 3906 3989 ct

2304 4029 2436 4083 Sara
2471 4030 2587 4083 Iure
2632 4028 2797 4084 verba
2842 4043 2947 4083 non
2983 4028 3263 4084 sustinens
3289 4070 3304 4095 ,
3356 4037 3411 4083 et
3451 4032 3902 4086 consuetudinem

2306 4121 2406 4176 sibi
2458 4122 2821 4192 primogenita
2867 4121 3192 4177 viudicantis
3238 4123 3452 4178 ancilla:
3508 4122 3606 4179 ﬁlii
3655 4139 3688 4179 a
3741 4137 3904 4196 parva

2305 4225 2466 4270 aetate
2492 4229 2596 4270 ||0.I
2623 4215 2856 4285 patiens,
2892 4217 3073 4286 erupit
3115 4218 3170 4270 in
3200 4231 3428 4274 vocem;
3462 4213 3620 4290 Ejice
3653 4216 3903 4272 ancillam

2305 4324 2419 4362 cum
2444 4306 2502 4377 ﬁl
2509 4309 2555 4362 io
2578 4325 2673 4363 suo
2700 4324 2720 4364 :
2744 4308 2869 4364 Non
2892 4309 3027 4364 enim
3047 4308 3374 4363 Itwreditabit
3394 4298 3537 4378 ﬁlius
3558 4309 3769 4364 ancilla:
3788 4321 3903 4362 cum

2309 4403 2418 4467 ﬁlio
2460 4417 2572 4455 meo
2624 4401 2799 4458 Isaac.
2850 4401 3006 4471 Quod
3052 4417 3178 4458 cum
3231 4402 3428 4456 durum
3477 4402 3655 4457 visum
3711 4401 3905 4456 fuisset

606 4492 817 4564 repudii
865 4494 918 4549 in
964 4509 1156 4548 tnanus
1189 4509 1337 4563 suas,
1370 4503 1427 4549 et
1452 4495 1637 4550 omnia
1668 4506 1987 4551 ornamenta
2016 4498 2118 4553 viti
2149 4500 2199 4553 in
2229 4482 2285 4546 Ῑ)
2312 4495 2494 4550 Abrah
2515 4515 2543 4547 ιι
2576 4495 2821 4566 (semper
2849 4498 2993 4551 enim
3033 4496 3412 4567 primogenitis
3443 4495 3648 4565 majora
3699 4496 3903 4551 deben-

604 4586 736 4641 idnli
762 4586 933 4641 vertit
959 4597 1345 4642 ornamentum
1379 4605 1394 4640 :
1438 4597 1568 4642 tunc
1597 4588 1845 4653 maritus,
1881 4591 2061 4660 priore
2081 4592 2200 4646 cin-

606 4680 734 4751 gulo
766 4690 1139 4750 putrescenle,
1165 4681 1331 4735 alium
1365 4680 1565 4735 lumbis
1593 4682 1709 4736 suis
1731 4681 2031 4749 baltlicnm,
2055 4684 2201 4740 aliud

605 4774 675 4829 de
701 4774 962 4845 gentibus
997 4773 1243 4829 lumbare
1265 4775 1550 4829 contexuit
1579 4791 1592 4828 :
1637 4790 1761 4845 qnze
1802 4774 1988 4830 statim
2024 4786 2078 4830 ut
2121 4786 2207 4832 est

607 4870 727 4924 viro
752 4867 978 4938 juncta,
1029 4867 1281 4937 concepit
1306 4878 1359 4921 et
1388 4866 1622 4938 peperit.
1651 4867 1719 4921 Et
1750 4868 1801 4921 in
1833 4866 1983 4924 Isaac
2022 4870 2205 4924 excla-

606 4971 722 5016 mat
744 4960 1009 5016 Dominus
1037 4975 1135 5031 per
1159 4958 1485 5032 prophetam
1517 4978 1530 5014 :
1557 4957 1722 5030 Sijest
1748 4977 1871 5032 gens
1901 4969 2023 5015 nata
2048 4961 2206 5015 simul

603 5050 762 5126 (Isai.
792 5068 944 5121 χιιι,
967 5053 1059 5116 δι)
1098 5070 1112 5107 :
1141 5053 1364 5123 quando
1394 5069 1498 5106 una
1531 5053 1620 5107 die
1651 5053 1701 5107 in
1727 5054 1955 5110 Actibus
1982 5066 2205 5125 προδιο-

607 5144 784 5200 lorum
824 5145 924 5199 tria
949 5143 1061 5198 mill
1086 5160 1139 5210 a,
1172 5154 1231 5199 et
1251 5145 1488 5214 quinque
1514 5144 1680 5199 millia
1713 5144 1993 5201 hominum
2024 5149 2204 5204 credi-

607 5236 806 5292 derunt
826 5236 1034 5305 (Actor.
1063 5251 1141 5300 lll,
1171 5238 1335 5308 seqq.)
1353 5236 1462 5291 Nec
1489 5248 1619 5306 puto
1645 5253 1867 5295 necesse
1890 5254 2035 5309 esse,
2058 5250 2116 5295 ut
2136 5240 2204 5296 de

610 5330 957 5385 multitudine
997 5328 1311 5384 Christiana
1341 5371 1355 5396 ,
1387 5338 1442 5383 ct
1470 5331 1540 5383 de
1571 5330 1879 5386 ludam-um
1932 5334 2204 5403 paucitate

536 5422 541 5427 ’
604 5423 874 5488 dicamus,
903 5437 1028 5477 cum
1064 5421 1118 5476 in
1153 5432 1267 5477 toto
1296 5422 1498 5477 tnundo
1525 5424 1703 5479 crucis
1735 5427 1929 5480 vexilla
1963 5429 2203 5497 resplen-

678 5555 704 5584 '
735 5552 917 5631 Minus
938 5554 1290 5631 coltatrentet:
1309 5567 1492 5623 antea,
1523 5558 1850 5631 inﬁrmaque,
1877 5574 1975 5626 pro
1999 5561 2203 5631 inﬁmo,

605 5625 749 5703 quod
779 5624 1075 5703 prmiserunt
1104 5642 1235 5681 mss.
1269 5626 1326 5683 lu
1359 5644 1482 5703 uno_
1497 5624 1678 5703 autem
1709 5624 1954 5703 Palatino
1984 5624 2204 5703 sej'uticQ

605 5700 681 5759 tis
710 5696 894 5755 verbis
923 5699 1066 5754 bono
1092 5709 1247 5775 aeque
1275 5711 1438 5758 sensu
1469 5699 1697 5779 legitur,
1727 5700 1782 5758 in
1810 5696 2059 5782 (imoque;
2141 5698 2145 5704 ’

2311 4591 2419 4660 tur)
2444 4604 2550 4643 non
2576 4590 2751 4644 solum
2782 4588 3067 4644 lsmaelem
3093 4589 3327 4659 priorem
3352 4603 3474 4642 esse
3498 4587 3784 4652 desinere;
3808 4581 3901 4639 sed

2310 4698 2377 4737 tte
2410 4683 2675 4752 aequalem
2721 4680 2939 4752 quidem
2985 4696 3108 4737 cum
3161 4682 3376 4736 minore
3430 4680 3598 4736 fratre
3653 4678 3900 4749 accipere

2313 4778 2621 4846 ροιιὶοιιιιιη
2654 4791 2670 4831 :
2711 4776 2852 4830 Deus
2891 4775 2981 4844 qui
3013 4775 3242 4830 liberam
3275 4774 3419 4829 intus
3454 4788 3614 4839 esse,
3661 4783 3717 4828 et
3760 4776 3898 4827 foras

2312 4869 2515 4937 expelli
2544 4868 2763 4923 volebat
2792 4868 3079 4931 ancillam,
3111 4866 3261 4921 Sara:
3293 4866 3458 4922 verba
3489 4864 3814 4930 conﬁrmat,
3846 4869 3898 4916 et

2312 4961 2554 5029 loquitur
2599 4958 2666 5014 ad
2700 4958 2972 5013 Abraham
3016 4974 3030 5014 :
3061 4956 3184 5012 Non
3222 4958 3412 5013 durum
3441 4958 3509 5012 sit
3538 4973 3710 5012 coram
3752 4967 3799 5010 te
3838 4951 3901 5006 de

2312 5069 2471 5126 puero
2511 5062 2556 5106 et
2587 5049 2802 5105 ancilla.
2836 5050 3027 5105 Omnia
3064 5067 3179 5122 qua:
3224 5051 3414 5106 dixerit
3454 5050 3567 5123 [ΑΙ.
3610 5048 3763 5122 dixit]
3810 5043 3898 5099 tibi

2313 5147 2484 5214 Sara,
2529 5145 2654 5200 audi
2684 5161 2856 5200 vocem
2881 5149 2993 5219 ejus
3039 5146 3323 5215 :quoniam
3359 5147 3414 5200 in
3450 5145 3601 5200 Isaac
3641 5140 3899 5200 vocabitur

2311 5243 2403 5296 tibi
2433 5257 2625 5296 semen.
2654 5240 2809 5296 Sicut
2848 5255 2981 5310 ergo
3012 5249 3141 5295 tunc
3172 5238 3346 5310 major
3376 5240 3546 5295 lrater
3600 5236 3791 5294 lsmael
3818 5233 3893 5287 la-

2312 5345 2549 5390 οιυηιειη
2577 5334 2754 5390 adhuc
2778 5342 2834 5390 et
2854 5334 3136 5404 parvulum
3167 5335 3595 5404 persequebatur
3620 5321 3894 5398 lsaac,sibi

2316 5430 2758 5485 cirrutncisionis
2784 5430 3226 5499 pra'rogativam,
3269 5428 3371 5483 sibi
3402 5427 3752 5499 primogenita
3785 5420 3894 5475 vin-

2385 5563 2414 5602 δ
2449 5563 2668 5620 Scilicet
2714 5563 2852 5619 libro
2878 5606 2892 5628 ,
2927 5565 3018 5632 qui
3069 5560 3346 5633 Apostolus
3398 5560 3716 5617 inscribitur
3749 5557 3890 5628 juxta

2318 5635 2613 5692 Marcionis
2667 5633 3069 5691 recettslonem.
3118 5632 3336 5704 Recole,
3368 5633 3632 5704 superius
3670 5644 3794 5704 cap.
3851 5635 3889 5694 ι.

2317 5706 2424 5766 σοι,
2454 5707 2582 5784 575,
2619 5714 2742 5786 not,
2767 5704 2795 5763 b
2819 5704 2987 5783 (lida,
3012 5703 3287 5785 ηοειηεοι.
3322 5700 3589 5777 ὅβίηοι.
3625 5700 3758 5779 τι).ς
3892 5728 3895 5731 ι
