4056 6304
273 179 388 239 395
755 182 1437 260 [COMMENTARIORUM
1472 189 1542 248 IN
1580 190 1974 250 EPISTOLAM
2013 192 2108 249 AD
2146 193 2470 253 GALATAS
2509 196 2640 255 LIB.
2687 197 2751 255 ll.
2789 201 2948 260 CAP.
2993 203 3058 259 V.
3476 209 3584 267 594

283 295 478 353 dicans
512 315 528 354 :
576 299 652 356 ita
681 307 736 357 et
774 317 918 359 nunc
965 304 1263 361 secundum
1293 321 1515 362 carnem
1561 307 1732 362 Israel
1771 305 1882 380 [ΑΙ.
1908 311 1966 372 Α
1988 317 2076 364 est
2104 308 2171 364 ad
2193 307 2411 382 Moysen
2445 329 2457 364 :
2490 310 2568 366 Tu
2598 330 2714 369 vero
2733 326 2811 370 sta
2846 333 3044 372 mecum
3071 316 3272 389 (Exod.
3296 335 3480 390 xxxiv,
3503 323 3584 393 2).

283 387 532 464 Ismael],
582 394 874 451 adversum
924 397 1192 454 minorem
1237 398 1463 455 fratrem
1517 399 1585 456 de
1636 401 1888 472 gentibus
1991 401 2185 473 Jugum
2208 414 2390 461 autem
2418 408 2734 478 servitutis,
2781 409 2980 483 Legem
3009 387 3171 471 vocat
3196 415 3411 483 duram,
3446 387 3588 474 dilll-

285 484 551 554 populum
582 485 954 544 Christianum
1001 491 1329 558 sustollitur,
1363 491 1603 560 inﬂatur,
1635 493 1884 564 erigitur.

287 577 715 637 Consideremus
738 582 1008 638 insaniam
1038 582 1373 654 Iudaeorum,
1395 587 1487 657 qui
1509 599 1564 642 et
1593 587 1885 644 Dominum

282 668 720 742 interfecerunt,
763 683 822 730 et
847 675 1177 746 prophetas,
1211 687 1267 732 et
1291 678 1569 748 apostolos
1613 679 1884 749 persecuti

284 773 460 832 sunt,
506 777 561 822 et
587 765 952 824 adversantur
975 771 1240 827 voluntati
1272 771 1368 827 Dei
1418 784 1433 825 :
1481 781 1536 829 et
1578 769 1882 828 videbimus

284 857 462 914 multo
486 858 722 931 majores
748 865 1188 932 persecutiones,
1208 881 1343 937 quas
1373 881 1474 922 nos
1501 867 1666 924 etiam
1697 869 1880 925 Ilisto-

286 951 392 1008 riae
414 952 636 1022 docent,
663 970 694 1009 a
713 955 917 1014 ludatis
939 957 993 1013 in
1023 957 1369 1016 Christianos
1388 976 1550 1032 quam
1573 977 1602 1016 a
1627 963 1881 1034 gentibus

287 1047 615 1104 concitatas.
658 1047 917 1107 Miramur
955 1051 1024 1108 de
1052 1051 1298 1109 Judaais?
1328 1064 1354 1092 ⁸
1380 1055 1557 1111 Hodie
1582 1073 1795 1129 quoque
1825 1058 1880 1113 bi

287 1139 379 1211 qui
404 1140 458 1195 in
481 1139 699 1198 Christo
713 1145 923 1214 parvuli
943 1155 1090 1212 sunt,
1107 1145 1273 1220 576
1287 1157 1343 1203 et
1357 1149 1546 1204 vivunt
1560 1152 1876 1220 carnaliter,

282 1242 690 1304 persequuntur
717 1250 814 1292 eos
840 1236 932 1308 qui
961 1254 1026 1294 ex
1069 1255 1205 1312 aqua
1239 1250 1295 1296 et
1323 1242 1520 1312 spiritu
1560 1245 1672 1299 nati
1717 1251 1873 1312 sunt;

280 1331 484 1379 etcum
515 1324 732 1381 Christo
753 1340 1124 1400 resurgentes,
1151 1347 1213 1387 ea
1239 1342 1488 1403 quaarttnt
1512 1349 1634 1405 qua:
1657 1351 1873 1392 sursum

277 1423 448 1483 sunt,
497 1431 605 1472 non
657 1416 936 1475 deorsum.
996 1421 1221 1478 Faciant
1261 1423 1405 1496 quod
1454 1425 1646 1480 volunt
1685 1442 1700 1484 :
1750 1443 1874 1482 cum

275 1504 512 1564 lsmacle
562 1522 962 1582 persequantur
995 1512 1142 1570 Isaac
1185 1531 1200 1571 :
1251 1514 1542 1585 ejicientur
1572 1517 1716 1572 loras
1750 1532 1873 1574 cum

273 1601 472 1657 ancilla
504 1612 682 1658 matre
711 1601 964 1678 Egyptia
990 1624 1005 1660 :
1031 1622 1131 1663 nec
1160 1608 1436 1674 accipient
1468 1608 1868 1678 hatreditatem,

1988 493 2179 562 cilem,
2211 497 2542 555 laboriosam
2568 544 2582 568 ,
2625 517 2746 571 qua:
2775 503 2864 559 die
2893 518 2956 560 ac
2998 518 3161 561 nocte
3189 508 3428 564 cultores
3461 525 3589 566 suos

1986 588 2138 656 gravi
2185 603 2354 659 opere
2384 591 2682 648 consumit.
2731 592 2883 650 Sicut
2919 604 2975 651 et
3017 595 3213 654 Petrus
3257 600 3310 654 in
3363 602 3584 658 Actibus

1985 681 2366 750 apostolorum
2398 701 2412 738 :
2443 684 2584 753 Quid
2607 689 2850 754 tentatis,
2883 689 3080 760 inquit,
3116 691 3374 762 imponere
3395 697 3586 766 jugum

1984 790 2140 845 grave
2164 791 2319 846 super
2359 777 2555 832 collum
2600 780 2852 849 fratrum,
2883 783 3024 850 quod
3056 799 3218 854 neque
3255 802 3381 850 nos,
3424 803 3588 858 neque

1984 875 2157 937 patres
2193 869 2356 922 nostri
2392 881 2608 940 portare
2645 881 2921 942 potuerunt
2960 874 3102 946 (Act.
3129 891 3222 943 xv,
3259 877 3384 948 I0)?
3426 879 3583 946 Quod

1983 966 2170 1014 autem
2204 963 2479 1031 apposuit,
2509 963 2672 1018 nolite
2693 965 2899 1032 iterum,
2933 983 3040 1022 non
3071 984 3178 1039 quo
3207 971 3357 1039 prius
3380 971 3582 1044 Legem

1982 1047 2190 1104 Galatae
2234 1051 2626 1119 custodierint;
2666 1055 2762 1110 sed
2794 1071 2902 1127 quo
2947 1069 3002 1112 et
3032 1059 3354 1118 idololatria:
3390 1064 3578 1136 jugum

1981 1155 2145 1210 grave
2174 1142 2245 1197 sit
2271 1184 2286 1208 ,
2330 1158 2441 1214 quo
2470 1145 2849 1218 r‘Egyptiorum
2881 1152 3114 1219 populus
3142 1169 3440 1224 oppressus
3464 1203 3478 1225 ,
3512 1161 3578 1215 ad

1981 1233 2155 1291 instar
2177 1235 2386 1306 plumbi
2404 1237 2460 1293 in
2474 1238 2716 1296 Rubrum
2738 1258 2890 1299 mare
2905 1259 3121 1300 mersus
3133 1257 3215 1302 est
3235 1248 3414 1318 (Exod
3424 1292 3436 1305 .
3463 1263 3578 1324 xv).

1979 1324 2140 1382 Juxta
2193 1343 2359 1398 quem
2418 1345 2643 1387 sensum
2687 1342 2743 1388 et
2787 1349 2952 1404 supra
2982 1335 3197 1392 dixerat
3249 1357 3261 1392 :
3314 1340 3581 1405 Quomodo

1979 1420 2341 1474 convertimini
2383 1421 2570 1476 iterum
2615 1426 2688 1478 ad
2729 1425 2975 1494 inﬁrma,
3003 1437 3051 1482 et
3089 1445 3249 1500 egena
3288 1432 3582 1502 elementa;

1977 1514 2164 1584 quibus
2192 1531 2400 1570 rursum
2425 1519 2617 1573 servire
2638 1519 2809 1586 vultis,
2842 1521 2954 1575 dies
2986 1521 3327 1590 observantes,
3355 1534 3403 1579 et
3433 1545 3582 1583 men-

1977 1624 2080 1673 ses,
2108 1617 2154 1662 et
2183 1618 2440 1680 tempora,
2483 1621 2534 1666 et
2554 1615 2761 1667 annos?
2785 1613 2998 1670 Galatae
3031 1616 3175 1670 enim
3206 1617 3300 1688 qui
3331 1619 3398 1674 ad
3433 1620 3585 1678 Pauli

276 1709 439 1765 quam
467 1697 617 1752 solus
657 1699 750 1769 qui
783 1698 853 1755 de
879 1701 1308 1770 repromissione
1338 1712 1500 1760 natus
1529 1713 1642 1771 est,
1673 1719 1870 1761 conse-
1901 1702 1950 1763 Β
1977 1701 2213 1770 apostoli
2245 1703 2712 1772 praedicationem,
2746 1705 2910 1763 idolis
2939 1707 3253 1777 derelictis,
3295 1713 3480 1766 statim
3508 1713 3578 1770 ad

273 1799 540 1861 quentur.
585 1789 882 1864 Eleganter
909 1803 1089 1850 autem
1116 1806 1172 1850 et
1197 1796 1352 1865 illttd,
1387 1797 1530 1868 quod
1564 1799 1610 1853 is
1650 1799 1740 1869 qui
1787 1814 1873 1855 se-

279 1881 520 1936 cundum
549 1897 767 1940 carnem
797 1894 961 1941 natus
998 1895 1105 1951 est,
1137 1888 1482 1958 persequitur
1503 1890 1870 1960 spiritualem.

273 1969 584 2046 Numquam
625 1975 771 2032 enim
817 1978 1125 2048 spiritualis
1167 1981 1510 2051 persequitur
1555 1985 1868 2050 carnalem;

274 2065 373 2121 sed
431 2067 666 2138 ignoscit
709 2067 760 2124 ei
813 2071 968 2141 quasi
1015 2071 1296 2128 rusticano
1327 2071 1481 2128 fratri
1532 2090 1547 2130 ;
1597 2075 1699 2129 scit
1746 2089 1871 2130 eum

272 2175 434 2232 posse
467 2161 734 2232 prolicere
761 2178 862 2234 per
888 2173 1123 2235 tempus.
1157 2164 1228 2220 Et
1266 2165 1313 2221 si
1349 2165 1568 2236 quando
1597 2166 1871 2240 Egyptiae

270 2257 442 2315 ﬁlium
474 2259 675 2318 viderit
699 2259 1024 2319 irascentem
1045 2303 1060 2328 ,
1114 2263 1436 2320 recordatur
1465 2269 1627 2319 unius
1667 2265 1868 2336 patris,

269 2351 362 2423 qui
393 2351 572 2409 lucem
599 2350 652 2422 δ,
687 2353 854 2410 boves
879 2356 1085 2411 crearit
1105 2363 1163 2411 et
1191 2355 1419 2412 culicem
1449 2374 1465 2412 :
1497 2365 1553 2413 et
1580 2358 1632 2412 in
1678 2372 1870 2429 magna

268 2442 458 2515 domo,
492 2459 606 2501 non
631 2444 805 2502 solum
828 2461 953 2504 esse
981 2461 1112 2502 vasa
1140 2463 1308 2503 aurea
1347 2456 1401 2503 et
1431 2457 1726 2519 argentea;
1772 2447 1869 2504 sed

267 2535 445 2607 lignea
468 2544 526 2592 et
547 2537 754 2594 lictilia.
779 2538 968 2610 Itaque
983 2554 1105 2596 cum
1125 2540 1372 2610 apostolo
1388 2541 1560 2596 Paulo
1579 2541 1826 2598 dicamus
1850 2559 1866 2596 :

268 2628 393 2686 Non
417 2647 598 2688 sumus
625 2631 830 2689 ancilla:
856 2633 980 2703 ﬁlii.
1013 2635 1104 2690 sed
1129 2635 1304 2691 liberte
1329 2634 1401 2705 (ll
1433 2633 1569 2692 Tim.
1597 2635 1682 2708 It):
1705 2646 1760 2692 et
1782 2651 1870 2694 re-

267 2726 458 2780 novati
501 2726 558 2780 in
590 2723 846 2793 Christo,
872 2727 1160 2785 audiamus
1192 2730 1360 2785 verba
1404 2730 1616 2784 Domini
1660 2730 1729 2785 ad
1775 2731 1868 2786 Ju-

265 2817 418 2874 dseos
448 2819 718 2890 loquentis
751 2837 763 2874 :
794 2821 856 2877 Si
897 2822 1192 2877 manseritis
1237 2823 1289 2875 in
1318 2837 1554 2876 sermone
1583 2838 1695 2876 meo
1719 2863 1734 2888 ,
1776 2838 1866 2876 co-

263 2913 521 2985 gnoscetis
547 2914 826 2979 veritatem,
855 2924 904 2968 et
927 2916 1113 2969 veritas
1142 2915 1381 2970 liberabit
1416 2930 1501 2969 vos
1531 2913 1712 2985 (Joan.
1741 2929 1864 2982 vm,

264 3005 354 3072 3i,
388 3005 508 3078 32).
541 3005 653 3062 Hac
684 3006 940 3063 libertate
959 3015 1017 3063 et
1034 3006 1332 3075 Apostolus
1359 3006 1623 3063 liberatus
1645 3005 1862 3062 aiebat:

1977 1792 2259 1865 Evangelii
2289 1796 2726 1852 conscenderant
2751 1798 3005 1867 gratiam,
3030 1815 3137 1855 non
3162 1802 3580 1860 revertebantur

1976 1883 2042 1938 ad
2075 1883 2239 1954 Legis
2263 1883 2504 1940 Judaica:
2529 1888 2885 1957 servitutem,
2916 1905 3078 1960 quam
3099 1907 3395 1964 numquam
3429 1897 3578 1966 prius

1975 1985 2343 2046 cognoverant
2377 1994 2390 2030 :
2425 1977 2521 2033 sed
2551 1979 2797 2035 volentes
2835 1982 3132 2038 observare
3165 1995 3437 2056 tempora,
3469 1989 3576 2044 cir-

1974 2068 2211 2125 cumcidi
2243 2085 2446 2139 carne,
2478 2081 2537 2126 et
2561 2071 2766 2128 hostias
2808 2073 3008 2132 olIerre
3051 2091 3346 2148 corporeus
3372 2121 3388 2148 ,
3438 2098 3578 2152 quo-

1973 2162 2266 2220 dammodo
2313 2166 2366 2218 in
2397 2165 2624 2222 eosdem
2663 2171 3083 2226 revertebantur
3113 2172 3326 2240 cultus,
3375 2176 3576 2245 quibus

1974 2255 2028 2310 in
2053 2255 2363 2311 idololatria
2388 2270 2518 2314 ante
2533 2259 2864 2316 servierant.
2886 2262 3054 2317 Aiunt
3077 2265 3246 2331 enim,
3274 2277 3331 2320 et
3358 2267 3579 2339 Aigypti

1972 2352 2308 2418 sacerdotes,
2339 2362 2396 2409 et
2422 2353 2762 2422 lsmaelitas,
2796 2368 2852 2412 et
2890 2357 3220 2414 Madianams
3250 2365 3568 2432 praeputium

1973 2460 2080 2501 non
2112 2445 2346 2503 habere.
2381 2447 2538 2516 Quod
2570 2460 2754 2504 autem
2802 2451 3049 2506 nationes
3092 2452 3391 2509 observent
3416 2455 3534 2512 dies
3558 2497 3574 2522 ,

1972 2552 2213 2604 menses,
2243 2547 2299 2594 et
2325 2553 2524 2606 annos,
2556 2540 2764 2595 utinam
2795 2542 3159 2612 nesciremus,
3197 2559 3264 2600 ne
3295 2544 3408 2617 [ΑΙ.
3451 2548 3570 2618 nec]

1972 2630 2136 2687 nobis
2161 2646 2286 2688 cum
2318 2633 2398 2687 eis
2426 2647 2550 2688 esse
2581 2649 2835 2705 umquam
2868 2635 3033 2690 mixta
3067 2639 3354 2694 festivitas.

2042 2722 2233 2795 (Vers.
2266 2724 2348 2796 2.)
2376 2723 2514 2780 Ecce
2533 2743 2628 2796 ego
2663 2725 2865 2781 Paulus
2889 2729 3004 2782 dico
3032 2729 3170 2783 vobis
3205 2746 3223 2784 :
3254 2734 3499 2800 quoniam
3515 2737 3561 2790 si

1969 2817 2433 2884 circumcidamini,
2454 2819 2689 2874 Christus
2709 2824 2847 2876 vobis
2873 2824 3006 2876 nihil
3023 2834 3044 2861 ε
3064 2825 3294 2893 prodest.
3312 2827 3367 2882 Itt
3388 2829 3567 2884 Evan-

1969 2910 2114 2982 gelio
2138 2910 2394 2967 Salvator
2433 2912 2499 2966 ad
2526 2913 2823 2983 discipulos
2865 2915 3128 2986 loquitur.
3148 2919 3250 2986 Qui
3279 2936 3365 2974 vos
3393 2923 3568 2990 audit,

1971 3022 2050 3061 me
2072 3004 2220 3060 audit
2248 3022 2266 3059 :
2296 3005 2380 3076 qui
2410 3023 2498 3060 vos
2535 3008 2772 3080 suscipit,
2804 3025 2882 3062 me
2907 3012 3120 3079 suscipit
3171 3011 3323 3084 (Luc.
3357 3031 3410 3082 x,
3449 3017 3563 3088 I6).

264 3097 397 3155 Cum
422 3100 572 3155 enim
597 3101 703 3155 sim
734 3100 872 3156 liber
901 3117 966 3158 ex
994 3100 1273 3157 omnibus.
1310 3099 1414 3168 Qui
1435 3100 1560 3172 facit
1581 3111 1864 3170 peccatum,
1893 3090 1939 3155 C
1975 3099 2042 3155 Et
2070 3099 2370 3170 Apostolus
2401 3107 2652 3166 testatur,
2681 3101 2868 3156 dicens
2894 3119 2907 3155 :
2942 3101 3069 3155 Vivo
3099 3113 3296 3175 autem,
3321 3110 3438 3179 jam
3463 3125 3564 3163 non

263 3209 440 3248 servus
467 3194 665 3266 peccati
697 3203 773 3250 est
801 3193 843 3266 (I
873 3192 998 3251 Cor.
1029 3210 1103 3259 ιι,
1141 3193 1251 3266 I9).
1287 3192 1384 3249 Ille
1405 3193 1530 3264 quia
1556 3207 1615 3248 se
1644 3192 1714 3248 ab
1743 3207 1863 3248 om-

263 3285 421 3342 nibus
443 3287 592 3341 vittis
613 3286 871 3351 liberum,
889 3286 958 3343 ab
977 3287 1125 3344 omni
1148 3285 1588 3357 concupiscentia
1599 3294 1655 3340 et
1675 3299 1865 3342 errore

263 3377 468 3434 sciebat
505 3377 770 3446 alienum,
803 3387 951 3435 recte
992 3379 1048 3434 in
1075 3377 1276 3434 Christi
1309 3377 1565 3433 libertate
1592 3375 1864 3447 gaudebat

262 3469 452 3526 dicens
501 3487 515 3524 :
556 3468 681 3525 Non
721 3485 901 3524 sumus
946 3468 1158 3524 ancilla:
1187 3469 1321 3536 ﬁlii,
1367 3467 1457 3522 sed
1501 3466 1675 3522 liberte
1706 3481 1724 3518 :
1763 3481 1862 3534 qua

263 3563 494 3620 libertate
521 3561 755 3619 Christus
776 3579 870 3618 nos
897 3563 1129 3618 liberavit
1156 3558 1333 3632 (Joan.
1367 3575 1482 3626 vm,
1503 3558 1618 3631 34).

329 3656 490 3728 (Cap.
524 3653 588 3710 ν.
629 3683 702 3696 -
748 3654 903 3711 Vers.
933 3653 1014 3726 I.)
1047 3653 1226 3720 State,
1254 3662 1302 3707 et
1331 3653 1490 3707 nolite
1518 3653 1704 3705 iterum
1725 3650 1860 3721 jugo

263 3749 522 3804 servitutis
562 3747 834 3803 contineri.
871 3747 939 3803 Et
971 3762 1036 3803 ex
1067 3745 1172 3801 hoc
1208 3744 1537 3812 ostenditur,
1585 3742 1714 3814 quia
1753 3757 1859 3796 non

261 3850 370 3898 stet
393 3840 484 3912 qui
507 3840 642 3912 jugo
680 3839 946 3896 inhaereat
989 3839 1287 3895 servitutis.
1336 3840 1402 3893 Et
1441 3837 1570 3908 quia
1607 3837 1654 3892 is
1695 3833 1788 3905 qui
1829 3848 1859 3888 a

261 3935 479 3994 Christo
500 3937 756 3994 libertate
777 3936 1009 3992 donatus
1034 3943 1139 4001 est,
1161 3932 1370 3988 tamdiu
1398 3932 1564 3988 luerit
1583 3929 1685 3985 sub
1701 3928 1854 3999 jugo,

263 4031 521 4104 quamdiu
550 4029 798 4102 spiritum
845 4027 1130 4086 servitutis
1159 4027 1411 4082 habuerit
1449 4024 1504 4079 in
1537 4024 1735 4079 timore
1757 4063 1772 4088 ,
1805 4029 1860 4076 et

261 4124 423 4196 Legis
453 4125 607 4181 initia
637 4126 708 4179 sit
734 4130 979 4180 secutus.
1013 4120 1167 4191 Quod
1200 4129 1378 4176 autem
1409 4119 1522 4184 ait,
1554 4126 1720 4180 state,
1769 4115 1858 4170 lir-

262 4234 407 4276 mam
447 4227 503 4274 et
530 4217 783 4274 stabilem
814 4217 867 4272 in
899 4213 1121 4271 Christo
1151 4213 1401 4271 hortatur
1433 4210 1593 4267 Iidem
1615 4251 1631 4275 ,
1665 4217 1727 4266 ut
1754 4210 1857 4265 Ec-

263 4311 447 4368 clesia:
475 4309 704 4368 Galatiae
740 4309 848 4365 lixo
888 4309 942 4363 in
973 4307 1256 4363 Salvatore
1300 4311 1655 4376 permaneant
1693 4300 1853 4372 pede.

262 4402 338 4459 De
360 4418 468 4474 quo
496 4411 556 4458 et
585 4401 641 4456 in
672 4400 778 4456 alio
809 4400 932 4456 loco
953 4399 1136 4470 jusws
1161 4398 1401 4468 loquitur
1427 4413 1442 4449 :
1474 4395 1673 4451 Statuit
1700 4408 1856 4464 super

1971 3209 2102 3265 ego;
2154 3192 2273 3245 vivit
2317 3201 2490 3245 autem
2538 3191 2592 3245 in
2618 3208 2698 3246 me
2735 3191 2978 3247 Christus
3001 3192 3223 3266 (Supra,
3257 3213 3314 3262 tt,
3347 3199 3476 3269 20);
3511 3211 3566 3256 et

1968 3283 2096 3338 alibi
2123 3301 2136 3336 :
2163 3282 2244 3337 An
2266 3285 2674 3354 experimentum
2695 3283 2929 3352 qutrritis
2956 3287 3070 3356 ejus
3095 3287 3186 3356 qui
3216 3287 3269 3339 in
3294 3303 3374 3341 me
3393 3287 3566 3360 loqui-

1966 3385 2050 3431 tur
2069 3375 2306 3430 Christus
2335 3373 2414 3446 (ll
2445 3371 2568 3429 Cor.
2597 3389 2723 3441 xm,
2756 3372 2848 3445 3)?
2895 3374 2972 3428 Ex
3021 3390 3128 3445 quo
3160 3376 3366 3444 liquido
3413 3395 3563 3434 cont-

1965 3468 2224 3539 probatur
2255 3467 2358 3522 hoc
2387 3465 2533 3536 quod
2561 3481 2707 3521 nunc
2732 3465 2866 3520 dicit
2891 3483 2904 3518 :
2940 3465 3073 3521 Ecce
3093 3485 3184 3541 ego
3216 3467 3416 3524 Paulus
3442 3472 3560 3526 dico

1966 3563 2134 3625 vobis,
2179 3576 2287 3616 non
2340 3558 2495 3630 quasi
2525 3558 2677 3614 Pauli
2736 3566 2945 3614 tantum
2989 3560 3152 3616 verba
3199 3563 3557 3632 accipienda,

1964 3656 2061 3713 sed
2093 3654 2325 3710 Domini.
2379 3653 2513 3708 Nam
2562 3668 2684 3708 cum
2732 3664 2787 3709 et
2840 3652 2896 3708 in
2943 3654 3116 3724 prima
3149 3655 3217 3710 ad
3244 3655 3561 3715 Corinthios

1963 3747 2317 3820 praemisisset
2347 3762 2359 3799 :
2384 3743 2489 3801 His
2504 3753 2678 3799 autem
2702 3746 2790 3817 qui
2821 3746 2970 3815 nupti
2999 3756 3118 3800 sunt
3143 3747 3418 3819 denuntio,
3455 3768 3559 3806 non

1961 3858 2080 3912 ego,
2124 3839 2215 3894 sed
2251 3835 2510 3892 Dominus
2544 3837 2588 3908 (ί
2617 3836 2738 3893 Cor.
2765 3851 2860 3905 vtt,
2894 3838 3016 3908 l0);
3078 3847 3134 3894 ct
3178 3841 3362 3898 statim
3415 3845 3559 3900 intu-

1962 3934 2118 3990 lisset
2144 3951 2158 3986 :
2188 3933 2386 3987 ceteris
2411 3939 2586 3986 autem
2618 3947 2709 4004 ego
2743 3932 2992 4003 prtecipio
3023 3929 3214 4004 (Ibid.,
3245 3935 3356 4002 12),
3382 3954 3450 3993 tte
3482 3940 3561 3993 vi-

1962 4028 2031 4085 lis
2077 4043 2177 4082 sua
2220 4036 2507 4100 putaretur
2565 4026 2862 4082 auctoritas
2897 4043 2911 4080 :
2945 4035 3102 4099 puto,
3156 4031 3370 4100 inquit,
3418 4036 3558 4102 quod

1959 4119 2126 4193 478
2148 4128 2194 4174 et
2226 4136 2321 4190 ego
2360 4118 2604 4188 spiritum
2632 4116 2730 4172 Dei
2757 4116 2918 4172 habeo
2950 4133 2968 4171 :
2997 4126 3054 4172 ut
3083 4119 3278 4188 spiritu
3311 4131 3366 4176 et
3401 4123 3559 4178 Chri.

1961 4225 2050 4270 sto
2078 4215 2132 4268 in
2179 4228 2240 4268 se
2265 4212 2553 4282 loquente,
2584 4225 2692 4266 non
2737 4210 3076 4280 contemptui
3105 4210 3421 4282 duceretur,
3462 4217 3555 4286 qui

1960 4304 2257 4376 prophetas
2281 4303 2502 4358 imitans
2523 4301 2736 4358 diceret
2767 4318 2782 4354 :
2811 4300 2941 4356 Haec
2955 4301 3082 4356 dicit
3109 4301 3360 4359 Dominus
3389 4308 3554 4362 omni-

1960 4410 2164 4470 potens.
2197 4395 2368 4466 Majus
2407 4404 2590 4451 autem
2621 4393 2714 4449 ﬂet
2758 4393 2808 4448 id
2837 4394 2979 4464 quod
3011 4393 3215 4450 dictum
3262 4407 3346 4451 est
3381 4416 3392 4451 :
3421 4396 3556 4453 Ecca

261 4504 459 4567 petram
499 4492 658 4565 pedes
689 4508 827 4547 meos
857 4489 978 4564 (Ps.
1011 4506 1199 4557 xxxrs,
1231 4492 1312 4560 5),
1355 4503 1454 4556 pro
1482 4503 1548 4543 co
1579 4487 1723 4558 quod
1751 4495 1855 4552 est,
1888 4479 1936 4538 Ι)
1964 4507 2056 4563 ego
2086 4488 2286 4543 Paulus
2326 4489 2443 4543 dico
2484 4488 2624 4542 vobis
2652 4503 2669 4540 :
2699 4487 2948 4558 quoniam
2992 4488 3036 4541 si
3074 4489 3548 4561 circumcidamini,

260 4602 418 4657 super
474 4584 736 4641 Christum
776 4601 795 4640 :
840 4600 908 4640 ne
952 4583 1162 4641 scilicet
1209 4583 1662 4639 circumterantur
1709 4578 1857 4634 omni

258 4689 424 4736 vento
448 4677 734 4747 doctrinas,
768 4685 822 4733 et
858 4677 911 4732 in
944 4676 1156 4731 diversa
1186 4676 1469 4745 rapiantur
1491 4669 1709 4743 (Ephes.
1755 4669 1854 4741 tv).

261 4767 417 4827 Unde
461 4779 521 4825 et
565 4769 631 4823 ad
660 4776 872 4825 stantes
917 4766 1161 4824 dicitur:
1193 4765 1262 4820 Et
1289 4767 1378 4836 qui
1407 4774 1542 4830 stat,
1582 4763 1749 4818 videat
1798 4778 1861 4816 ne

262 4867 415 4918 cadat
446 4863 492 4936 (l
523 4861 646 4918 Cor.
678 4879 733 4933 ι,
769 4861 882 4933 l2).
914 4861 982 4918 Et
1005 4863 1059 4917 in
1087 4861 1198 4917 alio
1227 4861 1348 4916 loco
1382 4877 1395 4913 :
1427 4859 1596 4922 State,
1644 4857 1861 4911 viriliter

263 4957 419 5029 agite,
453 4955 821 5024 confortamini
849 4953 1016 5027 (Ibid.
1043 4970 1150 5022 xw,
1192 4954 1309 5024 15),
1343 4961 1401 5006 ut
1421 4961 1569 5008 stent
1601 4966 1723 5006 cum
1767 4965 1856 5017 eo,

263 5064 422 5122 quem
464 5049 775 5118 Stephanus
815 5064 844 5103 a
891 5048 1106 5105 dextris
1138 5047 1316 5103 Patris
1359 5054 1595 5101 stantem
1626 5043 1760 5099 vidit
1805 5044 1857 5098 in

265 5141 532 5216 martyrio
555 5156 916 5214 perseverans
943 5141 1086 5214 (Act.
1116 5141 1236 5212 vn),
1261 5139 1421 5213 477
1443 5148 1500 5196 et
1523 5139 1616 5211 qui
1642 5139 1860 5194 locutus

337 5357 365 5386 ⁸
390 5347 542 5406 Unus
572 5347 849 5402 Palatinus
892 5345 996 5402 snh
1026 5346 1328 5402 asserentis
1357 5354 1491 5402 nota
1539 5361 1554 5400 ε
1603 5345 1864 5400 Miramur

271 5419 334 5474 de
359 5419 562 5475 luditis
590 5418 765 5482 hodie,
797 5419 918 5488 quia
945 5418 1036 5488 qui
1059 5418 1112 5470 in
1142 5417 1366 5478 Christo.
1399 5426 1506 5473 etc.

335 5488 364 5530 δ
387 5489 533 5547 Idem
561 5503 718 5558 mss.,
748 5487 839 5560 qui
861 5487 973 5542 luce
997 5489 1144 5543 boves
1165 5489 1374 5560 crearit,
1401 5496 1470 5555 et,
1496 5497 1606 5544 etc.
1628 5487 1862 5543 Omnino

265 5569 444 5619 autem
468 5562 526 5616 in
548 5563 737 5616 vocula
762 5559 932 5615 lucem
953 5560 1130 5614 edidit
1146 5559 1349 5628 pariter
1369 5573 1433 5613 ac
1451 5573 1583 5614 mss.
1609 5566 1861 5628 peccant.

340 5642 364 5672 θ
398 5632 672 5689 Victorius
697 5631 775 5687 ait
805 5630 1071 5703 :Vulgata
1099 5630 1268 5703 editio
1293 5638 1614 5686 constanter
1643 5630 1696 5684 in
1721 5643 1864 5703 cun-

265 5703 369 5762 etis
400 5703 807 5775 exemplaribus
862 5700 972 5758 lani
1015 5701 1316 5773 imprcssis,
1363 5716 1528 5772 quam
1559 5700 1864 5756 manuscri-

515 5799 794 5862 Psrnos.
833 5795 1072 5860 XXVI.

1963 4583 2199 4639 Christus
2240 4581 2384 4633 vobis
2426 4580 2559 4633 nihil
2596 4580 2828 4649 prodest,
2855 4579 2903 4633 si
2933 4593 3057 4634 cum
3089 4581 3361 4650 principio
3388 4598 3557 4653 θορυ-

1962 4677 2126 4744 letur,
2152 4677 2204 4730 itt
2234 4690 2340 4744 quo
2371 4673 2487 4727 ait:
2525 4671 2729 4726 Paulus
2767 4671 3041 4738 apostolus
3089 4690 3191 4728 non
3239 4675 3302 4728 ab
3329 4675 3559 4730 homini—

1965 4769 2081 4838 bus,
2126 4781 2288 4837 neque
2309 4781 2399 4835 per
2429 4763 2712 4827 hominem,
2745 4763 2834 4816 scd
2865 4779 2959 4834 per
2985 4762 3165 4818 Iesum
3194 4764 3476 4830 Christum,
3503 4777 3559 4823 et

1964 4861 2174 4930 reliqua
2201 4875 2215 4910 :
2247 4865 2308 4912 ut
2337 4855 2642 4918 audientes,
2669 4863 2902 4907 nontam
2934 4854 3110 4915 missi,
3143 4871 3303 4924 quam
3337 4855 3556 4912 initten-

1967 4954 2034 5008 tis
2064 4949 2388 5006 auctoritate
2441 4955 2784 5000 moveantur.
2838 4945 3022 5017 Potest
3069 4946 3262 5014 aliquis
3321 4947 3552 5006 dicere:

1968 5040 2321 5101 Contrarium
2373 5047 2457 5093 est
2499 5036 2624 5092 huic
2653 5037 2774 5090 loco
2829 5036 2960 5090 illud
2991 5035 3138 5106 quod
3181 5037 3246 5091 ad
3281 5037 3557 5096 Romanos

1968 5134 2226 5192 scribitur
2257 5147 2274 5190 :
2302 5129 2642 5186 Circumcisio
2670 5127 2879 5198 quidem
2905 5128 3136 5197 prodest,
3159 5129 3204 5183 si
3230 5127 3416 5201 Legem
3461 5148 3558 5184 cu-

2010 5341 2076 5396 tis
2096 5338 2406 5413 legit,_nihil
2444 5336 2673 5413 proderit
2704 5350 2724 5387 :
2753 5333 3007 5413 similiter
3037 5342 3093 5390 et
3142 5333 3361 5413 Graecus
3388 5333 3561 5413 codex

2010 5357 2076 5396 lls
2097 5357 2248 5409 legtt,
2274 5357 2405 5393 mnu
2444 5357 2673 5407 proaeru
2704 5357 2724 5387 .'
2753 5357 3007 5389 summer
3037 5357 3093 5390 et
3142 5357 3361 5413 oramus
3388 5357 3557 5390 cuuex

1967 5357 2124 5483 regit,
2155 5410 2420 5483 ᾦφελήσιι.
2471 5407 2830 5483 Hieronymus
2874 5405 2927 5458 in
2970 5414 3365 5483 commentario
3393 5405 3557 5483 quin:

1969 5474 2143 5555 quies,
2175 5474 2277 5555 h'o_c
2303 5490 2408 5555 est,
2455 5474 2780 5555 ubicumque
2810 5474 3362 5555 locunt._citat,_-_legit
3383 5515 3397 5537 ,
3430 5475 3562 5555 nihil

1968 5543 2218 5626 prodest._
2239 5551 2573 5626 Lectionem,
2609 5543 2702 5602 ab'
2717 5543 3126 5626 exemplaribus
3151 5546 3560 5626 -Ηίει-ρηγεηίῃ.

1970 5615 2056 5681 his
2083 5621 2348 5690 destituti,
2374 5628 2587 5678 mutare
2617 5616 2733 5673 ausi
2781 5631 2888 5671 non
2915 5629 3125 5674 sumus.
3151 5618 3226 5672 Ita
3256 5615 3399 5670 enim
3425 5615 3560 5674 forte

1969 5696 2200 5769 legebat.

3015 5781 3089 5840 18
