4056 6326
554 201 664 267 $95

1803 199 1864 257 S.
1909 193 2183 258 EUSEBII
2214 193 2602 255 HIERONYMI

3753 191 3856 256 396

558 327 760 382 stodias
781 324 962 398 (Rom.
983 338 1044 390 tt,
1063 321 1192 391 25);
1224 327 1280 376 et
1309 317 1482 374 infra:
1511 313 1651 382 Quid
1671 329 1795 388 ergo
1823 323 1904 370 est
1931 314 2158 386 amplius
2184 316 2241 378 Δ
2265 315 2434 370 tentia
2467 329 2483 368 :
2517 313 2580 369 Si
2609 311 3083 380 circumciduntini,
3114 311 3351 370 Christus
3397 313 3542 368 robis
3579 313 3717 368 nihil
3738 331 3856 386 pro-

557 416 749 474 Judwo
783 433 802 472 :
829 427 918 471 aut
938 429 1054 486 qua:
1073 413 1272 468 utilitas
1313 408 1728 465 circnmcisionis
1748 406 1775 460 Ρ
1812 405 2043 461 Multum
2065 423 2155 479 per
2257 404 2390 459 dest.
2423 403 2582 472 Quod
2613 418 2719 458 non
2750 404 2925 458 solum
2971 403 3027 458 iu
3058 418 3122 460 eo
3151 404 3198 459 si
3242 402 3696 469 cirumcidantur,
3749 420 3851 460 non

558 525 761 565 omnem
820 507 1052 563 modum.
1107 501 1349 556 Primum
1373 500 1602 571 quidem,
1647 497 1771 568 quia
1807 498 2004 553 credita
2030 507 2153 552 sunt
2255 498 2339 553 eis
2372 499 2541 568 prosit
2574 497 2689 566 ipsa
2723 496 3106 562 circumcisio;
3133 496 3228 552 sed
3265 496 3486 552 etiamsi
3511 506 3744 552 ceteras
3769 499 3851 552 vi-

557 603 665 659 illis
694 601 898 672 eloquia
928 597 1028 652 Dei
1051 594 1245 668 (Ibid,
1287 595 1342 661 l,
1372 592 1452 664 2).
1509 591 1570 649 Si
1623 592 1770 648 enim
1803 590 1889 646 bis
1916 591 2011 661 qui
2039 591 2149 646 cir-

553 691 786 749 cumcisi
833 689 1042 745 fuerint
1092 685 1344 742 Christus
1397 681 1535 739 nihil
1580 680 2149 753 prodestzquomodo

552 785 750 856 Legem
791 777 1230 838 custodientibus
1277 775 1503 849 prodest
1544 774 1939 830 circumcisio?
1991 774 2147 843 Quod

551 876 769 950 quidem
801 875 906 930 hac
953 871 1317 944 responsione
1366 867 1633 933 solvetur,
1674 875 1736 921 ut
1754 866 2004 921 dicamus
2033 864 2144 936 [Αι.

549 965 812 1038 dicatur],
865 962 1323 1034 Epistolam-qua:
1367 957 1435 1013 ad
1468 957 1746 1012 Romanos
1793 957 1994 1025 scripta
2036 966 2144 1022 est,

546 1060 618 1116 ad
664 1074 761 1115 eos
806 1071 932 1114 csse
975 1053 1261 1118 dictatam,
1294 1051 1386 1122 qui
1421 1064 1489 1106 ex
1518 1049 1723 1107 Judais
1776 1048 2146 1120 Gentibusque

550 1150 899 1209 crediderant
929 1164 945 1203 :
978 1156 1033 1203 et
1059 1145 1169 1201 hoc
1194 1146 1373 1215 egisse
1395 1142 1644 1208 Paulum,
1677 1149 1734 1195 ut
1757 1139 1870 1214 [Αι.
1895 1139 1985 1213 ne]
2011 1155 2145 1195 neu-

547 1250 634 1300 ter
686 1239 922 1310 populus
970 1236 1342 1294 on‘enderetur
1373 1252 1388 1291 :
1418 1249 1530 1306 quo
1556 1233 1768 1289 scilicet
1803 1246 1961 1286 suum
1992 1241 2145 1287 utra-

547 1350 658 1406 que
701 1333 854 1410 plebs
884 1330 1236 1402 privilegium
1271 1326 1580 1399 possideret
1609 1342 1622 1382 :
1650 1334 1712 1381 ut
1759 1338 1860 1381 nec
1908 1324 2142 1396 gentiles

545 1423 1094 1487 circumciderentur,
1126 1435 1232 1476 nec
1254 1418 1565 1475 circumcisi
1614 1417 1952 1473 adducerent
2001 1431 2141 1487 prte-

549 1520 788 1590 putium.
814 1517 896 1573 Ad
924 1514 1150 1572 Galatas
1181 1523 1364 1569 autem
1405 1511 1654 1568 scribens
1676 1512 1784 1567 alio
1800 1526 1929 1569 usus
1953 1513 2026 1568 sit
2051 1525 2142 1567 ar-

547 1621 832 1684 gumento.
861 1609 979 1666 Non
1011 1609 1159 1664 enim
1187 1615 1346 1664 erant
1366 1621 1435 1663 ex
1457 1607 1876 1662 circumcisione
1905 1621 1919 1662 :
1951 1605 2048 1661 sed
2072 1621 2139 1662 ex

2252 589 2488 647 deantur
2508 599 2664 646 extra
2695 589 3167 647 circumcisionem
3193 591 3245 646 in
3268 589 3494 646 Christo
3516 588 3726 646 habere
3744 591 3850 647 vir-

2255 693 2421 752 tutes,
2454 684 2727 741 universas
2758 695 3006 756 pereant,
3030 700 3151 740 cum
3184 695 3305 756 post
3337 684 3494 740 fidem
3515 683 3724 741 Christi
3741 687 3851 743 fue-

2253 777 2365 832 rint
2388 777 2719 833 circumcisi.
2748 775 2888 845 Quid
2918 777 3118 848 igitur?
3147 778 3285 834 nihil
3317 778 3521 852 profuit
3559 778 3848 837 Timetbeo

2247 871 2632 926 circumcisio?
2657 870 2886 926 Multum
2910 887 3007 942 per
3020 886 3239 928 omnem
3270 873 3518 928 modum.
3549 872 3668 930 Non
3695 875 3842 932 enim

2255 973 2365 1018 tam
2398 963 2522 1018 ideo
2545 963 2901 1019 circumcisus
2929 972 3036 1029 est,
3082 973 3144 1020 ut
3167 979 3231 1020 ex
3275 965 3390 1035 ipsa
3422 967 3845 1026 circumcisione

2253 1057 2463 1130 aliquid
2491 1059 2853 1115 emolumenti
2892 1062 3193 1118 aestimaret
3231 1077 3396 1134 posse
3452 1079 3514 1120 se
3559 1065 3844 1135 consequi,

2247 1164 2409 1220 quam
2438 1158 2497 1205 ut
2522 1161 2752 1208 caeteros
2773 1153 3119 1211 lucrifaceret
3143 1153 3189 1226 (l
3218 1154 3345 1210 Cor.
3376 1155 3480 1226 ιι).
3519 1156 3728 1212 Factus
3758 1157 3848 1212 Ju-

2247 1243 2387 1299 daais
2415 1244 2658 1312 Iudaeus,
2687 1255 2744 1301 ut
2773 1246 2999 1303 Judteos
3040 1248 3108 1303 ad
3141 1247 3304 1305 ﬁdem
3336 1246 3547 1305 Christi
3602 1265 3700 1306 sua
3747 1251 3849 1306 cir-

2251 1336 2592 1393 cumcisione
2625 1338 3027 1395 transduceret.
3055 1338 3212 1396 Tunc
3264 1339 3536 1411 siquidem
3587 1359 3698 1398 non
3725 1357 3849 1412 pro-

2245 1427 2370 1483 dest
2389 1428 2761 1497 circumcisio,
2793 1445 2915 1486 cum
2944 1431 3149 1503 aliquid
3173 1447 3274 1504 per
3301 1435 3658 1505 scmetipsam
3694 1445 3842 1507 puta-

2243 1529 2334 1576 tur
2362 1521 2615 1578 utilitatis
2638 1523 2745 1595 [ΑΙ.
2777 1523 3004 1598 utilitas]
3046 1525 3264 1583 afferre.

2313 1611 2493 1683 (Vers.
2519 1613 2603 1685 5.)
2643 1615 2918 1671 Contestor
2955 1627 3128 1672 autem
3178 1635 3379 1673 omnem
3427 1621 3688 1676 hominem
3741 1622 3841 1676 cir—

547 1706 804 1778 gentibus
831 1703 923 1774 qui
951 1700 1328 1758 crediderant.
1375 1699 1486 1755 Nec
1517 1709 1729 1770 poterat
1773 1700 1855 1756 eis
1877 1699 2134 1771 prodesse
2164 1705 2215 1768 Β
2239 1709 2609 1763 cumcidentem
2639 1725 2710 1775 se,
2751 1712 3003 1780 quoniam
3037 1713 3238 1767 debitor
3276 1722 3352 1768 est
3393 1715 3654 1771 universa!
3694 1714 3845 1788 Legis

544 1796 915 1860 circumcisio,
971 1794 1061 1864 qui
1094 1802 1216 1862 post
1242 1791 1525 1862 Evangelii
1563 1793 1792 1862 gratiam
1839 1791 2033 1848 iterum
2069 1794 2136 1847 ad

545 1889 763 1959 Legalia
787 1895 1202 1943 reverterentur
1229 1885 1520 1939 elementa.
1556 1883 1624 1938 Et
1659 1885 1711 1940 in
1748 1884 1980 1946 Actibus
2008 1901 2140 1955 apo-

543 1981 804 2036 stolorum
851 1984 1037 2032 narrat
1074 1975 1304 2030 historia
1336 1975 1540 2047 (Actor.
1587 1973 1684 2046 xv)
1713 1990 1729 2041 ;
1760 1991 1882 2032 cum
1911 1975 2135 2046 quidam

539 2072 609 2128 de
647 2069 1070 2126 circumcisione
1109 2076 1402 2136 surgentes
1433 2067 1800 2122 asseruissent
1827 2082 1922 2124 eos
1945 2069 2039 2139 qui
2069 2083 2135 2125 ex

540 2163 795 2237 gentibus
833 2161 1212 2225 crediderant,
1244 2158 1448 2216 debere
1494 2159 1836 2229 circumcidi,
1882 2162 2135 2234 etlegem

540 2254 818 2312 custodire
853 2252 1044 2324 Moysi,
1079 2251 1329 2307 seniores
1356 2251 1447 2321 qui
1471 2250 1830 2323 Jerosolymis
1874 2261 2052 2319 erant,
2082 2263 2137 2309 et

542 2348 824 2420 apostolos
855 2346 1057 2417 pariter
1084 2354 1467 2415 congregatos,
1495 2345 1753 2401 statuisse
1777 2361 1877 2416 per
1905 2346 2134 2414 litteras,

540 2455 612 2496 ne
642 2445 1101 2509 superponeretur
1123 2436 1203 2493 eis
1222 2437 1409 2506 iugum
1440 2436 1622 2508 Legis,
1653 2451 1759 2492 nec
1784 2438 2016 2508 amplius
2038 2438 2138 2494 ob-

535 2540 858 2597 servarent,
894 2530 995 2585 nisi
1030 2539 1089 2584 ut
1118 2529 1462 2584 custodirent
1488 2543 1550 2584 se
1590 2538 1799 2584 tantum
1837 2530 1909 2586 ab
1952 2530 2136 2587 idolo-

546 2625 736 2696 thytis,
766 2632 822 2678 et
860 2622 1150 2693 sanguine,
1180 2629 1236 2677 et
1255 2621 1642 2688 fornicatione,
1669 2625 1786 2679 sive
1815 2632 1872 2678 ut
1913 2627 1965 2680 in
1998 2641 2137 2680 non-

543 2716 711 2773 nullis
742 2713 1150 2783 exemplaribus
1201 2714 1464 2784 scriptum
1517 2724 1635 2778 est,
1662 2723 1686 2751 ι
1715 2724 1763 2769 et
1791 2732 1822 2768 a
1847 2715 2131 2782 stt/foculis.

535 2809 604 2863 Et
629 2823 697 2863 ne
727 2806 965 2861 resideat
994 2805 1104 2859 ulla
1139 2805 1428 2871 dubitatio,
1457 2803 1624 2877 Q79
1650 2806 1797 2877 quod
1844 2809 2137 2864 circumci-

543 2900 628 2956 sio
667 2899 798 2954 nihil
831 2897 1024 2968 prosit,
1059 2897 1156 2952 sed
1188 2905 1417 2966 propter
1442 2910 1539 2950 eos
1559 2898 1652 2967 qui
1683 2913 1750 2952 ex
1775 2897 1983 2954 ludatis
2012 2915 2136 2957 cre-

547 2991 826 3054 diderant,
862 2987 927 3042 ad
953 2987 1232 3043 Romanos
1259 2986 1328 3041 de
1358 2985 1775 3043 circumcisione
1802 2990 2132 3046 sententiam

2245 1801 2522 1870 faciendae.
2554 1801 2698 1858 Deus
2737 1803 2830 1874 qui
2859 1802 3338 1862 circumcisionem
3363 1807 3540 1878 primo
3570 1808 3640 1864 ad
3673 1811 3842 1864 Abra-

2245 1889 2396 1958 ham,
2451 1893 2657 1949 deinde
2688 1909 2785 1963 per
2814 1895 3032 1967 Moysen
3057 1898 3110 1952 in
3147 1897 3294 1970 Lege
3317 1901 3588 1970 prrecipit,
3617 1916 3729 1957 non
3759 1917 3844 1957 so-

2243 1984 2358 2039 lum
2379 1985 2879 2054 circumcisionem,
2916 1989 3013 2045 sed
3042 1997 3097 2045 et
3126 1989 3232 2045 alia
3264 1991 3433 2047 multa
3465 1991 3636 2065 ‘80
3657 1994 3845 2049 obser-

2243 2076 2418 2132 vanda
2453 2078 2777 2134 constituit:
2811 2080 2940 2136 Dies
2973 2082 3136 2137 festos
3165 2083 3525 2156 Jerosolymis
3580 2085 3841 2157 frequen-

2242 2167 2437 2223 tandos
2462 2185 2477 2223 :
2504 2169 2806 2226 hostiarum
2837 2172 3181 2240 holocausta,
3207 2190 3370 2230 mane
3392 2190 3616 2247 semper
3644 2187 3704 2233 et
3727 2192 3845 2233 ves-

2240 2273 2372 2328 pere
2400 2276 2415 2315 :
2447 2260 2880 2318 immolationem
2913 2265 2967 2318 in
2985 2279 3094 2320 uno
3124 2275 3332 2321 tantum
3362 2267 3485 2323 loco
3498 2269 3656 2339 agni,
3687 2279 3711 2309 ε
3738 2277 3846 2325 ter-

2241 2368 2317 2408 rae
2367 2357 2604 2424 septima
2657 2364 2819 2410 relate
2848 2357 3009 2412 ferias
3040 2373 3054 2411 :
3086 2359 3596 2430 quinquagesimum
3647 2363 3833 2417 remis-

2238 2445 2409 2500 sionis
2437 2459 2662 2510 annum,
2691 2457 2745 2503 et
2775 2459 2974 2504 caetera
3008 2465 3130 2519 qua:
3160 2450 3325 2507 facile
3355 2463 3440 2507 est
3494 2453 3563 2509 de
3589 2453 3848 2524 Scriptu-

2240 2536 2314 2593 ris
2339 2553 2641 2609 excerpere
2672 2539 2773 2595 sibi
2800 2557 3244 2614 unumquemque
3273 2545 3558 2601 lectorem.
3583 2544 3846 2602 Coarcta-

2237 2631 2418 2687 bimus
2450 2633 2634 2704 itaque
2661 2633 2950 2703 Ebionem,
2981 2646 3039 2692 et
3060 2648 3364 2694 sectatores
3392 2639 3538 2710 eius,
3569 2642 3669 2711 qui
3722 2650 3843 2711 post

2240 2725 2593 2796 Evangelium
2649 2728 2942 2784 credentes
2986 2731 3036 2784 in
3095 2729 3321 2788 Christo
3362 2733 3844 2790 circumcidendos

2239 2828 2450 2887 putant,
2472 2829 2533 2874 ut
2555 2829 2646 2875 aut
2666 2824 3139 2878 circumcisionem
3163 2823 3387 2893 faciant,
3413 2836 3469 2882 et
3492 2839 3699 2883 caetera
3724 2845 3841 2901 qua:

2237 2911 2632 2981 praecipiuntur
2657 2913 2713 2967 in
2742 2911 2890 2985 Lege
2923 2933 2935 2968 :
2964 2924 3060 2970 aut
3081 2917 3124 2972 si
3158 2918 3491 2988 impossibile
3524 2930 3609 2975 est
3635 2931 3838 2977 cuncta

2239 3003 2378 3071 ﬁeri,
2411 3015 2590 3060 cesset
2618 3015 2674 3062 et
2717 3007 3083 3075 circumcisio,
3113 3023 3238 3079 quas
3265 3025 3388 3065 cum
3413 3013 3631 3067 caeteris
3686 3013 3840 3085 quasi

539 3082 892 3153 temperavit,
915 3079 1174 3150 paulatim
1197 3078 1263 3133 ad
1281 3077 1548 3176 _Epistolte
1567 3080 1810 3149 ejusdem
1833 3084 2133 3151 posteriora
2161 3090 2207 3153 ρ
2241 3095 2445 3152 inutilis
2469 3100 2847 3167 praemissa
2873 3109 2976 3155 εει,
3008 3077 3162 3169 Quod
3185 3103 3232 3156 si
3264 3103 3684 3172 responderim,
3703 3077 3838 3176 'pos.

541 3175 905 3239 descendens,
921 3187 1021 3228 nec
1041 3172 1538 3239 circumcisionem,
1567 3189 1669 3230 nec
1684 3178 2002 3245 praeputium
2035 3179 2134 3234 an.

538 3270 667 3341 quid
682 3267 1215 3335 valere,monstravit
1231 3264 1421 3321 dicens
1439 3265 1803 3322 :Circnmcisio
1817 3269 1991 3340 itaque
2003 3270 2136 3324 nihil

542 3374 636 3429 est,
661 3373 709 3418 et
735 3360 1043 3432 pra'ptttiunt
1067 3358 1201 3412 nihil
1215 3367 1311 3424 est,
1340 3358 1430 3413 sed
1451 3357 1740 3414 observatio
1765 3361 2132 3416 mandatorum

540 3453 640 3510 Dei
671 3455 711 3525 (I
733 3453 854 3509 Cor.
887 3467 985 3520 vtt,
1014 3450 1136 3521 l9).
1161 3450 1435 3504 Intantum
1475 3449 1618 3505 enim
1661 3451 2006 3508 circumcisio
2050 3455 2135 3509 ni-

536 3547 615 3600 hil
636 3553 740 3614 est,
773 3553 833 3599 ut
862 3542 1176 3598 Israelitica:
1201 3554 1416 3610 quoque
1436 3539 1650 3604 domui,
1673 3557 1735 3596 se
1762 3542 1831 3597 de
1851 3545 2135 3600 circumci-

537 3637 696 3694 sione
715 3634 962 3704 jactanti,
989 3630 1117 3685 nihil
1140 3629 1425 3700 profuerit,
1459 3631 1726 3701 propheta
1755 3647 2088 3692 memorante
2117 3656 2132 3693 :

541 3730 732 3785 Omnes
759 3736 935 3798 gentes
964 3723 1339 3778 incircumciste
1354 3738 1531 3792 carne,
1557 3725 1742 3780 domus
1770 3737 1940 3781 autem
1965 3729 2135 3786 Israel

536 3823 899 3880 incircumcisa
923 3820 1079 3873 corde
1101 3816 1324 3889 (Ezech.
1352 3832 1497 3883 xuv,
1530 3818 1608 3888 9),
1641 3828 1698 3877 et
1722 3820 2134 3882 incircuntcisus

542 3913 926 3978 Melchisedec,
950 3911 1337 3966 circumcisum
1361 3911 1638 3966 benedixit
1659 3913 1960 3971 Abraham.
1997 3918 2130 3974 Nam

539 4010 683 4082 quod
708 4009 824 4063 ait:
859 4005 921 4061 Si
953 4004 1394 4058 circumcidamini
1418 4002 1630 4075 (Cenes.
1664 4007 1844 4077 xuv);
1870 4009 1975 4065 tale
2022 4020 2127 4079 est,

538 4101 568 4142 ι’
597 4102 758 4174 quale
791 4099 837 4153 si
860 4096 1045 4152 dicere
1075 4095 1356 4162 voluisset,
1378 4096 1426 4151 si
1451 4110 1615 4153 carne
1643 4098 2127 4159 circumcidamini.

542 4197 717 4265 Quam
759 4194 813 4247 in
854 4191 962 4245 alio
1013 4189 1134 4244 loco
1163 4205 1271 4244 non
1298 4190 1798 4262 circumcisionem,
1827 4194 1920 4248 sed
1949 4199 2132 4253 conci-

535 4291 745 4346 sionem
777 4293 955 4347 vocat,
986 4281 1175 4336 dicens
1207 4298 1218 4334 :
1261 4279 1438 4336 Videte
1462 4284 1823 4339 concisioncm.
1852 4287 1965 4343 Nos
1991 4296 2128 4346 enim

537 4397 716 4436 sumus
758 4374 1100 4438 circumcisio,
1125 4374 1211 4442 qui
1230 4373 1418 4442 spiritu
1441 4371 1538 4428 Dei
1554 4377 1819 4445 servimus,
1845 4389 1896 4435 el
1933 4383 2130 4451 gloria-

2235 3189 2415 3244 sibilia
2446 3199 2656 3246 tantum
2688 3193 2890 3248 debere
2929 3209 2991 3250 se
3030 3194 3209 3250 facere
3237 3198 3374 3266 (non
3399 3200 3546 3254 enim
3573 3199 3757 3257 Deum
3780 3217 3838 3256 ea

2234 3295 2263 3335 a
2297 3283 2458 3338 nobis
2487 3285 2709 3356 exigere
2728 3303 2850 3357 qua:
2873 3303 2980 3344 non
3008 3304 3320 3359 possumus,
3353 3293 3448 3348 sed
3476 3309 3538 3348 ea
3569 3311 3697 3364 qua:
3715 3311 3844 3366 pos-

2232 3377 2409 3432 simus
2439 3378 2714 3450 implere),
2740 3380 2988 3436 dicemus
3015 3382 3118 3450 eis,
3153 3397 3262 3438 non
3294 3385 3540 3454 ejusdem
3561 3401 3688 3442 esse
3722 3389 3837 3452 Dei,

2233 3471 2499 3524 custodiri
2523 3471 2666 3527 velle
2698 3472 2922 3544 Legem,
2955 3485 3009 3530 et
3030 3491 3127 3530 eos
3156 3478 3245 3547 qui
3279 3478 3480 3550 Legem
3508 3481 3835 3538 custodiant

2234 3559 2637 3633 derelinquere.
2694 3567 2802 3622 Ant
2861 3571 3139 3638 quomodo
3190 3581 3417 3644 propter
3469 3576 3836 3633 intermissam

2233 3651 2434 3724 Legem
2463 3671 2587 3712 reos
2617 3672 2714 3713 eos
2736 3657 2923 3725 faciat,
2955 3663 3047 3731 qui
3072 3663 3289 3718 etiamsi
3335 3665 3526 3730 velint,
3577 3668 3835 3723 universa

2234 3748 2512 3818 complere
2548 3765 2656 3804 non
2687 3753 2936 3821 possint?
2963 3753 3074 3810 Nos
3099 3771 3228 3810 vero
3257 3757 3430 3826 legem
3486 3759 3639 3829 sequi
3669 3762 3840 3830 spiri-

2234 3842 2462 3910 tualem,
2491 3859 2612 3912 quze
2642 3843 2824 3900 dicat:
2860 3846 2982 3900 Non
3029 3847 3312 3918 infrenabis
3336 3864 3395 3904 os
3423 3850 3536 3904 bovi
3563 3853 3840 3907 trituranti

2235 3933 2418 4006 (Deut.
2450 3952 2576 4002 xxv,
2600 3936 2681 4008 4),
2713 3946 2915 3993 etcum
2962 3940 3224 4006 Apostolo
3276 3939 3615 4010 intelligere:
3653 3943 3838 3998 Num-

2232 4029 2358 4096 quid
2401 4028 2467 4081 de
2507 4028 2665 4082 bobus
2710 4044 2834 4082 cura
2871 4038 2946 4083 est
2989 4027 3100 4083 Deo
3137 4029 3189 4101 (I
3222 4030 3354 4087 Tim.
3390 4048 3444 4096 x,
3487 4033 3587 4099 i8;
3642 4033 3659 4089 Ι
3706 4037 3836 4092 Cor.

2235 4135 2314 4183 ιι,
2349 4120 2443 4190 9)?
2469 4120 2566 4175 sed
2602 4132 2825 4190 propter
2868 4137 2966 4178 nos
2994 4124 3183 4193 utique
3222 4125 3378 4194 dicit,
3429 4135 3488 4182 et
3533 4127 3839 4188 observare

2231 4211 2458 4267 sabbata
2481 4211 2711 4268 delicata
2734 4213 2893 4285 (lsei.
2921 4231 3068 4280 mu,
3102 4216 3216 4288 {3),
3249 4234 3355 4274 non
3385 4230 3442 4275 ut
3475 4219 3574 4276 hos
3621 4234 3677 4278 et
3718 4227 3836 4279 asi-

2232 4319 2333 4360 nus
2364 4311 2572 4370 noster,
2608 4313 2663 4360 et
2685 4307 2809 4361 vilia
2841 4323 3040 4379 pecora
3081 4310 3334 4366 laetentur
3355 4311 3411 4368 in
3437 4312 3703 4379 sabbato;
3733 4317 3828 4371 sed

2233 4394 2309 4450 illi
2355 4394 2630 4465 homines,
2691 4405 2749 4453 et
2791 4414 3017 4470 pecora,
3049 4401 3117 4456 de
3159 4403 3358 4474 quibus
3401 4404 3664 4475 scriptum
3695 4420 3826 4464 est:

537 4493 655 4528 mur
679 4473 732 4526 in
761 4469 988 4532 Christo,
1010 4478 1175 4521 etnon
1208 4467 1260 4520 in
1286 4481 1441 4521 carne
1496 4470 1804 4538 conﬁdimus
1854 4473 2115 4548 (Philipp.

2238 4487 2480 4543 Homines
2509 4501 2554 4544 et
2593 4493 2829 4560 jumenta
2851 4496 3024 4550 salvos
3045 4499 3227 4566 facies,
3255 4498 3478 4554 Domine
3503 4499 3626 4571 (Ps.
3658 4517 3825 4568 xxxv,

529 4583 614 4632 ιιι,
643 4566 700 4627 2,
731 4563 807 4632 3).
839 4560 955 4616 Non
998 4558 1221 4613 conlidit
1244 4560 1297 4612 in
1323 4574 1508 4624 carne,
1535 4562 1624 4631 qui
1668 4579 1885 4620 omnem
1913 4570 2118 4626 utilita-

531 4671 645 4716 tcm
693 4664 978 4724 exspectat
1007 4668 1035 4704 a
1063 4649 1307 4716 Christo,
1355 4660 1411 4706 et
1440 4667 1545 4708 non
1575 4657 1807 4712 seminat
1854 4658 1906 4713 in
1929 4677 2121 4730 carne,

533 4763 592 4809 ut
621 4753 691 4808 de
732 4762 900 4805 carne
930 4752 1096 4800 metat
1127 4744 1536 4813 corruptionem
1561 4762 1576 4812 ;
1607 4747 1701 4803 sed
1725 4747 1778 4804 in
1808 4751 2023 4821 spiritu,
2054 4755 2124 4811 de

532 4861 640 4919 quo
667 4844 781 4899 vita
812 4849 1016 4896 acterna
1062 4851 1376 4908 generatur.
1411 4837 1676 4895 Subtilius
1705 4844 1961 4900 intuenda
2000 4860 2127 4902 seu-

605 5038 630 5064 ι
658 5027 771 5080 lloc
814 5034 946 5076 vero
973 5018 1195 5072 Patrum
1228 5033 1420 5091 magna
1452 5033 1577 5087 pars
1599 5021 1768 5084 novit,
1817 5036 1882 5077 ac
1911 5023 2116 5091 laudat,

530 5110 717 5169 utpote
767 5095 837 5148 ab
878 5091 1142 5161 apostolis
1169 5090 1462 5169 ⁸νιιηιιιιιιιι
1506 5106 1746 5169 comma,
1795 5102 1850 5169 et
1905 5090 2119 5164 paucie

528 5159 803 5228 contrario
825 5159 950 5218 sunt
975 5175 1042 5214 ex
1070 5159 1327 5225 antiquis,
1368 5160 1456 5228 qui
1507 5159 1636 5214 Illud
1669 5159 2118 5288 silentioi-przete-

531 5252 703 5288 mam.
758 5237 833 5288 Ex
863 5233 950 5286 his
991 5231 1049 5283 S.
1098 5232 1354 5288 Irenasue.
1383 5230 1474 5282 lib.
1507 5246 1563 5284 ιιι
1604 5231 1864 5288 adversus
1954 5251 2111 5288 aeros.

531 5252 703 5297 reant.
758 5237 833 5291 Ex
863 5233 950 5286 his
991 5231 1049 5283 S.
1098 5232 1354 5293 Irenasue,
1383 5230 1474 5282 lib.
1507 5246 1563 5284 ιιι
1604 5231 1864 5288 adversus
1905 5230 2111 5291 Haeres.

530 5325 649 5380 cap.
689 5308 773 5363 ιι.
821 5300 1230 5380 §.C_yjprianus,
1268 5300 1360 5352 lib.
1380 5315 1436 5380 lu
1466 5299 1948 5380 Testimoniorum,
1981 5323 2116 5380 nou-

530 5370 775 5448 nullique
795 5377 911 5429 alii.
937 5370 1053 5448 Non
1084 5372 1264 5448 itaque
1292 5370 1596 5448 audiendus
1633 5371 2112 5448 Pseudo-Ambro-

527 5454 641 5505 sius
667 5440 1060 5503 c'otmnentario
1111 5440 1171 5516 in
1193 5443 1331 5516 hanc
1372 5441 1526 5495 Pauli
1555 5442 1860 5516 Epistulam
1897 5459 2017 5516 cap.
2055 5463 2110 5512 ll,

526 5523 616 5575 ubi
644 5535 674 5572 a
711 5518 1022 5572 Grecorum
1052 5510 1318 5580 sophistis
1364 5525 1522 5566 sacro
1555 5513 1683 5569 illud
1716 5516 1889 5571 textui
1936 5510 2112 5572 intrué

528 5605 646 5645 sum
665 5601 787 5643 esse
805 5581 1104 5639 contendit.

594 5659 621 5695 δ
651 5658 707 5711 In
728 5655 851 5710 aliis
877 5651 1051 5718 libris,
1080 5651 1226 5720 quasi
1248 5651 1435 5716 dicere,
1470 5663 1575 5708 ctc.

2226 4581 2308 4649 7).
2342 4580 2599 4638 Homines
2633 4585 2985 4642 rationabiles
3032 4605 3280 4659 quosque
3319 4601 3374 4646 et
3407 4592 3718 4661 spirituales
3749 4594 3828 4650 vi-

2225 4686 2338 4739 ros,
2366 4674 2618 4730 animalia
2644 4692 2798 4744 vero,
2831 4692 2930 4734 eos
2954 4681 3045 4749 qui
3079 4680 3338 4736 tardioris
3368 4683 3572 4752 ingenii
3593 4695 3742 4752 sunt,
3772 4693 3826 4739 et

2225 4779 2253 4816 a
2281 4764 2656 4834 spiritualibus
2701 4770 2767 4825 ad
2799 4772 3007 4843 agenda
3038 4773 3257 4830 Domini
3310 4777 3535 4833 sabbata
3558 4779 3823 4834 erudiun-

2229 4863 2336 4910 tnr.
2368 4857 2475 4912 Nec
2503 4862 2838 4918 contrarium
2869 4880 2992 4921 esse
3016 4865 3070 4920 id
3099 4867 3242 4936 quod
3274 4884 3440 4940 supra
3463 4869 3668 4927 dictum
3697 4882 3820 4927 cst:

2304 5039 2324 5068 ο
2353 5029 2467 5114 Qua
2494 5032 2953 5114 interpunctionis
2978 5041 3131 5108 vitio,
3164 5061 3270 5113 qua
3314 5048 3522 5103 vocultn
3543 5049 3704 5104 unius
3723 5050 3820 5105 de-

2225 5106 2548 5187 pravatione
2567 5106 2846 5187 laborabat
2870 5109 2968 5187 hic
2993 5106 3205 5170 sensus.
3239 5118 3445 5187 Nempe
3474 5131 3593 5175 erat
3618 5122 3670 5175 in
3699 5121 3816 5175 vul-

2222 5175 2362 5262 gatis
2383 5177 2656 5258 omnibus,
2687 5175 3106 5262 [inmolationem
3129 5187 3182 5239 in
3204 5204 3306 5241 uno
3327 5175 3526 5243 tantum
3555 5190 3667 5244 loco
3696 5190 3816 5262 agni

2222 5248 2826 5326 ter;rm:slcptima¢estule
2843 5255 3001 5321 ferias
3034 5272 3051 5308 :
3082 5267 3140 5310 ιιι
3171 5274 3296 5324 vox,
3331 5271 3502 5326 terrm,
3533 5263 3598 5315 ad
3635 5248 3810 5318 locum

2221 5312 2543 5402 refert-citur,
2574 5335 2700 5402 cum
2725 5321 2796 5402 ad
2839 5312 3133 5402 septimani
3154 5312 3370 5386 aetatem

2221 5382 2379 5477 natur
2411 5382 2544 5477 illud
2574 5388 2800 5474 Levitici
2831 5382 2967 5477 xxv,
3014 5399 3201 5477 ὄχεα
3249 5382 3810 5477 emunitam

2399 5466 2577 5546 eiset:
2606 5463 2758 5546 anuis
2787 5467 2993 5533 putabis
3036 5471 3239 5525 vineam
3289 5480 3455 5546 luant,
3499 5462 3809 5546 colligemus

2217 5527 2416 5611 [ructus
2435 5532 2554 5611 eius
2581 5548 2600 5585 :
2628 5527 2844 5611 septimo
2870 5548 3046 5611 autem
3076 5557 3214 5598 anno
3255 5527 3530 5601 sabbatum
3560 5527 3816 5602 eranter—

2214 5609 2308 5662 nr,
2341 5603 2670 5668 requietionis
2693 5604 2923 5664 Domini.
