4056 6338
326 290 439 363 397

841 306 1490 367 COMMENTARIORUM
1531 307 1600 366 IN
1638 308 2031 370 EPISTOLAM
2074 313 2166 371 AD
2204 314 2526 375 CALATAS
2565 317 2694 376 LIB.
2742 319 2805 374 ΙΙ.
2850 317 3004 376 CAP.
3047 320 3113 378 V.

3528 323 3634 383 598

332 417 398 474 Si
445 405 919 485 circuiucidamini,
951 420 1188 477 Christus
1224 423 1368 479 vobis
1399 424 1532 478 nihil
1561 426 1770 495 prodest
1798 443 1816 482 :
1867 427 1931 484 Et
1961 430 2005 490 Λ
2038 445 2150 501 ᾳιια»
2181 448 2268 503 ρει·
2293 430 2600 488 charitatem
2627 443 2891 506 operatur.
2920 434 3018 491 His
3041 433 3132 506 qui
3162 435 3215 492 in
3243 431 3464 494 Christo
3504 440 3632 497 Jesu

331 511 478 582 quod
508 512 766 583 sequitur
798 531 813 568 :
841 513 1119 582 Testiﬁcor
1139 532 1338 572 omnem
1379 516 1638 573 hominem
1666 521 1936 576 circumci-

331 605 540 661 dentem
569 621 648 672 se,
670 608 919 678 quoniam
948 608 1144 664 debitor
1162 619 1239 665 est
1277 612 1532 666 universa:
1555 610 1705 684 Legis
1735 615 1930 684 facien-

331 695 435 766 dtr,
471 696 600 754 huic
645 697 790 769 quod
823 699 1053 756 infertur
1080 717 1109 756 a
1137 703 1318 759 nobis.
1369 701 1560 774 Neque
1585 705 1734 762 enim
1783 707 1938 762 audi-

330 797 482 847 tores
516 791 678 861 Legis
702 801 829 846 sunt
871 793 1005 863 justi
1043 793 1183 864 apud
1210 793 1381 851 Deum
1409 813 1423 850 :
1456 797 1549 851 sed
1575 796 1807 854 factores
1826 798 1932 856 Lc-

329 885 416 958 gis
443 887 910 956 justiﬂcabuntur.
937 887 1074 956 Quia
1097 888 1267 945 factor
1293 890 1386 946 ille
1407 889 1475 947 sit
1506 890 1686 965 Legis,
1719 893 1812 964 qui
1834 908 1931 963 po-

329 989 443 1038 test
466 981 652 1037 dicere
684 997 700 1036 :
729 979 849 1035 Non
891 998 1069 1037 sumus
1094 984 1449 1051 circumcisio;
1480 993 1558 1053 et,
1612 984 1678 1040 In
1732 986 1933 1044 occulto

332 1071 596 1128 Judwus:
625 1081 700 1139 et,
729 1073 916 1127 scimus
961 1074 1088 1144 quia
1115 1073 1225 1130 Lex
1270 1076 1559 1144 spiritualis
1586 1085 1680 1132 est.
1713 1077 1816 1148 Qui
1838 1093 1936 1134 au-

335 1173 448 1221 tem
471 1164 835 1220 concisionem
855 1175 908 1220 et
925 1164 1352 1223 interfectricem
1377 1179 1635 1240 sequatur
1669 1169 1931 1238 litteram,

331 1268 456 1312 eum
478 1269 585 1311 non
602 1253 760 1326 Legis
775 1270 899 1312 esse
912 1254 1204 1326 factorem,
1223 1258 1316 1314 sed
1336 1275 1463 1315 vere
1483 1261 1616 1332 legis
1630 1261 1928 1331 inimicum,

330 1347 496 1422 ᾔει
530 1349 764 1405 maxime
806 1360 930 1422 post
979 1349 1283 1406 Salvatoris
1311 1352 1626 1420 adventum,
1652 1355 1742 1424 qui
1774 1353 1838 1409 ad
1870 1370 1933 1411 se

327 1441 786 1497 converteutibus
832 1443 988 1497 tollat
1029 1443 1274 1500 velamen
1309 1444 1378 1500 de
1422 1445 1607 1512 corde,
1641 1455 1702 1500 ut
1739 1463 1932 1505 omnes

328 1533 573 1590 revelata
606 1535 746 1590 facie
772 1533 999 1606 gloriam
1030 1537 1247 1593 Domini
1275 1539 1730 1611 contemplantes,
1757 1550 1932 1598 trans.

327 1627 628 1701 ﬁguremur
677 1629 746 1686 de
794 1640 1069 1689 vetustate
1098 1631 1292 1688 litterae
1336 1633 1391 1689 in
1445 1635 1743 1691 novitatem
1771 1637 1930 1707 Spirio

330 1729 440 1779 tus.

2039 522 2227 578 volunt
2270 524 2478 591 vivere,
2528 523 2758 580 virtutes
2789 526 3114 597 appetenda:
3159 537 3306 595 sunt,
3361 529 3492 586 vitia
3547 532 3631 587 fu-

2036 613 2230 686 gienda
2268 659 2278 669 .
2315 615 2495 673 media
2517 632 2646 673 vero
2669 631 2790 689 qua:
2823 617 2965 673 inter
2989 617 3221 673 virtutes
3241 627 3299 675 et
3323 619 3453 677 vitia
3483 631 3633 689 sunt,

2038 723 2139 765 nec
2162 707 2435 780 fugienda,
2465 723 2568 764 nec
2592 708 2925 780 appetenda,
2959 717 3019 764 ut
3047 710 3388 768 circumcisio
3415 723 3467 768 et
3495 728 3636 784 prae-

2036 800 2283 870 putium,
2338 812 2393 857 et
2446 813 2645 858 caetera
2709 801 2794 856 his
2835 802 3057 859 similia.
3099 802 3459 861 Circumcisio
3511 808 3633 876 qui-

2036 892 2162 948 dem
2193 893 2439 964 prodest,
2474 892 2521 948 si
2549 891 2749 964 Legem
2778 894 3078 950 custodias.
3103 894 3239 961 Quae
3260 895 3464 952 idcirco
3490 898 3636 953 utilis

2035 985 2140 1042 fuit
2179 986 2265 1042 his
2311 989 2401 1058 qui
2431 988 2483 1042 iu
2515 988 2662 1060 Lege
2691 987 2962 1056 vixerunt,
3008 1005 3116 1045 non
3167 993 3294 1062 quia
3325 992 3634 1050 circumcisi

2035 1088 2216 1148 erant,
2241 1081 2335 1136 sed
2366 1080 2492 1152 quia
2535 1081 2748 1137 credita
2792 1093 2918 1137 sunt
2965 1082 3070 1138 illis
3101 1084 3315 1156 eloquia
3359 1084 3481 1152 Dei,
3512 1102 3636 1157 quae

2037 1171 2091 1226 in
2127 1187 2293 1243 opera
2320 1182 2625 1241 vertentes,
2660 1186 2688 1228 a
2731 1172 2912 1230 salute
2949 1177 3193 1232 extranei
3234 1192 3343 1234 non
3393 1177 3626 1234 fuerunt.

2035 1263 2147 1320 Nec
2178 1279 2279 1321 nos
2325 1277 2540 1322 moveat
2582 1267 2726 1337 quod
2755 1283 2784 1322 a
2816 1266 3064 1339 Sephora
3093 1269 3295 1325 tollens
3335 1269 3631 1334 calculum,

2035 1355 2206 1412 tilium
2255 1357 2614 1423 circumcidit,
2647 1367 2700 1414 et
2729 1357 3087 1414 sudocantem
3141 1360 3400 1431 angelum
3447 1363 3632 1433 prohi-

2036 1448 2155 1505 buit
2183 1465 2213 1506 a
2247 1452 2446 1508 marito
2482 1450 2688 1524 (Exod.
2742 1451 2848 1523 tv),
2880 1452 2997 1508 sive
3027 1462 3089 1508 ut
3116 1453 3278 1509 aliter
3319 1454 3371 1508 in
3405 1454 3636 1511 Hebrtro

2035 1545 2298 1614 scriptum
2341 1543 2597 1614 refertur,
2631 1545 2754 1616 quia
2788 1560 2931 1601 nunc
2973 1561 3078 1601 non
3119 1553 3227 1600 tam
3259 1547 3634 1604 circumcisio-
3737 1541 3742 1546 ’

2036 1651 2158 1693 nem
2209 1636 2429 1708 penitus
2477 1638 2551 1694 nil
2601 1637 2885 1708 prodesse,
2921 1653 3080 1709 quam
3132 1639 3182 1692 in
3232 1638 3452 1696 Christo
3500 1638 3633 1697 Jesu

2035 1742 2158 1784 eam
2187 1744 2293 1784 non
2321 1730 2508 1785 valere
2547 1740 2778 1785 testatus
2823 1739 2926 1796 est,
2965 1746 3031 1786 ex
3083 1746 3148 1786 eo
3179 1730 3447 1801 siquidem
3497 1743 3636 1788 tem-

403 1814 585 1887 (Vers.
614 1815 696 1888 l.)
737 1813 994 1871 Evacuati
1042 1818 1165 1872 estis
1205 1834 1236 1871 a
1285 1817 1540 1874 Christo:
1577 1822 1667 1892 qui
1695 1822 1747 1874 in
1799 1821 1934 1893 Lege
1966 1815 2013 1879 B
2040 1832 2172 1888 pore
2203 1833 2310 1890 quo
2341 1819 2696 1892 Evangelium
2739 1821 2790 1876 in
2833 1830 2950 1878 toto
2981 1823 3114 1878 orbe
3147 1822 3402 1887 radiavit,
3454 1839 3639 1896 super-

333 1909 729 1982 iustiﬁcamini,
789 1928 821 1963 a
879 1911 1048 1982 gratia
1097 1913 1382 1967 excidistis.
1427 1912 1715 1982 Quomodo
1777 1931 1936 1971 nemo

325 2009 509 2072 potest
546 2001 764 2057 duobus
801 2002 1041 2058 dominis
1068 2005 1285 2059 servire
1315 2004 1534 2076 (Matth.
1567 2007 1668 2078 v1),
1701 2009 1781 2063 sic
1815 2025 1931 2061 um-

325 2092 481 2150 bram
538 2095 743 2164 pariter
789 2104 845 2150 et
903 2096 1188 2151 veritatem
1230 2097 1391 2168 Legis
1433 2099 1670 2170 implere
1714 2101 1936 2157 difﬁcile

325 2195 433 2244 est.
466 2186 676 2243 Umbra
722 2187 774 2242 in
807 2187 952 2257 Lege
980 2190 1154 2244 veteri
1184 2200 1286 2255 est,
1322 2191 1500 2248 donec
1551 2193 1760 2263 aspiret
1791 2192 1932 2260 dies,
1985 2237 1990 2241 .

327 2287 384 2334 et
415 2287 776 2333 amoveantur
801 2280 1044 2334 umbrae:
1069 2281 1272 2337 veritas
1293 2283 1344 2336 in
1363 2282 1665 2353 Evangelio
1687 2284 1932 2340 Christi:

326 2370 513 2426 Gratia
558 2372 697 2424 enim
748 2381 796 2426 et
833 2374 1022 2428 veritas
1078 2391 1169 2443 per
1223 2373 1408 2429 Iesum
1460 2375 1728 2431 Christum
1785 2382 1936 2448 [actm

323 2471 445 2520 sunt
475 2460 660 2535 (Joan.
714 2478 752 2527 ι,
786 2463 898 2534 1³1).
946 2463 1133 2519 Perdit
1162 2481 1291 2535 ergo
1324 2467 1560 2536 gratiam
1601 2465 1843 2533 Chri-ti,
1879 2477 1936 2524 et

326 2555 686 2627 Evangelium
729 2557 875 2626 quod
925 2567 1200 2625 tenuerat,
1251 2559 1476 2625 amittit,
1525 2559 1617 2630 qui
1667 2559 1722 2615 in
1753 2560 1931 2632 aliqua

325 2649 714 2706 observatione
741 2649 901 2721 Legis
933 2665 995 2706 se
1023 2651 1317 2720 justilicari
1347 2661 1498 2722 putat
1533 2672 1544 2706 :
1578 2660 1783 2708 etcum
1817 2667 1934 2722 gra-

328 2742 462 2796 tiam
497 2741 773 2808 amiserit,
801 2757 830 2796 a
858 2741 1062 2797 Christi
1092 2743 1198 2798 fide
1273 2743 1618 2812 destituitur,
1649 2756 1700 2800 et
1732 2745 1785 2799 in
1812 2745 1932 2814 ejus

327 2847 501 2904 opere
540 2832 917 2902 conquiescit:
951 2839 1301 2915 κατηργήθητε
1343 2838 1487 2892 enim
1537 2839 1640 2894 ἀπὸ
1677 2844 1770 2895 τοῦ
1804 2849 1930 2913 Xpt-

331 2931 489 2994 στοῦ,
541 2939 647 2980 non
677 2937 737 2979 ut
785 2927 835 2980 in
894 2926 1092 2985 Latino
1137 2930 1278 2983 male
1331 2930 1756 3000 interpretatum
1798 2939 1930 2987 est:

327 3017 589 3073 Eracuati
617 3020 740 3073 estis
772 3037 804 3073 a
831 3019 1056 3088 Christo,
1083 3021 1203 3088 sed,
1231 3023 1286 3076 in
1313 3020 1507 3078 Christi
1545 3021 1654 3095 [ΑΙ.
1701 3021 1930 3094 Christo]

330 3128 490 3183 apere
516 3111 778 3176 cessastis,
809 3111 980 3184 magis
1019 3112 1364 3184 intelligitur,
1400 3123 1460 3168 ut
1496 3113 1546 3167 id
1580 3114 1720 3182 quod
1766 3127 1928 3183 supra

2041 1907 2148 1964 tlua
2179 1918 2262 1965 est
2288 1911 2723 1967 circumcisionis
2757 1911 2976 1982 injuria.
3005 1913 3139 1982 Quae
3173 1922 3323 1980 tunc,
3352 1925 3414 1970 ut
3441 1925 3638 1972 caetera

2040 2015 2262 2071 quoque
2293 2000 2474 2072 Legis,
2500 2002 2693 2069 valuit,
2721 2004 2942 2074 quando
2981 2013 3038 2058 et.
3076 2005 3489 2062 benedictioncs
3520 2025 3640 2062 eur-

2039 2091 2196 2147 nales
2226 2093 2426 2163 Legem
2455 2095 2805 2151 servantibus
2826 2096 3242 2166 spondebantur
3267 2115 3280 2161 ;
3320 2099 3464 2168 quod
3493 2101 3642 2156 scili-

2040 2196 2151 2250 cet,
2179 2183 2225 2240 sl
2255 2183 2582 2255 implessent
2615 2203 2758 2252 eam,
2795 2187 3072 2244 benedicti
3102 2197 3288 2244 essent
3319 2190 3372 2243 in
3399 2190 3641 2255 civitate,

2038 2275 2313 2334 benedicti
2384 2279 2436 2332 in
2495 2293 2667 2348 agro,
2722 2279 2882 2349 plena
2951 2281 3212 2334 haberent
3280 2282 3520 2344 horrea,
3587 2295 3643 2338 et

2041 2369 2210 2423 multa
2271 2370 2374 2423 alia
2444 2386 2565 2441 qua:
2611 2371 2662 2426 in
2718 2370 3243 2442 repromissionihus
3296 2374 3648 2428 continentur

2036 2458 2216 2528 (Deut.
2250 2460 2470 2532 xxvm).
2500 2458 2612 2516 Nos
2636 2471 2821 2518 autem
2847 2463 2898 2517 in
2925 2460 3146 2517 Christo
3171 2461 3299 2516 lesu
3327 2463 3518 2519 valere
3551 2480 3643 2519 vo-

2039 2554 2219 2610 lumus
2246 2562 2301 2611 et
2340 2556 2661 2620 confortari,
2705 2554 2756 2610 id
2797 2564 2903 2622 est,
2936 2556 2988 2611 in
3019 2569 3148 2612 vera
3193 2555 3636 2627 circumcisiOne,

2036 2655 2091 2702 et
2139 2662 2244 2700 non
2287 2645 2341 2700 in
2393 2645 2718 2702 concisione
2753 2645 2999 2703 Iudaica.
3058 2646 3242 2718 Neque
3279 2649 3413 2702 enim
3457 2651 3546 2718 qui
3584 2652 3640 2704 iu

2037 2746 2221 2807 aperto
2247 2733 2468 2792 Indicus
2493 2748 2585 2801 est,
2622 2753 2785 2808 neque
2823 2739 3102 2808 manifesta
3133 2740 3184 2792 in
3217 2755 3370 2794 carne
3413 2741 3638 2795 circum-

2037 2829 2183 2896 cisio,
2212 2828 2303 2882 sed
2331 2830 2384 2882 in
2427 2828 2730 2884 abscondito
2777 2827 3020 2896 Judteus,
3068 2841 3115 2886 et
3159 2833 3486 2887 circumcisio
3527 2849 3642 2887 cor-

2035 2921 2118 2974 dis
2155 2920 2207 2974 in
2246 2919 2455 2987 spiritu,
2511 2936 2613 2973 non
2665 2921 2840 2974 littera
2886 2920 3064 2992 (Rom.
3112 2937 3173 2986 tt,
3221 2923 3313 2987 ‘28,
3343 2925 3458 2998 29).
3497 2924 3638 2981 Nihil

2037 3014 2220 3086 itaque
2258 3014 2478 3084 prodest
2528 3015 2579 3070 in
2635 3015 2854 3072 Christo
2885 3019 3070 3072 carnis
3119 3021 3488 3088 circumcisio,
3540 3023 3637 3078 sed

2035 3108 2214 3165 cordis
2242 3119 2296 3164 et
2324 3108 2562 3175 aurium,
2591 3124 2714 3180 qua:
2745 3111 2926 3165 aufert
2966 3110 3097 3165 illud
3138 3114 3491 3182 opprobrium
3548 3113 3644 3170 Ju-

327 3204 653 3276 specialiter
673 3206 741 3261 de
768 3205 1192 3262 circumcisione
1221 3214 1585 3276 prmceperat,
1619 3206 1812 3261 dicens
1843 3223 1862 3260 :
1891 3206 1935 3260 si
1963 3194 2010 3260 C
2041 3201 2282 3257 dzeorum
2332 3219 2342 3252 :
2394 3199 2532 3256 Ecce
2576 3201 2956 3256 incircumcisrc
2993 3217 3144 3258 aures
3191 3213 3390 3272 vestrm,
3446 3217 3494 3260 et
3537 3223 3640 3262 non

328 3296 803 3365 circumcidensini,
847 3296 1087 3353 Christus
1119 3297 1260 3353 vobis
1291 3299 1423 3352 nihil
1464 3298 1688 3366 prodest,
1722 3297 1750 3336 δ
1793 3312 1938 3352 nunc

332 3390 406 3447 de
435 3398 551 3445 tota
578 3389 722 3460 Lege
749 3391 1084 3460 generaliter
1107 3390 1566 3461 comprehendat,
1598 3390 1729 3446 nihil
1759 3405 1854 3446 eos
1885 3389 1940 3445 in

331 3481 543 3539 Christi
573 3496 741 3552 opere
772 3483 1064 3553 proficere,
1095 3485 1184 3553 qui
1220 3484 1272 3538 in
1301 3497 1645 3555 quacumque
1676 3485 1935 3539 observa-

325 3577 489 3634 tione
521 3576 685 3647 Legis
712 3592 775 3632 se
801 3577 1142 3633 crediderint
1174 3577 1577 3648 justiﬁeandos.

405 3668 593 3741 (νει-ε.
637 3666 720 3738 5.)
765 3667 877 3722 Nos
905 3670 1042 3723 enim
1066 3669 1255 3740 spiritu
1291 3685 1357 3724 ea:
1403 3669 1528 3738 ﬁde,
1558 3685 1700 3741 spem
1719 3669 1942 3739 justitia:

329 3771 717 3831 exspectamus.
773 3760 1079 3831 Spiritum,
1142 3762 1210 3817 ad
1259 3762 1672 3819 distinctionem
1741 3762 1941 3816 litterze

329 3854 538 3923 posuit.
583 3853 721 3923 Spes
750 3867 886 3908 vero
925 3853 1177 3924 justitize,
1206 3853 1458 3910 Christus
1488 3853 1877 3924 intelligendus
1925 3870 1936 3906 :

329 3945 462 4017 quia
495 3946 615 4017 ipse
641 3954 727 4000 est
770 3944 992 4012 veritas,
1032 3945 1318 4016 patientia,
1367 3960 1511 4016 spes,
1552 3945 1790 4014 justitia,
1825 3958 1944 3998 om-

335 4051 550 4108 nesque
589 4037 843 4104 virtutes,
878 4037 1035 4108 cujus
1085 4052 1186 4092 nos
1227 4037 1524 4092 secundum
1557 4045 1942 4108 exspectamus

335 4131 660 4196 adventum,
689 4129 838 4199 quod
865 4129 1209 4199 judicaturus
1234 4139 1318 4185 est
1345 4129 1552 4194 omnia,
1593 4140 1647 4184 et
1672 4129 1784 4200 jam
1834 4145 1941 4184 non

334 4220 628 4291 patientia,
660 4219 760 4275 sed
786 4220 1000 4290 justitia
1023 4219 1312 4286 aﬂuturus,
1339 4231 1397 4276 ut
1417 4220 1611 4276 reddat
1638 4222 1935 4292 unicuique

331 4312 644 4369 secundum
668 4327 835 4382 opera
853 4326 970 4366 sua.
995 4311 1162 4383 Cujus
1184 4315 1210 4344 ⁸
1236 4314 1328 4368 Dei
1357 4314 1702 4382 praesentiam
1726 4322 1943 4384 aposto-

330 4404 450 4471 lus,
495 4415 549 4461 et
592 4405 687 4477 qui
751 4406 800 4460 ei
851 4415 979 4460 sunt
1030 4405 1248 4461 similes
1288 4414 1696 4474 exspectantes,
1735 4409 1944 4461 aiunt:

332 4497 599 4554 Adueniet
641 4514 860 4569 regnum
881 4507 1027 4552 tuum
1063 4497 1282 4568 (Matth.
1317 4513 1395 4564 vr,
1432 4497 1546 4570 l0),
1580 4509 1636 4553 ut
1677 4514 1803 4554 cum
1857 4499 1945 4552 Fi-

2042 3295 2254 3366 potestis
2282 3293 2468 3348 audire
2511 3292 2706 3365 (Exod.
2751 3309 2827 3360 Vl,
2879 3293 2989 3364 1-2).
3024 3294 3254 3351 Prodest
3296 3297 3643 3354 circumcisio

2043 3385 2338 3454 Iabiorum,
2371 3400 2535 3456 quam
2575 3384 2728 3456 juxta
2760 3385 3147 3454 humilitatem,
3186 3387 3416 3444 necdum
3451 3405 3510 3445 se
3549 3392 3643 3445 ha-

2041 3477 2173 3534 bere
2201 3477 2536 3533 causabatur
2567 3475 2806 3549 Moyses,
2849 3485 2908 3531 ut
2959 3476 3012 3532 in
3067 3475 3336 3535 Hebraico
3375 3483 3640 3550 scriptum

2041 3581 2125 3626 est
2159 3586 2177 3623 :
2221 3569 2333 3644 Ego
2383 3578 2552 3624 autem
2602 3586 2716 3624 sum
2755 3569 3064 3640 prccputium
3115 3571 3310 3626 habens
3361 3573 3415 3626 in
3473 3572 3640 3629 labiis.

2043 3661 2273 3718 Multum
2323 3660 2573 3716 utilitatis
2605 3661 2833 3730 praebet,
2870 3669 2924 3715 et
2971 3660 3022 3715 in
3052 3661 3218 3718 rebus
3253 3666 3500 3720 venereis
3537 3666 3644 3720 cir-

2045 3753 2311 3810 cumcisio
2342 3766 2466 3808 cum
2498 3767 2595 3823 per
2623 3753 2936 3809 castitatem
2967 3753 3303 3823 impttdicitia
3332 3755 3640 3811 desecatur.

2042 3846 2212 3918 igitur
2261 3849 2314 3903 in
2353 3846 2573 3902 Christo
2610 3844 2742 3902 Jesu
2786 3861 2887 3901 nec
2926 3845 3270 3903 circumcisio
3320 3849 3494 3914 valet,
3544 3865 3644 3906 nec

2043 3940 2373 4011 pra‘putium
2419 3939 2736 4011 corporale,
2781 3938 2907 4008 quia
2955 3939 3008 3994 in
3049 3938 3253 4004 medio,
3287 3939 3338 3996 id
3366 3949 3471 4006 est,
3502 3939 3647 3999 inter

2046 4033 2174 4088 vitia
2204 4033 2543 4103 virtutesque
2569 4038 2701 4087 sunt
2741 4029 2960 4100 posita;
2994 4030 3158 4105 ωδ
3206 4033 3301 4089 sed
3341 4034 3499 4100 tldes,
3526 4052 3646 4104 qua:

2048 4141 2146 4198 per
2173 4125 2496 4183 charitatem
2527 4132 2810 4196 operatur,
2859 4133 2917 4176 ut
2953 4131 3012 4180 et
3041 4124 3176 4182 fides
3223 4141 3346 4197 qua»
3397 4137 3644 4198 reputata

2047 4231 2132 4279 est
2175 4220 2412 4277 Abrahae
2472 4219 2525 4276 iu
2571 4216 2876 4289 justitiam,
2934 4219 3347 4287 comprobetur,
3387 4227 3440 4273 et
3483 4235 3647 4276 omne

2049 4329 2183 4385 Opus
2207 4313 2330 4370 ﬁdei
2348 4314 2401 4368 in
2425 4311 2694 4369 charitate
2723 4321 2979 4382 ponatur,
3011 4319 3118 4366 tota
3144 4310 3290 4383 Lego
3317 4321 3372 4366 et
3401 4310 3640 4383 Ρτοῃιιεο

2048 4409 2120 4463 tis
2159 4422 2224 4462 ex
2256 4406 2522 4461 charitate
2553 4405 2934 4472 pendentibus.
2969 4402 3023 4458 ln
3070 4401 3158 4458 his
3205 4404 3475 4475 siquidem
3507 4405 3644 4463 duo-

2049 4501 2151 4557 bus
2182 4498 2472 4569 prmceptis
2502 4515 2517 4552 :
2550 4495 2750 4568 Diliges
2779 4495 2945 4551 Deum
2973 4505 3142 4561 tuum,
3173 4506 3218 4549 et
3249 4495 3435 4566 diliges
3463 4500 3646 4568 proxi-

335 4588 452 4645 lins
481 4589 596 4643 Deo
623 4598 678 4644 et
719 4588 871 4643 Patri
899 4589 1192 4644 tradiderit
1221 4604 1473 4660 regnum,
1514 4599 1568 4645 et
1600 4592 1651 4645 in
1683 4591 1944 4661 subjectis
1971 4578 2024 4640 D
2047 4611 2189 4650 mum
2217 4637 2232 4662 ,
2283 4592 2536 4650 Salvator
2562 4590 2798 4646 asseruit
2828 4589 3026 4660 Legem
3073 4588 3486 4660 Propltetasque
3513 4605 3646 4645 con-

337 4676 600 4736 omnibus
640 4678 807 4735 fuerit
831 4688 890 4734 et
918 4681 1036 4750 ipse
1068 4681 1350 4747 subjectus
1377 4696 1397 4734 :
1424 4688 1556 4736 tunc
1593 4691 1756 4751 caput
1777 4683 1944 4754 subji-

323 4769 521 4826 ciatur
563 4769 618 4824 in
663 4784 918 4840 corpore,
963 4783 1020 4828 et
1059 4774 1134 4828 sit
1181 4775 1324 4832 Deus
1354 4775 1542 4830 omnia
1595 4775 1649 4830 in
1692 4777 1942 4832 omnibus

343 4860 391 4934 (Ι
421 4859 546 4918 Cor.
571 4860 686 4934 xv).
707 4862 844 4930 Quia
867 4865 958 4934 qui
981 4880 1125 4921 nunc
1146 4877 1232 4922 cst
1252 4883 1316 4922 ex
1343 4878 1524 4939 parte,
1557 4883 1653 4939 per
1671 4869 1942 4939 singulos,

339 4963 475 5016 tunc
506 4957 737 5027 incipiet
768 4966 917 5014 totus
945 4973 1072 5016 esse
1101 4977 1199 5031 per
1229 4972 1478 5020 cunctos.

2049 4687 2264 4741 sistere.
2321 4682 2391 4737 Et
2416 4681 2615 4737 Paulus
2638 4681 2691 4735 in
2721 4680 2829 4735 alio
2863 4681 2984 4736 loco
3021 4697 3034 4734 :
3067 4679 3274 4734 Etenim
3300 4697 3402 4735 non
3443 4682 3644 4736 adulte-

2047 4777 2220 4841 rnbis,
2284 4791 2388 4828 non
2437 4772 2718 4844 furaberis,
2776 4787 2876 4825 non
2933 4772 3289 4842 concupisces,
3339 4781 3386 4824 et
3415 4773 3460 4826 si
3503 4775 3642 4842 quod

2048 4880 2122 4926 est
2175 4867 2322 4924 aliud
2378 4851 2720 4930 mandatum,
2776 4864 2830 4917 in
2887 4863 2982 4917 hoc
3039 4877 3277 4917 sermone
3321 4864 3641 4934 recapitula-

2051 4975 2183 5022 tur:
2232 4962 2430 5037 Diliges
2481 4959 2777 5032 proximum
2830 4966 2972 5010 tuum
3011 4957 3144 5010 sicut
3187 4965 3234 5008 te
3280 4956 3457 5025 (Rom.
3509 4972 3640 5025 xm,

416 5051 603 5124 (Vere.
639 5052 723 5125 6.)
753 5052 895 5109 Nam
925 5057 983 5109 in
1031 5055 1238 5112 Christo
1273 5057 1426 5125 Iesu,
1458 5076 1620 5131 neque
1671 5060 1946 5114 circumci-
2047 5059 2134 5128 9).
2172 5057 2228 5114 Si
2275 5068 2408 5124 ergo
2463 5067 2624 5106 omne
2672 5047 2985 5104 mandatum
3041 5047 3432 5116 recapitulatur
3486 5049 3540 5102 in
3578 5063 3646 5103 ευ

331 5145 424 5204 ιίο
445 5144 612 5220 “2
657 5146 862 5219 aliquid
906 5150 1060 5217 valet,
1106 5166 1269 5222 neque
1313 5155 1649 5223 prceputium,
1698 5154 1792 5209 sed
1816 5154 1944 5223 ﬁdes

2052 5149 2194 5224 quod
2255 5149 2458 5203 dictum
2513 5152 2596 5198 est
2653 5159 2665 5194 :
2713 5139 2915 5210 Diliges
2959 5138 3252 5212 proximust:
3311 5145 3454 5192 tuum
3508 5149 3644 5192 tam-

423 5319 450 5348 ι
492 5310 607 5365 Duo
636 5324 669 5365 e
694 5288 902 5386 nostris
949 5325 1168 5376 mss.,a
1199 5310 1395 5367 Christi
1435 5311 1540 5381 ﬁde
1568 5312 1788 5367 struitur
1832 5327 1849 5365 :
1883 5311 1950 5366 ad
2051 5319 2145 5370 est.
2179 5303 2423 5387 evacuati
2469 5301 2602 5357 estis
2646 5315 2675 5353 a
2718 5298 2964 5362 Christo,
2998 5296 3108 5364 sed,
3153 5299 3207 5350 in
3255 5293 3453 5350 Christi
3494 5312 3648 5365 opere

345 5395 587 5452 quorum
618 5379 746 5437 mox
776 5381 1157 5436 auctoritatem
1195 5379 1564 5453 correximus,
1615 5383 1952 5454 conquiescit,
2053 5379 2312 5454 cessastis.
2345 5383 2452 5454 ειετ

343 5463 448 5524 pro
473 5468 587 5521 quo
617 5460 742 5524 erat
782 5461 968 5524 antea,
1024 5465 1189 5506 sensu
1238 5468 1465 5523 prorsus
1504 5456 1804 5519 contrario,
1851 5470 1955 5508 non

344 5523 591 5595 quiescit.
619 5523 896 5578 Victorius
919 5538 1134 5592 quoque
1166 5540 1232 5579 ex
1261 5525 1533 5579 Brixianis
1557 5525 1716 5580 codd.
1744 5525 1820 5579 ita
1847 5525 1960 5593 pri-

347 5595 474 5666 dem
520 5601 884 5664 reposuerat,
938 5605 1356 5666 monueratque,
1408 5596 1756 5664 conquiescit,
1813 5595 1954 5651 idem

351 5664 618 5722 hocsloco
647 5679 847 5736 sonare
878 5679 942 5718 ac
973 5673 1158 5719 cessat.
1193 5664 1439 5736 Eipouit
1478 5681 1537 5721 se
1567 5668 1621 5721 in
1663 5666 1808 5721 hunc
1840 5680 1964 5722 sen-

2123 5453 2152 5494 b
2195 5437 2368 5502 Penes
2397 5442 2696 5498 Victoriam
2727 5438 2959 5508 negandi
2996 5447 3077 5493 est
3105 5437 3397 5508 particula,
3449 5455 3548 5492 non
3589 5438 3652 5494 de

2060 5526 2482 5643 to‘f’liiﬁttinus
2509 5599 2611 5640 ms.
2645 5597 2768 5636 cum
2801 5577 3066 5662 Victoria,
3098 5580 3185 5702 calt}:

2069 5665 2192 5702 nam
2246 5667 2300 5702 ni
2333 5658 2489 5702 mulo
2535 5663 2656 5702 msl
2695 5663 2919 5702 rectius.
2962 5667 3077 5702 cum
3155 5662 3185 5700 tu

3192 5595 3251 5652 n__s
3299 5577 3401 5652 diei
3429 5596 3653 5652 prtesem

2068 5665 2216 5723 tiam,
2246 5667 2300 5715 et
2333 5658 2489 5726 paulo
2535 5663 2656 5726 post
2695 5653 2919 5717 rectius,
2962 5667 3077 5705 cum
3135 5648 3302 5702 Filius
3336 5648 3447 5704 Deo

3507 5650 3651 5706 Patri

352 5751 476 5815 sum
507 5737 696 5792 statim
742 5735 1143 5815 Hieronymus,
1166 5731 1426 5815 sqbdens,
1457 5741 1800 5815 κοετηργήθητε
1830 5737 1967 5791 enim
2069 5731 2344 5789 tradiderit
2374 5745 2609 5802 regnum.

351 5809 458 5868 ἀπὸ
481 5816 575 5867 αὖ
605 5811 860 5887 Χριστοῦ,
887 5823 1009 5873 non,
1040 5817 1098 5860 ut
1123 5809 1177 5860 in
1205 5808 1390 5862 Latine
1414 5809 1548 5862 male
1571 5808 1966 5879 interpretatum
