4046 6328
474 268 582 328 399

1719 250 1780 310 S.
1826 244 2102 309 EUSEBII
2128 244 2517 304 HIERONYMI

3678 225 3792 286 ιοο

473 400 632 454 quam
666 391 745 448 te,
802 378 936 436 ﬁdes
983 381 1166 432 autem
1209 384 1306 443 per
1356 367 1679 425 charitatem
1720 373 1944 436 operata
1972 377 2069 417 va-
2097 361 2147 421 A
2174 372 2492 424 conversus,
2525 354 2604 410 ait
2637 369 2652 409 :
2684 351 2847 407 Fides
2893 356 2982 404 tua
3013 353 3060 402 te
3107 343 3306 400 salvam
3346 338 3515 412 fecit:
3557 335 3696 391 vade
3733 337 3791 390 in

475 453 552 532 let
598 474 892 545 plurimum
920 513 934 536 ,
996 465 1345 524 manifestum
1392 469 1476 517 est
1524 458 1901 530 operationem
1949 453 2074 509 ﬁdei

479 581 580 637 per
609 564 953 625 charitatem,
988 555 1382 628 plenitudinem
1413 550 1800 608 mandatorum
1831 545 2074 601 omnium

487 636 789 713 continere.
855 650 1137 721 Quomodo
1187 658 1367 703 autem
1414 645 1567 717 juxta
1624 640 1930 713 apostolum
1988 636 2079 692 Ja-

480 750 701 813 cobum,
725 747 859 802 ﬁdes
881 747 1090 813 absque
1109 742 1367 814 operibus
1390 747 1603 794 mortua
1627 746 1708 792 est
1725 732 1932 807 (Jacob.
1958 729 2039 798 ιιι)
2063 744 2075 782 :

479 841 561 898 sic
583 842 787 909 absque
832 837 958 904 ﬁde,
993 834 1242 907 quamvis
1274 833 1416 887 bona
1467 843 1637 898 opera
1677 826 1807 892 sint,
1862 830 2081 878 mortua

480 939 888 1001 computantur.
918 929 1020 996 Qui
1062 927 1224 998 igitur
1253 925 1308 979 in
1340 923 1564 979 Christo
1605 934 1712 974 non
1741 915 1998 979 credunt,
2026 920 2083 968 et
2119 929 2124 934 ·

482 1034 612 1080 sunt
639 1023 826 1094 probis
859 1021 1124 1085 moribus,
1156 1016 1301 1072 aliud
1326 1014 1456 1086 quid
1483 1012 1656 1083 magis
1689 1011 1890 1066 habent
1921 1020 2080 1078 quam

484 1131 651 1188 Opera
685 1113 988 1170 virtutum?
1021 1110 1344 1176 Exemplum
1382 1107 1512 1162 ﬁdei
1546 1118 1670 1175 quae
1703 1117 1801 1172 per
1838 1099 2080 1156 charita-

483 1218 598 1266 tem
624 1217 906 1278 operatur,
952 1205 1020 1261 de
1067 1202 1367 1273 Evangelio
1421 1200 1512 1254 illa
1553 1196 1817 1254 meretrix
1856 1192 2083 1257 tribuat,

482 1316 607 1372 quae
636 1314 762 1354 cum
792 1298 847 1353 in
878 1297 1042 1352 domo
1068 1293 1330 1349 Pharisaei
1355 1290 1643 1347 accubanti
1671 1289 1898 1343 Domino
1923 1282 2089 1358 m

479 1392 648 1464 pedes
681 1390 907 1444 lavisset
936 1388 1216 1458 lacrymis,
1271 1383 1521 1440 tersisset
1564 1380 1835 1447 crinibus,
1871 1378 2089 1433 linisset

485 1482 597 1558 [Αι.
632 1479 882 1552 levisset]
925 1488 1230 1550 unguento,
1278 1488 1332 1533 et
1388 1475 1665 1531 Pharismo
1697 1469 2087 1538 murmuranti,

487 1575 756 1632 Dominus
780 1573 1095 1644 parabolam
1119 1569 1517 1642 quinquaginta
1554 1579 1608 1623 et
1645 1567 1975 1636 quingentos
1996 1564 2090 1620 de-

489 1669 680 1723 narios
703 1665 967 1722 debitoris
992 1664 1390 1735 proposuisset,
1419 1659 1618 1730 adjecit
1649 1675 1662 1712 :
1698 1657 1922 1726 Propter
1951 1655 2090 1727 quod

2176 471 2322 524 pace.
2379 451 2583 520 Aperte
2619 447 2765 505 enim
2804 444 2859 500 in
2893 443 2999 498 hoc
3046 441 3170 497 loco
3217 437 3655 494 demonstratum
3705 437 3794 485 est

2177 543 2464 600 mulierem
2498 543 2658 597 istam
2691 537 2953 594 habuisse
2977 533 3140 590 ﬁdem
3168 546 3264 603 per
3292 527 3628 585 charitatem
3652 537 3790 593 ope-

2177 647 2381 702 ratam,
2425 649 2550 706 quze
2591 633 2819 688 multum
2861 627 3100 684 valuerit
3146 624 3200 680 in
3231 621 3474 678 Christo.
3502 617 3642 673 ESto
3667 613 3793 686 quis

2179 731 2326 786 dicat
2354 748 2366 784 :
2408 728 2557 782 Bene
2582 721 3056 781 circumcisionem
3088 718 3145 773 in
3171 714 3395 772 Christo
3425 708 3560 766 nihil
3589 706 3784 762 valere

2181 819 2530 886 monstravit,
2563 832 2727 890 quam
2759 814 2970 871 sciebat
2991 807 3288 882 aliquando
3315 803 3556 860 valuisse
3583 818 3598 855 :
3633 812 3794 854 num-

2183 913 2312 986 quid
2342 911 2492 970 etde
2533 909 2803 980 praeputio
2840 905 3042 976 aliquis
3083 899 3416 970 ambigebat,
3456 903 3518 950 ut
3547 891 3792 986 diceret,

2185 984 2348 1082 neque
2393 1005 2746 1078 prccputium?
2793 999 2902 1058 Sed
2957 997 3005 1052 si
3059 991 3476 1051 consideremus
3516 984 3795 1057 plurimos

2184 1077 2652 1166 Christianorum,
2692 1095 2746 1151 id
2788 1101 2895 1158 est,
2931 1107 2964 1147 e
3013 1086 3238 1153 nostris,
3270 1084 3367 1156 qui
3420 1080 3490 1136 de
3543 1077 3797 1134 oleastro

2187 1196 2383 1252 inserti
2422 1207 2612 1247 sumus
2663 1190 2717 1244 in
2764 1185 3010 1242 radicem
3053 1185 3211 1236 bona:
3260 1176 3425 1232 oliva:
3456 1171 3642 1244 (Rom.
3689 1167 3794 1239 ιι),

2187 1288 2468 1347 exsultare
2493 1291 2684 1341 contra
2708 1279 2913 1334 fractos
2944 1289 3128 1332 ramos
3159 1270 3342 1344 p0puli
3363 1265 3714 1328 Iudaeorum,
3742 1266 3801 1316 et

2189 1383 2391 1446 dicere,
2429 1377 2603 1448 magis
2629 1374 2815 1430 valere
2865 1368 3218 1442 praeputium,
3260 1365 3315 1418 in
3351 1375 3463 1433 quo
3509 1356 3792 1414 Abraham

2192 1476 2303 1530 Deo
2335 1471 2554 1542 placuit,
2587 1477 2644 1522 et
2679 1471 2928 1534 reputata
2976 1470 3064 1517 est
3091 1460 3142 1515 ei
3177 1455 3316 1512 ﬁdes
3366 1452 3434 1508 ad
3477 1449 3778 1542 justitiam,

2191 1539 2352 1637 quam
2385 1556 2899 1622 circumcisionem,
2939 1567 3060 1625 quae.
3104 1549 3161 1606 in
3210 1549 3428 1619 signum
3484 1541 3614 1598 ﬁdei
3670 1539 3796 1593 data

2193 1631 2296 1727 est,
2328 1664 2385 1712 et
2416 1650 2640 1708 habenti
2673 1663 2792 1705 eam
2835 1661 2945 1702 non
2979 1643 3185 1715 proluit
3220 1637 3408 1695 lsraeli
3441 1653 3453 1690 :
3485 1631 3798 1689 videbimus

491 1760 609 1814 dico
640 1759 730 1813 tibi
761 1775 779 1813 :
811 1720 1158 1811 Dimittuntur
1198 1757 1243 1810 ei
1272 1720 1692 1828 peccata'mulla,
1735 1720 1862 1821 quia
1911 1720 2091 1802 dilexit
2120 1738 2169 1799 B
2195 1720 2360 1806 etiam
2425 1747 2567 1800 hanc
2620 1737 2979 1813 quorumdam
3028 1732 3447 1804 usurpationem
3476 1720 3800 1783 cautissime

489 1853 714 1908 multum
740 1851 894 1923 (Luc.
934 1866 1032 1916 vn,
1057 1851 1126 1906 47
1157 1858 1212 1904 et
1247 1848 1362 1920 50).
1392 1847 1460 1903 Et
1487 1846 1553 1902 ad
1584 1846 1760 1916 ipsam
1801 1843 2090 1900 mulierem

2195 1855 2341 1900 nunc
2365 1837 2668 1895 exclusam.

499 1961 3790 2011 _________________________________.__.__.__._————-

1498 2093 1992 2204 LIBER
2078 2085 2804 2202 TERTIUS.

557 2405 915 2489 483-“
932 2403 1181 2462 Tertium
1208 2399 1278 2456 ad
1299 2397 1543 2465 Galatas,
1569 2409 1603 2452 o
1625 2393 1794 2451 Paula
1818 2402 1874 2450 et
1893 2392 2092 2449 Eusto-

489 2484 706 2576 obium,
731 2505 987 2560 volumen
1021 2498 1125 2552 hoc
1157 2503 1185 2532 ι
1214 2490 1472 2550 cudimus
1507 2507 1520 2544 :
1555 2503 1662 2544 non
1699 2487 1874 2558 ignari
1918 2484 2092 2540 imbe-

490 2601 736 2662 cillitatis
767 2602 993 2661 nostrae,
1027 2598 1083 2645 et
1109 2587 1268 2644 exilis
1288 2581 1773 2655 ingeniirivulum,
1798 2579 1888 2633 vix
1923 2589 2091 2648 parvo

489 2701 830 2764 strepentem
886 2695 1169 2741 murmure
1212 2678 1534 2734 sentientes.
1583 2673 1703 2728 .Iam
1753 2671 1899 2727 enim
1943 2677 2000 2725 et
2037 2668 2089 2723 iu

494 2784 762 2844 Ecclesiis
789 2781 894 2836 ista
921 2783 1250 2848 quaeruntur
1285 2789 1296 2824 :
1331 2769 1644 2838 omissaque
1667 2764 2092 2837 apostolicorum

499 2875 855 2948 simplicitate
903 2880 958 2927 et
989 2870 1226 2940 puritate
1251 2864 1568 2928 verborum,
1614 2859 1771 2932 quasi
1820 2858 1888 2913 ad
1928 2857 2097 2912 Athe-

503 2965 755 3032 naeum",
781 2974 837 3021 et
875 2963 943 3018 ad
983 2960 1258 3017 auditoria
1279 2956 1629 3020 convenitur,
1659 2961 1717 3008 ut
1741 2950 1961 3022 plausus
1989 2948 2099 3004 cir-

499 3057 892 3120 cumstantium
933 3053 1274 3109 suscitentur
1308 3067 1322 3106 :
1353 3057 1411 3104 ut
1440 3048 1617 3103 oratio
1644 3043 1935 3101 rhetoricae
1967 3041 2100 3096 artis

497 3153 682 3210 fucata
703 3146 1014 3216 mendacio,
1029 3145 1181 3216 quasi
1204 3141 1452 3213 quaedam
1472 3137 1823 3196 meretricula
1841 3133 2102 3206 procedat

2196 2394 2340 2466 quod
2373 2394 2441 2451 de
2474 2394 2702 2467 Virgilio
2728 2407 2945 2465 quoque
2968 2389 3216 2456 tradunt,
3241 2387 3368 2462 quia
3396 2385 3565 2442 libros
3597 2399 3730 2442 suos
3751 2383 3810 2440 in

2197 2487 2416 2542 modum
2449 2502 2698 2544 ursorum
2731 2485 2901 2542 fetum
2949 2483 3060 2558 [AL
3091 2480 3323 2554 fetuum]
3345 2478 3641 2536 lambendo
3673 2477 3807 2549 ﬁgu-

2195 2580 2398 2636 raverit
2423 2598 2434 2634 :
2461 2596 2649 2636 verum
2672 2580 2846 2636 accito
2873 2577 3112 2647 notario,
3134 2587 3228 2632 aut
3253 2574 3434 2632 statim
3463 2573 3613 2629 dicto
3633 2569 3808 2640 quod-

2194 2686 2426 2743 cumque
2455 2673 2508 2728 in
2534 2672 2757 2729 buccam
2770 2673 3000 2752 ’venerit
3029 2688 3042 2727 :
3075 2680 3167 2725 aut
3194 2667 3241 2725 si
3269 2668 3550 2739 paululum
3576 2667 3809 2722 voluero

2199 2762 2463 2833 cogitare,
2497 2762 2691 2818 melius
2718 2761 2921 2832 aliquid
2954 2759 3287 2832 prolaturus,
3321 2767 3450 2813 tunc
3487 2771 3576 2814 me
3611 2755 3809 2812 tacitus

2201 2857 2297 2913 ille
2328 2857 2713 2929 reprehendit,
2758 2872 2977 2913 manum
3017 2852 3325 2920 contrahit,
3362 2852 3600 2908 frontem
3629 2857 3809 2922 rugat,

2204 2961 2258 3008 et
2288 2967 2348 3008 se
2370 2953 2575 3008 frustra
2605 2951 2818 3018 adesse,
2854 2960 2967 3007 toto
2987 2959 3145 3023 gestu
3173 2947 3419 3018 corporis
3444 2952 3810 3002 contestatur.

2205 3044 2394 3101 Oratio
2433 3053 2613 3101 autem
2641 3046 2743 3102 etsi
2775 3045 2846 3102 de
2888 3047 3048 3101 bona:
3090 3043 3292 3100 indolis
3332 3042 3549 3112 ingenio
3578 3042 3654 3098 sit
3689 3055 3817 3112 pro-

2207 3135 2366 3206 fecta,
2401 3146 2458 3194 et
2483 3137 2740 3194 distincta
2773 3136 3200 3205 inventionibus,
3231 3144 3288 3191 et
3310 3140 3500 3190 ornata
3529 3134 3669 3188 ﬁore
3691 3147 3817 3187 ver-

498 3246 553 3301 in
588 3242 882 3315 publicum,
917 3253 1027 3294 non
1055 3246 1167 3293 tam
1192 3234 1476 3292 eruditura
1524 3231 1783 3303 populos,
1826 3243 1986 3298 quam
2020 3225 2100 3282 fa-
2126 3219 2174 3285 C
2204 3229 2400 3286 borum
2430 3249 2441 3283 :
2477 3238 2655 3286 tamen
2688 3229 2792 3285 nisi
2822 3230 3063 3286 auctoris
3103 3228 3189 3284 sui
3229 3243 3392 3283 manu
3421 3227 3606 3283 limata
3654 3224 3816 3281 fuerit

501 3351 690 3392 vorem
715 3333 897 3404 populi
922 3331 1243 3402 quaesitura,
1271 3337 1330 3383 et
1349 3327 1402 3382 in
1428 3325 1655 3381 modum
1679 3321 1925 3394 psalterii
1951 3330 2006 3377 et
2035 3320 2104 3375 ti—

501 3428 609 3493 biae
635 3427 793 3482 dulce
835 3425 1107 3488 canentis,
1138 3435 1341 3477 sensus
1381 3417 1690 3474 demulceat
1731 3414 2101 3479 audientium;

505 3528 566 3574 ut
591 3535 718 3575 vere
743 3517 876 3572 illud
899 3515 1179 3584 pr0phetm
1207 3508 1519 3564 Ezechielis
1544 3506 1744 3561 nostris
1768 3503 2106 3572 temporibus

507 3611 681 3681 possit
699 3606 896 3678 aptari,
919 3605 1140 3659 dicente
1153 3601 1385 3655 Domino
1402 3596 1470 3652 ad
1493 3611 1616 3652 eum
1645 3611 1658 3648 :
1687 3593 1754 3648 Et
1777 3595 1948 3664 factus
1965 3610 2016 3647 es
2036 3593 2106 3646 eis

499 3703 651 3774 quasi
669 3716 766 3754 vos:
783 3699 1000 3752 citharae
1021 3707 1179 3749 suave
1201 3689 1456 3752 canentis,
1483 3696 1529 3742 et
1553 3686 1675 3740 bene
1697 3684 1994 3756 composita:
2019 3699 2036 3736 :
2059 3692 2107 3736 et

504 3790 1016 3852 audiuntverbatua,
1042 3793 1091 3841 et
1116 3799 1220 3837 non
1241 3782 1440 3852 faciunt
1463 3796 1523 3834 ea
1542 3779 1756 3853 (Ezech.
1779 3791 1966 3841 χχχιιι,
1987 3774 2104 3848 32).

507 3882 714 3938 Verum
741 3878 869 3949 quid
901 3874 1105 3948 agam?
1132 3871 1477 3928 Taceantne?
1531 3869 1637 3927 Sed
1677 3867 1940 3940 scriptum
1981 3876 2068 3923 est
2094 3885 2107 3922 :

427 4033 438 4040 _
507 3976 634 4032 Non
653 3971 928 4045 apparebis
981 3971 1034 4024 in
1085 3975 1361 4038 conspectu
1418 3964 1628 4019 Domini
1667 3964 1742 4017 tui
1783 3979 1993 4018 vacuus.
2043 3963 2112 4018 Et

505 4075 676 4129 Isaias
703 4069 870 4143 (sicut
923 4069 976 4124 in
1020 4064 1270 4122 Hebraeis
1319 4071 1502 4118 tamen
1547 4061 1781 4117 habetur
1813 4058 2110 4115 volumini-

511 4167 637 4234 bus)
656 4161 964 4234 iugemiscit
985 4177 998 4213 :
1023 4157 1114 4214 Vte
1137 4155 1268 4212 mihi
1289 4156 1498 4222 misero,
1517 4154 1645 4234 quia
1664 4153 1822 4207 tacui.
1852 4151 2069 4222 Loquar
2088 4152 2112 4205 ‘t

513 4253 877 4329 485-536
913 4251 1020 4308 Sed
1059 4264 1279 4306 omnem
1322 4247 1594 4304 sermonis
1646 4245 2006 4317 elegantiam,
2057 4251 2114 4300 et

514 4349 694 4405 Latini
721 4347 928 4416 eloquii
953 4353 1326 4412 venustatem,
1358 4340 1566 4398 stridor
1596 4340 1853 4396 lectionis
1883 4337 2110 4395 Hebrai-

517 4458 597 4499 cac
624 4438 941 4497 sordidavit.
971 4437 1157 4494 Nostis
1182 4437 1329 4492 enim
1361 4443 1415 4491 et
1446 4436 1600 4504 ipsae,
1624 4433 1768 4505 quod
1801 4433 1922 4505 plus
1950 4447 2110 4504 quam

521 4534 831 4607 quindecim
855 4532 982 4587 anni
1002 4539 1151 4597 sunt,
1185 4541 1206 4568 ο
1239 4545 1305 4584 ex
1335 4543 1444 4600 quo
1473 4527 1527 4583 in
1553 4542 1745 4583 manus
1774 4542 1926 4584 meas
1951 4542 2115 4582 num-

2207 3333 2263 3380 et
2287 3324 2476 3395 polita,
2506 3339 2615 3379 non
2643 3333 2727 3378 est
2754 3323 2946 3390 nitida,
2975 3339 3087 3379 non
3113 3321 3278 3380 habet
3301 3321 3526 3378 mixtam
3555 3335 3681 3376 cum
3713 3317 3816 3375 de-

2207 3431 2335 3473 core
2358 3419 2711 3488 gravitatem;
2741 3416 2838 3472 sed
2865 3418 2920 3472 in
2953 3416 3176 3472 modum
3201 3416 3427 3473 divitum
3457 3418 3815 3478 rusticorum,

2206 3511 2402 3579 Opibus
2432 3511 2546 3564 suis
2575 3509 2746 3579 magis
2772 3510 3034 3580 arguitur,
3069 3525 3230 3581 quam
3275 3517 3590 3566 exornatur.
3640 3507 3820 3577 Quor-

2211 3616 2329 3656 sum
2366 3600 2500 3656 ista?
2523 3599 2781 3656 videlicet
2810 3611 2870 3656 ut
2913 3611 2969 3658 et
3009 3601 3185 3669 vobis,
3215 3612 3271 3658 et
3291 3601 3508 3658 caeteris
3531 3600 3643 3673 (qui
3677 3598 3821 3655 forte

2218 3692 2401 3764 legere
2430 3693 2726 3763 voluerint)
2765 3694 2838 3751 sit
2868 3711 3211 3768 responsum,
3249 3712 3338 3753 me
3366 3711 3474 3752 non
3518 3691 3821 3766 panegyri-

2210 3799 2354 3852 cum,
2409 3795 2504 3840 aut
2550 3788 2979 3845 controversiam
3027 3789 3292 3855 scribere,
3337 3788 3434 3845 sed
3475 3799 3822 3844 commenta-

2213 3879 2375 3946 rium,
2411 3878 2462 3934 id
2514 3887 2618 3944 est,
2653 3879 2755 3936 hoc
2799 3880 3002 3938 habere
3033 3881 3398 3952 propositum,
3453 3895 3562 3937 non
3607 3891 3666 3936 ut
3697 3895 3827 3939 mea

2215 3973 2383 4028 verba
2414 3971 2719 4038 laudentur,
2751 3973 2845 4030 sed
2877 3983 2934 4028 ut
2954 3989 3076 4044 quae
3104 3974 3172 4028 ab
3198 3973 3304 4028 alio
3334 3975 3476 4029 bene
3495 3973 3642 4028 dicta
3664 3982 3824 4043 sunt,

2215 4065 2289 4121 ita
2314 4065 2689 4136 intelligantur
2719 4074 2777 4120 ut
2797 4066 2939 4122 dicta
2970 4076 3120 4121 sunt.
3143 4064 3318 4121 Ol’ﬁcii
3346 4065 3454 4122 mei
3481 4072 3566 4120 est
3585 4064 3824 4123 obscura

2217 4158 2509 4225 disserere,
2555 4157 2840 4215 manifesta
2887 4163 3279 4232 perstringere,
3309 4157 3364 4214 in
3399 4157 3582 4216 dubiis
3623 4157 3827 4216 immo-

2221 4251 2353 4307 rari.
2379 4250 2535 4308 Unde
2560 4260 2616 4308 et
2635 4267 2666 4307 a
2699 4252 2971 4323 plerisque
2994 4253 3512 4310 commentariorum
3543 4267 3705 4324 opus,
3729 4267 3826 4309 ex-

2220 4344 2462 4416 planatio
2484 4344 2819 4400 nominatur.
2853 4344 2912 4402 Si
2942 4343 3067 4416 quis
3096 4346 3460 4418 eloquentiam
3490 4346 3710 4417 quaerit,
3737 4342 3825 4401 vel

2218 4436 2703 4493 declamationibus
2730 4438 3062 4508 delectatur,
3095 4439 3256 4496 habet
3281 4440 3334 4496 in
3366 4449 3594 4512 utraque
3632 4440 3819 4512 lingua

2220 4526 2641 4585 Demosthenem
2665 4541 2719 4585 et
2740 4529 3006 4597 Tullium,
3039 4531 3392 4588 Polemonem
3423 4539 3482 4590 et
3505 4531 3822 4601 Quintillia-

523 4643 687 4698 quam
719 4625 948 4690 Tullius,
979 4637 1276 4694 numquam
1305 4621 1474 4686 Maro,
1510 4636 1802 4692 numquam
1827 4621 2112 4692 gentilium
2139 4611 2194 4671 D
2219 4636 2371 4676 num.
2411 4620 2660 4678 Ecclesia
2687 4621 2889 4679 Christi
2920 4638 3028 4680 non
3055 4624 3127 4680 de
3162 4624 3457 4682 Academia
3480 4666 3496 4690 ,
3534 4635 3591 4682 et
3619 4625 3819 4698 Lyceo,

523 4721 837 4776 litterarum
869 4718 1100 4788 quilibet
1120 4714 1324 4772 Auctor
1343 4714 1589 4770 ascendit
1621 4732 1634 4768 :
1666 4723 1720 4770 et
1749 4714 1795 4769 si
1825 4713 1952 4785 quid
1981 4713 2121 4770 forte

524 4815 655 4872 inde
681 4814 808 4870 dum
835 4812 1128 4883 loquimur,
1156 4810 1395 4880 obrepit,
1428 4807 1583 4879 quasi
1602 4807 1805 4879 antiqui
1838 4823 1934 4878 per
1954 4808 2126 4864 nebu-

527 4909 637 4965 lam
670 4907 864 4963 somnii
897 4904 1268 4962 recordamur.
1303 4903 1460 4972 Quod
1486 4913 1668 4960 autem
1701 4901 2027 4974 profecerim
2055 4918 2123 4960 ex

523 5002 725 5072 lingua:
748 5001 892 5055 illius
924 4995 1244 5068 infatigabili
1286 4995 1467 5050 studio
1489 5037 1505 5064 ,
1536 4997 1766 5052 aliorum
1798 4996 2002 5068 judicio
2029 4996 2126 5053 de-

529 5091 782 5160 relinquo
823 5108 835 5143 :
870 5103 972 5160 ego
993 5088 1122 5159 quid
1150 5088 1203 5142 in
1233 5103 1352 5142 mea
1379 5087 1682 5153 amiserim,
1718 5089 1854 5143 scio.
1897 5088 2124 5145 Accedit

530 5183 597 5239 ad
623 5183 746 5244 hoc,
778 5181 900 5251 quia
943 5189 1166 5249 propter
1202 5178 1484 5233 oculorum
1524 5187 1580 5233 et
1623 5180 1790 5234 totius
1818 5181 2122 5250 corpusculi

529 5275 926 5338 inlirmitatem,
959 5287 1125 5326 manu
1147 5285 1267 5325 mea
1297 5269 1414 5340 ipse
1441 5284 1545 5324 non
1569 5270 1750 5326 scribo
1775 5288 1788 5325 :
1815 5287 1915 5328 nec
1938 5272 2123 5328 labore

531 5379 588 5425 et
638 5365 918 5440 diligentia
961 5378 1317 5438 compensare
1357 5378 1499 5434 queo
1536 5363 1740 5434 eloquii
1769 5365 2074 5422 tarditatem
2107 5384 2124 5425 :

606 5571 633 5600 ⁸
673 5568 782 5649 Alii
814 5567 957 5649 libri,
990 5569 1258 5649 condimus
1286 5584 1306 5635 ;
1361 5577 1415 5623 et
1466 5584 1636 5649 mort,
1683 5579 1940 5643 strepente
1974 5587 2122 5627 mur-

535 5656 719 5713 mure;
750 5639 1006 5713 denique,
1040 5638 1407 5713 Apostolorum
1445 5638 1798 5713 simplicitate.

609 5711 634 5747 ιι
677 5708 999 5779 Athenarum,
1045 5711 1198 5766 locus
1228 5711 1487 5768 Minerva:
1511 5708 1744 5785 dicatus,
1777 5713 1870 5772 ubi
1906 5715 2124 5784 profes-

2225 4711 2321 4769 sed
2357 4711 2427 4769 de
2464 4713 2556 4768 vili
2595 4713 2876 4785 plebecula
2911 4727 3239 4787 congregata
3274 4725 3379 4773 est.
3412 4715 3572 4774 Unde
3597 4726 3651 4774 et
3681 4720 3824 4787 Apo-

2225 4805 2398 4860 stolus
2433 4822 2446 4859 :
2491 4804 2687 4872 Videte,
2729 4807 2934 4879 inquit,
2976 4808 3296 4864 vocationem
3342 4822 3581 4878 vestram,
3610 4810 3819 4881 fratres,

2224 4898 2348 4969 quia
2370 4914 2470 4952 non
2502 4899 2651 4953 multi
2678 4901 2931 4972 sapientes
2969 4903 3258 4958 secundum
3284 4919 3516 4972 carnem,
3542 4919 3643 4958 non
3672 4899 3822 4958 multi

2229 4999 2481 5063 potentes,
2511 5007 2615 5046 non
2636 4993 2793 5048 multi
2822 4993 3054 5060 nobiles;
3076 4995 3168 5050 sed
3192 5013 3310 5067 qua
3338 4996 3504 5053 stulta
3523 5009 3640 5052 sunt
3673 4997 3821 5067 hujus

2231 5085 2410 5139 mundi
2437 5085 2590 5157 elegit
2620 5085 2780 5153 Deus,
2812 5095 2868 5140 ut
2898 5089 3186 5159 confundat
3216 5090 3469 5162 sapientes
3497 5107 3514 5144 :
3544 5099 3593 5145 et
3618 5091 3819 5159 inﬁrma

2228 5179 2410 5232 mundi
2435 5178 2586 5249 elegit
2615 5177 2757 5235 Deus
2780 5223 2794 5248 ,
2827 5190 2881 5235 ut
2919 5184 3209 5254 confundat
3237 5185 3396 5255 fortia
3439 5203 3458 5240 :
3489 5195 3535 5239 et
3576 5181 3819 5256 ignobilia

2227 5268 2386 5342 hujus
2407 5270 2610 5337 mundi,
2634 5281 2680 5326 et
2703 5273 3112 5346 contemptibilia
3137 5273 3292 5347 elegit
3322 5274 3484 5341 Deus,
3517 5284 3565 5330 et
3589 5291 3703 5346 qua:
3721 5285 3819 5327 non

2228 5378 2368 5435 sunt,
2404 5377 2459 5423 ut
2487 5384 2547 5423 ea
2566 5381 2682 5438 qua:
2699 5376 2839 5435 sunt,
2870 5368 3153 5427 destrueret
3175 5369 3222 5442 (ι
3252 5368 3375 5426 Cor.
3401 5385 3442 5439 ι,
3470 5368 3567 5438 26,
3587 5368 3681 5438 27,
3707 5364 3817 5432 28).

2227 5590 2382 5654 sores
2432 5593 2528 5654 sua
2576 5580 2754 5637 studia
2806 5583 3230 5654 proﬁtebantur,
3287 5585 3378 5643 ubi
3426 5583 3790 5645 controversia

2225 5648 2632 5718 declamabant,
2665 5663 2771 5709 etc.
2807 5648 2986 5713 MART.

2303 5733 2323 5760 ο
2365 5721 2565 5780 Confer
2592 5725 2752 5794 epist.
2786 5724 2879 5794 22,
2911 5727 2979 5784 ad
3015 5727 3397 5799 Eustochium,
3430 5745 3581 5789 num.
3612 5730 3706 5788 50.
