4056 6298
395 327 497 384 ιοι

392 535 636 602 stantia,
685 548 794 590 non
845 547 1176 605 cognoverat
1232 535 1470 592 mundus
1515 551 1612 608 per
1675 538 1992 609 sapientiam

394 627 599 691 Deum,
633 627 836 697 placuit
865 627 975 682 Deo
1003 641 1098 696 per
1123 627 1404 684 stultitiam
1433 629 1856 701 praedicationis,
1889 631 1996 686 sal-

388 733 491 775 vos
520 717 704 775 facere
723 718 1017 775 credentes
1047 734 1062 772 :
1096 734 1203 774 non
1224 720 1277 775 in
1307 720 1571 790 sapientia
1603 722 1777 791 verbi,
1803 732 1862 778 ut
1885 738 1992 779 nou

394 821 756 866 evacnaretur
798 824 932 866 crux
983 808 1208 866 ChriSti.
1261 810 1363 868 Ubi
1418 813 1562 868 enim
1613 816 1852 884 sapiens,
1901 816 1993 871 ubi

397 906 802 976 grammaticus,
831 904 922 960 ubi
951 919 1235 960 causarum
1265 908 1590 963 naturalium
1613 912 1993 965 scrutatores?

399 997 512 1055 Nec
531 999 585 1054 in
613 996 1059 1069 persuasibilibus
1079 1000 1364 1070 sapientiae
1387 1003 1592 1067 verbis,
1616 1003 1710 1058 sed
1733 1005 1788 1059 in
1810 1012 1994 1060 osten-

398 1091 554 1147 sione
582 1091 797 1146 virtutis
820 1099 877 1146 et
922 1090 1148 1161 spiritus
1182 1110 1195 1146 :
1229 1101 1289 1147 ut
1329 1093 1468 1149 ﬁdes
1505 1094 1843 1151 credentium
1884 1113 1991 1152 non

399 1189 544 1237 esset
598 1181 652 1236 in
701 1181 968 1252 sapientia
1015 1181 1326 1249 hominum,
1383 1184 1480 1240 sed
1527 1186 1580 1239 in
1626 1187 1822 1242 virtute
1871 1186 1986 1242 Dei.

393 1273 759 1343 Quamobrem
787 1283 843 1330 et
870 1275 985 1346 ipse
1013 1277 1305 1346 Apostolus
1335 1276 1403 1332 ad
1429 1276 1648 1333 eosdem
1670 1277 1991 1336 Corinthios

393 1367 723 1438 loquebatur
751 1387 764 1423 :
817 1368 886 1423 Et
913 1385 1006 1443 ego
1035 1371 1243 1425 veniens
1264 1369 1335 1424 ad
1365 1387 1475 1437 uos,
1504 1374 1712 1442 fratres,
1744 1373 1857 1426 veni
1887 1390 1991 1428 non

389 1479 483 1534 per
509 1462 881 1518 sublimitatem
922 1480 1223 1519 sermonum
1241 1507 1256 1530 ,
1279 1473 1325 1519 et
1351 1466 1641 1536 sapientiai,
1670 1467 1990 1523 annuntians

386 1556 531 1611 nobis
551 1557 904 1612 testimonium
933 1555 1166 1612 Domini.
1201 1556 1326 1612 Non
1345 1559 1480 1613 enim
1490 1560 1728 1631 judicavi
1751 1562 1882 1615 scire
1908 1577 1989 1615 me

389 1647 589 1718 aliquid
617 1649 752 1703 inter
781 1665 892 1718 vos,
922 1649 1024 1704 nisi
1053 1647 1314 1704 Christum
1338 1649 1524 1706 Jesum
1562 1661 1609 1704 et
1639 1651 1781 1707 hunc
1811 1656 1981 1708 cruci-

391 1742 553 1813 ﬁxum
602 1742 960 1813 (lCor.n,l,
991 1742 1073 1814 ε).
1116 1742 1486 1817 537-433
1523 1744 1592 1799 Et
1643 1761 1710 1799 ne
1759 1747 1984 1802 forsitan

905 324 1554 421 COMMENTARIORUM
1593 328 1654 386 IN
1693 329 2089 390 EPISTOLAM
2126 333 2219 390 AD
2259 334 2586 395 GALATAS
2624 337 2753 395 LIB.
2794 338 2884 396 lll.
2917 338 3072 398 CAP.
3115 342 3181 398 V.

391 441 532 512 Quia
577 442 722 498 enim
757 455 824 497 ex
851 451 1220 498 creaturarum
1244 442 1458 510 ordine,
1492 451 1515 480 ⁸
1548 444 1830 513 varietate,
1863 459 1995 500 con-
2019 447 2074 510 Α

3587 348 3696 405 402

2171 447 2359 518 (Vers.
2390 448 2474 520 8.)
2513 449 2794 506 Persuasio
2834 461 2997 507 vestra
3026 469 3127 508 non
3157 465 3231 510 est
3256 471 3320 510 ex
3345 473 3405 511 eo
3433 458 3522 530 qui
3547 473 3700 513 uoca-

2097 544 2169 596 vit
2215 560 2320 598 vos.
2365 543 2422 598 ln
2476 545 2682 600 Latinis
2721 546 2998 603 codicibus
3042 548 3116 603 ita
3154 551 3414 620 scriptum
3462 552 3690 617 reperi:

2100 634 2382 691 Persuasio
2406 646 2575 691 uestra
2615 655 2680 692 ea:
2723 637 2836 692 Deo
2880 649 2986 708 est,
3017 641 3105 710 qui
3139 643 3333 696 vocavit
3380 659 3485 698 vos.
3539 643 3697 712 Quod

2098 729 2314 799 quidem
2349 739 2508 800 puto,
2542 747 2606 786 ea:
2633 748 2723 798 eo,
2753 731 2945 802 fuisse,
2978 745 3032 789 et
3055 751 3165 790 non
3186 737 3543 805 intellectum,
3565 755 3697 809 pau—

2096 820 2246 874 latim
2278 821 2348 875 ob
2385 822 2822 890 similitudinem,
2849 842 2912 880 ea:
2937 823 3069 892 Deo,
3102 828 3465 898 increbuisse,
3503 846 3600 900 pro
3628 846 3697 888 eo

2097 913 2241 980 quod
2271 921 2374 978 est,
2409 931 2472 969 ex
2512 931 2589 969 eo.
2619 915 2726 971 Sed
2759 932 2859 972 nec
2880 919 2960 973 sic
2984 926 3164 987 potest
3193 929 3340 977 stare
3383 937 3606 989 sensus,
3636 931 3700 979 ut

2095 1020 2232 1076 quos
2258 1006 2418 1062 modo
2455 1019 2812 1064 accusaverat
2855 1027 3026 1081 quare
3068 1029 3174 1068 non
3211 1015 3518 1072 obedierint
3555 1019 3699 1074 veri-

2096 1098 2211 1165 tati,
2246 1100 2542 1156 ostendens
2572 1103 2624 1156 in
2657 1117 2848 1158 eorum
2891 1104 3124 1161 arbitrio
3151 1109 3411 1176 positum,
3452 1110 3536 1166 vel
3563 1111 3698 1168 obe-

2094 1190 2232 1256 dire,
2256 1192 2337 1246 vel
2371 1208 2476 1248 non
2508 1193 2752 1261 obedire,
2787 1211 2931 1251 nunc
2970 1201 3283 1256 econtrario
3321 1213 3534 1258 asserat
3570 1219 3693 1274 per-

2094 1285 2402 1340 suasionem
2416 1287 2845 1344 etobedientiam
2863 1304 3072 1358 eorum,
3095 1308 3201 1347 non
3219 1303 3323 1348 tam
3342 1310 3407 1349 ex
3424 1297 3556 1366 ipsis
3569 1310 3694 1353 esse

2090 1378 2180 1447 qui
2213 1389 2489 1445 vocentur,
2519 1396 2680 1450 quam
2703 1397 2770 1437 ex
2793 1397 2862 1436 eo
2887 1383 2976 1452 qui
3009 1392 3188 1439 vocet.
3216 1384 3408 1441 Melius
3439 1388 3608 1457 igitur
3628 1398 3685 1444 et

2091 1471 2272 1525 verius
2298 1472 2375 1527 sic
2401 1473 2599 1543 legitur
2625 1491 2639 1527 :
2674 1472 2957 1528 Persuasio
3001 1485 3171 1530 vestra
3196 1493 3298 1531 non
3327 1487 3402 1531 est
3431 1494 3496 1532 ea:
3521 1495 3580 1531 eo
3609 1481 3698 1549 qui

2090 1565 2409 1620 vocavilvos.
2458 1565 2615 1620 Aliud
2657 1567 2856 1638 quippe
2891 1567 2981 1622 Dei
3011 1583 3151 1638 opus
3193 1576 3312 1635 est,
3349 1568 3494 1624 aliud
3523 1569 3696 1626 homi-

2091 1668 2241 1709 num.
2291 1655 2385 1712 Dei
2419 1671 2559 1724 opus
2581 1665 2684 1716 est.
2716 1675 2956 1714 vocare:
2993 1659 3306 1728 hominum,
3340 1662 3423 1718 vel
3446 1662 3693 1727 credere,

2092 1747 2174 1800 vel
2220 1762 2326 1802 non
2371 1749 2619 1804 credere.
2664 1749 2735 1804 Et
2765 1750 2937 1805 sicubi
2973 1748 3000 1787 δ
3033 1751 3101 1805 de
3138 1753 3420 1820 scripturis
3461 1752 3696 1808 liberum

402 1844 705 1906 putaretur,
732 1835 851 1891 btec
879 1835 1086 1904 dicens,
1121 1851 1244 1892 esse
1283 1837 1604 1906 insnpieuliae
1643 1837 1987 1907 praedicator,
2019 1838 2067 1899 Β
2097 1837 2330 1894 hominis
2357 1839 2663 1895 afﬁrmatur
2693 1841 2976 1896 arbitrium
3011 1852 3068 1896 ut
3094 1842 3168 1896 ibi
3205 1861 3219 1898 :
3253 1842 3316 1898 Si
3355 1843 3620 1898 volueritis
3651 1853 3700 1899 et

395 1940 578 1985 mente
604 1942 868 2000 praesaga,
899 1928 1041 1999 quod
1064 1928 1263 1998 opponi
1286 1937 1521 1998 poterat,
1548 1931 1759 1984 evertit.
1782 1930 1891 1986 Sed
1911 1932 1990 1986 lo-

386 2023 584 2088 quitur.
628 2022 826 2091 inquit,
874 2019 973 2075 Dei
1007 2022 1315 2093 sapientiam
1350 2022 1406 2075 in
1440 2023 1706 2094 mysterio,
1740 2040 1857 2093 quae
1899 2025 1990 2079 ab-

387 2113 624 2169 scondita
650 2124 767 2169 est:
793 2131 949 2185 quam
990 2130 1138 2168 nemo
1185 2116 1478 2186 principum
1507 2115 1666 2187 hujus
1699 2118 1876 2171 steculi
1903 2135 1988 2172 co-

386 2207 578 2277 gnovit.
609 2205 1050 2278 Quotusquisque
1072 2222 1216 2262 nunc
1235 2208 1589 2264 Aristotelem
1620 2208 1784 2280 legit?
1801 2214 1987 2281 quanti

311 2360 314 2363 _
384 2300 629 2356 Platonis
657 2301 744 2356 vel
777 2301 949 2356 libros
973 2316 1194 2366 novere,
1226 2302 1309 2356 vel
1349 2303 1582 2359 nomen?
1611 2302 1711 2358 Vix
1739 2305 1793 2358 in
1821 2319 1990 2376 angu-

386 2393 455 2451 lis
480 2394 642 2450 otiosi
667 2408 764 2451 eos
787 2408 948 2451 senes
970 2396 1241 2451 recolunt.
1282 2395 1609 2452 Rusticanos
1656 2412 1791 2453 vero
1820 2408 1878 2454 et
1904 2402 1988 2469 pi-

385 2501 632 2546 scatores
653 2497 875 2545 nostros
895 2496 1042 2544 totus
1062 2489 1210 2545 orbis
1229 2489 1486 2559 loquitur,
1516 2492 1802 2547 universus
1826 2507 1985 2547 mun-

387 2579 492 2635 dus
517 2588 698 2636 sonat.
732 2580 920 2652 Itaque
943 2595 1197 2637 sermone
1227 2582 1480 2653 simplici,
1509 2583 1776 2654 simplicia
1799 2600 1986 2640 eorum

390 2673 555 2729 verba
599 2673 883 2743 pandenda
907 2682 1056 2729 sunt.
1090 2673 1289 2741 Verba,
1331 2674 1575 2744 inquam,
1617 2691 1724 2730 non
1769 2691 1982 2732 sensus.

389 2764 662 2822 Caeterum
687 2766 756 2831 si,
792 2765 1073 2822 orantibus
1100 2765 1281 2832 vobis,
1314 2765 1464 2820 illum
1488 2767 1689 2836 possim
1733 2767 1840 2839 [AL
1865 2782 1988 2838 pos-

391 2858 534 2932 sem]
565 2863 619 2915 in
640 2858 978 2930 exponendis
1009 2859 1264 2930 Epistolis
1280 2874 1469 2915 eorum
1489 2859 1693 2915 habere
1711 2861 1983 2932 spiritum,

393 2967 556 3023 quem
588 2951 666 3007 illi
697 2952 751 3007 in
778 2950 1040 3008 dictando
1069 2951 1380 3007 habuerunt
1410 2971 1422 3006 :
1451 2960 1582 3006 tunc
1602 2951 1850 3008 videritis
1875 2951 1983 3026 [ΑΙ.

392 3043 678 3115 videretis]
721 3053 926 3100 tantam
975 3043 1317 3115 maiestatem
1351 3051 1408 3099 et
1446 3043 1785 3098 latitudinem
1817 3044 1870 3100 in
1902 3044 1987 3104 his

393 3154 536 3195 verat
570 3138 738 3194 fuisse
767 3136 1067 3207 sapientiae,
1095 3145 1294 3208 quanta
1322 3136 1378 3192 in
1408 3137 1594 3192 saeculi
1625 3136 1876 3192 litteratis
1901 3151 1989 3191 ar-

2089 1934 2358 1988 audieritis
2384 1950 2463 1988 me
2494 1933 2694 2004 (Exod.
2727 1950 2818 1989 nx
2842 1977 2856 1998 ,
2888 1935 2966 2005 5).
3019 1935 3087 1990 Et
3133 1936 3329 1990 iterum
3371 1954 3385 1990 :
3433 1937 3498 1991 Et
3529 1952 3691 2005 nunc,

2089 2023 2278 2093 Israel,
2326 2026 2450 2096 quid
2490 2028 2614 2094 petit
2644 2043 2674 2079 a
2706 2036 2754 2080 te
2789 2027 3043 2081 Dominus
3079 2026 3223 2081 Deus
3254 2036 3371 2081 tuus
3403 2027 3590 2099 (Deut.
3633 2043 3691 2093 Χ,

2091 2117 2184 2186 12)
2206 2160 2220 2184 ,
2267 2127 2322 2173 ει
2351 2134 2420 2172 ex
2463 2118 2564 2174 hoc
2601 2119 2724 2175 loco
2755 2120 2838 2175 vel
2872 2120 3112 2175 maxime
3139 2120 3551 2190 comprobatur.
3586 2120 3696 2177 Ve-

2088 2225 2207 2265 rum
2238 2209 2598 2280 simpliciores
2646 2222 2668 2249 ο
2701 2212 2902 2282 quique
2930 2220 3188 2281 putantes
3219 2227 3279 2267 se
3304 2211 3527 2268 deferre
3557 2212 3693 2280 Deo,

2090 2312 2150 2356 ut
2176 2304 2458 2372 persuasio
2478 2318 2698 2373 quoque
2727 2314 2910 2359 nostra
2939 2304 2994 2358 in
3018 2304 3136 2374 ejus
3153 2305 3225 2359 sit
3250 2311 3542 2375 potestate,
3561 2306 3682 2360 abs-

2091 2395 2331 2449 tulerunt
2360 2405 2570 2466 partem
2613 2396 2876 2451 orationis
2900 2412 3002 2450 non
3029 2407 3083 2451 et
3109 2410 3331 2452 sensum
3359 2397 3690 2452 contrarium

2088 2485 2352 2555 Apostolo
2382 2486 2685 2543 reddidere.
2715 2487 2842 2544 Sive
2863 2502 2995 2558 ergo
3017 2487 3070 2542 in
3099 2488 3318 2552 bonam.
3353 2488 3469 2544 sive
3495 2488 3549 2544 in
3579 2503 3696 2543 mas

2090 2577 2196 2632 lam
2240 2586 2470 2647 partem,
2505 2593 2608 2634 nec
2635 2577 2800 2647 Deus,
2857 2594 2958 2633 nec
3003 2577 3252 2634 diabolus
3298 2579 3353 2634 in
3401 2588 3692 2648 causaest,

2087 2673 2213 2744 quia
2245 2673 2525 2742 persuasio
2549 2681 2741 2727 nostra
2772 2687 2882 2728 non
2911 2679 3089 2728 estex
3121 2687 3189 2728 eo
3207 2672 3301 2743 qui
3324 2673 3539 2728 vocavit
3570 2686 3691 2740 nos,

2089 2767 2184 2822 sed
2215 2781 2283 2822 ex
2310 2765 2494 2832 nobis,
2528 2768 2616 2837 qui
2649 2768 2733 2821 vel
2760 2767 3163 2833 consentimus,
3209 2767 3297 2824 vel
3328 2783 3439 2823 non
3459 2782 3693 2822 consen-

2090 2860 2252 2914 timus
2298 2860 2534 2914 vocanti.
2587 2859 2808 2915 Aliter:
2860 2859 3151 2915 Persuasio
3196 2861 3311 2916 haec
3349 2874 3510 2931 quam
3545 2872 3691 2915 nunc

2092 2951 2419 3022 sequimini,
2453 2966 2563 3007 non
2597 2961 2680 3006 est
2701 2967 2767 3007 ex
2802 2951 2934 3016 Deo,
2963 2952 3052 3020 qui
3087 2952 3139 3006 in
3165 2952 3442 3023 principio
3472 2967 3567 3007 vos
3594 2964 3694 3007 vo-

2090 3044 2253 3112 cavit,
2290 3044 2384 3099 sed
2412 3060 2478 3099 ex
2511 3045 2592 3098 his
2625 3045 2714 3113 qui
2747 3059 2844 3099 vos
2867 3053 3054 3112 postea
3082 3045 3461 3101 turbaverunt.

2162 3133 2345 3207 (Vers.
2379 3134 2460 3206 9.)
2504 3134 2773 3190 Modicum
2815 3136 3127 3205 fermentum
3167 3145 3326 3190 totam
3363 3138 3696 3207 conspersio-

393 3231 640 3302 rogantia
668 3241 724 3288 et
763 3233 975 3288 vanitas
1005 3230 1129 3287 luit.
1164 3231 1412 3286 Breviter
1439 3231 1593 3286 vobis
1613 3245 1750 3286 meae
1788 3232 1989 3288 mentis
2017 3215 2064 3280 C
2093 3243 2208 3283 nem
2253 3229 2544 3298 fermentat.
2588 3226 2726 3282 Male
2765 3227 2820 3282 in
2862 3228 3064 3280 nostris
3104 3225 3388 3281 codicibus
3413 3227 3645 3282 habetur
3674 3243 3689 3282 :

392 3326 570 3382 fateor
595 3341 858 3382 arcanum
891 3344 904 3380 :
939 3325 1042 3393 Qui
1084 3340 1181 3395 per
1212 3339 1299 3380 me
1328 3323 1707 3380 intellecturus
1738 3334 1822 3381 est
1851 3327 1990 3398 Apo-

392 3419 612 3484 stolum,
645 3419 772 3474 nolo
802 3429 861 3474 ut
893 3433 1012 3474 mea
1042 3417 1246 3485 scripta
1290 3416 1581 3473 difﬁculter
1617 3418 1904 3489 intelligat,
1935 3427 1991 3474 et

391 3511 458 3567 ad
487 3513 839 3580 interpretem
870 3511 1340 3583 cognoscendum,
1369 3511 1533 3565 alium
1577 3519 1784 3582 quaerat
1823 3511 1991 3568 inter—

393 3615 622 3678 pretem.
671 3603 778 3662 Sed
826 3605 937 3677 jam
988 3613 1202 3677 tempus
1249 3613 1354 3671 est,
1413 3614 1472 3660 ut
1531 3604 1739 3676 reliqua
1795 3619 1986 3676 perse-

391 3713 648 3772 quamur.

465 3875 652 3950 (Vers.
683 3875 766 3947 7.)
808 3875 1103 3931 Currebatis
1133 3876 1276 3944 bene,
1301 3877 1415 3948 quis
1444 3892 1532 3931 vos
1557 3877 1822 3949 impedivit
1853 3879 1988 3931 veri-

393 3972 487 4025 tati
515 3987 620 4024 non
641 3970 890 4025 obedire?
927 3970 984 4026 ld
1023 3970 1164 4042 quod
1194 3985 1336 4026 nunc
1362 3970 1588 4026 Latinus
1613 3971 1789 4040 posuit
1817 3972 1987 4026 inter-

393 4078 543 4134 pres,
570 4063 769 4117 veritati
801 4079 903 4116 non
926 4063 1150 4130 obedire,
1189 4071 1243 4117 et
1271 4064 1322 4116 in
1366 4063 1556 4118 Graeco
1592 4063 1851 4133 scriptum
1884 4073 1988 4124 est.

393 4164 458 4232 τῇ
482 4156 688 4231 ἀληθείᾳ
711 4160 782 4228 μὴ
803 4157 1084 4220 πείθεσθαι,
1108 4154 1161 4209 in
1187 4155 1453 4224 superiori
1478 4157 1597 4210 loco
1620 4156 1690 4210 ita
1723 4157 1993 4226 interpre-

401 4256 546 4302 tatus
577 4256 682 4313 cst,
712 4263 816 4300 non
846 4246 1056 4300 credere
1083 4246 1306 4300 veritati.
1335 4246 1488 4314 Quod
1526 4247 1744 4317 quidem
1771 4262 1890 4314 nos,
1934 4249 1986 4302 in

399 4339 626 4392 vetustis
649 4336 928 4392 codicibus
961 4351 1066 4391 non
1100 4337 1312 4405 haberi,
1345 4338 1398 4391 in
1429 4353 1526 4392 suo
1556 4338 1676 4394 loco
1710 4339 1993 4393 annotavi-

399 4446 522 4485 tnus
546 4449 559 4483 :
594 4431 720 4485 licet
749 4441 804 4485 et
830 4430 1019 4485 Graeca
1048 4431 1380 4500 exemplaria
1414 4431 1516 4485 hoc
1545 4445 1733 4487 errore
1764 4431 1990 4487 confusa

398 4522 529 4577 sint.
577 4523 784 4577 Sensus
813 4530 992 4577 autem
1021 4522 1126 4577 iste
1157 4537 1172 4576 ε
1205 4520 1528 4577 Adorabatis
1556 4522 1771 4578 Patrem
1803 4525 1857 4577 in
1882 4523 1991 4592 spi-

2095 3319 2364 3375 Modicum
2393 3320 2698 3391 fermentum
2727 3327 2883 3373 totam
2906 3334 3131 3372 massam
3155 3320 3460 3390 corrumpit,
3493 3329 3547 3374 et
3567 3332 3695 3374 sen-

2090 3429 2210 3470 sum
2255 3414 2434 3484 potins
2484 3414 2752 3482 interpres
2796 3427 2974 3475 suum,
3024 3426 3188 3482 quam
3227 3411 3393 3467 verba
3444 3413 3689 3482 Apostoli

2092 3507 2388 3561 transtulit.
2421 3504 2588 3577 489
2619 3505 2728 3559 Hac
2758 3514 2938 3560 autem
2965 3504 3083 3574 ipsa
3110 3505 3383 3559 sententia
3417 3504 3615 3558 Paulus
3633 3513 3692 3559 et

2091 3599 2157 3653 ad
2189 3597 2504 3655 Corinthios
2525 3598 2733 3652 utitur:
2774 3598 2862 3652 ubi
2895 3598 3157 3667 praecepit
3187 3612 3312 3652 eum
3342 3598 3433 3668 qui
3460 3611 3692 3653 uxorem

2092 3691 2261 3762 patris
2282 3689 2365 3744 sui
2394 3689 2652 3754 habebat,
2686 3688 2800 3743 tolli
2833 3688 2902 3743 de
2934 3687 3115 3742 medio
3139 3732 3151 3755 ,
3182 3697 3234 3742 et
3260 3688 3399 3742 tradi
3424 3687 3694 3757 paeniten-

2093 3783 2184 3839 tiae
2213 3783 2266 3837 in
2299 3783 2574 3836 interitum
2601 3790 2656 3836 et
2693 3781 3039 3836 vexationem
3069 3780 3250 3836 carnis
3289 3795 3386 3850 per
3407 3780 3617 3850 jejunia
3638 3788 3696 3835 et

2093 3875 2498 3945 zegrotationes,
2530 3881 2592 3928 ut
2636 3874 2859 3944 spiritus
2899 3874 3080 3928 salvus
3117 3875 3208 3927 liat
3249 3873 3304 3928 in
3343 3873 3432 3929 die
3477 3872 3695 3928 Domini

2094 3966 2202 4038 [ΑΙ.
2231 3965 2381 4021 addit
2408 3964 2602 4036 nostri]
2623 3965 2752 4020 .lesu
2774 3963 3000 4019 Christi.
3030 3965 3122 4018 Ait
3149 3965 3347 4034 quippe
3374 3982 3388 4018 :
3415 3963 3538 4018 Non
3559 3964 3690 4018 bona

2091 4061 2332 4132 gloriatio
2374 4070 2562 4115 vestra.
2615 4058 2841 4113 Nescitis
2893 4061 3013 4128 quia
3070 4061 3328 4114 modicunt
3380 4061 3692 4129 fermentum

2095 4161 2253 4208 totam
2268 4169 2495 4206 massam
2522 4151 2995 4222 corrumpit(lC0r.
3022 4168 3074 4221 v,
3104 4152 3159 4218 5,
3178 4153 3210 4207 6
3238 4152 3440 4223 seqq)?
3468 4153 3582 4206 sive
3610 4151 3694 4222 (ut

2090 4245 2200 4316 jam
2233 4245 2341 4318 [Αι.
2367 4253 2422 4301 et
2443 4243 2579 4317 jam]
2609 4243 3042 4316 emendavimus)
3079 4253 3240 4298 totam
3272 4245 3694 4314 conspersionem

2095 4338 2412 4408 fermentati
2464 4338 2531 4392 Et
2571 4339 2752 4392 statim
2803 4337 2983 4392 intulit
3029 4355 3041 4390 :
3088 4336 3396 4412 Expurgate
3424 4348 3565 4393 vetus
3592 4338 3698 4408 fer-

2093 4440 2318 4483 mentum
2343 4471 2358 4491 ,
2387 4439 2443 4482 ut
2472 4430 2582 4483 sitis
2628 4447 2761 4483 nova
2792 4429 3123 4497 conspersio,
3157 4432 3287 4483 sicut
3335 4431 3458 4484 estis
3499 4431 3692 4500 azymi,

2095 4523 2280 4577 etenim
2303 4525 2493 4588 pascha
2521 4533 2756 4575 nostrum
2786 4523 3081 4575 immolatus
3113 4530 3187 4576 est
3219 4520 3474 4575 Christus.
3511 4519 3696 4590 Itaque

399 4613 507 4668 ritu
535 4621 591 4667 et
611 4613 860 4678 veritate,
885 4621 938 4668 et
969 4611 1037 4668 de
1058 4612 1390 4682 plenitudine
1413 4612 1610 4667 Christi
1637 4615 1989 4684 accipientes,
2020 4598 2074 4658 Ῑ)
2099 4613 2364 4685 epulcmur
2393 4629 2494 4666 non
2532 4613 2587 4666 in
2636 4613 2885 4681 fermento
2925 4613 3099 4678 veteri,
3138 4629 3299 4682 neque
3347 4613 3399 4667 in
3445 4614 3695 4683 fermento

399 4703 694 4767 sciebatis,
749 4705 872 4773 quia
920 4703 1027 4758 Lex
1080 4703 1206 4757 data
1251 4711 1335 4758 est
1394 4712 1597 4758 tantum
1649 4704 1848 4774 populo
1897 4721 1993 4775 per

399 4794 646 4867 Moysen,
678 4803 733 4849 et
753 4809 859 4850 non
889 4794 1050 4850 etiam
1084 4794 1243 4849 facta.
1275 4793 1459 4848 Gratia
1490 4803 1670 4849 autem
1701 4803 1756 4849 et
1793 4797 1992 4852 veritas

399 4904 508 4942 non
544 4889 721 4943 solum
761 4887 906 4953 data,
940 4888 1034 4943 sed
1065 4897 1120 4942 et
1159 4887 1298 4942 facta
1339 4902 1434 4958 per
1463 4887 1652 4944 .lesum
1691 4888 1988 4947 Christum.

399 4977 536 5033 Cum
568 4979 730 5049 igitur
757 4990 863 5032 tam
886 4979 1029 5034 bene
1057 4979 1373 5047 curreretis,
1408 4980 1618 5034 veritati
1641 4981 1813 5051 magis
1832 4996 1992 5051 quam

403 5071 728 5141 imaginibus
760 5071 1084 5139 servientes,
1114 5085 1145 5125 a
1169 5086 1278 5142 quo
1303 5072 1586 5142 praepediti
1613 5073 1836 5129 doctore
1865 5089 1993 5143 per-

406 5179 588 5232 verso,
622 5165 869 5220 umbram
907 5164 1068 5236 Legis
1108 5165 1417 5235 sequimini,
1441 5175 1498 5222 et
1519 5166 1798 5236 Evangelii
1825 5170 1995 5224 relin-

405 5257 569 5325 quitis
589 5257 873 5311 veritatem
889 5257 914 5308 ἲ
943 5256 1225 5326 Sequitur.

477 5345 689 5401 Nemini
709 5347 1092 5403 consenseritis.
1119 5347 1226 5403 Sed
1247 5347 1372 5418 quia
1405 5362 1506 5403 nec
1531 5349 1582 5403 in
1598 5349 1802 5406 Graecis
1824 5352 1996 5423 libris,

407 5455 505 5496 nec
549 5442 602 5496 in
640 5441 726 5497 his
753 5441 843 5512 qui
884 5441 940 5496 in
970 5440 1288 5511 Apostolum
1319 5444 1671 5498 commentati
1697 5455 1862 5514 sunt,
1898 5446 1999 5505 hoc

407 5535 663 5607 scriptum
694 5535 1027 5606 invenimus,
1063 5535 1502 5606 prastereundum
1529 5534 1762 5593 videtur.

481 5747 508 5776 ⁸
550 5737 664 5793 Duo
691 5753 851 5805 mss.,
878 5738 1023 5792 varia
1052 5737 1367 5793 constantia.

481 5806 510 5847 ι’
547 5807 885 5868 lnterserunt
914 5810 1117 5882 vulgati
1165 5808 1291 5868 libri
1325 5805 1610 5875 voculam,
1651 5806 1804 5876 alibi,
1837 5821 2000 5880 quam

2099 4707 2307 4761 malitiae
2335 4713 2383 4758 et
2416 4706 2656 4776 nequitia:
2675 4746 2689 4770 ,
2720 4705 2807 4758 sed
2837 4706 2891 4758 in
2920 4706 3114 4775 azymis
3137 4707 3450 4760 sinceritatis
3479 4715 3528 4760 et
3557 4705 3694 4758 veri-

2097 4803 2234 4855 tatis.
2286 4799 2440 4854 Nunc
2489 4806 2670 4852 autem
2731 4812 2827 4864 per
2879 4797 3016 4850 hanc
3069 4797 3316 4851 eamdem
3364 4795 3696 4852 sententiam

2097 4892 2257 4946 docet
2286 4905 2483 4961 panem
2519 4887 2774 4942 Ecclesia:
2797 4887 3134 4956 spiritualem
3153 4931 3167 4955 ,
3199 4889 3291 4957 qui
3319 4888 3387 4942 de
3415 4887 3556 4942 cmlo
3600 4885 3698 4942 de-

2101 4984 2336 5049 scendit,
2368 4998 2473 5038 non
2505 4980 2705 5036 debere
2729 4980 2954 5035 Jutlaica
2982 4981 3436 5049 interpretatione
3460 4979 3651 5034 violari
3683 4998 3697 5034 :

2100 5085 2154 5130 et
2183 5074 2442 5128 Dominus
2464 5074 2697 5143 idipsum
2721 5071 3002 5140 discipulis
3028 5072 3303 5141 praecepit,
3332 5081 3390 5126 ut
3412 5083 3642 5129 caveant
3661 5089 3695 5131 a

2105 5169 2373 5223 fermento
2394 5166 2791 5221 Pharisaeorum
2819 5161 3000 5236 (Joan.
3033 5162 3132 5235 v1).
3173 5163 3328 5232 Quod
3355 5165 3691 5234 evangelista

2105 5260 2448 5316 manifestius
2502 5258 2705 5314 iaciens
2753 5257 3003 5313 addidit:
3056 5255 3277 5313 Dixerat
3314 5266 3488 5313 autem
3525 5259 3597 5311 eis
3636 5259 3703 5313 de

2106 5354 2344 5407 doctrina
2390 5350 2782 5406 Pharisaeorum
2817 5349 3035 5420 (Matth.
3069 5365 3185 5419 xvi,
3219 5349 3329 5422 12).
3361 5350 3536 5406 Porro
3582 5366 3704 5422 quas

2107 5455 2190 5503 est
2239 5445 2338 5500 ista
2371 5444 2476 5499 alia
2516 5442 2764 5499 doctrina
2808 5442 3246 5512 Pharisaeorum,
3281 5442 3386 5497 nisi
3426 5441 3586 5513 Legis
3614 5456 3704 5498 se-

2107 5537 2347 5596 cundum
2374 5550 2599 5593 carnem
2632 5535 2986 5592 observatio?
3013 5535 3220 5593 Sensus
3246 5537 3429 5609 itaque
3452 5536 3557 5593 iste
3576 5543 3659 5592 est
3685 5557 3702 5595 :

2112 5752 2245 5796 mss.
2275 5736 2449 5793 nostri
2483 5749 2674 5792 omnes
2703 5743 2969 5806 ignorant.

2185 5821 2207 5848 ο
2249 5809 2614 5878 Martianaeus,
2645 5804 2986 5876 simpliciores
3011 5806 3224 5880 quippe.
