4056 6300
456 293 560 348 4υὸ

1711 284 1767 339 S.
1813 281 2083 346 EUSEBII
2121 282 2498 340 illEROtVYII

3645 278 3764 337 404

455 409 637 464 Nolite
665 418 856 477 putare
878 419 1168 478 paucorum
1198 401 1503 463 hominum,
1526 398 1617 467 qui
1643 397 1709 452 de
1735 395 1928 452 Judea
1954 411 2046 452 ve-
2073 398 2124 460 Δ
2149 395 2503 464 doctrinaque
2556 394 2818 447 virtutum
2878 393 3127 449 Salvator
3174 395 3251 448 ait
3282 414 3295 448 :
3345 392 3548 466 Iugum
3604 391 3758 446 enim

461 503 673 556 nientcs
697 500 844 555 aliud
879 500 1114 563 docent,
1148 493 1372 549 insidias
1397 489 1841 546 contemnendas.
1876 489 2045 544 Scin-

460 593 576 647 tilla
603 607 691 647 res
712 605 872 660 parva
913 597 1013 652 est,
1044 596 1098 642 et
1125 599 1260 655 pene
1290 584 1417 638 dum
1445 583 1722 648 cernitur,
1763 595 1873 635 non
1903 581 2048 634 vide-

461 693 578 748 tur;
608 684 701 737 sed
734 682 782 736 si
812 678 1050 735 ioniitem
1079 674 1591 745 comprehenderit,
1624 681 1681 726 et
1713 671 2049 726 nutrimenta

458 777 539 830 sui
570 772 814 844 quamvis
855 787 1049 840 parvus
1094 769 1233 838 ignis
1262 768 1560 830 invenerit,
1593 765 1828 830 mtenia,
1861 763 2048 830 urbes,

455 867 748 920 latissimos
789 863 995 928 saltus,
1045 862 1404 931 regionesque
1440 859 1736 912 consumit.
1786 855 2052 910 Formen-

459 967 569 1013 tum
596 971 809 1028 quoque
844 956 997 1025 cujus
1026 953 1092 1009 ad
1121 954 1287 1008 aliam
1318 961 1523 1019 partem
1554 954 1605 1004 in
1640 947 1929 1019 Evangelia
1955 962 2052 1018 pa-

457 1047 643 1103 rabola
677 1058 972 1118 temperata
1004 1055 1088 1100 cst
1109 1045 1261 1109 (Luc.
1293 1047 1411 1113 xm)
1439 1085 1455 1108 ,
1485 1060 1574 1097 res
1602 1042 1810 1097 modica
1843 1041 2055 1094 videtur

457 1153 510 1197 et
541 1141 729 1205 nihili;
784 1139 881 1196 sed
910 1155 1031 1194 cum
1066 1140 1250 1193 farinae
1280 1152 1664 1207 conspersum,
1700 1144 1866 1189 totam
1908 1149 2054 1187 mas-

459 1247 575 1287 sam
623 1249 721 1286 suo
777 1231 965 1300 vigore
1021 1229 1350 1299 corruperit,
1405 1229 1457 1282 in
1514 1227 1658 1282 illius
1703 1227 1809 1280 vim
1863 1223 2057 1280 transit

459 1340 621 1380 ouu‘tc
651 1323 793 1394 quod
827 1324 1057 1377 mixtum
1088 1334 1171 1376 est
1204 1340 1217 1375 :
1249 1322 1319 1376 ita
1349 1333 1404 1376 et
1429 1321 1682 1374 dcctrina
1714 1332 1967 1390 perversa
1989 1316 2056 1371 ab

461 1435 569 1472 uno
601 1418 864 1485 insipiens
909 1417 994 1470 vix
1041 1415 1181 1470 duos
1210 1424 1307 1470 aut
1347 1425 1458 1469 tres
1487 1416 1715 1482 primum
1748 1415 1799 1467 iu
1830 1410 2057 1467 exordio

462 1511 670 1580 reperit
697 1509 1005 1573 auditores;
1039 1507 1133 1564 sed
1167 1509 1428 1578 paulatim
1470 1517 1526 1562 ut
1573 1522 1770 1562 cancer
1801 1506 1970 1576 serpit
2000 1504 2057 1560 in

463 1619 716 1672 corpore,
750 1613 806 1658 et
825 1603 977 1674 juxta
1004 1603 1222 1674 vulgare
1246 1602 1618 1671 proverbium,
1652 1600 1813 1654 unius
1836 1597 2059 1669 pecudis

465 1697 675 1750 scabies
697 1737 711 1759 ,
744 1705 915 1749 totum
962 1693 1326 1749 commaculat
1352 1707 1594 1764 gregem.
1627 1691 1791 1763 Igitur
1831 1701 1888 1746 et
1915 1691 2056 1745 scin-

2155 501 2324 540 meum
2351 502 2507 539 suave
2527 495 2623 552 est,
2648 492 2697 538 et
2723 503 2854 538 onus
2872 501 3040 538 ineunt
3068 485 3176 540 leue
3201 495 3278 541 est
3300 485 3620 557 (Mutilum,
3637 479 3763 552 '50).

2153 577 2307 645 Quod
2347 587 2528 632 autem
2559 587 2614 630 et
2639 577 2891 632 doctrina
2941 594 3038 646 pro
3067 593 3238 634 onere
3276 579 3602 648 accipiatur,
3633 590 3762 646 pero

2154 670 2398 738 spicnum
2459 673 2515 723 tit
2582 670 2634 724 in
2694 669 3020 738 Evangelio.
3077 670 3315 742 Alligant
3361 671 3568 741 quippe
3619 667 3768 724 Pha-

2156 762 2297 816 risaei
2347 778 2518 817 onera
2560 767 2773 833 gravia,
2822 772 2878 818 et
2922 778 3044 834 quae
3097 765 3302 834 portari
3346 779 3456 820 non
3504 771 3763 833 possunt,

2156 863 2212 908 et
2265 865 2638 924 superponunt
2687 853 2806 926 [ΑΙ.
2861 853 3108 928 ponunt]
3168 872 3230 912 ea
3286 870 3450 927 super
3499 854 3764 912 humeros

2159 947 2470 1011 hominum,
2515 949 2616 1017 ipsi
2667 957 2849 1003 autem
2903 963 3009 1004 uno
3060 963 3124 1004 ea
3168 949 3340 1020 digito
3387 950 3581 1006 nolunt
3628 963 3765 1006 con-

2160 1037 2367 1107 tingere
2397 1035 2587 1107 (lbid.,
2619 1047 2799 1109 unt).
2829 1039 2999 1104 Quam
3029 1037 3191 1112 ωι
3213 1055 3382 1111 grave
3404 1042 3477 1096 sit
3503 1039 3754 1111 aliquem

2159 1133 2227 1188 de
2265 1134 2659 1204 tranquillitate
2697 1135 2943 1200 turbare,
2974 1145 3030 1192 et
3057 1151 3249 1192 serena
3278 1136 3444 1193 corda
3476 1137 3761 1194 hominum

2157 1226 2481 1296 quibusdam
2526 1228 2680 1296 quasi
2712 1227 2964 1282 ﬂuctibus
2993 1227 3280 1284 concitare
3302 1269 3318 1293 ,
3347 1228 3652 1285 Salvatoris
3692 1228 3763 1287 ad

2160 1321 2437 1390 apostolos
2483 1319 2651 1376 verba
2694 1328 2980 1385 testantur,
3011 1319 3278 1375 dicentis:
3316 1318 3396 1376 Ne
3432 1321 3762 1376 conturbatur

2161 1429 2248 1466 cor
2293 1422 2558 1476 uestrum,
2601 1428 2768 1482 neque
2821 1411 3046 1466 linteatis
3098 1409 3298 1481 (Joan.
3333 1412 3478 1482 ιη).
3531 1411 3759 1482 Expedit

2161 1503 2360 1574 quippe
2389 1504 2437 1558 ei
2480 1503 2573 1574 qui
2603 1503 2890 1558 conturbat
2920 1511 2974 1557 et
3003 1501 3340 1558 scandalizat
3367 1503 3672 1574 quempiam
3701 1503 3756 1560 in

2170 1596 2435 1661 Ecclesia,
2459 1605 2517 1650 ut
2547 1595 2683 1665 lapis
2713 1595 2938 1650 molaris
2968 1594 3338 1651 circumdatur
3365 1595 3508 1652 collo
3538 1594 3675 1664 ejus,
3704 1603 3757 1650 et

2165 1689 2413 1744 tnittatur
2439 1704 2560 1744 cum
2591 1703 2658 1742 eo
2689 1691 2742 1744 in
2769 1703 2950 1756 mare,
2978 1703 3139 1760 quam
3167 1696 3225 1740 ut
3245 1685 3573 1743 scandalizet
3595 1701 3759 1744 unum

464 1787 575 1842 tilla
611 1789 794 1841 statim
823 1796 880 1838 ut
910 1785 1253 1855 apparuerit,
1287 1783 1680 1855 esSIinguenda
1713 1792 1793 1838 est
1815 1824 1828 1847 ,
1871 1792 1927 1837 et
1952 1781 2056 1837 fero
2087 1787 2134 1849 Β
2161 1780 2228 1836 de
2270 1782 2353 1835 his
2378 1781 2647 1849 minimis,
2693 1781 2784 1852 qui
2816 1796 2844 1835 a
2878 1779 3162 1835 Salvatorc
3203 1786 3578 1833 monstrantur
3609 1777 3761 1850 (an.

465 1892 707 1940 mentum
735 1898 765 1936 a
795 1896 988 1937 massa:
1020 1879 1217 1936 vicinia
1247 1879 1661 1944 scmovendum,
1693 1875 1941 1933 secanda:
1963 1891 2061 1947 pu-

465 1973 617 2029 tridac
662 1987 874 2039 carnes,
914 1981 969 2026 et
1017 1971 1330 2027 scabiosum
1378 1971 1582 2025 animal
1615 1985 1644 2024 a
1680 1969 1855 2024 caulis
1876 1970 2058 2024 ovium

463 2064 859 2135 repellendum,
892 2079 958 2119 ne
987 2071 1102 2118 tota
1132 2063 1324 2118 domus
1347 2105 1362 2129 ,
1401 2078 1574 2120 massa
1596 2104 1611 2126 ,
1653 2078 1853 2134 corpus
1881 2071 1936 2116 et
1967 2077 2063 2131 pc-

465 2172 630 2223 cora,
677 2157 900 2220 ardeat,
959 2165 1374 2226 corrumpatur,
1438 2163 1747 2225 putrescat,
1803 2155 2058 2208 intereat.

467 2253 628 2308 Arius
660 2253 711 2306 in
733 2252 1066 2306 Alexandria
1101 2267 1207 2306 una
1247 2251 1485 2306 scintilla
1514 2249 1644 2315 fuit;
1676 2247 1772 2306 sed
1791 2250 1918 2320 quia
1953 2264 2061 2305 non

464 2341 829 2414 statimm
851 2358 1110 2412 oppressa
1143 2341 1250 2414 [AL
1286 2340 1603 2413 Oppressus]
1625 2352 1731 2409 est,
1767 2353 1937 2398 totum
1969 2357 2062 2398 or-

469 2437 592 2491 bent
621 2435 738 2506 ejus
767 2437 986 2490 llatnma
1018 2435 1270 2504 p0pulata
1299 2445 1406 2490 est.

539 2525 719 2596 (Vers.
763 2527 845 2595 9.)
894 2525 1007 2598 Ego
1053 2528 1260 2595 con/ida
1304 2528 1357 2580 in
1403 2527 1542 2582 vobis
1572 2527 1623 2582 in
1652 2526 1901 2593 Domino,
1941 2530 2063 2598 quia

465 2618 598 2673 nihil
625 2619 774 2673 aliuzl
803 2619 1036 2690 capietis.
1062 2617 1179 2673 Non
1216 2635 1311 2688 per
1335 2619 1727 2690 conjecturam,
1755 2629 1814 2676 ut
1843 2621 2062 2692 quidam

469 2711 679 2778 volunt,
727 2711 824 2766 sed
880 2711 1200 2782 prophetico
1244 2712 1436 2782 spiritu
1470 2711 1668 2767 Paulus
1715 2713 2058 2782 prommtiat,

467 2805 690 2862 Galatas
719 2805 785 2860 ad
817 2805 1064 2862 veritatis
1094 2807 1233 2860 viam
1253 2848 1267 2871 ,
1294 2821 1454 2876 quam
1485 2807 1781 2864 amiserant
1802 2848 1816 2874 ,
1852 2823 2064 2879 regres-

468 2912 628 2952 suros
666 2896 722 2968 (l
754 2896 874 2952 Cor.
909 2901 1030 2967 xu).
1067 2899 1275 2953 Etenim
1317 2899 1406 2968 qui
1450 2899 1585 2953 alios
1618 2898 1960 2967 hortabatur,
2004 2911 2063 2957 ut

469 2987 853 3044 :cmularentur
877 2989 1227 3056 charismata,
1262 2989 1434 3060 magis
1462 3003 1641 3045 autent
1673 2999 1731 3046 ut
1760 2990 2061 3061 propinata-

469 3087 628 3134 rent:
655 3079 772 3148 ipse
799 3096 1016 3152 quoilue
1051 3083 1243 3136 eadem
1278 3081 1471 3151 plenus
1497 3084 1665 3153 gratia
1698 3083 2058 3152 loquebatur:

2166 1874 2322 1944 mi).
2353 1871 2577 1927 Turbati
2610 1888 2741 1943 ergo
2770 1872 2988 1928 fuerant
3017 1871 3222 1926 Galatm
3260 1871 3400 1925 inter
3427 1869 3680 1941 Spiritum
3710 1880 3762 1927 et

2168 1965 2403 2022 litteram
2431 2007 2444 2030 ,
2490 1965 2970 2022 circumcisioncm
3019 1974 3073 2018 et
3109 1963 3517 2025 concisioncm,
3555 1963 3764 2019 Judais-

2167 2076 2311 2115 mum
2343 2059 2620 2115 occultum
2666 2068 2719 2114 ct
2765 2056 3114 2112 manifestum
3139 2099 3154 2124 ,
3187 2056 3316 2128 quid
3349 2067 3573 2128 agerent
3605 2057 3760 2128 igno-

2167 2160 2370 2208 rantes.
2400 2151 2624 2207 Brevius
2651 2157 2832 2204 autem
2864 2157 2920 2206 et
2948 2149 3026 2204 sic
3053 2149 3228 2220 accipi
3262 2159 3441 2221 potest
3468 2168 3478 2201 :
3507 2147 3764 2217 Quicum-

2165 2262 2270 2316 que
2291 2255 2377 2303 est
2397 2244 2492 2301 ille
2518 2244 2607 2314 qui
2632 2257 2729 2299 vos
2748 2243 2816 2299 ad
2841 2242 3245 2298 Pharisaeorum
3264 2243 3568 2298 doctrinam
3589 2251 3763 2300 retra-

2165 2341 2279 2404 hit,
2329 2347 2385 2394 et
2428 2339 2482 2394 in
2513 2353 2677 2392 carne
2707 2336 2982 2392 desiderat
3012 2335 3328 2392 circumcidi
3360 2353 3366 2358 ·
3408 2335 3656 2406 quamvis
3683 2335 3759 2392 sit

2163 2435 2462 2503 eloquens,
2495 2439 2549 2485 et
2583 2430 2634 2484 in
2681 2428 2842 2500 Legis
2883 2428 3191 2483 eruditione
3236 2442 3296 2482 se
3340 2427 3581 2496 jactitet,
3632 2426 3765 2483 nihil

2164 2522 2401 2591 amplius
2431 2522 2574 2588 dico,
2606 2521 2707 2576 nisi
2733 2519 2839 2575 hoc
2870 2518 3040 2591 (quod
3069 2520 3233 2574 etiam
3262 2533 3359 2574 vos
3384 2519 3624 2574 abnuere
3653 2532 3758 2573 non

2165 2616 2415 2688 potestis)
2453 2613 2598 2682 quod
2641 2612 2879 2684 portabit
2928 2627 3025 2682 pro
3058 2611 3159 2667 hoc
3184 2626 3348 2682 opere
3373 2611 3634 2682 judicium
3662 2654 3676 2674 ,
3707 2620 3762 2667 et

2163 2717 2527 2779 consequetur
2550 2722 2646 2778 pro
2669 2721 2769 2764 suo
2797 2706 2982 2764 labore
3011 2705 3339 2762 mercedem.

2242 2801 2421 2870 (Vers.
2459 2799 2569 2872 ll.)
2600 2799 2744 2872 Ego,
2778 2809 2973 2866 autem,
3004 2803 3218 2870 fratres,
3247 2799 3291 2856 si
3319 2798 3760 2855 circumcisiouem

2165 2895 2416 2965 praedico,
2446 2894 2574 2966 quid
2597 2891 2772 2946 adhuc
2801 2892 3210 2964 persecutionem
3239 2891 3454 2958 patior?
3476 2890 3620 2964 Ergo
3650 2909 3764 2949 era-

2165 3001 2372 3046 cuatum
2401 2999 2473 3044 est
2505 2989 2643 3061 (sive
2674 2999 2728 3042 ut
2758 2989 2808 3042 in
2837 2987 3031 3044 Grteco
3073 2987 3269 3042 melius
3304 2985 3490 3056 habet,
3523 2992 3762 3060 cessavit)

2164 3082 2470 3139 scandalum
2496 3081 2682 3137 crucis.
2729 3079 2986 3151 Legimus
3019 3079 3070 3136 in
3104 3079 3334 3135 Actibus
3364 3078 3756 3148 aposuilorum,

470 3171 553 3226 Ea:
579 3183 727 3243 parte
751 3175 1268 3245 cognoscimus,ete.r
1296 3184 1444 3246 parte
1471 3175 1838 3247 prophetamus
1866 3175 2055 3246 (lbid.,
2084 3173 2130 3236 C
2165 3175 2280 3246 ipse
2307 3190 2522 3246 quoque
2561 3173 2842 3245 apostolus
2873 3171 3072 3228 Paulus
3105 3173 3156 3228 in
3191 3172 3448 3243 Epistolis
3478 3172 3590 3227 suis
3619 3187 3763 3244 s:rpe

467 3279 593 3329 snt,
623 3265 700 3334 9).
749 3265 1059 3322 Praevidens
1100 3267 1264 3336 igitur
1308 3268 1538 3336 spiritu,
1574 3270 1698 3337 quia
1739 3269 1875 3324 nihil
1905 3270 2055 3327 aliud

421 3381 428 3388 -
465 3367 647 3412 essent
684 3357 964 3425 credituri,
1011 3357 1117 3414 nisi
1146 3359 1292 3430 quod
1325 3374 1420 3428 per
1454 3360 1750 3428 Epistulam
1781 3361 2058 3419 doceban-

462 3458 574 3515 tur,
601 3450 707 3504 ait:
743 3448 854 3520 Ego
885 3450 1092 3520 conﬁdo
1123 3450 1178 3503 in
1217 3449 1358 3505 vobis
1383 3451 1438 3504 in
1471 3449 1693 3506 Domino
1713 3495 1727 3520 ,
1760 3453 1896 3523 quod
1925 3454 2058 3510 nihil

459 3542 606 3596 aliud
657 3543 891 3613 capietis.
938 3541 1072 3596 Nam
1123 3553 1179 3596 et
1223 3542 1428 3598 additio
1471 3543 1736 3599 Dominici
1781 3546 2053 3613 nominis,

457 3633 692 3704 idipsum
729 3633 1026 3702 signiﬁcat.
1071 3631 1126 3688 Si
1173 3633 1318 3687 enim
1375 3648 1471 3703 per
1525 3633 1898 3705 conjecturam
1953 3635 2057 3692 hoc

461 3727 790 3792 :cstimahat,
813 3724 1262 3796 potneratdicerc
1285 3743 1297 3779 :
1315 3723 1430 3797 Ego
1443 3728 1648 3797 conﬁdo
1660 3728 1713 3782 in
1731 3729 1889 3784 vobis.
1906 3729 2058 3788 Nunc

459 3826 643 3873 autem
695 3832 977 3888 apponens
1005 3859 1020 3883 ,
1062 3818 1116 3871 in
1145 3814 1371 3873 Domino
1391 3859 1406 3884 ,
1439 3817 1626 3874 divino
1654 3821 1886 3889 quodam
1918 3835 2050 3879 con-

458 3908 632 3966 lidens
653 3909 867 3978 spiritu,
883 3909 1024 3977 quod
1051 3907 1292 3965 futurum
1317 3924 1668 3980 cognoverat,
1684 3912 2052 3984 prophetavit.

531 3997 718 4071 (Vers.
743 3997 859 4070 ltl.)
886 3999 987 4066 Qui
1012 4009 1183 4054 autem
1209 4002 1482 4055 conturbat
1513 4019 1619 4070 ros,
1655 4006 1878 4072 portabit
1898 4005 2055 4076 judi-

460 4093 620 4158 cium,
649 4091 960 4163 quicumque
985 4104 1061 4147 est
1091 4093 1198 4149 ille.
1230 4093 1490 4160 Occulte,
1527 4096 1794 4165 inquiunt,
1829 4096 2051 4154 Petrum

460 4185 706 4251 lacerat,
752 4185 839 4240 cui
881 4199 1044 4256 supra
1084 4187 1136 4242 in
1182 4189 1374 4243 faciem
1426 4189 1698 4244 restitisse
1727 4205 1787 4246 se
1815 4190 2051 4257 scribit,

457 4274 603 4345 quod
635 4289 742 4332 non
774 4285 924 4332 recto
952 4275 1088 4348 pede
1120 4277 1405 4335 incesserit
1433 4280 1500 4335 ad
1535 4279 1816 4351 Evangelii
1855 4283 2054 4337 verita-

458 4368 710 4425 tem.Sed
732 4383 834 4425 nec
856 4367 1056 4424 Paulus
1079 4380 1184 4425 tam
1209 4372 1425 4442 procaci
1455 4372 1745 4428 maledicto
1765 4371 1833 4428 de
1862 4372 2049 4431 Eccle-

453 4463 552 4518 sia:
576 4463 823 4532 principe
849 4461 1165 4533 loqueretur
1191 4462 1391 4531 (Gatat.
1411 4466 1490 4536 ιι),
1511 4482 1610 4520 nec
1635 4466 1830 4523 Petrus
1851 4465 2047 4539 dignus

2163 3275 2574 3330 Commemorat,
2600 3281 2659 3321 se
2682 3281 2706 3318 τι
2737 3265 2941 3320 iudicis
2969 3265 3379 3332 persecutiones
3401 3263 3761 3322 creberrimas

2161 3359 2510 3427 sustinuisse,
2539 3371 2824 3428 pr0pterea
2870 3355 3016 3428 quod
3045 3355 3264 3412 doceret
3300 3371 3394 3414 eos
3422 3357 3510 3428 qui
3539 3356 3606 3414 de
3630 3372 3762 3429 gen-

2161 3453 2308 3509 tibus
2334 3452 2678 3509 crediderant
2705 3454 2755 3504 in
2784 3450 3026 3516 Christo,
3058 3465 3161 3506 non
3190 3449 3388 3508 debere
3417 3449 3754 3507 circumcidi.

2163 3547 2228 3602 Hi
2269 3547 2447 3614 itaque
2478 3545 2547 3601 de
2586 3545 2785 3617 quibus
2815 3560 2974 3615 supra
3005 3545 3079 3600 ait
3109 3563 3121 3600 :
3162 3544 3266 3611 Qui
3291 3555 3461 3599 autem
3495 3545 3760 3603 conturbat

2159 3656 2268 3705 ros,
2296 3638 2517 3709 portabit
2537 3637 2826 3710 judicium,
2861 3637 3169 3708 quicumque
3199 3647 3273 3689 est
3295 3636 3418 3703 ille,
3451 3645 3508 3690 ut
3537 3636 3756 3708 decipe-

2159 3743 2281 3788 rent
2317 3733 2575 3793 Galatas.
2606 3734 2768 3786 etiam
2817 3731 2918 3785 hoc
2947 3730 3259 3784 addebant:
3297 3729 3414 3784 Non
3453 3730 3629 3784 solum
3661 3730 3761 3785 Pe-

2159 3835 2274 3882 trus
2295 3866 2310 3890 ,
2339 3834 2399 3881 et
2423 3824 2659 3882 Jacohus
2680 3865 2696 3890 ,
2741 3835 2799 3878 et
2826 3822 3066 3879 Joannes
3093 3866 3107 3890 ,
3141 3831 3194 3879 et
3245 3820 3432 3874 ca-tcri
3475 3821 3529 3874 in
3573 3820 3758 3878 Judtca

2159 3919 2392 3989 apostoli
2421 3916 2918 3979 circumcisioncm,
2948 3922 3003 3968 et
3033 3914 3134 3967 alia
3165 3919 3435 3983 praecepta
3471 3910 3629 3981 [mgis
3658 3913 3759 3966 ob.

2157 4019 2402 4076 servant,
2432 4007 2526 4063 sed
2557 4008 2672 4077 ipse
2703 4019 2923 4074 quoque
2955 4002 3159 4058 Paulus
3179 4044 3195 4069 ,
3226 4004 3316 4071 qui
3343 4016 3436 4056 vos
3465 4002 3624 4058 aliter
3654 4003 3755 4062 do.

2157 4101 2288 4168 cuit,
2313 4116 2471 4172 quam
2495 4113 2553 4153 se
2578 4097 2654 4152 rei
2684 4096 2889 4150 veritas
2920 4093 3102 4164 habet,
3134 4093 3481 4150 'l‘imotheum
3515 4097 3756 4152 circum.

2155 4194 2324 4260 cidit,
2383 4203 2439 4248 et
2483 4188 2689 4246 Judazis
2737 4188 3054 4260 frequenter
3110 4185 3330 4243 Judazus
3395 4187 3568 4244 factus
3625 4199 3748 4260 est,

2155 4286 2384 4342 veritate
2440 4289 2691 4352 cogente.
2726 4280 2896 4349 Quam
2948 4279 3266 4352 opinionem
3323 4279 3391 4336 de
3439 4279 3750 4338 Galatarum

2157 4375 2430 4434 mentibus
2447 4374 2650 4430 Paulus
2675 4389 2820 4430 nunc
2838 4374 3028 4429 volens
3051 4375 3271 4442 tollere,
3294 4375 3397 4430 ait:
3422 4373 3534 4447 Ego
3557 4385 3748 4446 autem,

2155 4475 2362 4544 fratres,
2391 4470 2433 4524 si
2464 4468 2907 4523 circumcisionem
2936 4467 3187 4539 prtedico,
3218 4467 3344 4536 quid
3373 4465 3548 4520 adhuc
3579 4483 3752 4537 perse-

451 4555 542 4628 qui
585 4554 922 4610 conturbatae
955 4555 1210 4610 Ecclesia:
1250 4572 1374 4611 reus
1417 4556 1592 4613 ﬁeret.
1627 4557 1703 4612 Ex
1753 4573 1860 4628 quo
1898 4556 2044 4635 arbi-
2071 4559 2122 4620 Ι)
2147 4563 2405 4618 cutionem
2425 4561 2596 4634 patior
2618 4561 2642 4614 Ρ
2668 4560 2863 4625 Omne,
2900 4557 3102 4629 inquit,
3133 4560 3183 4614 in
3208 4574 3293 4613 me
3315 4558 3500 4614 odium
3533 4558 3750 4615 Judmo.

451 4648 712 4704 trandum
737 4657 820 4703 est
841 4648 909 4704 de
939 4648 1047 4704 alio
1067 4648 1306 4720 quodam
1335 4650 1472 4720 dici,
1501 4652 1595 4722 qui
1627 4663 1724 4706 aut
1753 4669 1872 4708 cum
1901 4657 2050 4723 Apo-

454 4741 616 4796 stolis
642 4739 845 4806 fuerat,
877 4751 968 4796 aut
999 4739 1068 4797 dc
1093 4741 1280 4798 .ludaza
1307 4754 1738 4811 venerat,autex
1753 4744 2046 4800 Pharismis

449 4834 779 4901 crediderat,
808 4843 1070 4892 autcerte
1111 4851 1337 4907 magnus
1380 4839 1450 4893 sit
1473 4838 1614 4908 apud
1647 4837 1868 4895 Galatas
1899 4839 2048 4894 acsti-

451 4937 650 4993 matus,
671 4938 730 4982 ut
758 4935 938 4998 portet
956 4927 1224 4998 judicium
1252 4929 1508 4986 Ecclesia:
1535 4930 1900 4999 conturbata,
1923 4930 2046 5002 qni-

446 5033 678 5088 cumque
714 5027 800 5075 est
846 5019 960 5075 ille.
993 5017 1223 5076 Portare
1251 5028 1430 5076 autem
1477 5021 1784 5091 judicium,
1834 5022 1886 5078 id
1935 5031 2041 5090 est,

445 5112 590 5182 quod
620 5111 744 5166 aliis
775 5111 961 5169 verbis
1002 5113 1055 5167 in
1084 5113 1438 5183 sequentibus
1465 5113 1641 5170 dixit:
1676 5113 2042 5187 Unusquisque

444 5205 717 5275 proprium
747 5221 878 5260 onus
905 5204 1150 5275 portabit.
1184 5205 1249 5261 Et
1277 5215 1404 5276 puto
1440 5207 1494 5262 in
1523 5207 1821 5277 Scripturis
1846 5249 1862 5276 ,
1902 5223 2041 5266 onus

442 5301 501 5350 et
538 5295 596 5349 in
629 5295 831 5350 bonam
861 5304 919 5352 et
946 5297 999 5353 in
1029 5296 1227 5352 malam
1259 5308 1468 5368 partem
1500 5312 1662 5369 posse
1691 5302 1860 5371 accipi
1888 5344 1903 5369 ,
1936 5301 2040 5358 hoc

443 5397 548 5452 est,
588 5397 642 5443 et
669 5391 720 5444 in
767 5388 857 5445 his
888 5390 979 5461 qui
1008 5391 1247 5461 peccatis
1269 5391 1527 5462 gravibus
1550 5395 1954 5463 opprimuntur.
1984 5403 2041 5451 et

442 5481 497 5534 in
527 5482 634 5537 illis
662 5484 753 5554 qui
777 5485 1038 5540 virtutum
1069 5485 1207 5540 levia
1248 5499 1416 5541 onera
1447 5494 1778 5544 sustentant.
1807 5488 1882 5544 De
1911 5502 2035 5558 pec-

444 5571 578 5625 catis
619 5575 672 5626 in
712 5575 919 5642 psalmo
958 5577 1230 5645 paenitens
1268 5578 1542 5648 loquitur:
1575 5579 1884 5648 Iniquitates
1913 5596 2040 5634 mete

444 5661 655 5712 e'evata:
679 5670 796 5713 sunt
824 5679 978 5730 super
1004 5675 1160 5732 caput
1188 5681 1376 5733 meum,
1400 5669 1550 5738 quasi
1582 5684 1714 5722 onus
1741 5683 1893 5738 grave
1919 5685 2040 5739 gra-

445 5757 575 5802 mm
602 5760 722 5804 sunt
749 5766 906 5820 super
934 5770 1013 5806 me
1040 5753 1218 5826 (Psal.
1255 5772 1469 5828 sum,
1503 5758 1581 5829 5).
1617 5759 1694 5817 De
1725 5759 2034 5829 virtutibus,

2152 4671 2292 4719 rum,
2328 4665 2382 4710 et
2405 4669 2508 4726 qua
2536 4653 2826 4710 adversum
2858 4666 2943 4706 me
2970 4652 3182 4707 luriunt
3215 4650 3426 4706 insania
3447 4692 3461 4716 ,
3497 4651 3566 4705 ob
3614 4649 3745 4707 nihil

2149 4749 2294 4804 aliud
2317 4760 2419 4813 est,
2444 4749 2546 4804 nisi
2571 4749 2714 4819 quod
2733 4747 2908 4804 doceo
2931 4755 3126 4818 gentes
3149 4760 3253 4802 non
3282 4745 3486 4801 debere
3514 4744 3746 4800 circum—

2147 4841 2276 4908 cidi,
2302 4848 2358 4896 et
2387 4839 2550 4911 Legis
2568 4855 2737 4898 onera
2766 4839 3038 4910 superﬂua
3071 4848 3126 4896 et
3147 4838 3258 4910 jam
3287 4837 3490 4894 abolita
3510 4837 3747 4893 custodi-

2148 4949 2228 4991 re.
2271 4931 2406 4989 Cum
2438 4941 2616 4988 autem
2669 4932 3100 5002 persecutionem
3142 4931 3307 5004 m2
3339 4931 3539 5001 patiar,
3573 4929 3746 4987 mani-

2148 5025 2346 5083 festum
2367 5035 2455 5084 est
2482 5041 2568 5082 me
2591 5023 3065 5082 circumcisionem
3090 5041 3195 5079 non
3230 5022 3553 5094 praedicare,
3583 5037 3742 5093 quam

2147 5119 2390 5176 destruo.
2421 5117 2537 5173 Non
2569 5117 2714 5174 enim
2751 5127 2862 5174 tam
2900 5116 3344 5189 persecutionem
3387 5117 3566 5185 patior
3593 5130 3622 5170 a
3650 5114 3743 5172 Ju-

2147 5213 2310 5279 da-is,
2340 5214 2464 5282 quia
2496 5211 2733 5282 praedico
2778 5209 3122 5276 cruciﬁxum,
3167 5218 3223 5266 et
3251 5208 3437 5266 Jesum
3469 5208 3590 5263 dico
3619 5220 3742 5263 esse

2148 5303 2444 5371 Christum,
2476 5319 2635 5373 quem
2676 5302 2783 5358 Lex
2815 5311 2869 5358 et
2899 5300 3177 5372 prophetae
3209 5299 3733 5368 praetiuntiarerunt,

2147 5410 2307 5466 quam
2334 5395 2460 5465 quia
2492 5395 2664 5453 doceo
2689 5395 2885 5466 Legem
2923 5408 3044 5449 esse
3076 5395 3422 5463 mmpletam.
3451 5389 3604 5457 Quod
3643 5403 3739 5444 au-

2147 5496 2253 5541 tem
2277 5501 2408 5542 crux
2422 5485 2627 5544 iudicis
2647 5485 2961 5543 scandalum
2985 5483 3605 5554 sit,gentibusstultitia,
3623 5481 3739 5552 ipse

2147 5580 2413 5637 Dominus
2438 5592 2620 5637 noster
2646 5581 2911 5644 ostendit,
2938 5580 3033 5651 qui
3079 5579 3215 5650 lapis
3245 5578 3454 5634 dicitur
3482 5577 3739 5632 oﬂ'ensio-

2148 5672 2254 5736 nis,
2281 5682 2335 5725 et
2361 5684 2513 5742 petra
2541 5672 3013 5748 scandaliﬂlattlz.
3040 5687 3158 5740 ut;
3193 5671 3322 5728 Luc.
3351 5671 3443 5745 xx)
3471 5689 3484 5726 :
3517 5682 3736 5743 propter

2147 5762 2278 5820 nihil
2307 5762 2455 5820 aliud
2505 5772 2636 5834 puto
2662 5802 2679 5827 ,
2724 5764 2830 5819 nisi
2873 5764 2997 5836 quis
3045 5763 3362 5836 prmdicatio
3402 5778 3526 5824 cum
3555 5761 3733 5835 plenis
