  <div class='ocr_page' id='page_1' title='image "/cluster/home/n/w/nwhite01/storage/ocr_20150623/26/uva.x000826568/210.png"; bbox 0 0 4056 6294; ppageno 0'>
   <div class='ocr_carea' id='block_1_1' title="bbox 255 349 364 410">
    <p class='ocr_par' dir='ltr' id='par_1_1' title="bbox 255 349 364 410">
     <span class='ocr_line' id='line_1_1' title="bbox 255 349 364 410; baseline -0.037 -1"><span class='ocrx_word' id='word_1_1' title='bbox 255 349 364 410; x_wconf 70' lang='grc'><strong>405</strong></span> 
     </span>
    </p>
   </div>
   <div class='ocr_carea' id='block_1_2' title="bbox 761 347 3060 418">
    <p class='ocr_par' dir='ltr' id='par_1_2' title="bbox 761 347 3060 418">
     <span class='ocr_line' id='line_1_2' title="bbox 761 347 3060 418; baseline 0.001 -12"><span class='ocrx_word' id='word_1_2' title='bbox 761 349 1414 418; x_wconf 77' lang='lat' dir='ltr'><strong>COMMENTARIORUM</strong></span> <span class='ocrx_word' id='word_1_3' title='bbox 1451 348 1513 404; x_wconf 81' lang='lat' dir='ltr'><strong>IN</strong></span> <span class='ocrx_word' id='word_1_4' title='bbox 1557 347 1944 407; x_wconf 74' lang='lat' dir='ltr'><strong>EPISTOLAM</strong></span> <span class='ocrx_word' id='word_1_5' title='bbox 1982 349 2079 406; x_wconf 77' lang='lat' dir='ltr'><strong>AD</strong></span> <span class='ocrx_word' id='word_1_6' title='bbox 2116 349 2444 408; x_wconf 72' lang='lat' dir='ltr'><strong>GALATAS</strong></span> <span class='ocrx_word' id='word_1_7' title='bbox 2484 351 2614 406; x_wconf 86' lang='lat' dir='ltr'><strong>LIB.</strong></span> <span class='ocrx_word' id='word_1_8' title='bbox 2661 349 2751 406; x_wconf 83' lang='grc' dir='ltr'><strong>ΙΙΙ.</strong></span> <span class='ocrx_word' id='word_1_9' title='bbox 2794 351 2951 407; x_wconf 75' lang='lat' dir='ltr'><strong>CAP.</strong></span> <span class='ocrx_word' id='word_1_10' title='bbox 2997 351 3060 409; x_wconf 85' lang='lat' dir='ltr'><strong>V.</strong></span> 
     </span>
    </p>
   </div>
   <div class='ocr_carea' id='block_1_3' title="bbox 3453 352 3561 409">
    <p class='ocr_par' dir='ltr' id='par_1_3' title="bbox 3453 352 3561 409">
     <span class='ocr_line' id='line_1_3' title="bbox 3453 352 3561 409; baseline 0.019 -2"><span class='ocrx_word' id='word_1_11' title='bbox 3453 352 3561 409; x_wconf 72' lang='grc' dir='ltr'><strong>ιοσ</strong></span> 
     </span>
    </p>
   </div>
   <div class='ocr_carea' id='block_1_4' title="bbox 261 465 3558 544">
    <p class='ocr_par' dir='ltr' id='par_1_4' title="bbox 261 465 3558 544">
     <span class='ocr_line' id='line_1_4' title="bbox 261 465 3558 544; baseline 0.001 -22"><span class='ocrx_word' id='word_1_12' title='bbox 261 470 396 525; x_wconf 86' lang='lat' dir='ltr'><strong>velis</strong></span> <span class='ocrx_word' id='word_1_13' title='bbox 423 467 494 525; x_wconf 83' lang='lat' dir='ltr'><strong>ad</strong></span> <span class='ocrx_word' id='word_1_14' title='bbox 531 467 823 524; x_wconf 73' lang='lat' dir='ltr'><strong>audientes</strong></span> <span class='ocrx_word' id='word_1_15' title='bbox 853 467 1203 538; x_wconf 86' lang='lat' dir='ltr'><strong>processerit,</strong></span> <span class='ocrx_word' id='word_1_16' title='bbox 1232 466 1416 522; x_wconf 89' lang='lat' dir='ltr'><strong>statim</strong></span> <span class='ocrx_word' id='word_1_17' title='bbox 1444 475 1505 522; x_wconf 91' lang='lat' dir='ltr'><strong>ut</strong></span> <span class='ocrx_word' id='word_1_18' title='bbox 1530 465 1599 522; x_wconf 87' lang='lat' dir='ltr'><strong>ad</strong></span> <span class='ocrx_word' id='word_1_19' title='bbox 1626 480 1848 522; x_wconf 81' lang='lat' dir='ltr'><strong>crucem</strong></span> <span class='ocrx_word' id='word_1_20' title='bbox 1879 468 1938 544; x_wconf 75' lang='lat' dir='ltr'><strong>A_</strong></span> <span class='ocrx_word' id='word_1_21' title='bbox 1956 475 2138 537; x_wconf 89' lang='lat' dir='ltr'><strong>partes</strong></span> <span class='ocrx_word' id='word_1_22' title='bbox 2163 468 2412 538; x_wconf 86' lang='lat' dir='ltr'><strong>corporis</strong></span> <span class='ocrx_word' id='word_1_23' title='bbox 2440 467 2754 540; x_wconf 73' lang='lat' dir='ltr'><strong>perderent,</strong></span> <span class='ocrx_word' id='word_1_24' title='bbox 2781 483 2878 540; x_wconf 90' lang='lat' dir='ltr'><strong>per</strong></span> <span class='ocrx_word' id='word_1_25' title='bbox 2903 484 3039 538; x_wconf 88' lang='lat' dir='ltr'><strong>quas</strong></span> <span class='ocrx_word' id='word_1_26' title='bbox 3061 468 3381 541; x_wconf 86' lang='lat' dir='ltr'><strong>delinquere</strong></span> <span class='ocrx_word' id='word_1_27' title='bbox 3395 485 3558 542; x_wconf 84' lang='lat' dir='ltr'><strong>coge-</strong></span> 
     </span>
    </p>
   </div>
   <div class='ocr_carea' id='block_1_5' title="bbox 257 561 3551 633">
    <p class='ocr_par' dir='ltr' id='par_1_5' title="bbox 257 561 3551 633">
     <span class='ocr_line' id='line_1_5' title="bbox 257 561 3551 633; baseline 0.001 -16"><span class='ocrx_word' id='word_1_28' title='bbox 257 563 494 630; x_wconf 82' lang='lat' dir='ltr'><strong>venerit,</strong></span> <span class='ocrx_word' id='word_1_29' title='bbox 526 563 804 633; x_wconf 76' lang='lat' dir='ltr'><strong>impingit:</strong></span> <span class='ocrx_word' id='word_1_30' title='bbox 834 571 888 617; x_wconf 90' lang='lat' dir='ltr'><strong>et</strong></span> <span class='ocrx_word' id='word_1_31' title='bbox 914 575 1254 632; x_wconf 79' lang='lat' dir='ltr'><strong>nequaquam</strong></span> <span class='ocrx_word' id='word_1_32' title='bbox 1286 561 1465 617; x_wconf 86' lang='lat' dir='ltr'><strong>libero</strong></span> <span class='ocrx_word' id='word_1_33' title='bbox 1484 575 1649 616; x_wconf 87' lang='lat' dir='ltr'><strong>cursu</strong></span> <span class='ocrx_word' id='word_1_34' title='bbox 1677 568 1857 631; x_wconf 83' lang='lat' dir='ltr'><strong>potest</strong></span> <span class='ocrx_word' id='word_1_35' title='bbox 1957 561 2177 617; x_wconf 90' lang='lat' dir='ltr'><strong>bantur.</strong></span> <span class='ocrx_word' id='word_1_36' title='bbox 2212 562 2280 618; x_wconf 86' lang='lat' dir='ltr'><strong>Et</strong></span> <span class='ocrx_word' id='word_1_37' title='bbox 2317 563 2596 633; x_wconf 88' lang='lat' dir='ltr'><strong>quomodo</strong></span> <span class='ocrx_word' id='word_1_38' title='bbox 2627 563 2680 617; x_wconf 88' lang='lat' dir='ltr'><strong>in</strong></span> <span class='ocrx_word' id='word_1_39' title='bbox 2716 562 3013 633; x_wconf 82' lang='lat' dir='ltr'><strong>Evangelio</strong></span> <span class='ocrx_word' id='word_1_40' title='bbox 3040 563 3246 620; x_wconf 90' lang='lat' dir='ltr'><strong>dictum</strong></span> <span class='ocrx_word' id='word_1_41' title='bbox 3275 572 3360 620; x_wconf 86' lang='lat' dir='ltr'><strong>est</strong></span> <span class='ocrx_word' id='word_1_42' title='bbox 3387 583 3400 617; x_wconf 87' lang='lat'><strong>:</strong></span> <span class='ocrx_word' id='word_1_43' title='bbox 3433 579 3551 621; x_wconf 82' lang='lat' dir='ltr'><strong>me-</strong></span> 
     </span>
    </p>
   </div>
   <div class='ocr_carea' id='block_1_6' title="bbox 256 652 1854 725">
    <p class='ocr_par' dir='ltr' id='par_1_6' title="bbox 256 652 1854 725">
     <span class='ocr_line' id='line_1_6' title="bbox 256 652 1854 725; baseline -0.001 -14"><span class='ocrx_word' id='word_1_44' title='bbox 256 655 400 713; x_wconf 90' lang='lat' dir='ltr'><strong>ultra</strong></span> <span class='ocrx_word' id='word_1_45' title='bbox 432 655 754 725; x_wconf 83' lang='lat' dir='ltr'><strong>procedere.</strong></span> <span class='ocrx_word' id='word_1_46' title='bbox 791 662 818 690; x_wconf 78' lang='grc' dir='ltr'><strong>ι</strong></span> <span class='ocrx_word' id='word_1_47' title='bbox 848 653 956 709; x_wconf 86' lang='lat' dir='ltr'><strong>Sed</strong></span> <span class='ocrx_word' id='word_1_48' title='bbox 996 654 1112 708; x_wconf 58' lang='lat' dir='ltr'><strong>haec</strong></span> <span class='ocrx_word' id='word_1_49' title='bbox 1150 669 1280 709; x_wconf 79' lang='lat' dir='ltr'><strong>crux</strong></span> <span class='ocrx_word' id='word_1_50' title='bbox 1312 669 1432 724; x_wconf 68' lang='lat' dir='ltr'><strong>quae</strong></span> <span class='ocrx_word' id='word_1_51' title='bbox 1461 652 1605 724; x_wconf 82' lang='lat' dir='ltr'><strong>apud</strong></span> <span class='ocrx_word' id='word_1_52' title='bbox 1630 652 1854 710; x_wconf 75' lang='lat' dir='ltr'><strong>Judteos</strong></span> 
     </span>
    </p>
   </div>
   <div class='ocr_carea' id='block_1_7' title="bbox 254 745 1851 817">
    <p class='ocr_par' dir='ltr' id='par_1_7' title="bbox 254 745 1851 817">
     <span class='ocr_line' id='line_1_7' title="bbox 254 745 1851 817; baseline -0.004 -11"><span class='ocrx_word' id='word_1_53' title='bbox 254 747 578 806; x_wconf 76' lang='lat' dir='ltr'><strong>scandalum</strong></span> <span class='ocrx_word' id='word_1_54' title='bbox 627 755 748 809; x_wconf 89' lang='lat' dir='ltr'><strong>est.</strong></span> <span class='ocrx_word' id='word_1_55' title='bbox 781 755 838 800; x_wconf 89' lang='lat' dir='ltr'><strong>et</strong></span> <span class='ocrx_word' id='word_1_56' title='bbox 879 745 1020 812; x_wconf 90' lang='lat' dir='ltr'><strong>apud</strong></span> <span class='ocrx_word' id='word_1_57' title='bbox 1053 755 1248 817; x_wconf 81' lang='lat' dir='ltr'><strong>gentes</strong></span> <span class='ocrx_word' id='word_1_58' title='bbox 1292 745 1544 811; x_wconf 82' lang='lat' dir='ltr'><strong>stultitia,</strong></span> <span class='ocrx_word' id='word_1_59' title='bbox 1575 745 1732 800; x_wconf 88' lang='lat' dir='ltr'><strong>nobis</strong></span> <span class='ocrx_word' id='word_1_60' title='bbox 1759 746 1851 813; x_wconf 88' lang='lat' dir='ltr'><strong>qui</strong></span> 
     </span>
    </p>
   </div>
   <div class='ocr_carea' id='block_1_8' title="bbox 256 834 1854 907">
    <p class='ocr_par' dir='ltr' id='par_1_8' title="bbox 256 834 1854 907">
     <span class='ocr_line' id='line_1_8' title="bbox 256 834 1854 907; baseline -0.004 -11"><span class='ocrx_word' id='word_1_61' title='bbox 256 840 531 896; x_wconf 86' lang='lat' dir='ltr'><strong>credimus</strong></span> <span class='ocrx_word' id='word_1_62' title='bbox 575 838 748 893; x_wconf 88' lang='lat' dir='ltr'><strong>virtus</strong></span> <span class='ocrx_word' id='word_1_63' title='bbox 790 847 873 892; x_wconf 89' lang='lat' dir='ltr'><strong>est</strong></span> <span class='ocrx_word' id='word_1_64' title='bbox 903 846 958 892; x_wconf 92' lang='lat' dir='ltr'><strong>et</strong></span> <span class='ocrx_word' id='word_1_65' title='bbox 982 838 1269 907; x_wconf 88' lang='lat' dir='ltr'><strong>sapientia.</strong></span> <span class='ocrx_word' id='word_1_66' title='bbox 1301 836 1541 894; x_wconf 79' lang='lat' dir='ltr'><strong>Christus</strong></span> <span class='ocrx_word' id='word_1_67' title='bbox 1581 837 1717 892; x_wconf 84' lang='lat' dir='ltr'><strong>enim</strong></span> <span class='ocrx_word' id='word_1_68' title='bbox 1751 834 1854 892; x_wconf 75' lang='lat' dir='ltr'><strong>Dei</strong></span> 
     </span>
    </p>
   </div>
   <div class='ocr_carea' id='block_1_9' title="bbox 255 927 1852 1001">
    <p class='ocr_par' dir='ltr' id='par_1_9' title="bbox 255 927 1852 1001">
     <span class='ocr_line' id='line_1_9' title="bbox 255 927 1852 1001; baseline -0.003 -14"><span class='ocrx_word' id='word_1_69' title='bbox 255 932 425 987; x_wconf 79' lang='lat' dir='ltr'><strong>uirtus</strong></span> <span class='ocrx_word' id='word_1_70' title='bbox 453 938 562 997; x_wconf 84' lang='lat' dir='ltr'><strong>est,</strong></span> <span class='ocrx_word' id='word_1_71' title='bbox 599 939 648 984; x_wconf 85' lang='lat' dir='ltr'><strong>et</strong></span> <span class='ocrx_word' id='word_1_72' title='bbox 679 928 770 983; x_wconf 85' lang='lat' dir='ltr'><strong>Dei</strong></span> <span class='ocrx_word' id='word_1_73' title='bbox 797 929 1051 999; x_wconf 85' lang='lat' dir='ltr'><strong>sapientia</strong></span> <span class='ocrx_word' id='word_1_74' title='bbox 1081 928 1125 1001; x_wconf 94' lang='lat' dir='ltr'><strong>(l</strong></span> <span class='ocrx_word' id='word_1_75' title='bbox 1165 927 1286 984; x_wconf 83' lang='lat' dir='ltr'><strong>Cor.</strong></span> <span class='ocrx_word' id='word_1_76' title='bbox 1322 945 1360 997; x_wconf 86' lang='grc' dir='ltr'>ι,</span> <span class='ocrx_word' id='word_1_77' title='bbox 1391 927 1510 1000; x_wconf 73' lang='grc'><strong>24),</strong></span> <span class='ocrx_word' id='word_1_78' title='bbox 1541 937 1598 983; x_wconf 83' lang='grc' dir='ltr'><strong>ιιι</strong></span> <span class='ocrx_word' id='word_1_79' title='bbox 1629 935 1852 998; x_wconf 85' lang='lat' dir='ltr'><strong>propter</strong></span> 
     </span>
    </p>
   </div>
   <div class='ocr_carea' id='block_1_10' title="bbox 257 1019 1849 1093">
    <p class='ocr_par' dir='ltr' id='par_1_10' title="bbox 257 1019 1849 1093">
     <span class='ocr_line' id='line_1_10' title="bbox 257 1019 1849 1093; baseline -0.001 -15"><span class='ocrx_word' id='word_1_80' title='bbox 257 1023 315 1078; x_wconf 91' lang='lat' dir='ltr'><strong>id</strong></span> <span class='ocrx_word' id='word_1_81' title='bbox 354 1023 505 1093; x_wconf 89' lang='lat' dir='ltr'><strong>quod</strong></span> <span class='ocrx_word' id='word_1_82' title='bbox 531 1021 757 1077; x_wconf 79' lang='lat' dir='ltr'><strong>stultitia</strong></span> <span class='ocrx_word' id='word_1_83' title='bbox 797 1021 1109 1089; x_wconf 83' lang='lat' dir='ltr'><strong>dicebatur,</strong></span> <span class='ocrx_word' id='word_1_84' title='bbox 1153 1019 1362 1076; x_wconf 84' lang='lat' dir='ltr'><strong>fatuum</strong></span> <span class='ocrx_word' id='word_1_85' title='bbox 1408 1021 1500 1076; x_wconf 91' lang='lat' dir='ltr'><strong>Dei</strong></span> <span class='ocrx_word' id='word_1_86' title='bbox 1549 1020 1849 1089; x_wconf 81' lang='lat' dir='ltr'><strong>sapientius</strong></span> 
     </span>
    </p>
   </div>
   <div class='ocr_carea' id='block_1_11' title="bbox 257 1111 1849 1185">
    <p class='ocr_par' dir='ltr' id='par_1_11' title="bbox 257 1111 1849 1185">
     <span class='ocr_line' id='line_1_11' title="bbox 257 1111 1849 1185; baseline -0.003 -10"><span class='ocrx_word' id='word_1_87' title='bbox 257 1117 422 1176; x_wconf 77' lang='lat' dir='ltr'><strong>fieret</strong></span> <span class='ocrx_word' id='word_1_88' title='bbox 463 1115 813 1170; x_wconf 87' lang='lat' dir='ltr'><strong>hominibus:</strong></span> <span class='ocrx_word' id='word_1_89' title='bbox 859 1123 914 1170; x_wconf 90' lang='lat' dir='ltr'><strong>et</strong></span> <span class='ocrx_word' id='word_1_90' title='bbox 941 1125 1166 1185; x_wconf 88' lang='lat' dir='ltr'><strong>propter</strong></span> <span class='ocrx_word' id='word_1_91' title='bbox 1207 1113 1260 1168; x_wconf 92' lang='lat' dir='ltr'><strong>id</strong></span> <span class='ocrx_word' id='word_1_92' title='bbox 1291 1113 1434 1184; x_wconf 90' lang='lat' dir='ltr'><strong>quod</strong></span> <span class='ocrx_word' id='word_1_93' title='bbox 1477 1111 1764 1169; x_wconf 84' lang='lat' dir='ltr'><strong>inlirmilas</strong></span> <span class='ocrx_word' id='word_1_94' title='bbox 1794 1120 1849 1170; x_wconf 85' lang='lat' dir='ltr'><strong>et</strong></span> 
     </span>
    </p>
   </div>
   <div class='ocr_carea' id='block_1_12' title="bbox 253 1205 1842 1276">
    <p class='ocr_par' dir='ltr' id='par_1_12' title="bbox 253 1205 1842 1276">
     <span class='ocr_line' id='line_1_12' title="bbox 253 1205 1842 1276; baseline -0.002 -11"><span class='ocrx_word' id='word_1_95' title='bbox 253 1207 604 1276; x_wconf 83' lang='lat' dir='ltr'><strong>scandalum,</strong></span> <span class='ocrx_word' id='word_1_96' title='bbox 638 1206 909 1262; x_wconf 87' lang='lat' dir='ltr'><strong>infirmum</strong></span> <span class='ocrx_word' id='word_1_97' title='bbox 943 1206 1044 1261; x_wconf 89' lang='lat' dir='ltr'><strong>Dei</strong></span> <span class='ocrx_word' id='word_1_98' title='bbox 1086 1205 1284 1262; x_wconf 80' lang='lat' dir='ltr'><strong>fortius</strong></span> <span class='ocrx_word' id='word_1_99' title='bbox 1314 1207 1472 1261; x_wconf 83' lang='lat' dir='ltr'><strong>fieret</strong></span> <span class='ocrx_word' id='word_1_100' title='bbox 1512 1205 1842 1262; x_wconf 88' lang='lat' dir='ltr'><strong>hominibus.</strong></span> 
     </span>
    </p>
   </div>
   <div class='ocr_carea' id='block_1_13' title="bbox 250 1299 1844 1369">
    <p class='ocr_par' dir='ltr' id='par_1_13' title="bbox 250 1299 1844 1369">
     <span class='ocr_line' id='line_1_13' title="bbox 250 1299 1844 1369; baseline -0.003 -13"><span class='ocrx_word' id='word_1_101' title='bbox 250 1299 383 1360; x_wconf 88' lang='lat' dir='ltr'><strong>Cum</strong></span> <span class='ocrx_word' id='word_1_102' title='bbox 418 1309 632 1366; x_wconf 88' lang='lat' dir='ltr'><strong>autem,</strong></span> <span class='ocrx_word' id='word_1_103' title='bbox 689 1299 894 1369; x_wconf 92' lang='lat' dir='ltr'><strong>inquit,</strong></span> <span class='ocrx_word' id='word_1_104' title='bbox 936 1299 1115 1355; x_wconf 87' lang='lat' dir='ltr'><strong>erucis</strong></span> <span class='ocrx_word' id='word_1_105' title='bbox 1144 1300 1344 1354; x_wconf 84' lang='lat' dir='ltr'><strong>Christi</strong></span> <span class='ocrx_word' id='word_1_106' title='bbox 1372 1299 1694 1354; x_wconf 87' lang='lat' dir='ltr'><strong>scandalum</strong></span> <span class='ocrx_word' id='word_1_107' title='bbox 1728 1314 1844 1353; x_wconf 88' lang='lat' dir='ltr'><strong>ma-</strong></span> 
     </span>
    </p>
   </div>
   <div class='ocr_carea' id='block_1_14' title="bbox 247 1391 1844 1463">
    <p class='ocr_par' dir='ltr' id='par_1_14' title="bbox 247 1391 1844 1463">
     <span class='ocr_line' id='line_1_14' title="bbox 247 1391 1844 1463; baseline -0.001 -13"><span class='ocrx_word' id='word_1_108' title='bbox 247 1403 396 1460; x_wconf 86' lang='lat' dir='ltr'><strong>neat,</strong></span> <span class='ocrx_word' id='word_1_109' title='bbox 429 1402 487 1448; x_wconf 88' lang='lat' dir='ltr'><strong>et</strong></span> <span class='ocrx_word' id='word_1_110' title='bbox 531 1407 631 1462; x_wconf 89' lang='lat' dir='ltr'><strong>ego</strong></span> <span class='ocrx_word' id='word_1_111' title='bbox 669 1391 1112 1462; x_wconf 88' lang='lat' dir='ltr'><strong>persecutionem</strong></span> <span class='ocrx_word' id='word_1_112' title='bbox 1144 1393 1338 1463; x_wconf 89' lang='lat' dir='ltr'><strong>patiar,</strong></span> <span class='ocrx_word' id='word_1_113' title='bbox 1371 1407 1529 1463; x_wconf 90' lang='lat' dir='ltr'><strong>quam</strong></span> <span class='ocrx_word' id='word_1_114' title='bbox 1557 1407 1663 1447; x_wconf 90' lang='lat' dir='ltr'><strong>non</strong></span> <span class='ocrx_word' id='word_1_115' title='bbox 1693 1401 1844 1459; x_wconf 86' lang='lat' dir='ltr'><strong>pate-</strong></span> 
     </span>
    </p>
   </div>
   <div class='ocr_carea' id='block_1_15' title="bbox 245 1483 1843 1555">
    <p class='ocr_par' dir='ltr' id='par_1_15' title="bbox 245 1483 1843 1555">
     <span class='ocr_line' id='line_1_15' title="bbox 245 1483 1843 1555; baseline -0.003 -11"><span class='ocrx_word' id='word_1_116' title='bbox 245 1501 358 1554; x_wconf 82' lang='lat' dir='ltr'><strong>rer,</strong></span> <span class='ocrx_word' id='word_1_117' title='bbox 387 1487 432 1541; x_wconf 90' lang='lat' dir='ltr'><strong>si</strong></span> <span class='ocrx_word' id='word_1_118' title='bbox 475 1487 790 1543; x_wconf 85' lang='lat' dir='ltr'><strong>scandalum</strong></span> <span class='ocrx_word' id='word_1_119' title='bbox 823 1501 930 1540; x_wconf 89' lang='lat' dir='ltr'><strong>non</strong></span> <span class='ocrx_word' id='word_1_120' title='bbox 962 1494 1208 1541; x_wconf 90' lang='lat' dir='ltr'><strong>maneret</strong></span> <span class='ocrx_word' id='word_1_121' title='bbox 1234 1504 1245 1538; x_wconf 91' lang='lat'>:</span> <span class='ocrx_word' id='word_1_122' title='bbox 1275 1484 1474 1540; x_wconf 80' lang='lat' dir='ltr'><strong>frustra</strong></span> <span class='ocrx_word' id='word_1_123' title='bbox 1517 1483 1738 1555; x_wconf 88' lang='lat' dir='ltr'><strong>quidam</strong></span> <span class='ocrx_word' id='word_1_124' title='bbox 1759 1484 1843 1554; x_wconf 89' lang='lat' dir='ltr'><strong>ja-</strong></span> 
     </span>
    </p>
   </div>
   <div class='ocr_carea' id='block_1_16' title="bbox 245 1577 1837 1648">
    <p class='ocr_par' dir='ltr' id='par_1_16' title="bbox 245 1577 1837 1648">
     <span class='ocr_line' id='line_1_16' title="bbox 245 1577 1837 1648; baseline -0.002 -13"><span class='ocrx_word' id='word_1_125' title='bbox 245 1581 438 1635; x_wconf 88' lang='lat' dir='ltr'><strong>ctitant</strong></span> <span class='ocrx_word' id='word_1_126' title='bbox 469 1594 557 1634; x_wconf 92' lang='lat' dir='ltr'><strong>me</strong></span> <span class='ocrx_word' id='word_1_127' title='bbox 592 1578 1068 1634; x_wconf 87' lang='lat' dir='ltr'><strong>circumcisionem</strong></span> <span class='ocrx_word' id='word_1_128' title='bbox 1113 1577 1437 1648; x_wconf 61' lang='lat' dir='ltr'><strong>praedicare,</strong></span> <span class='ocrx_word' id='word_1_129' title='bbox 1467 1592 1630 1648; x_wconf 85' lang='lat' dir='ltr'><strong>quam</strong></span> <span class='ocrx_word' id='word_1_130' title='bbox 1664 1578 1837 1648; x_wconf 84' lang='lat' dir='ltr'><strong>impu-</strong></span> 
     </span>
    </p>
   </div>
   <div class='ocr_carea' id='block_1_17' title="bbox 242 1671 1230 1743">
    <p class='ocr_par' dir='ltr' id='par_1_17' title="bbox 242 1671 1230 1743">
     <span class='ocr_line' id='line_1_17' title="bbox 242 1671 1230 1743; baseline -0.002 -17"><span class='ocrx_word' id='word_1_131' title='bbox 242 1671 462 1743; x_wconf 87' lang='lat' dir='ltr'><strong>gnando</strong></span> <span class='ocrx_word' id='word_1_132' title='bbox 493 1673 739 1726; x_wconf 88' lang='lat' dir='ltr'><strong>sustineo</strong></span> <span class='ocrx_word' id='word_1_133' title='bbox 770 1672 1230 1739; x_wconf 84' lang='lat' dir='ltr'><strong>persecutionem.</strong></span> 
     </span>
    </p>
   </div>
   <div class='ocr_carea' id='block_1_18' title="bbox 320 1761 1839 1834">
    <p class='ocr_par' dir='ltr' id='par_1_18' title="bbox 320 1761 1839 1834">
     <span class='ocr_line' id='line_1_18' title="bbox 320 1761 1839 1834; baseline -0.001 -18"><span class='ocrx_word' id='word_1_134' title='bbox 320 1763 500 1834; x_wconf 62' lang='grc' dir='ltr'><strong>(γωδ.</strong></span> <span class='ocrx_word' id='word_1_135' title='bbox 529 1763 642 1833; x_wconf 65' lang='lat' dir='ltr'><strong>li.)</strong></span> <span class='ocrx_word' id='word_1_136' title='bbox 677 1761 886 1818; x_wconf 83' lang='lat' dir='ltr'><strong>Utinam</strong></span> <span class='ocrx_word' id='word_1_137' title='bbox 916 1773 964 1817; x_wconf 89' lang='lat' dir='ltr'><strong>et</strong></span> <span class='ocrx_word' id='word_1_138' title='bbox 990 1763 1362 1818; x_wconf 79' lang='lat' dir='ltr'><strong>abscinduntur</strong></span> <span class='ocrx_word' id='word_1_139' title='bbox 1394 1762 1486 1834; x_wconf 88' lang='lat' dir='ltr'><strong>qui</strong></span> <span class='ocrx_word' id='word_1_140' title='bbox 1512 1778 1601 1817; x_wconf 79' lang='lat' dir='ltr'><strong>vos</strong></span> <span class='ocrx_word' id='word_1_141' title='bbox 1629 1772 1839 1818; x_wconf 78' lang='lat' dir='ltr'><strong>contur-</strong></span> 
     </span>
    </p>
   </div>
   <div class='ocr_carea' id='block_1_19' title="bbox 1958 652 3554 726">
    <p class='ocr_par' dir='ltr' id='par_1_19' title="bbox 1958 652 3554 726">
     <span class='ocr_line' id='line_1_19' title="bbox 1958 652 3554 726; baseline 0.003 -18"><span class='ocrx_word' id='word_1_142' title='bbox 1958 652 2063 709; x_wconf 89' lang='lat' dir='ltr'><strong>lius</strong></span> <span class='ocrx_word' id='word_1_143' title='bbox 2103 669 2226 710; x_wconf 86' lang='lat' dir='ltr'><strong>esse</strong></span> <span class='ocrx_word' id='word_1_144' title='bbox 2266 654 2510 726; x_wconf 88' lang='lat' dir='ltr'><strong>aliquem</strong></span> <span class='ocrx_word' id='word_1_145' title='bbox 2543 657 2663 711; x_wconf 87' lang='lat' dir='ltr'><strong>sine</strong></span> <span class='ocrx_word' id='word_1_146' title='bbox 2683 655 2863 721; x_wconf 92' lang='lat' dir='ltr'><strong>oculo,</strong></span> <span class='ocrx_word' id='word_1_147' title='bbox 2904 665 2960 712; x_wconf 88' lang='lat' dir='ltr'><strong>et</strong></span> <span class='ocrx_word' id='word_1_148' title='bbox 2986 656 3104 712; x_wconf 86' lang='lat' dir='ltr'><strong>sine</strong></span> <span class='ocrx_word' id='word_1_149' title='bbox 3135 672 3320 720; x_wconf 90' lang='lat' dir='ltr'><strong>manu,</strong></span> <span class='ocrx_word' id='word_1_150' title='bbox 3349 665 3404 712; x_wconf 88' lang='lat' dir='ltr'><strong>et</strong></span> <span class='ocrx_word' id='word_1_151' title='bbox 3433 657 3554 714; x_wconf 89' lang='lat' dir='ltr'><strong>sine</strong></span> 
     </span>
    </p>
   </div>
   <div class='ocr_carea' id='block_1_20' title="bbox 1954 745 3553 819">
    <p class='ocr_par' dir='ltr' id='par_1_20' title="bbox 1954 745 3553 819">
     <span class='ocr_line' id='line_1_20' title="bbox 1954 745 3553 819; baseline 0.004 -20"><span class='ocrx_word' id='word_1_152' title='bbox 1954 745 2112 815; x_wconf 91' lang='lat' dir='ltr'><strong>pede,</strong></span> <span class='ocrx_word' id='word_1_153' title='bbox 2152 753 2209 801; x_wconf 90' lang='lat' dir='ltr'><strong>et</strong></span> <span class='ocrx_word' id='word_1_154' title='bbox 2247 746 2488 816; x_wconf 88' lang='lat' dir='ltr'><strong>qualibet</strong></span> <span class='ocrx_word' id='word_1_155' title='bbox 2530 747 2632 803; x_wconf 84' lang='lat' dir='ltr'><strong>alia</strong></span> <span class='ocrx_word' id='word_1_156' title='bbox 2676 757 2830 819; x_wconf 88' lang='lat' dir='ltr'><strong>parte</strong></span> <span class='ocrx_word' id='word_1_157' title='bbox 2858 749 3226 804; x_wconf 88' lang='lat' dir='ltr'><strong>membrorum</strong></span> <span class='ocrx_word' id='word_1_158' title='bbox 3259 747 3464 805; x_wconf 88' lang='lat' dir='ltr'><strong>intrare</strong></span> <span class='ocrx_word' id='word_1_159' title='bbox 3495 749 3553 805; x_wconf 89' lang='lat' dir='ltr'><strong>in</strong></span> 
     </span>
    </p>
   </div>
   <div class='ocr_carea' id='block_1_21' title="bbox 1953 841 3552 913">
    <p class='ocr_par' dir='ltr' id='par_1_21' title="bbox 1953 841 3552 913">
     <span class='ocr_line' id='line_1_21' title="bbox 1953 841 3552 913; baseline 0.002 -19"><span class='ocrx_word' id='word_1_160' title='bbox 1953 855 2179 910; x_wconf 87' lang='lat' dir='ltr'><strong>regnum</strong></span> <span class='ocrx_word' id='word_1_161' title='bbox 2228 841 2532 905; x_wconf 67' lang='lat' dir='ltr'><strong>calorum,</strong></span> <span class='ocrx_word' id='word_1_162' title='bbox 2581 856 2742 912; x_wconf 90' lang='lat' dir='ltr'><strong>quam</strong></span> <span class='ocrx_word' id='word_1_163' title='bbox 2791 850 2965 896; x_wconf 92' lang='lat' dir='ltr'><strong>totum</strong></span> <span class='ocrx_word' id='word_1_164' title='bbox 3015 841 3097 897; x_wconf 90' lang='lat' dir='ltr'><strong>ire</strong></span> <span class='ocrx_word' id='word_1_165' title='bbox 3143 842 3196 896; x_wconf 91' lang='lat' dir='ltr'><strong>in</strong></span> <span class='ocrx_word' id='word_1_166' title='bbox 3242 842 3552 913; x_wconf 77' lang='lat' dir='ltr'><strong>gehennam</strong></span> 
     </span>
    </p>
   </div>
   <div class='ocr_carea' id='block_1_22' title="bbox 1951 919 3642 1004">
    <p class='ocr_par' dir='ltr' id='par_1_22' title="bbox 1951 919 3642 1004">
     <span class='ocr_line' id='line_1_22' title="bbox 1951 919 3642 1004; baseline 0.003 -20"><span class='ocrx_word' id='word_1_167' title='bbox 1951 929 2172 1001; x_wconf 75' lang='lat' dir='ltr'><strong>(Matth.</strong></span> <span class='ocrx_word' id='word_1_168' title='bbox 2203 934 2358 997; x_wconf 79' lang='lat' dir='ltr'><strong>xvnt)</strong></span> <span class='ocrx_word' id='word_1_169' title='bbox 2388 948 2402 986; x_wconf 92' lang='lat'>:</span> <span class='ocrx_word' id='word_1_170' title='bbox 2431 933 2506 988; x_wconf 88' lang='lat' dir='ltr'><strong>ita</strong></span> <span class='ocrx_word' id='word_1_171' title='bbox 2547 942 2604 988; x_wconf 86' lang='lat' dir='ltr'><strong>et</strong></span> <span class='ocrx_word' id='word_1_172' title='bbox 2646 947 2790 988; x_wconf 90' lang='lat' dir='ltr'><strong>nunc</strong></span> <span class='ocrx_word' id='word_1_173' title='bbox 2828 944 3024 1002; x_wconf 83' lang='lat' dir='ltr'><strong>optare</strong></span> <span class='ocrx_word' id='word_1_174' title='bbox 3070 935 3150 988; x_wconf 89' lang='lat' dir='ltr'><strong>eis</strong></span> <span class='ocrx_word' id='word_1_175' title='bbox 3188 935 3359 1004; x_wconf 84' lang='lat' dir='ltr'><strong>magis</strong></span> <span class='ocrx_word' id='word_1_176' title='bbox 3388 948 3550 989; x_wconf 90' lang='lat' dir='ltr'><strong>unam</strong></span> <span class='ocrx_word' id='word_1_177' title='bbox 3629 919 3642 930; x_wconf 80' lang='grc'><strong>’</strong></span> 
     </span>
    </p>
   </div>
   <div class='ocr_carea' id='block_1_23' title="bbox 1950 1026 3554 1098">
    <p class='ocr_par' dir='ltr' id='par_1_23' title="bbox 1950 1026 3554 1098">
     <span class='ocr_line' id='line_1_23' title="bbox 1950 1026 3554 1098; baseline 0.002 -20"><span class='ocrx_word' id='word_1_178' title='bbox 1950 1033 2164 1094; x_wconf 88' lang='lat' dir='ltr'><strong>partem</strong></span> <span class='ocrx_word' id='word_1_179' title='bbox 2205 1026 2452 1096; x_wconf 92' lang='lat' dir='ltr'><strong>corporis</strong></span> <span class='ocrx_word' id='word_1_180' title='bbox 2497 1026 2748 1096; x_wconf 88' lang='lat' dir='ltr'><strong>perdere,</strong></span> <span class='ocrx_word' id='word_1_181' title='bbox 2776 1042 2936 1095; x_wconf 87' lang='lat' dir='ltr'><strong>quam</strong></span> <span class='ocrx_word' id='word_1_182' title='bbox 2968 1042 3065 1098; x_wconf 91' lang='lat' dir='ltr'><strong>per</strong></span> <span class='ocrx_word' id='word_1_183' title='bbox 3092 1028 3435 1084; x_wconf 87' lang='lat' dir='ltr'><strong>occasionem</strong></span> <span class='ocrx_word' id='word_1_184' title='bbox 3469 1027 3554 1082; x_wconf 84' lang='lat' dir='ltr'><strong>in-</strong></span> 
     </span>
    </p>
   </div>
   <div class='ocr_carea' id='block_1_24' title="bbox 1949 1115 3550 1188">
    <p class='ocr_par' dir='ltr' id='par_1_24' title="bbox 1949 1115 3550 1188">
     <span class='ocr_line' id='line_1_24' title="bbox 1949 1115 3550 1188; baseline 0.004 -19"><span class='ocrx_word' id='word_1_185' title='bbox 1949 1115 2082 1186; x_wconf 88' lang='lat' dir='ltr'><strong>tegri</strong></span> <span class='ocrx_word' id='word_1_186' title='bbox 2123 1116 2370 1186; x_wconf 90' lang='lat' dir='ltr'><strong>corporis</strong></span> <span class='ocrx_word' id='word_1_187' title='bbox 2412 1127 2679 1187; x_wconf 89' lang='lat' dir='ltr'><strong>perpetuo</strong></span> <span class='ocrx_word' id='word_1_188' title='bbox 2722 1117 2846 1188; x_wconf 90' lang='lat' dir='ltr'><strong>igne</strong></span> <span class='ocrx_word' id='word_1_189' title='bbox 2886 1117 3155 1173; x_wconf 89' lang='lat' dir='ltr'><strong>damnari.</strong></span> <span class='ocrx_word' id='word_1_190' title='bbox 3196 1118 3297 1175; x_wconf 85' lang='lat' dir='ltr'><strong>Hic</strong></span> <span class='ocrx_word' id='word_1_191' title='bbox 3321 1119 3474 1176; x_wconf 90' lang='lat' dir='ltr'><strong>locus</strong></span> <span class='ocrx_word' id='word_1_192' title='bbox 3503 1119 3550 1176; x_wconf 91' lang='lat' dir='ltr'><strong>si</strong></span> 
     </span>
    </p>
   </div>
   <div class='ocr_carea' id='block_1_25' title="bbox 1946 1209 3546 1282">
    <p class='ocr_par' dir='ltr' id='par_1_25' title="bbox 1946 1209 3546 1282">
     <span class='ocr_line' id='line_1_25' title="bbox 1946 1209 3546 1282; baseline 0.003 -18"><span class='ocrx_word' id='word_1_193' title='bbox 1946 1209 2164 1280; x_wconf 81' lang='lat' dir='ltr'><strong>quando</strong></span> <span class='ocrx_word' id='word_1_194' title='bbox 2202 1211 2269 1266; x_wconf 88' lang='lat' dir='ltr'><strong>ab</strong></span> <span class='ocrx_word' id='word_1_195' title='bbox 2309 1209 2544 1267; x_wconf 86' lang='lat' dir='ltr'><strong>ethnicis</strong></span> <span class='ocrx_word' id='word_1_196' title='bbox 2570 1210 3012 1282; x_wconf 89' lang='lat' dir='ltr'><strong>reprehenditur,</strong></span> <span class='ocrx_word' id='word_1_197' title='bbox 3043 1211 3319 1281; x_wconf 89' lang='lat' dir='ltr'><strong>quomodo</strong></span> <span class='ocrx_word' id='word_1_198' title='bbox 3349 1214 3428 1268; x_wconf 91' lang='lat' dir='ltr'><strong>eis</strong></span> <span class='ocrx_word' id='word_1_199' title='bbox 3459 1228 3546 1268; x_wconf 89' lang='lat' dir='ltr'><strong>rc-</strong></span> 
     </span>
    </p>
   </div>
   <div class='ocr_carea' id='block_1_26' title="bbox 1945 1303 3546 1374">
    <p class='ocr_par' dir='ltr' id='par_1_26' title="bbox 1945 1303 3546 1374">
     <span class='ocr_line' id='line_1_26' title="bbox 1945 1303 3546 1374; baseline 0.002 -18"><span class='ocrx_word' id='word_1_200' title='bbox 1945 1303 2202 1371; x_wconf 81' lang='lat' dir='ltr'><strong>Spondcri</strong></span> <span class='ocrx_word' id='word_1_201' title='bbox 2247 1305 2441 1374; x_wconf 88' lang='lat' dir='ltr'><strong>possit,</strong></span> <span class='ocrx_word' id='word_1_202' title='bbox 2484 1303 2845 1360; x_wconf 88' lang='lat' dir='ltr'><strong>ostendimus.</strong></span> <span class='ocrx_word' id='word_1_203' title='bbox 2893 1303 3047 1360; x_wconf 86' lang='lat' dir='ltr'><strong>Nunc</strong></span> <span class='ocrx_word' id='word_1_204' title='bbox 3087 1319 3117 1358; x_wconf 90' lang='lat' dir='ltr'><strong>a</strong></span> <span class='ocrx_word' id='word_1_205' title='bbox 3161 1303 3318 1359; x_wconf 92' lang='lat' dir='ltr'><strong>nobis</strong></span> <span class='ocrx_word' id='word_1_206' title='bbox 3357 1315 3546 1361; x_wconf 86' lang='lat' dir='ltr'><strong>contra</strong></span> 
     </span>
    </p>
   </div>
   <div class='ocr_carea' id='block_1_27' title="bbox 1944 1394 3545 1468">
    <p class='ocr_par' dir='ltr' id='par_1_27' title="bbox 1944 1394 3545 1468">
     <span class='ocr_line' id='line_1_27' title="bbox 1944 1394 3545 1468; baseline 0.001 -17"><span class='ocrx_word' id='word_1_207' title='bbox 1944 1394 2230 1454; x_wconf 74' lang='lat' dir='ltr'><strong>haereticos</strong></span> <span class='ocrx_word' id='word_1_208' title='bbox 2260 1397 2592 1468; x_wconf 80' lang='lat' dir='ltr'><strong>proferatur,</strong></span> <span class='ocrx_word' id='word_1_209' title='bbox 2614 1397 2943 1454; x_wconf 79' lang='lat' dir='ltr'><strong>Marcionem</strong></span> <span class='ocrx_word' id='word_1_210' title='bbox 2974 1395 3253 1462; x_wconf 87' lang='lat' dir='ltr'><strong>videlicet,</strong></span> <span class='ocrx_word' id='word_1_211' title='bbox 3275 1405 3332 1452; x_wconf 90' lang='lat' dir='ltr'><strong>et</strong></span> <span class='ocrx_word' id='word_1_212' title='bbox 3350 1397 3545 1453; x_wconf 82' lang='lat' dir='ltr'><strong>Valen-</strong></span> 
     </span>
    </p>
   </div>
   <div class='ocr_carea' id='block_1_28' title="bbox 1945 1487 3546 1561">
    <p class='ocr_par' dir='ltr' id='par_1_28' title="bbox 1945 1487 3546 1561">
     <span class='ocr_line' id='line_1_28' title="bbox 1945 1487 3546 1561; baseline -0.001 -17"><span class='ocrx_word' id='word_1_213' title='bbox 1945 1489 2118 1544; x_wconf 91' lang='lat' dir='ltr'><strong>tinum</strong></span> <span class='ocrx_word' id='word_1_214' title='bbox 2159 1487 2187 1527; x_wconf 72' lang='grc' dir='ltr'>δ</span> <span class='ocrx_word' id='word_1_215' title='bbox 2232 1499 2288 1544; x_wconf 89' lang='lat' dir='ltr'><strong>et</strong></span> <span class='ocrx_word' id='word_1_216' title='bbox 2327 1505 2521 1545; x_wconf 89' lang='lat' dir='ltr'><strong>omnes</strong></span> <span class='ocrx_word' id='word_1_217' title='bbox 2557 1490 2649 1561; x_wconf 92' lang='lat' dir='ltr'><strong>qui</strong></span> <span class='ocrx_word' id='word_1_218' title='bbox 2685 1497 2878 1545; x_wconf 90' lang='lat' dir='ltr'><strong>contra</strong></span> <span class='ocrx_word' id='word_1_219' title='bbox 2921 1497 3076 1544; x_wconf 90' lang='lat' dir='ltr'><strong>vetus</strong></span> <span class='ocrx_word' id='word_1_220' title='bbox 3113 1487 3314 1543; x_wconf 80' lang='lat' dir='ltr'><strong>latrant</strong></span> <span class='ocrx_word' id='word_1_221' title='bbox 3351 1487 3546 1542; x_wconf 82' lang='lat' dir='ltr'><strong>Testa-</strong></span> 
     </span>
    </p>
   </div>
   <div class='ocr_carea' id='block_1_29' title="bbox 1943 1578 3547 1654">
    <p class='ocr_par' dir='ltr' id='par_1_29' title="bbox 1943 1578 3547 1654">
     <span class='ocr_line' id='line_1_29' title="bbox 1943 1578 3547 1654; baseline -0.003 -16"><span class='ocrx_word' id='word_1_222' title='bbox 1943 1592 2209 1650; x_wconf 88' lang='lat' dir='ltr'><strong>mentum,</strong></span> <span class='ocrx_word' id='word_1_223' title='bbox 2252 1599 2356 1653; x_wconf 86' lang='lat' dir='ltr'><strong>qua</strong></span> <span class='ocrx_word' id='word_1_224' title='bbox 2399 1583 2613 1639; x_wconf 83' lang='lat' dir='ltr'><strong>ratione</strong></span> <span class='ocrx_word' id='word_1_225' title='bbox 2654 1581 2734 1638; x_wconf 88' lang='lat' dir='ltr'><strong>illi</strong></span> <span class='ocrx_word' id='word_1_226' title='bbox 2770 1582 2865 1654; x_wconf 92' lang='lat' dir='ltr'><strong>qui</strong></span> <span class='ocrx_word' id='word_1_227' title='bbox 2902 1579 3221 1637; x_wconf 85' lang='lat' dir='ltr'><strong>Creatorem</strong></span> <span class='ocrx_word' id='word_1_228' title='bbox 3255 1578 3547 1650; x_wconf 86' lang='lat' dir='ltr'><strong>sanguina-</strong></span> 
     </span>
    </p>
   </div>
   <div class='ocr_carea' id='block_1_30' title="bbox 1941 1671 3547 1745">
    <p class='ocr_par' dir='ltr' id='par_1_30' title="bbox 1941 1671 3547 1745">
     <span class='ocr_line' id='line_1_30' title="bbox 1941 1671 3547 1745; baseline -0.004 -13"><span class='ocrx_word' id='word_1_229' title='bbox 1941 1678 2103 1745; x_wconf 87' lang='lat' dir='ltr'><strong>rium,</strong></span> <span class='ocrx_word' id='word_1_230' title='bbox 2132 1692 2386 1734; x_wconf 87' lang='lat' dir='ltr'><strong>severum</strong></span> <span class='ocrx_word' id='word_1_231' title='bbox 2415 1676 2764 1738; x_wconf 86' lang='lat' dir='ltr'><strong>bellatorem,</strong></span> <span class='ocrx_word' id='word_1_232' title='bbox 2789 1685 2842 1731; x_wconf 91' lang='lat' dir='ltr'><strong>et</strong></span> <span class='ocrx_word' id='word_1_233' title='bbox 2867 1682 3075 1730; x_wconf 89' lang='lat' dir='ltr'><strong>tantum</strong></span> <span class='ocrx_word' id='word_1_234' title='bbox 3095 1673 3335 1744; x_wconf 90' lang='lat' dir='ltr'><strong>judicem</strong></span> <span class='ocrx_word' id='word_1_235' title='bbox 3361 1671 3547 1728; x_wconf 90' lang='lat' dir='ltr'><strong>crimi-</strong></span> 
     </span>
    </p>
   </div>
   <div class='ocr_carea' id='block_1_31' title="bbox 1939 1767 3539 1840">
    <p class='ocr_par' dir='ltr' id='par_1_31' title="bbox 1939 1767 3539 1840">
     <span class='ocr_line' id='line_1_31' title="bbox 1939 1767 3539 1840; baseline -0.003 -14"><span class='ocrx_word' id='word_1_236' title='bbox 1939 1781 2159 1836; x_wconf 89' lang='lat' dir='ltr'><strong>nantur,</strong></span> <span class='ocrx_word' id='word_1_237' title='bbox 2194 1773 2297 1826; x_wconf 92' lang='lat' dir='ltr'><strong>hoc</strong></span> <span class='ocrx_word' id='word_1_238' title='bbox 2327 1771 2379 1826; x_wconf 91' lang='lat' dir='ltr'><strong>in</strong></span> <span class='ocrx_word' id='word_1_239' title='bbox 2419 1770 2683 1840; x_wconf 76' lang='lat' dir='ltr'><strong>Aposmlo</strong></span> <span class='ocrx_word' id='word_1_240' title='bbox 2714 1769 2808 1824; x_wconf 89' lang='lat' dir='ltr'><strong>Dei</strong></span> <span class='ocrx_word' id='word_1_241' title='bbox 2849 1769 2979 1824; x_wconf 90' lang='lat' dir='ltr'><strong>boni</strong></span> <span class='ocrx_word' id='word_1_242' title='bbox 3011 1767 3226 1824; x_wconf 86' lang='lat' dir='ltr'><strong>valeant</strong></span> <span class='ocrx_word' id='word_1_243' title='bbox 3256 1781 3539 1823; x_wconf 78' lang='lat' dir='ltr'><strong>excusare.</strong></span> 
     </span>
    </p>
   </div>
   <div class='ocr_carea' id='block_1_32' title="bbox 240 1845 1831 1934">
    <p class='ocr_par' dir='ltr' id='par_1_32' title="bbox 240 1853 1831 1925">
     <span class='ocr_line' id='line_1_32' title="bbox 240 1853 1831 1925; baseline 0 -17"><span class='ocrx_word' id='word_1_244' title='bbox 240 1856 387 1910; x_wconf 87' lang='lat' dir='ltr'><strong>bant.</strong></span> <span class='ocrx_word' id='word_1_245' title='bbox 417 1855 688 1923; x_wconf 63' lang='lat' dir='ltr'><strong>Quaeritur</strong></span> <span class='ocrx_word' id='word_1_246' title='bbox 729 1854 1006 1924; x_wconf 88' lang='lat' dir='ltr'><strong>quomodo</strong></span> <span class='ocrx_word' id='word_1_247' title='bbox 1037 1853 1238 1908; x_wconf 86' lang='lat' dir='ltr'><strong>Paulus</strong></span> <span class='ocrx_word' id='word_1_248' title='bbox 1261 1853 1564 1924; x_wconf 88' lang='lat' dir='ltr'><strong>discipulus</strong></span> <span class='ocrx_word' id='word_1_249' title='bbox 1598 1853 1719 1923; x_wconf 86' lang='lat' dir='ltr'><strong>ejus</strong></span> <span class='ocrx_word' id='word_1_250' title='bbox 1745 1853 1831 1925; x_wconf 89' lang='lat' dir='ltr'><strong>qui</strong></span> 
     </span>
    </p>
   </div>
   <div class='ocr_carea' id='block_1_33' title="bbox 1935 1845 3541 1934">
    <p class='ocr_par' dir='ltr' id='par_1_33' title="bbox 1946 1861 3541 1934">
     <span class='ocr_line' id='line_1_33' title="bbox 1946 1861 3541 1934; baseline -0.001 -15"><span class='ocrx_word' id='word_1_251' title='bbox 1946 1863 2012 1919; x_wconf 86' lang='lat' dir='ltr'><strong>Et</strong></span> <span class='ocrx_word' id='word_1_252' title='bbox 2053 1872 2200 1920; x_wconf 89' lang='lat' dir='ltr'><strong>certe</strong></span> <span class='ocrx_word' id='word_1_253' title='bbox 2243 1864 2445 1920; x_wconf 89' lang='lat' dir='ltr'><strong>nullam</strong></span> <span class='ocrx_word' id='word_1_254' title='bbox 2491 1876 2512 1903; x_wconf 80' lang='grc' dir='ltr'><strong>ο</strong></span> <span class='ocrx_word' id='word_1_255' title='bbox 2558 1873 2690 1934; x_wconf 89' lang='lat' dir='ltr'><strong>puto</strong></span> <span class='ocrx_word' id='word_1_256' title='bbox 2716 1863 2768 1919; x_wconf 93' lang='lat' dir='ltr'><strong>in</strong></span> <span class='ocrx_word' id='word_1_257' title='bbox 2796 1863 2967 1920; x_wconf 83' lang='lat' dir='ltr'><strong>veteri</strong></span> <span class='ocrx_word' id='word_1_258' title='bbox 2993 1861 3142 1933; x_wconf 88' lang='lat' dir='ltr'><strong>Lege</strong></span> <span class='ocrx_word' id='word_1_259' title='bbox 3171 1871 3280 1918; x_wconf 88' lang='lat' dir='ltr'><strong>tam</strong></span> <span class='ocrx_word' id='word_1_260' title='bbox 3311 1871 3541 1927; x_wconf 87' lang='lat' dir='ltr'><strong>trucem.</strong></span> 
     </span>
    </p>
   </div>
   <div class='ocr_carea' id='block_1_34' title="bbox 240 1945 1837 2016">
    <p class='ocr_par' dir='ltr' id='par_1_34' title="bbox 240 1945 1837 2016">
     <span class='ocr_line' id='line_1_34' title="bbox 240 1945 1837 2016; baseline -0.002 -12"><span class='ocrx_word' id='word_1_261' title='bbox 240 1950 354 2004; x_wconf 85' lang='lat' dir='ltr'><strong>ait:</strong></span> <span class='ocrx_word' id='word_1_262' title='bbox 382 1947 683 2003; x_wconf 84' lang='lat' dir='ltr'><strong>Benedicite</strong></span> <span class='ocrx_word' id='word_1_263' title='bbox 708 1947 1134 2002; x_wconf 85' lang='lat' dir='ltr'><strong>maledicentibus</strong></span> <span class='ocrx_word' id='word_1_264' title='bbox 1163 1947 1321 2001; x_wconf 84' lang='lat' dir='ltr'><strong>vobis.</strong></span> <span class='ocrx_word' id='word_1_265' title='bbox 1341 1945 1409 2001; x_wconf 87' lang='lat' dir='ltr'><strong>Et</strong></span> <span class='ocrx_word' id='word_1_266' title='bbox 1439 1945 1556 2016; x_wconf 91' lang='lat' dir='ltr'><strong>ipse</strong></span> <span class='ocrx_word' id='word_1_267' title='bbox 1577 1945 1837 2016; x_wconf 88' lang='lat' dir='ltr'><strong>loquens:</strong></span> 
     </span>
    </p>
   </div>
   <div class='ocr_carea' id='block_1_35' title="bbox 243 2035 1838 2108">
    <p class='ocr_par' dir='ltr' id='par_1_35' title="bbox 243 2035 1838 2108">
     <span class='ocr_line' id='line_1_35' title="bbox 243 2035 1838 2108; baseline -0.002 -13"><span class='ocrx_word' id='word_1_268' title='bbox 243 2038 546 2095; x_wconf 87' lang='lat' dir='ltr'><strong>Benedicite</strong></span> <span class='ocrx_word' id='word_1_269' title='bbox 573 2050 626 2095; x_wconf 87' lang='lat' dir='ltr'><strong>et</strong></span> <span class='ocrx_word' id='word_1_270' title='bbox 655 2037 816 2093; x_wconf 88' lang='lat' dir='ltr'><strong>nolite</strong></span> <span class='ocrx_word' id='word_1_271' title='bbox 842 2038 1150 2093; x_wconf 73' lang='lat' dir='ltr'><strong>maledicere</strong></span> <span class='ocrx_word' id='word_1_272' title='bbox 1179 2037 1354 2108; x_wconf 81' lang='lat' dir='ltr'><strong>(flant.</strong></span> <span class='ocrx_word' id='word_1_273' title='bbox 1389 2053 1495 2102; x_wconf 80' lang='lat' dir='ltr'><strong>xtl,</strong></span> <span class='ocrx_word' id='word_1_274' title='bbox 1530 2035 1643 2106; x_wconf 67' lang='lat' dir='ltr'><strong>l4).</strong></span> <span class='ocrx_word' id='word_1_275' title='bbox 1678 2037 1744 2092; x_wconf 83' lang='lat' dir='ltr'><strong>Et</strong></span> <span class='ocrx_word' id='word_1_276' title='bbox 1783 2038 1838 2093; x_wconf 92' lang='lat' dir='ltr'><strong>in</strong></span> 
     </span>
    </p>
   </div>
   <div class='ocr_carea' id='block_1_36' title="bbox 241 2129 1838 2203">
    <p class='ocr_par' dir='ltr' id='par_1_36' title="bbox 241 2129 1838 2203">
     <span class='ocr_line' id='line_1_36' title="bbox 241 2129 1838 2203; baseline -0.001 -15"><span class='ocrx_word' id='word_1_277' title='bbox 241 2133 350 2188; x_wconf 82' lang='lat' dir='ltr'><strong>alio</strong></span> <span class='ocrx_word' id='word_1_278' title='bbox 380 2131 529 2188; x_wconf 90' lang='lat' dir='ltr'><strong>loco:</strong></span> <span class='ocrx_word' id='word_1_279' title='bbox 566 2129 752 2201; x_wconf 80' lang='lat' dir='ltr'><strong>Neque</strong></span> <span class='ocrx_word' id='word_1_280' title='bbox 779 2131 1019 2186; x_wconf 83' lang='lat' dir='ltr'><strong>maledici</strong></span> <span class='ocrx_word' id='word_1_281' title='bbox 1047 2145 1267 2202; x_wconf 85' lang='lat' dir='ltr'><strong>regnum</strong></span> <span class='ocrx_word' id='word_1_282' title='bbox 1297 2129 1392 2185; x_wconf 83' lang='lat' dir='ltr'><strong>Dei</strong></span> <span class='ocrx_word' id='word_1_283' title='bbox 1433 2130 1768 2203; x_wconf 86' lang='lat' dir='ltr'><strong>possidebunt</strong></span> <span class='ocrx_word' id='word_1_284' title='bbox 1793 2129 1838 2203; x_wconf 85' lang='grc' dir='ltr'><strong>(Ι</strong></span> 
     </span>
    </p>
   </div>
   <div class='ocr_carea' id='block_1_37' title="bbox 233 2224 1837 2298">
    <p class='ocr_par' dir='ltr' id='par_1_37' title="bbox 233 2224 1837 2298">
     <span class='ocr_line' id='line_1_37' title="bbox 233 2224 1837 2298; baseline -0.001 -15"><span class='ocrx_word' id='word_1_285' title='bbox 233 2225 360 2283; x_wconf 90' lang='lat' dir='ltr'><strong>Cor.</strong></span> <span class='ocrx_word' id='word_1_286' title='bbox 376 2228 502 2298; x_wconf 82' lang='lat' dir='ltr'><strong>xv):</strong></span> <span class='ocrx_word' id='word_1_287' title='bbox 529 2241 674 2282; x_wconf 90' lang='lat' dir='ltr'><strong>nunc</strong></span> <span class='ocrx_word' id='word_1_288' title='bbox 695 2238 748 2281; x_wconf 93' lang='lat' dir='ltr'><strong>et</strong></span> <span class='ocrx_word' id='word_1_289' title='bbox 771 2225 1110 2282; x_wconf 80' lang='lat' dir='ltr'><strong>maledixerit</strong></span> <span class='ocrx_word' id='word_1_290' title='bbox 1137 2227 1236 2292; x_wconf 88' lang='lat' dir='ltr'><strong>eis,</strong></span> <span class='ocrx_word' id='word_1_291' title='bbox 1261 2227 1349 2295; x_wconf 92' lang='lat' dir='ltr'><strong>qui</strong></span> <span class='ocrx_word' id='word_1_292' title='bbox 1373 2225 1650 2282; x_wconf 87' lang='lat' dir='ltr'><strong>Ecclesias</strong></span> <span class='ocrx_word' id='word_1_293' title='bbox 1674 2224 1837 2282; x_wconf 81' lang='lat' dir='ltr'><strong>Gala-</strong></span> 
     </span>
    </p>
   </div>
   <div class='ocr_carea' id='block_1_38' title="bbox 235 2317 1835 2391">
    <p class='ocr_par' dir='ltr' id='par_1_38' title="bbox 235 2317 1835 2391">
     <span class='ocr_line' id='line_1_38' title="bbox 235 2317 1835 2391; baseline -0.001 -17"><span class='ocrx_word' id='word_1_294' title='bbox 235 2319 325 2374; x_wconf 63' lang='lat' dir='ltr'><strong>tia:</strong></span> <span class='ocrx_word' id='word_1_295' title='bbox 351 2319 695 2375; x_wconf 84' lang='lat' dir='ltr'><strong>conturbant</strong></span> <span class='ocrx_word' id='word_1_296' title='bbox 722 2318 828 2391; x_wconf 86' lang='grc' dir='ltr'><strong>[ΑΙ.</strong></span> <span class='ocrx_word' id='word_1_297' title='bbox 861 2317 1323 2390; x_wconf 86' lang='lat' dir='ltr'><strong>conturbabant],</strong></span> <span class='ocrx_word' id='word_1_298' title='bbox 1356 2328 1412 2373; x_wconf 89' lang='lat' dir='ltr'><strong>et</strong></span> <span class='ocrx_word' id='word_1_299' title='bbox 1441 2333 1562 2374; x_wconf 92' lang='lat' dir='ltr'><strong>cum</strong></span> <span class='ocrx_word' id='word_1_300' title='bbox 1591 2319 1835 2389; x_wconf 87' lang='lat' dir='ltr'><strong>optantis</strong></span> 
     </span>
    </p>
   </div>
   <div class='ocr_carea' id='block_1_39' title="bbox 236 2408 1834 2482">
    <p class='ocr_par' dir='ltr' id='par_1_39' title="bbox 236 2408 1834 2482">
     <span class='ocr_line' id='line_1_39' title="bbox 236 2408 1834 2482; baseline 0 -17"><span class='ocrx_word' id='word_1_301' title='bbox 236 2420 364 2466; x_wconf 88' lang='lat' dir='ltr'><strong>voto</strong></span> <span class='ocrx_word' id='word_1_302' title='bbox 405 2409 755 2466; x_wconf 78' lang='lat' dir='ltr'><strong>maledixerit</strong></span> <span class='ocrx_word' id='word_1_303' title='bbox 783 2428 802 2466; x_wconf 91' lang='lat'><strong><em>:</em></strong></span> <span class='ocrx_word' id='word_1_304' title='bbox 847 2408 1060 2466; x_wconf 87' lang='lat' dir='ltr'><strong>Utinam</strong></span> <span class='ocrx_word' id='word_1_305' title='bbox 1108 2419 1155 2464; x_wconf 88' lang='lat' dir='ltr'><strong>et</strong></span> <span class='ocrx_word' id='word_1_306' title='bbox 1194 2409 1567 2464; x_wconf 75' lang='lat' dir='ltr'><strong>abscinduntur</strong></span> <span class='ocrx_word' id='word_1_307' title='bbox 1614 2411 1703 2482; x_wconf 84' lang='lat' dir='ltr'><strong>qui</strong></span> <span class='ocrx_word' id='word_1_308' title='bbox 1745 2425 1834 2465; x_wconf 84' lang='lat' dir='ltr'><strong>vos</strong></span> 
     </span>
    </p>
   </div>
   <div class='ocr_carea' id='block_1_40' title="bbox 240 2494 1835 2558">
    <p class='ocr_par' dir='ltr' id='par_1_40' title="bbox 240 2494 1835 2558">
     <span class='ocr_line' id='line_1_40' title="bbox 240 2494 1835 2558; baseline -0.001 -1"><span class='ocrx_word' id='word_1_309' title='bbox 240 2502 566 2558; x_wconf 85' lang='lat' dir='ltr'><strong>conturbant.</strong></span> <span class='ocrx_word' id='word_1_310' title='bbox 618 2501 752 2558; x_wconf 87' lang='lat' dir='ltr'><strong>Tam</strong></span> <span class='ocrx_word' id='word_1_311' title='bbox 805 2503 950 2558; x_wconf 90' lang='lat' dir='ltr'><strong>enim</strong></span> <span class='ocrx_word' id='word_1_312' title='bbox 1001 2501 1319 2557; x_wconf 85' lang='lat' dir='ltr'><strong>detestanda</strong></span> <span class='ocrx_word' id='word_1_313' title='bbox 1365 2494 1696 2558; x_wconf 77' lang='lat' dir='ltr'><strong>&#39;abscisionis</strong></span> <span class='ocrx_word' id='word_1_314' title='bbox 1749 2509 1835 2556; x_wconf 87' lang='lat' dir='ltr'><strong>est</strong></span> 
     </span>
    </p>
   </div>
   <div class='ocr_carea' id='block_1_41' title="bbox 236 2593 1835 2667">
    <p class='ocr_par' dir='ltr' id='par_1_41' title="bbox 236 2593 1835 2667">
     <span class='ocr_line' id='line_1_41' title="bbox 236 2593 1835 2667; baseline -0.001 -18"><span class='ocrx_word' id='word_1_315' title='bbox 236 2595 441 2667; x_wconf 72' lang='lat' dir='ltr'><strong>passio,</strong></span> <span class='ocrx_word' id='word_1_316' title='bbox 471 2604 527 2649; x_wconf 93' lang='lat' dir='ltr'><strong>ut</strong></span> <span class='ocrx_word' id='word_1_317' title='bbox 555 2602 615 2650; x_wconf 90' lang='lat' dir='ltr'><strong>et</strong></span> <span class='ocrx_word' id='word_1_318' title='bbox 638 2597 732 2664; x_wconf 92' lang='lat' dir='ltr'><strong>qui</strong></span> <span class='ocrx_word' id='word_1_319' title='bbox 764 2595 949 2649; x_wconf 84' lang='lat' dir='ltr'><strong>invitis</strong></span> <span class='ocrx_word' id='word_1_320' title='bbox 973 2609 1095 2649; x_wconf 83' lang='lat' dir='ltr'><strong>eam</strong></span> <span class='ocrx_word' id='word_1_321' title='bbox 1128 2593 1390 2656; x_wconf 90' lang='lat' dir='ltr'><strong>intulerit,</strong></span> <span class='ocrx_word' id='word_1_322' title='bbox 1420 2593 1627 2664; x_wconf 88' lang='lat' dir='ltr'><strong>legibus</strong></span> <span class='ocrx_word' id='word_1_323' title='bbox 1652 2593 1835 2664; x_wconf 87' lang='lat' dir='ltr'><strong>publi-</strong></span> 
     </span>
    </p>
   </div>
   <div class='ocr_carea' id='block_1_42' title="bbox 235 2683 1832 2756">
    <p class='ocr_par' dir='ltr' id='par_1_42' title="bbox 235 2683 1832 2756">
     <span class='ocr_line' id='line_1_42' title="bbox 235 2683 1832 2756; baseline -0.004 -12"><span class='ocrx_word' id='word_1_324' title='bbox 235 2688 315 2744; x_wconf 90' lang='lat' dir='ltr'><strong>cis</strong></span> <span class='ocrx_word' id='word_1_325' title='bbox 345 2685 630 2756; x_wconf 85' lang='lat' dir='ltr'><strong>puniatur,</strong></span> <span class='ocrx_word' id='word_1_326' title='bbox 657 2696 713 2742; x_wconf 93' lang='lat' dir='ltr'><strong>et</strong></span> <span class='ocrx_word' id='word_1_327' title='bbox 742 2687 833 2756; x_wconf 92' lang='lat' dir='ltr'><strong>qui</strong></span> <span class='ocrx_word' id='word_1_328' title='bbox 859 2686 1097 2756; x_wconf 88' lang='lat' dir='ltr'><strong>seipsmn</strong></span> <span class='ocrx_word' id='word_1_329' title='bbox 1121 2686 1467 2753; x_wconf 88' lang='lat' dir='ltr'><strong>castraverit,</strong></span> <span class='ocrx_word' id='word_1_330' title='bbox 1495 2685 1711 2740; x_wconf 81' lang='lat' dir='ltr'><strong>infamis</strong></span> <span class='ocrx_word' id='word_1_331' title='bbox 1737 2683 1832 2738; x_wconf 84' lang='lat' dir='ltr'><strong>ha-</strong></span> 
     </span>
    </p>
   </div>
   <div class='ocr_carea' id='block_1_43' title="bbox 233 2776 1830 2845">
    <p class='ocr_par' dir='ltr' id='par_1_43' title="bbox 233 2776 1830 2845">
     <span class='ocr_line' id='line_1_43' title="bbox 233 2776 1830 2845; baseline -0.003 -8"><span class='ocrx_word' id='word_1_332' title='bbox 233 2783 448 2837; x_wconf 85' lang='lat' dir='ltr'><strong>heatur.</strong></span> <span class='ocrx_word' id='word_1_333' title='bbox 473 2779 546 2836; x_wconf 86' lang='lat' dir='ltr'><strong>Ut</strong></span> <span class='ocrx_word' id='word_1_334' title='bbox 570 2780 714 2836; x_wconf 86' lang='lat' dir='ltr'><strong>enim</strong></span> <span class='ocrx_word' id='word_1_335' title='bbox 743 2779 898 2845; x_wconf 90' lang='lat' dir='ltr'><strong>illud,</strong></span> <span class='ocrx_word' id='word_1_336' title='bbox 929 2779 1106 2845; x_wconf 89' lang='lat' dir='ltr'><strong>aiunt,</strong></span> <span class='ocrx_word' id='word_1_337' title='bbox 1135 2793 1326 2834; x_wconf 90' lang='lat' dir='ltr'><strong>verum</strong></span> <span class='ocrx_word' id='word_1_338' title='bbox 1358 2778 1460 2833; x_wconf 87' lang='lat' dir='ltr'><strong>sit:</strong></span> <span class='ocrx_word' id='word_1_339' title='bbox 1501 2776 1635 2831; x_wconf 70' lang='grc' dir='ltr'><em>νῆιὶι</em></span> <span class='ocrx_word' id='word_1_340' title='bbox 1669 2778 1722 2832; x_wconf 88' lang='lat' dir='ltr'><strong>in</strong></span> <span class='ocrx_word' id='word_1_341' title='bbox 1750 2793 1830 2832; x_wconf 88' lang='lat' dir='ltr'><strong>me</strong></span> 
     </span>
    </p>
   </div>
   <div class='ocr_carea' id='block_1_44' title="bbox 234 2868 1829 2942">
    <p class='ocr_par' dir='ltr' id='par_1_44' title="bbox 234 2868 1829 2942">
     <span class='ocr_line' id='line_1_44' title="bbox 234 2868 1829 2942; baseline -0.003 -15"><span class='ocrx_word' id='word_1_342' title='bbox 234 2871 472 2927; x_wconf 78' lang='lat' dir='ltr'><strong>Christus</strong></span> <span class='ocrx_word' id='word_1_343' title='bbox 524 2870 609 2942; x_wconf 89' lang='grc' dir='ltr'>(ιι</span> <span class='ocrx_word' id='word_1_344' title='bbox 640 2870 758 2926; x_wconf 89' lang='lat' dir='ltr'><strong>Cor.</strong></span> <span class='ocrx_word' id='word_1_345' title='bbox 789 2886 881 2926; x_wconf 79' lang='lat' dir='ltr'><strong>xm</strong></span> <span class='ocrx_word' id='word_1_346' title='bbox 901 2911 915 2936; x_wconf 83' lang='lat'><strong>,</strong></span> <span class='ocrx_word' id='word_1_347' title='bbox 945 2869 1032 2942; x_wconf 76' lang='lat'><strong>5);</strong></span> <span class='ocrx_word' id='word_1_348' title='bbox 1065 2879 1120 2926; x_wconf 91' lang='lat' dir='ltr'><strong>et</strong></span> <span class='ocrx_word' id='word_1_349' title='bbox 1152 2871 1296 2924; x_wconf 87' lang='lat' dir='ltr'><strong>hoc:</strong></span> <span class='ocrx_word' id='word_1_350' title='bbox 1328 2868 1406 2923; x_wconf 87' lang='lat' dir='ltr'><strong>An</strong></span> <span class='ocrx_word' id='word_1_351' title='bbox 1428 2869 1829 2938; x_wconf 72' lang='lat' dir='ltr'><strong>experimentum</strong></span> 
     </span>
    </p>
   </div>
   <div class='ocr_carea' id='block_1_45' title="bbox 233 2961 1829 3036">
    <p class='ocr_par' dir='ltr' id='par_1_45' title="bbox 233 2961 1829 3036">
     <span class='ocr_line' id='line_1_45' title="bbox 233 2961 1829 3036; baseline -0.001 -17"><span class='ocrx_word' id='word_1_352' title='bbox 233 2964 462 3034; x_wconf 80' lang='lat' dir='ltr'><strong>quwritis</strong></span> <span class='ocrx_word' id='word_1_353' title='bbox 493 2964 605 3035; x_wconf 84' lang='lat' dir='ltr'><strong>ejus</strong></span> <span class='ocrx_word' id='word_1_354' title='bbox 629 2965 719 3036; x_wconf 86' lang='lat' dir='ltr'><strong>qui</strong></span> <span class='ocrx_word' id='word_1_355' title='bbox 745 2965 795 3018; x_wconf 87' lang='lat' dir='ltr'><strong>in</strong></span> <span class='ocrx_word' id='word_1_356' title='bbox 820 2980 900 3018; x_wconf 91' lang='lat' dir='ltr'><strong>me</strong></span> <span class='ocrx_word' id='word_1_357' title='bbox 921 2961 1153 3032; x_wconf 85' lang='lat' dir='ltr'><strong>loquitur</strong></span> <span class='ocrx_word' id='word_1_358' title='bbox 1179 2961 1415 3016; x_wconf 79' lang='lat' dir='ltr'><strong>Christus</strong></span> <span class='ocrx_word' id='word_1_359' title='bbox 1438 2963 1462 3015; x_wconf 72' lang='grc' dir='ltr'><strong>ἶ)</strong></span> <span class='ocrx_word' id='word_1_360' title='bbox 1490 2972 1640 3016; x_wconf 90' lang='lat' dir='ltr'><strong>certe</strong></span> <span class='ocrx_word' id='word_1_361' title='bbox 1662 2961 1829 3018; x_wconf 84' lang='lat' dir='ltr'><strong>male-</strong></span> 
     </span>
    </p>
   </div>
   <div class='ocr_carea' id='block_1_46' title="bbox 233 3051 1824 3126">
    <p class='ocr_par' dir='ltr' id='par_1_46' title="bbox 233 3051 1824 3126">
     <span class='ocr_line' id='line_1_46' title="bbox 233 3051 1824 3126; baseline -0.003 -16"><span class='ocrx_word' id='word_1_362' title='bbox 233 3056 489 3111; x_wconf 87' lang='lat' dir='ltr'><strong>dictionis</strong></span> <span class='ocrx_word' id='word_1_363' title='bbox 535 3071 638 3110; x_wconf 75' lang='lat' dir='ltr'><strong>vos</strong></span> <span class='ocrx_word' id='word_1_364' title='bbox 686 3071 792 3110; x_wconf 92' lang='lat' dir='ltr'><strong>non</strong></span> <span class='ocrx_word' id='word_1_365' title='bbox 834 3063 1013 3126; x_wconf 81' lang='lat' dir='ltr'><strong>potest</strong></span> <span class='ocrx_word' id='word_1_366' title='bbox 1041 3055 1161 3124; x_wconf 86' lang='lat' dir='ltr'><strong>ejus</strong></span> <span class='ocrx_word' id='word_1_367' title='bbox 1210 3052 1481 3122; x_wconf 85' lang='lat' dir='ltr'><strong>intelligi,</strong></span> <span class='ocrx_word' id='word_1_368' title='bbox 1532 3053 1624 3121; x_wconf 93' lang='lat' dir='ltr'><strong>qui</strong></span> <span class='ocrx_word' id='word_1_369' title='bbox 1655 3051 1824 3106; x_wconf 87' lang='lat' dir='ltr'><strong>dicit:</strong></span> 
     </span>
    </p>
   </div>
   <div class='ocr_carea' id='block_1_47' title="bbox 232 3145 1826 3220">
    <p class='ocr_par' dir='ltr' id='par_1_47' title="bbox 232 3145 1826 3220">
     <span class='ocr_line' id='line_1_47' title="bbox 232 3145 1826 3220; baseline -0.002 -19"><span class='ocrx_word' id='word_1_370' title='bbox 232 3147 430 3204; x_wconf 82' lang='lat' dir='ltr'><strong>Discite</strong></span> <span class='ocrx_word' id='word_1_371' title='bbox 458 3164 491 3202; x_wconf 91' lang='lat' dir='ltr'><strong>a</strong></span> <span class='ocrx_word' id='word_1_372' title='bbox 516 3165 616 3214; x_wconf 88' lang='lat' dir='ltr'><strong>me,</strong></span> <span class='ocrx_word' id='word_1_373' title='bbox 647 3148 769 3220; x_wconf 87' lang='lat' dir='ltr'><strong>quia</strong></span> <span class='ocrx_word' id='word_1_374' title='bbox 794 3146 1005 3201; x_wconf 81' lang='lat' dir='ltr'><strong>Immitis</strong></span> <span class='ocrx_word' id='word_1_375' title='bbox 1027 3162 1164 3215; x_wconf 85' lang='lat' dir='ltr'><strong>sum,</strong></span> <span class='ocrx_word' id='word_1_376' title='bbox 1198 3155 1244 3200; x_wconf 89' lang='lat' dir='ltr'><strong>et</strong></span> <span class='ocrx_word' id='word_1_377' title='bbox 1268 3145 1430 3210; x_wconf 85' lang='lat' dir='ltr'><strong>mitis,</strong></span> <span class='ocrx_word' id='word_1_378' title='bbox 1454 3153 1502 3199; x_wconf 92' lang='lat' dir='ltr'><strong>et</strong></span> <span class='ocrx_word' id='word_1_379' title='bbox 1527 3152 1826 3198; x_wconf 87' lang='lat' dir='ltr'><strong>mansuetus</strong></span> 
     </span>
    </p>
   </div>
   <div class='ocr_carea' id='block_1_48' title="bbox 1946 1953 3539 2026">
    <p class='ocr_par' dir='ltr' id='par_1_48' title="bbox 1946 1953 3539 2026">
     <span class='ocr_line' id='line_1_48' title="bbox 1946 1953 3539 2026; baseline -0.001 -17"><span class='ocrx_word' id='word_1_380' title='bbox 1946 1963 2053 2009; x_wconf 90' lang='lat' dir='ltr'><strong>tam</strong></span> <span class='ocrx_word' id='word_1_381' title='bbox 2080 1965 2358 2010; x_wconf 88' lang='lat' dir='ltr'><strong>cruentam</strong></span> <span class='ocrx_word' id='word_1_382' title='bbox 2390 1956 2445 2011; x_wconf 91' lang='lat' dir='ltr'><strong>in</strong></span> <span class='ocrx_word' id='word_1_383' title='bbox 2475 1955 2658 2026; x_wconf 89' lang='lat' dir='ltr'><strong>aliquo</strong></span> <span class='ocrx_word' id='word_1_384' title='bbox 2687 1969 2812 2012; x_wconf 85' lang='lat' dir='ltr'><strong>esse</strong></span> <span class='ocrx_word' id='word_1_385' title='bbox 2837 1953 3191 2020; x_wconf 88' lang='lat' dir='ltr'><strong>sententiam,</strong></span> <span class='ocrx_word' id='word_1_386' title='bbox 3219 1969 3402 2025; x_wconf 86' lang='lat' dir='ltr'><strong>quam,</strong></span> <span class='ocrx_word' id='word_1_387' title='bbox 3431 1954 3539 2008; x_wconf 87' lang='lat' dir='ltr'><strong>uti-</strong></span> 
     </span>
    </p>
   </div>
   <div class='ocr_carea' id='block_1_49' title="bbox 1942 2045 3544 2118">
    <p class='ocr_par' dir='ltr' id='par_1_49' title="bbox 1942 2045 3544 2118">
     <span class='ocr_line' id='line_1_49' title="bbox 1942 2045 3544 2118; baseline -0.001 -16"><span class='ocrx_word' id='word_1_388' title='bbox 1942 2065 2062 2102; x_wconf 87' lang='lat' dir='ltr'><strong>nam</strong></span> <span class='ocrx_word' id='word_1_389' title='bbox 2083 2047 2450 2103; x_wconf 87' lang='lat' dir='ltr'><strong>abscindantur</strong></span> <span class='ocrx_word' id='word_1_390' title='bbox 2476 2049 2566 2118; x_wconf 88' lang='lat' dir='ltr'><strong>qui</strong></span> <span class='ocrx_word' id='word_1_391' title='bbox 2586 2064 2672 2102; x_wconf 81' lang='lat' dir='ltr'><strong>vos</strong></span> <span class='ocrx_word' id='word_1_392' title='bbox 2697 2047 3026 2102; x_wconf 87' lang='lat' dir='ltr'><strong>conturbant.</strong></span> <span class='ocrx_word' id='word_1_393' title='bbox 3063 2045 3174 2102; x_wconf 85' lang='lat' dir='ltr'><strong>Nec</strong></span> <span class='ocrx_word' id='word_1_394' title='bbox 3206 2055 3434 2117; x_wconf 89' lang='lat' dir='ltr'><strong>possunt</strong></span> <span class='ocrx_word' id='word_1_395' title='bbox 3459 2045 3544 2100; x_wconf 86' lang='lat' dir='ltr'><strong>di-</strong></span> 
     </span>
    </p>
   </div>
   <div class='ocr_carea' id='block_1_50' title="bbox 1940 2135 3540 2221">
    <p class='ocr_par' dir='ltr' id='par_1_50' title="bbox 1940 2135 3540 2221">
     <span class='ocr_line' id='line_1_50' title="bbox 1940 2135 3540 2221; baseline -0.003 -27"><span class='ocrx_word' id='word_1_396' title='bbox 1940 2155 2066 2195; x_wconf 91' lang='lat' dir='ltr'><strong>cere</strong></span> <span class='ocrx_word' id='word_1_397' title='bbox 2097 2155 2282 2195; x_wconf 87' lang='lat' dir='ltr'><strong>orasse</strong></span> <span class='ocrx_word' id='word_1_398' title='bbox 2311 2140 2630 2221; x_wconf 64' lang='lat' dir='ltr'><strong>Apostolum</strong></span> <span class='ocrx_word' id='word_1_399' title='bbox 2663 2154 2761 2208; x_wconf 90' lang='lat' dir='ltr'><strong>pro</strong></span> <span class='ocrx_word' id='word_1_400' title='bbox 2792 2138 3026 2193; x_wconf 89' lang='lat' dir='ltr'><strong>inimicis</strong></span> <span class='ocrx_word' id='word_1_401' title='bbox 3052 2135 3280 2204; x_wconf 86' lang='lat' dir='ltr'><strong>Christi,</strong></span> <span class='ocrx_word' id='word_1_402' title='bbox 3303 2137 3395 2208; x_wconf 92' lang='lat' dir='ltr'><strong>qui</strong></span> <span class='ocrx_word' id='word_1_403' title='bbox 3421 2135 3540 2208; x_wconf 87' lang='lat' dir='ltr'><strong>ejus</strong></span> 
     </span>
    </p>
   </div>
   <div class='ocr_carea' id='block_1_51' title="bbox 1940 2230 3535 2300">
    <p class='ocr_par' dir='ltr' id='par_1_51' title="bbox 1940 2230 3535 2300">
     <span class='ocr_line' id='line_1_51' title="bbox 1940 2230 3535 2300; baseline -0.001 -14"><span class='ocrx_word' id='word_1_404' title='bbox 1940 2231 2210 2287; x_wconf 88' lang='lat' dir='ltr'><strong>Ecclesias</strong></span> <span class='ocrx_word' id='word_1_405' title='bbox 2233 2231 2652 2287; x_wconf 89' lang='lat' dir='ltr'><strong>conturbabant.</strong></span> <span class='ocrx_word' id='word_1_406' title='bbox 2684 2230 2796 2286; x_wconf 89' lang='lat' dir='ltr'><strong>Nec</strong></span> <span class='ocrx_word' id='word_1_407' title='bbox 2821 2247 2890 2286; x_wconf 79' lang='lat' dir='ltr'><strong>ex</strong></span> <span class='ocrx_word' id='word_1_408' title='bbox 2925 2230 3217 2286; x_wconf 90' lang='lat' dir='ltr'><strong>dilectione</strong></span> <span class='ocrx_word' id='word_1_409' title='bbox 3243 2231 3535 2300; x_wconf 87' lang='lat' dir='ltr'><strong>prolatum,</strong></span> 
     </span>
    </p>
   </div>
   <div class='ocr_carea' id='block_1_52' title="bbox 1936 2321 3533 2397">
    <p class='ocr_par' dir='ltr' id='par_1_52' title="bbox 1936 2321 3533 2397">
     <span class='ocr_line' id='line_1_52' title="bbox 1936 2321 3533 2397; baseline -0.004 -16"><span class='ocrx_word' id='word_1_410' title='bbox 1936 2327 2080 2397; x_wconf 92' lang='lat' dir='ltr'><strong>quod</strong></span> <span class='ocrx_word' id='word_1_411' title='bbox 2110 2337 2320 2382; x_wconf 89' lang='lat' dir='ltr'><strong>tumore</strong></span> <span class='ocrx_word' id='word_1_412' title='bbox 2348 2335 2403 2382; x_wconf 91' lang='lat' dir='ltr'><strong>et</strong></span> <span class='ocrx_word' id='word_1_413' title='bbox 2424 2325 2810 2396; x_wconf 89' lang='lat' dir='ltr'><strong>indignatione</strong></span> <span class='ocrx_word' id='word_1_414' title='bbox 2836 2324 3080 2395; x_wconf 88' lang='lat' dir='ltr'><strong>plenum,</strong></span> <span class='ocrx_word' id='word_1_415' title='bbox 3107 2324 3224 2392; x_wconf 91' lang='lat' dir='ltr'><strong>ipso</strong></span> <span class='ocrx_word' id='word_1_416' title='bbox 3245 2321 3533 2376; x_wconf 87' lang='lat' dir='ltr'><strong>verborum</strong></span> 
     </span>
    </p>
   </div>
   <div class='ocr_carea' id='block_1_53' title="bbox 1937 2413 3533 2490">
    <p class='ocr_par' dir='ltr' id='par_1_53' title="bbox 1937 2413 3533 2490">
     <span class='ocr_line' id='line_1_53' title="bbox 1937 2413 3533 2490; baseline -0.006 -15"><span class='ocrx_word' id='word_1_417' title='bbox 1937 2420 2178 2490; x_wconf 89' lang='lat' dir='ltr'><strong>pondere</strong></span> <span class='ocrx_word' id='word_1_418' title='bbox 2228 2419 2657 2475; x_wconf 88' lang='lat' dir='ltr'><strong>demonstratur.</strong></span> <span class='ocrx_word' id='word_1_419' title='bbox 2689 2415 2962 2487; x_wconf 86' lang='lat' dir='ltr'><strong>Quidquid</strong></span> <span class='ocrx_word' id='word_1_420' title='bbox 2991 2431 3121 2485; x_wconf 87' lang='lat' dir='ltr'><strong>ergo</strong></span> <span class='ocrx_word' id='word_1_421' title='bbox 3151 2413 3231 2469; x_wconf 91' lang='lat' dir='ltr'><strong>illi</strong></span> <span class='ocrx_word' id='word_1_422' title='bbox 3258 2428 3356 2484; x_wconf 91' lang='lat' dir='ltr'><strong>pro</strong></span> <span class='ocrx_word' id='word_1_423' title='bbox 3385 2413 3533 2482; x_wconf 80' lang='lat' dir='ltr'><strong>Apo-</strong></span> 
     </span>
    </p>
   </div>
   <div class='ocr_carea' id='block_1_54' title="bbox 1933 2505 3534 2582">
    <p class='ocr_par' dir='ltr' id='par_1_54' title="bbox 1933 2505 3534 2582">
     <span class='ocr_line' id='line_1_54' title="bbox 1933 2505 3534 2582; baseline -0.004 -15"><span class='ocrx_word' id='word_1_424' title='bbox 1933 2512 2076 2567; x_wconf 89' lang='lat' dir='ltr'><strong>stolo</strong></span> <span class='ocrx_word' id='word_1_425' title='bbox 2097 2511 2464 2568; x_wconf 80' lang='lat' dir='ltr'><strong>excusationis</strong></span> <span class='ocrx_word' id='word_1_426' title='bbox 2488 2511 2770 2568; x_wconf 87' lang='lat' dir='ltr'><strong>attulerint</strong></span> <span class='ocrx_word' id='word_1_427' title='bbox 2793 2551 2810 2580; x_wconf 90' lang='lat'><strong>,</strong></span> <span class='ocrx_word' id='word_1_428' title='bbox 2833 2507 2999 2582; x_wconf 65' lang='grc'><strong>494</strong></span> <span class='ocrx_word' id='word_1_429' title='bbox 3019 2509 3122 2564; x_wconf 90' lang='lat' dir='ltr'><strong>hoc</strong></span> <span class='ocrx_word' id='word_1_430' title='bbox 3145 2523 3251 2563; x_wconf 92' lang='lat' dir='ltr'><strong>non</strong></span> <span class='ocrx_word' id='word_1_431' title='bbox 3276 2521 3372 2578; x_wconf 91' lang='lat' dir='ltr'><strong>pro</strong></span> <span class='ocrx_word' id='word_1_432' title='bbox 3394 2505 3534 2577; x_wconf 83' lang='lat' dir='ltr'><strong>Lege</strong></span> 
     </span>
    </p>
   </div>
   <div class='ocr_carea' id='block_1_55' title="bbox 1934 2603 2514 2660">
    <p class='ocr_par' dir='ltr' id='par_1_55' title="bbox 1934 2603 2514 2660">
     <span class='ocr_line' id='line_1_55' title="bbox 1934 2603 2514 2660; baseline -0.007 0"><span class='ocrx_word' id='word_1_433' title='bbox 1934 2605 2102 2660; x_wconf 88' lang='lat' dir='ltr'><strong>veteri</strong></span> <span class='ocrx_word' id='word_1_434' title='bbox 2134 2603 2514 2660; x_wconf 87' lang='lat' dir='ltr'><strong>defendemus.</strong></span> 
     </span>
    </p>
   </div>
   <div class='ocr_carea' id='block_1_56' title="bbox 2004 2692 3541 2767">
    <p class='ocr_par' dir='ltr' id='par_1_56' title="bbox 2004 2692 3541 2767">
     <span class='ocr_line' id='line_1_56' title="bbox 2004 2692 3541 2767; baseline -0.003 -16"><span class='ocrx_word' id='word_1_435' title='bbox 2004 2695 2188 2764; x_wconf 83' lang='lat' dir='ltr'><strong>(Vers.</strong></span> <span class='ocrx_word' id='word_1_436' title='bbox 2221 2694 2336 2767; x_wconf 77' lang='lat' dir='ltr'><strong>l3.)</strong></span> <span class='ocrx_word' id='word_1_437' title='bbox 2372 2695 2478 2750; x_wconf 78' lang='lat' dir='ltr'><strong>Vos</strong></span> <span class='ocrx_word' id='word_1_438' title='bbox 2505 2695 2642 2750; x_wconf 87' lang='lat' dir='ltr'><strong>enint</strong></span> <span class='ocrx_word' id='word_1_439' title='bbox 2673 2695 2726 2748; x_wconf 85' lang='lat' dir='ltr'><strong>in</strong></span> <span class='ocrx_word' id='word_1_440' title='bbox 2751 2694 3042 2749; x_wconf 84' lang='lat' dir='ltr'><strong>libertatem</strong></span> <span class='ocrx_word' id='word_1_441' title='bbox 3070 2693 3240 2748; x_wconf 82' lang='lat' dir='ltr'><strong>vocati</strong></span> <span class='ocrx_word' id='word_1_442' title='bbox 3262 2692 3404 2758; x_wconf 82' lang='lat' dir='ltr'><strong>estis,</strong></span> <span class='ocrx_word' id='word_1_443' title='bbox 3429 2697 3541 2764; x_wconf 80' lang='lat' dir='ltr'><strong>fra-</strong></span> 
     </span>
    </p>
   </div>
   <div class='ocr_carea' id='block_1_57' title="bbox 1933 2785 3535 2853">
    <p class='ocr_par' dir='ltr' id='par_1_57' title="bbox 1933 2785 3535 2853">
     <span class='ocr_line' id='line_1_57' title="bbox 1933 2785 3535 2853; baseline 0 -12"><span class='ocrx_word' id='word_1_444' title='bbox 1933 2798 2034 2841; x_wconf 82' lang='lat' dir='ltr'><strong>tres</strong></span> <span class='ocrx_word' id='word_1_445' title='bbox 2077 2803 2096 2841; x_wconf 86' lang='lat'><strong><em>:</em></strong></span> <span class='ocrx_word' id='word_1_446' title='bbox 2128 2796 2333 2841; x_wconf 88' lang='lat' dir='ltr'><strong>tantum</strong></span> <span class='ocrx_word' id='word_1_447' title='bbox 2363 2804 2425 2840; x_wconf 87' lang='lat' dir='ltr'><strong>ne</strong></span> <span class='ocrx_word' id='word_1_448' title='bbox 2455 2786 2745 2841; x_wconf 87' lang='lat' dir='ltr'><strong>libertatem</strong></span> <span class='ocrx_word' id='word_1_449' title='bbox 2773 2786 2826 2840; x_wconf 86' lang='lat' dir='ltr'><strong>in</strong></span> <span class='ocrx_word' id='word_1_450' title='bbox 2855 2786 3180 2840; x_wconf 87' lang='lat' dir='ltr'><strong>occasionem</strong></span> <span class='ocrx_word' id='word_1_451' title='bbox 3208 2786 3353 2839; x_wconf 88' lang='lat' dir='ltr'><strong>carni</strong></span> <span class='ocrx_word' id='word_1_452' title='bbox 3384 2785 3535 2853; x_wconf 88' lang='lat' dir='ltr'><strong>(sub-</strong></span> 
     </span>
    </p>
   </div>
   <div class='ocr_carea' id='block_1_58' title="bbox 1930 2874 3533 2947">
    <p class='ocr_par' dir='ltr' id='par_1_58' title="bbox 1930 2874 3533 2947">
     <span class='ocr_line' id='line_1_58' title="bbox 1930 2874 3533 2947; baseline -0.001 -15"><span class='ocrx_word' id='word_1_453' title='bbox 1930 2876 2184 2947; x_wconf 89' lang='lat' dir='ltr'><strong>auditur)</strong></span> <span class='ocrx_word' id='word_1_454' title='bbox 2230 2875 2364 2930; x_wconf 88' lang='lat' dir='ltr'><strong>detis</strong></span> <span class='ocrx_word' id='word_1_455' title='bbox 2406 2892 2426 2931; x_wconf 90' lang='lat'><em>:</em></span> <span class='ocrx_word' id='word_1_456' title='bbox 2463 2875 2607 2946; x_wconf 90' lang='lat' dir='ltr'><strong>quod</strong></span> <span class='ocrx_word' id='word_1_457' title='bbox 2636 2874 2770 2946; x_wconf 71' lang='lat' dir='ltr'><strong>{quia</strong></span> <span class='ocrx_word' id='word_1_458' title='bbox 2809 2875 2862 2930; x_wconf 93' lang='lat' dir='ltr'><strong>in</strong></span> <span class='ocrx_word' id='word_1_459' title='bbox 2908 2875 3102 2931; x_wconf 60' lang='lat' dir='ltr'><strong>Graeco</strong></span> <span class='ocrx_word' id='word_1_460' title='bbox 3141 2890 3248 2932; x_wconf 91' lang='lat' dir='ltr'><strong>non</strong></span> <span class='ocrx_word' id='word_1_461' title='bbox 3280 2875 3533 2943; x_wconf 90' lang='lat' dir='ltr'><strong>habetur,</strong></span> 
     </span>
    </p>
   </div>
   <div class='ocr_carea' id='block_1_59' title="bbox 1931 2967 3534 3039">
    <p class='ocr_par' dir='ltr' id='par_1_59' title="bbox 1931 2967 3534 3039">
     <span class='ocr_line' id='line_1_59' title="bbox 1931 2967 3534 3039; baseline -0.001 -15"><span class='ocrx_word' id='word_1_462' title='bbox 1931 2969 2156 3024; x_wconf 89' lang='lat' dir='ltr'><strong>Latinus</strong></span> <span class='ocrx_word' id='word_1_463' title='bbox 2189 2969 2366 3039; x_wconf 88' lang='lat' dir='ltr'><strong>posuit</strong></span> <span class='ocrx_word' id='word_1_464' title='bbox 2396 2967 2691 3037; x_wconf 89' lang='lat' dir='ltr'><strong>interpres.</strong></span> <span class='ocrx_word' id='word_1_465' title='bbox 2722 2968 2873 3022; x_wconf 85' lang='lat' dir='ltr'><strong>llunc</strong></span> <span class='ocrx_word' id='word_1_466' title='bbox 2902 2967 3078 3022; x_wconf 91' lang='lat' dir='ltr'><strong>locum</strong></span> <span class='ocrx_word' id='word_1_467' title='bbox 3108 2967 3232 3038; x_wconf 89' lang='lat' dir='ltr'><strong>quia</strong></span> <span class='ocrx_word' id='word_1_468' title='bbox 3255 2969 3413 3024; x_wconf 89' lang='lat' dir='ltr'><strong>valde</strong></span> <span class='ocrx_word' id='word_1_469' title='bbox 3437 2969 3534 3022; x_wconf 85' lang='lat' dir='ltr'><strong>oh-</strong></span> 
     </span>
    </p>
   </div>
   <div class='ocr_carea' id='block_1_60' title="bbox 1929 3058 3529 3128">
    <p class='ocr_par' dir='ltr' id='par_1_60' title="bbox 1929 3058 3529 3128">
     <span class='ocr_line' id='line_1_60' title="bbox 1929 3058 3529 3128; baseline 0 -12"><span class='ocrx_word' id='word_1_470' title='bbox 1929 3077 2120 3117; x_wconf 89' lang='lat' dir='ltr'><strong>scurus</strong></span> <span class='ocrx_word' id='word_1_471' title='bbox 2161 3071 2268 3128; x_wconf 86' lang='lat' dir='ltr'><strong>est,</strong></span> <span class='ocrx_word' id='word_1_472' title='bbox 2314 3060 2382 3116; x_wconf 91' lang='lat' dir='ltr'><strong>de</strong></span> <span class='ocrx_word' id='word_1_473' title='bbox 2407 3060 2621 3117; x_wconf 89' lang='lat' dir='ltr'><strong>decimo</strong></span> <span class='ocrx_word' id='word_1_474' title='bbox 2653 3058 2677 3096; x_wconf 74' lang='lat' dir='ltr'>d</span> <span class='ocrx_word' id='word_1_475' title='bbox 2711 3059 3041 3116; x_wconf 88' lang='lat' dir='ltr'><strong>Stromatum</strong></span> <span class='ocrx_word' id='word_1_476' title='bbox 3073 3060 3216 3116; x_wconf 92' lang='lat' dir='ltr'><strong>libro</strong></span> <span class='ocrx_word' id='word_1_477' title='bbox 3244 3059 3529 3116; x_wconf 87' lang='lat' dir='ltr'><strong>transferri</strong></span> 
     </span>
    </p>
   </div>
   <div class='ocr_carea' id='block_1_61' title="bbox 1930 3153 3530 3226">
    <p class='ocr_par' dir='ltr' id='par_1_61' title="bbox 1930 3153 3530 3226">
     <span class='ocr_line' id='line_1_61' title="bbox 1930 3153 3530 3226; baseline 0 -16"><span class='ocrx_word' id='word_1_478' title='bbox 1930 3155 2129 3226; x_wconf 87' lang='lat' dir='ltr'><strong>placuit</strong></span> <span class='ocrx_word' id='word_1_479' title='bbox 2157 3154 2222 3209; x_wconf 88' lang='lat' dir='ltr'><strong>ad</strong></span> <span class='ocrx_word' id='word_1_480' title='bbox 2255 3153 2503 3209; x_wconf 91' lang='lat' dir='ltr'><strong>verbum.</strong></span> <span class='ocrx_word' id='word_1_481' title='bbox 2533 3153 2654 3208; x_wconf 89' lang='lat' dir='ltr'><strong>Non</strong></span> <span class='ocrx_word' id='word_1_482' title='bbox 2680 3167 2788 3221; x_wconf 89' lang='lat' dir='ltr'><strong>quo</strong></span> <span class='ocrx_word' id='word_1_483' title='bbox 2809 3153 3026 3224; x_wconf 88' lang='lat' dir='ltr'><strong>singula</strong></span> <span class='ocrx_word' id='word_1_484' title='bbox 3051 3167 3156 3207; x_wconf 89' lang='lat' dir='ltr'><strong>non</strong></span> <span class='ocrx_word' id='word_1_485' title='bbox 3184 3155 3392 3220; x_wconf 86' lang='lat' dir='ltr'><strong>possint</strong></span> <span class='ocrx_word' id='word_1_486' title='bbox 3416 3155 3530 3212; x_wconf 85' lang='lat' dir='ltr'><strong>suis</strong></span> 
     </span>
    </p>
   </div>
   <div class='ocr_carea' id='block_1_62' title="bbox 233 3229 3527 3315">
    <p class='ocr_par' dir='ltr' id='par_1_62' title="bbox 233 3229 3527 3315">
     <span class='ocr_line' id='line_1_62' title="bbox 233 3229 3527 3315; baseline -0.002 -20"><span class='ocrx_word' id='word_1_487' title='bbox 233 3240 386 3295; x_wconf 88' lang='lat' dir='ltr'><strong>corde</strong></span> <span class='ocrx_word' id='word_1_488' title='bbox 428 3238 646 3312; x_wconf 77' lang='lat' dir='ltr'><strong>(Matth.</strong></span> <span class='ocrx_word' id='word_1_489' title='bbox 680 3254 755 3306; x_wconf 77' lang='grc' dir='ltr'>ιι,</span> <span class='ocrx_word' id='word_1_490' title='bbox 785 3238 902 3310; x_wconf 74' lang='lat'><strong>29).</strong></span> <span class='ocrx_word' id='word_1_491' title='bbox 934 3239 999 3294; x_wconf 86' lang='lat' dir='ltr'><strong>Et</strong></span> <span class='ocrx_word' id='word_1_492' title='bbox 1025 3239 1195 3308; x_wconf 74' lang='lat' dir='ltr'><strong>inagis</strong></span> <span class='ocrx_word' id='word_1_493' title='bbox 1222 3247 1442 3308; x_wconf 90' lang='lat' dir='ltr'><strong>putatur</strong></span> <span class='ocrx_word' id='word_1_494' title='bbox 1477 3235 1704 3291; x_wconf 81' lang='lat' dir='ltr'><strong>Judaico</strong></span> <span class='ocrx_word' id='word_1_495' title='bbox 1742 3234 1823 3291; x_wconf 85' lang='lat' dir='ltr'><strong>fu-</strong></span> <span class='ocrx_word' id='word_1_496' title='bbox 1851 3229 1900 3298; x_wconf 82' lang='lat' dir='ltr'><strong>C</strong></span> <span class='ocrx_word' id='word_1_497' title='bbox 1932 3246 2067 3302; x_wconf 79' lang='lat' dir='ltr'><strong>locis</strong></span> <span class='ocrx_word' id='word_1_498' title='bbox 2095 3255 2150 3301; x_wconf 76' lang='lat' dir='ltr'><strong>et,</strong></span> <span class='ocrx_word' id='word_1_499' title='bbox 2178 3245 2434 3302; x_wconf 73' lang='lat' dir='ltr'><strong>sensibus</strong></span> <span class='ocrx_word' id='word_1_500' title='bbox 2467 3245 2780 3314; x_wconf 68' lang='lat' dir='ltr'><strong>explanari;</strong></span> <span class='ocrx_word' id='word_1_501' title='bbox 2815 3244 2908 3298; x_wconf 79' lang='lat' dir='ltr'><strong>sed</strong></span> <span class='ocrx_word' id='word_1_502' title='bbox 2941 3259 3048 3312; x_wconf 80' lang='lat' dir='ltr'><strong>quo</strong></span> <span class='ocrx_word' id='word_1_503' title='bbox 3076 3259 3104 3297; x_wconf 67' lang='grc' dir='ltr'><strong>ιι</strong></span> <span class='ocrx_word' id='word_1_504' title='bbox 3135 3245 3401 3315; x_wconf 65' lang='lat' dir='ltr'><strong>superiori</strong></span> <span class='ocrx_word' id='word_1_505' title='bbox 3431 3261 3527 3300; x_wconf 75' lang='lat' dir='ltr'><strong>ne-</strong></span> 
     </span>
    </p>
   </div>
   <div class='ocr_carea' id='block_1_63' title="bbox 232 3331 1826 3404">
    <p class='ocr_par' dir='ltr' id='par_1_63' title="bbox 232 3331 1826 3404">
     <span class='ocr_line' id='line_1_63' title="bbox 232 3331 1826 3404; baseline -0.001 -17"><span class='ocrx_word' id='word_1_506' title='bbox 232 3347 391 3400; x_wconf 87' lang='lat' dir='ltr'><strong>rore,</strong></span> <span class='ocrx_word' id='word_1_507' title='bbox 422 3342 479 3389; x_wconf 90' lang='lat' dir='ltr'><strong>et</strong></span> <span class='ocrx_word' id='word_1_508' title='bbox 528 3331 759 3404; x_wconf 88' lang='lat' dir='ltr'><strong>quadam</strong></span> <span class='ocrx_word' id='word_1_509' title='bbox 786 3331 1052 3388; x_wconf 73' lang='lat' dir='ltr'><strong>effrenata</strong></span> <span class='ocrx_word' id='word_1_510' title='bbox 1093 3331 1298 3386; x_wconf 87' lang='lat' dir='ltr'><strong>insania</strong></span> <span class='ocrx_word' id='word_1_511' title='bbox 1340 3345 1402 3386; x_wconf 89' lang='lat' dir='ltr'><strong>se</strong></span> <span class='ocrx_word' id='word_1_512' title='bbox 1442 3345 1549 3385; x_wconf 92' lang='lat' dir='ltr'><strong>non</strong></span> <span class='ocrx_word' id='word_1_513' title='bbox 1583 3331 1826 3400; x_wconf 87' lang='lat' dir='ltr'><strong>potuisse</strong></span> 
     </span>
    </p>
   </div>
   <div class='ocr_carea' id='block_1_64' title="bbox 233 3423 1824 3495">
    <p class='ocr_par' dir='ltr' id='par_1_64' title="bbox 233 3423 1824 3495">
     <span class='ocr_line' id='line_1_64' title="bbox 233 3423 1824 3495; baseline -0.001 -15"><span class='ocrx_word' id='word_1_514' title='bbox 233 3424 494 3482; x_wconf 87' lang='lat' dir='ltr'><strong>cohibere</strong></span> <span class='ocrx_word' id='word_1_515' title='bbox 521 3470 535 3494; x_wconf 92' lang='lat'><strong>,</strong></span> <span class='ocrx_word' id='word_1_516' title='bbox 583 3440 745 3495; x_wconf 88' lang='lat' dir='ltr'><strong>quam</strong></span> <span class='ocrx_word' id='word_1_517' title='bbox 791 3424 1032 3479; x_wconf 88' lang='lat' dir='ltr'><strong>imitatus</strong></span> <span class='ocrx_word' id='word_1_518' title='bbox 1079 3438 1204 3481; x_wconf 87' lang='lat' dir='ltr'><strong>esse</strong></span> <span class='ocrx_word' id='word_1_519' title='bbox 1239 3439 1362 3479; x_wconf 90' lang='lat' dir='ltr'><strong>eum</strong></span> <span class='ocrx_word' id='word_1_520' title='bbox 1385 3469 1399 3492; x_wconf 86' lang='lat'><strong>,</strong></span> <span class='ocrx_word' id='word_1_521' title='bbox 1430 3423 1519 3493; x_wconf 92' lang='lat' dir='ltr'><strong>qui</strong></span> <span class='ocrx_word' id='word_1_522' title='bbox 1551 3431 1824 3493; x_wconf 88' lang='lat' dir='ltr'><strong>tamquam</strong></span> 
     </span>
    </p>
   </div>
   <div class='ocr_carea' id='block_1_65' title="bbox 230 3517 1826 3590">
    <p class='ocr_par' dir='ltr' id='par_1_65' title="bbox 230 3517 1826 3590">
     <span class='ocr_line' id='line_1_65' title="bbox 230 3517 1826 3590; baseline -0.001 -18"><span class='ocrx_word' id='word_1_523' title='bbox 230 3533 402 3590; x_wconf 87' lang='lat' dir='ltr'><strong>agnus</strong></span> <span class='ocrx_word' id='word_1_524' title='bbox 418 3533 603 3574; x_wconf 90' lang='lat' dir='ltr'><strong>coram</strong></span> <span class='ocrx_word' id='word_1_525' title='bbox 621 3517 877 3574; x_wconf 88' lang='lat' dir='ltr'><strong>tondente</strong></span> <span class='ocrx_word' id='word_1_526' title='bbox 889 3533 972 3584; x_wconf 88' lang='lat' dir='ltr'><strong>se,</strong></span> <span class='ocrx_word' id='word_1_527' title='bbox 988 3533 1093 3571; x_wconf 90' lang='lat' dir='ltr'><strong>non</strong></span> <span class='ocrx_word' id='word_1_528' title='bbox 1110 3518 1325 3585; x_wconf 89' lang='lat' dir='ltr'><strong>aperuit</strong></span> <span class='ocrx_word' id='word_1_529' title='bbox 1338 3533 1398 3570; x_wconf 89' lang='lat' dir='ltr'><strong>os</strong></span> <span class='ocrx_word' id='word_1_530' title='bbox 1413 3525 1650 3581; x_wconf 90' lang='lat' dir='ltr'><strong>suum,et</strong></span> <span class='ocrx_word' id='word_1_531' title='bbox 1666 3517 1826 3572; x_wconf 81' lang='lat' dir='ltr'><strong>male-</strong></span> 
     </span>
    </p>
   </div>
   <div class='ocr_carea' id='block_1_66' title="bbox 228 3605 1823 3678">
    <p class='ocr_par' dir='ltr' id='par_1_66' title="bbox 228 3605 1823 3678">
     <span class='ocr_line' id='line_1_66' title="bbox 228 3605 1823 3678; baseline 0 -14"><span class='ocrx_word' id='word_1_532' title='bbox 228 3609 543 3666; x_wconf 87' lang='lat' dir='ltr'><strong>dicentibus</strong></span> <span class='ocrx_word' id='word_1_533' title='bbox 569 3624 676 3664; x_wconf 91' lang='lat' dir='ltr'><strong>non</strong></span> <span class='ocrx_word' id='word_1_534' title='bbox 695 3608 1032 3664; x_wconf 85' lang='lat' dir='ltr'><strong>remalediin</strong></span> <span class='ocrx_word' id='word_1_535' title='bbox 1053 3605 1207 3678; x_wconf 80' lang='grc' dir='ltr'><strong>(1δαὶ.</strong></span> <span class='ocrx_word' id='word_1_536' title='bbox 1227 3607 1619 3677; x_wconf 82' lang='lat' dir='ltr'><strong>un).&#39;l‘radidit</strong></span> <span class='ocrx_word' id='word_1_537' title='bbox 1640 3616 1823 3664; x_wconf 90' lang='lat' dir='ltr'><strong>autem</strong></span> 
     </span>
    </p>
   </div>
   <div class='ocr_carea' id='block_1_67' title="bbox 228 3699 1826 3774">
    <p class='ocr_par' dir='ltr' id='par_1_67' title="bbox 228 3699 1826 3774">
     <span class='ocr_line' id='line_1_67' title="bbox 228 3699 1826 3774; baseline 0.001 -19"><span class='ocrx_word' id='word_1_538' title='bbox 228 3700 390 3774; x_wconf 58' lang='grc'><strong>493</strong></span> <span class='ocrx_word' id='word_1_539' title='bbox 421 3716 482 3757; x_wconf 90' lang='lat' dir='ltr'><strong>se</strong></span> <span class='ocrx_word' id='word_1_540' title='bbox 513 3701 676 3757; x_wconf 87' lang='lat' dir='ltr'><strong>morti</strong></span> <span class='ocrx_word' id='word_1_541' title='bbox 707 3701 1120 3768; x_wconf 83' lang='lat' dir='ltr'><strong>condemnatus.</strong></span> <span class='ocrx_word' id='word_1_542' title='bbox 1145 3699 1228 3754; x_wconf 86' lang='lat' dir='ltr'><strong>Ad</strong></span> <span class='ocrx_word' id='word_1_543' title='bbox 1251 3699 1398 3771; x_wconf 91' lang='lat' dir='ltr'><strong>quod</strong></span> <span class='ocrx_word' id='word_1_544' title='bbox 1421 3701 1510 3770; x_wconf 91' lang='lat' dir='ltr'><strong>qui</strong></span> <span class='ocrx_word' id='word_1_545' title='bbox 1533 3715 1632 3770; x_wconf 91' lang='lat' dir='ltr'><strong>pro</strong></span> <span class='ocrx_word' id='word_1_546' title='bbox 1653 3699 1826 3756; x_wconf 86' lang='lat' dir='ltr'><strong>Paulo</strong></span> 
     </span>
    </p>
   </div>
   <div class='ocr_carea' id='block_1_68' title="bbox 229 3792 1825 3866">
    <p class='ocr_par' dir='ltr' id='par_1_68' title="bbox 229 3792 1825 3866">
     <span class='ocr_line' id='line_1_68' title="bbox 229 3792 1825 3866; baseline -0.001 -17"><span class='ocrx_word' id='word_1_547' title='bbox 229 3793 606 3866; x_wconf 86' lang='lat' dir='ltr'><strong>respondebit,</strong></span> <span class='ocrx_word' id='word_1_548' title='bbox 630 3794 746 3849; x_wconf 66' lang='lat' dir='ltr'><strong>haec</strong></span> <span class='ocrx_word' id='word_1_549' title='bbox 772 3792 912 3849; x_wconf 89' lang='lat' dir='ltr'><strong>dicet</strong></span> <span class='ocrx_word' id='word_1_550' title='bbox 946 3811 958 3849; x_wconf 92' lang='lat'><strong>:</strong></span> <span class='ocrx_word' id='word_1_551' title='bbox 991 3808 1096 3848; x_wconf 91' lang='lat' dir='ltr'><strong>non</strong></span> <span class='ocrx_word' id='word_1_552' title='bbox 1127 3802 1233 3848; x_wconf 90' lang='lat' dir='ltr'><strong>tam</strong></span> <span class='ocrx_word' id='word_1_553' title='bbox 1264 3793 1465 3849; x_wconf 87' lang='lat' dir='ltr'><strong>furoris</strong></span> <span class='ocrx_word' id='word_1_554' title='bbox 1495 3794 1547 3850; x_wconf 87' lang='lat' dir='ltr'><strong>in</strong></span> <span class='ocrx_word' id='word_1_555' title='bbox 1570 3793 1825 3849; x_wconf 88' lang='lat' dir='ltr'><strong>adversa-</strong></span> 
     </span>
    </p>
   </div>
   <div class='ocr_carea' id='block_1_69' title="bbox 229 3887 1825 3960">
    <p class='ocr_par' dir='ltr' id='par_1_69' title="bbox 229 3887 1825 3960">
     <span class='ocr_line' id='line_1_69' title="bbox 229 3887 1825 3960; baseline 0.001 -16"><span class='ocrx_word' id='word_1_556' title='bbox 229 3888 365 3957; x_wconf 83' lang='lat' dir='ltr'><strong>rios,</strong></span> <span class='ocrx_word' id='word_1_557' title='bbox 408 3904 572 3960; x_wconf 87' lang='lat' dir='ltr'><strong>quam</strong></span> <span class='ocrx_word' id='word_1_558' title='bbox 609 3888 919 3945; x_wconf 90' lang='lat' dir='ltr'><strong>dilectionis</strong></span> <span class='ocrx_word' id='word_1_559' title='bbox 961 3889 1011 3942; x_wconf 93' lang='lat' dir='ltr'><strong>in</strong></span> <span class='ocrx_word' id='word_1_560' title='bbox 1041 3888 1320 3943; x_wconf 83' lang='lat' dir='ltr'><strong>Ecclesias</strong></span> <span class='ocrx_word' id='word_1_561' title='bbox 1359 3887 1476 3955; x_wconf 89' lang='lat' dir='ltr'><strong>Dei,</strong></span> <span class='ocrx_word' id='word_1_562' title='bbox 1511 3889 1676 3945; x_wconf 88' lang='lat' dir='ltr'><strong>verba</strong></span> <span class='ocrx_word' id='word_1_563' title='bbox 1703 3903 1825 3946; x_wconf 89' lang='lat' dir='ltr'><strong>esse</strong></span> 
     </span>
    </p>
   </div>
   <div class='ocr_carea' id='block_1_70' title="bbox 230 3981 1820 4054">
    <p class='ocr_par' dir='ltr' id='par_1_70' title="bbox 230 3981 1820 4054">
     <span class='ocr_line' id='line_1_70' title="bbox 230 3981 1820 4054; baseline 0 -17"><span class='ocrx_word' id='word_1_564' title='bbox 230 3998 349 4054; x_wconf 65' lang='lat' dir='ltr'><strong>quae</strong></span> <span class='ocrx_word' id='word_1_565' title='bbox 379 3984 596 4039; x_wconf 92' lang='lat' dir='ltr'><strong>locutus</strong></span> <span class='ocrx_word' id='word_1_566' title='bbox 638 3983 730 4038; x_wconf 88' lang='lat' dir='ltr'><strong>sit.</strong></span> <span class='ocrx_word' id='word_1_567' title='bbox 763 3981 994 4037; x_wconf 83' lang='lat' dir='ltr'><strong>Videbat</strong></span> <span class='ocrx_word' id='word_1_568' title='bbox 1035 3983 1238 4052; x_wconf 90' lang='lat' dir='ltr'><strong>quippe</strong></span> <span class='ocrx_word' id='word_1_569' title='bbox 1266 3990 1434 4037; x_wconf 89' lang='lat' dir='ltr'><strong>totam</strong></span> <span class='ocrx_word' id='word_1_570' title='bbox 1467 3983 1820 4051; x_wconf 87' lang='lat' dir='ltr'><strong>provinciam,</strong></span> 
     </span>
    </p>
   </div>
   <div class='ocr_carea' id='block_1_71' title="bbox 230 4073 1821 4147">
    <p class='ocr_par' dir='ltr' id='par_1_71' title="bbox 230 4073 1821 4147">
     <span class='ocr_line' id='line_1_71' title="bbox 230 4073 1821 4147; baseline 0.001 -19"><span class='ocrx_word' id='word_1_571' title='bbox 230 4089 388 4146; x_wconf 87' lang='lat' dir='ltr'><strong>quam</strong></span> <span class='ocrx_word' id='word_1_572' title='bbox 430 4075 547 4147; x_wconf 89' lang='lat' dir='ltr'><strong>ipse</strong></span> <span class='ocrx_word' id='word_1_573' title='bbox 577 4088 677 4129; x_wconf 91' lang='lat' dir='ltr'><strong>suo</strong></span> <span class='ocrx_word' id='word_1_574' title='bbox 707 4074 992 4144; x_wconf 86' lang='lat' dir='ltr'><strong>sanguine,</strong></span> <span class='ocrx_word' id='word_1_575' title='bbox 1021 4082 1076 4128; x_wconf 90' lang='lat' dir='ltr'><strong>et</strong></span> <span class='ocrx_word' id='word_1_576' title='bbox 1108 4073 1361 4144; x_wconf 89' lang='lat' dir='ltr'><strong>periculis</strong></span> <span class='ocrx_word' id='word_1_577' title='bbox 1391 4075 1460 4131; x_wconf 90' lang='lat' dir='ltr'><strong>ab</strong></span> <span class='ocrx_word' id='word_1_578' title='bbox 1490 4074 1821 4144; x_wconf 86' lang='lat' dir='ltr'><strong>idololatria,</strong></span> 
     </span>
    </p>
   </div>
   <div class='ocr_carea' id='block_1_72' title="bbox 229 4163 1817 4236">
    <p class='ocr_par' dir='ltr' id='par_1_72' title="bbox 229 4163 1817 4236">
     <span class='ocr_line' id='line_1_72' title="bbox 229 4163 1817 4236; baseline 0.001 -17"><span class='ocrx_word' id='word_1_579' title='bbox 229 4165 296 4219; x_wconf 84' lang='lat' dir='ltr'><strong>ad</strong></span> <span class='ocrx_word' id='word_1_580' title='bbox 314 4164 514 4220; x_wconf 86' lang='lat' dir='ltr'><strong>Christi</strong></span> <span class='ocrx_word' id='word_1_581' title='bbox 538 4163 922 4219; x_wconf 84' lang='lat' dir='ltr'><strong>transduxerat</strong></span> <span class='ocrx_word' id='word_1_582' title='bbox 939 4163 1122 4231; x_wconf 89' lang='lat' dir='ltr'><strong>fidem,</strong></span> <span class='ocrx_word' id='word_1_583' title='bbox 1136 4165 1312 4220; x_wconf 90' lang='lat' dir='ltr'><strong>subita</strong></span> <span class='ocrx_word' id='word_1_584' title='bbox 1329 4166 1683 4236; x_wconf 89' lang='lat' dir='ltr'><strong>persuasione</strong></span> <span class='ocrx_word' id='word_1_585' title='bbox 1705 4173 1817 4220; x_wconf 42' lang='lat' dir='ltr'><strong>ture</strong></span> 
     </span>
    </p>
   </div>
   <div class='ocr_carea' id='block_1_73' title="bbox 227 4253 1824 4328">
    <p class='ocr_par' dir='ltr' id='par_1_73' title="bbox 227 4253 1824 4328">
     <span class='ocr_line' id='line_1_73' title="bbox 227 4253 1824 4328; baseline 0.003 -18"><span class='ocrx_word' id='word_1_586' title='bbox 227 4253 433 4322; x_wconf 88' lang='lat' dir='ltr'><strong>batam,</strong></span> <span class='ocrx_word' id='word_1_587' title='bbox 458 4265 511 4312; x_wconf 91' lang='lat' dir='ltr'><strong>et</strong></span> <span class='ocrx_word' id='word_1_588' title='bbox 540 4257 729 4313; x_wconf 90' lang='lat' dir='ltr'><strong>dolore</strong></span> <span class='ocrx_word' id='word_1_589' title='bbox 759 4257 1081 4328; x_wconf 90' lang='lat' dir='ltr'><strong>apostolico,</strong></span> <span class='ocrx_word' id='word_1_590' title='bbox 1107 4257 1298 4315; x_wconf 89' lang='lat' dir='ltr'><strong>dolore</strong></span> <span class='ocrx_word' id='word_1_591' title='bbox 1330 4259 1521 4328; x_wconf 85' lang='lat' dir='ltr'><strong>patris,</strong></span> <span class='ocrx_word' id='word_1_592' title='bbox 1547 4273 1608 4316; x_wconf 88' lang='lat' dir='ltr'><strong>se</strong></span> <span class='ocrx_word' id='word_1_593' title='bbox 1634 4267 1824 4316; x_wconf 87' lang='lat' dir='ltr'><strong>tenere</strong></span> 
     </span>
    </p>
   </div>
   <div class='ocr_carea' id='block_1_74' title="bbox 226 4350 1821 4422">
    <p class='ocr_par' dir='ltr' id='par_1_74' title="bbox 226 4350 1821 4422">
     <span class='ocr_line' id='line_1_74' title="bbox 226 4350 1821 4422; baseline 0.003 -20"><span class='ocrx_word' id='word_1_594' title='bbox 226 4362 338 4403; x_wconf 93' lang='lat' dir='ltr'><strong>non</strong></span> <span class='ocrx_word' id='word_1_595' title='bbox 379 4357 592 4420; x_wconf 88' lang='lat' dir='ltr'><strong>poterat</strong></span> <span class='ocrx_word' id='word_1_596' title='bbox 630 4369 642 4404; x_wconf 89' lang='lat'>:</span> <span class='ocrx_word' id='word_1_597' title='bbox 687 4350 932 4404; x_wconf 86' lang='lat' dir='ltr'><strong>mutabat</strong></span> <span class='ocrx_word' id='word_1_598' title='bbox 971 4364 1184 4418; x_wconf 89' lang='lat' dir='ltr'><strong>vocem,</strong></span> <span class='ocrx_word' id='word_1_599' title='bbox 1224 4358 1280 4405; x_wconf 91' lang='lat' dir='ltr'><strong>et</strong></span> <span class='ocrx_word' id='word_1_600' title='bbox 1317 4352 1513 4422; x_wconf 89' lang='lat' dir='ltr'><strong>quibus</strong></span> <span class='ocrx_word' id='word_1_601' title='bbox 1543 4351 1821 4407; x_wconf 84' lang='lat' dir='ltr'><strong>blanditus</strong></span> 
     </span>
    </p>
   </div>
   <div class='ocr_carea' id='block_1_75' title="bbox 225 4441 1822 4512">
    <p class='ocr_par' dir='ltr' id='par_1_75' title="bbox 225 4441 1822 4512">
     <span class='ocr_line' id='line_1_75' title="bbox 225 4441 1822 4512; baseline 0.001 -16"><span class='ocrx_word' id='word_1_602' title='bbox 225 4441 423 4510; x_wconf 88' lang='lat' dir='ltr'><strong>fuerat,</strong></span> <span class='ocrx_word' id='word_1_603' title='bbox 459 4441 816 4506; x_wconf 82' lang='lat' dir='ltr'><strong>irascebatur,</strong></span> <span class='ocrx_word' id='word_1_604' title='bbox 844 4451 902 4496; x_wconf 91' lang='lat' dir='ltr'><strong>ut</strong></span> <span class='ocrx_word' id='word_1_605' title='bbox 928 4456 1067 4512; x_wconf 89' lang='lat' dir='ltr'><strong>quos</strong></span> <span class='ocrx_word' id='word_1_606' title='bbox 1093 4443 1415 4511; x_wconf 85' lang='lat' dir='ltr'><strong>nequiverat</strong></span> <span class='ocrx_word' id='word_1_607' title='bbox 1442 4443 1686 4510; x_wconf 90' lang='lat' dir='ltr'><strong>lenitate,</strong></span> <span class='ocrx_word' id='word_1_608' title='bbox 1713 4444 1822 4498; x_wconf 85' lang='lat' dir='ltr'><strong>sal-</strong></span> 
     </span>
    </p>
   </div>
   <div class='ocr_carea' id='block_1_76' title="bbox 223 4533 1822 4605">
    <p class='ocr_par' dir='ltr' id='par_1_76' title="bbox 223 4533 1822 4605">
     <span class='ocr_line' id='line_1_76' title="bbox 223 4533 1822 4605; baseline 0.003 -17"><span class='ocrx_word' id='word_1_609' title='bbox 223 4543 334 4588; x_wconf 91' lang='lat' dir='ltr'><strong>tem</strong></span> <span class='ocrx_word' id='word_1_610' title='bbox 362 4533 740 4605; x_wconf 87' lang='lat' dir='ltr'><strong>objurgatione</strong></span> <span class='ocrx_word' id='word_1_611' title='bbox 769 4533 1057 4589; x_wconf 88' lang='lat' dir='ltr'><strong>retineret.</strong></span> <span class='ocrx_word' id='word_1_612' title='bbox 1086 4533 1198 4589; x_wconf 85' lang='lat' dir='ltr'><strong>Nec</strong></span> <span class='ocrx_word' id='word_1_613' title='bbox 1229 4535 1422 4590; x_wconf 93' lang='lat' dir='ltr'><strong>mirum</strong></span> <span class='ocrx_word' id='word_1_614' title='bbox 1451 4551 1573 4591; x_wconf 87' lang='lat' dir='ltr'><strong>esse</strong></span> <span class='ocrx_word' id='word_1_615' title='bbox 1603 4537 1649 4591; x_wconf 89' lang='lat' dir='ltr'><strong>si</strong></span> <span class='ocrx_word' id='word_1_616' title='bbox 1677 4539 1822 4605; x_wconf 84' lang='lat' dir='ltr'><strong>Apo-</strong></span> 
     </span>
    </p>
   </div>
   <div class='ocr_carea' id='block_1_77' title="bbox 224 4605 1901 4695">
    <p class='ocr_par' dir='ltr' id='par_1_77' title="bbox 224 4605 1901 4695">
     <span class='ocr_line' id='line_1_77' title="bbox 224 4605 1901 4695; baseline 0.002 -14"><span class='ocrx_word' id='word_1_617' title='bbox 224 4626 424 4694; x_wconf 85' lang='lat' dir='ltr'><strong>stolus,</strong></span> <span class='ocrx_word' id='word_1_618' title='bbox 465 4634 524 4680; x_wconf 92' lang='lat' dir='ltr'><strong>ut</strong></span> <span class='ocrx_word' id='word_1_619' title='bbox 561 4626 744 4693; x_wconf 86' lang='lat' dir='ltr'><strong>homo,</strong></span> <span class='ocrx_word' id='word_1_620' title='bbox 786 4635 841 4681; x_wconf 89' lang='lat' dir='ltr'><strong>et</strong></span> <span class='ocrx_word' id='word_1_621' title='bbox 866 4625 1042 4681; x_wconf 89' lang='lat' dir='ltr'><strong>adhuc</strong></span> <span class='ocrx_word' id='word_1_622' title='bbox 1079 4627 1298 4683; x_wconf 83' lang='lat' dir='ltr'><strong>vasculo</strong></span> <span class='ocrx_word' id='word_1_623' title='bbox 1327 4627 1549 4682; x_wconf 90' lang='lat' dir='ltr'><strong>clausus</strong></span> <span class='ocrx_word' id='word_1_624' title='bbox 1578 4627 1816 4695; x_wconf 90' lang='lat' dir='ltr'><strong>infirmo,</strong></span> <span class='ocrx_word' id='word_1_625' title='bbox 1844 4605 1901 4668; x_wconf 82' lang='grc' dir='ltr'><strong>Ῑ)</strong></span> 
     </span>
    </p>
   </div>
   <div class='ocr_carea' id='block_1_78' title="bbox 223 4716 1814 4790">
    <p class='ocr_par' dir='ltr' id='par_1_78' title="bbox 223 4716 1814 4790">
     <span class='ocr_line' id='line_1_78' title="bbox 223 4716 1814 4790; baseline 0.003 -18"><span class='ocrx_word' id='word_1_626' title='bbox 223 4716 528 4787; x_wconf 82' lang='lat' dir='ltr'><strong>vidensque</strong></span> <span class='ocrx_word' id='word_1_627' title='bbox 571 4716 728 4772; x_wconf 89' lang='lat' dir='ltr'><strong>aliam</strong></span> <span class='ocrx_word' id='word_1_628' title='bbox 762 4717 934 4790; x_wconf 88' lang='lat' dir='ltr'><strong>legem</strong></span> <span class='ocrx_word' id='word_1_629' title='bbox 972 4718 1024 4772; x_wconf 91' lang='lat' dir='ltr'><strong>in</strong></span> <span class='ocrx_word' id='word_1_630' title='bbox 1059 4733 1292 4789; x_wconf 89' lang='lat' dir='ltr'><strong>corpore</strong></span> <span class='ocrx_word' id='word_1_631' title='bbox 1324 4732 1424 4774; x_wconf 93' lang='lat' dir='ltr'><strong>suo</strong></span> <span class='ocrx_word' id='word_1_632' title='bbox 1454 4720 1814 4790; x_wconf 84' lang='lat' dir='ltr'><strong>captivantem</strong></span> 
     </span>
    </p>
   </div>
   <div class='ocr_carea' id='block_1_79' title="bbox 223 4810 1823 4881">
    <p class='ocr_par' dir='ltr' id='par_1_79' title="bbox 223 4810 1823 4881">
     <span class='ocr_line' id='line_1_79' title="bbox 223 4810 1823 4881; baseline 0.003 -17"><span class='ocrx_word' id='word_1_633' title='bbox 223 4823 306 4879; x_wconf 92' lang='lat' dir='ltr'><strong>se,</strong></span> <span class='ocrx_word' id='word_1_634' title='bbox 345 4820 399 4866; x_wconf 88' lang='lat' dir='ltr'><strong>et</strong></span> <span class='ocrx_word' id='word_1_635' title='bbox 442 4810 728 4866; x_wconf 90' lang='lat' dir='ltr'><strong>ducentem</strong></span> <span class='ocrx_word' id='word_1_636' title='bbox 774 4811 826 4865; x_wconf 93' lang='lat' dir='ltr'><strong>in</strong></span> <span class='ocrx_word' id='word_1_637' title='bbox 869 4811 988 4881; x_wconf 85' lang='lat' dir='ltr'><strong>lege</strong></span> <span class='ocrx_word' id='word_1_638' title='bbox 1029 4812 1258 4880; x_wconf 86' lang='lat' dir='ltr'><strong>peccati,</strong></span> <span class='ocrx_word' id='word_1_639' title='bbox 1303 4812 1470 4868; x_wconf 84' lang='lat' dir='ltr'><strong>semel</strong></span> <span class='ocrx_word' id='word_1_640' title='bbox 1513 4812 1675 4869; x_wconf 89' lang='lat' dir='ltr'><strong>fuerit</strong></span> <span class='ocrx_word' id='word_1_641' title='bbox 1721 4817 1823 4869; x_wconf 91' lang='lat' dir='ltr'><strong>hoc</strong></span> 
     </span>
    </p>
   </div>
   <div class='ocr_carea' id='block_1_80' title="bbox 225 4901 1819 4973">
    <p class='ocr_par' dir='ltr' id='par_1_80' title="bbox 225 4901 1819 4973">
     <span class='ocr_line' id='line_1_80' title="bbox 225 4901 1819 4973; baseline 0.005 -17"><span class='ocrx_word' id='word_1_642' title='bbox 225 4901 480 4968; x_wconf 89' lang='lat' dir='ltr'><strong>locutus,</strong></span> <span class='ocrx_word' id='word_1_643' title='bbox 526 4901 580 4956; x_wconf 91' lang='lat' dir='ltr'><strong>in</strong></span> <span class='ocrx_word' id='word_1_644' title='bbox 623 4901 764 4973; x_wconf 88' lang='lat' dir='ltr'><strong>quod</strong></span> <span class='ocrx_word' id='word_1_645' title='bbox 809 4903 1124 4971; x_wconf 86' lang='lat' dir='ltr'><strong>frequenter</strong></span> <span class='ocrx_word' id='word_1_646' title='bbox 1162 4913 1382 4960; x_wconf 87' lang='lat' dir='ltr'><strong>sanctos</strong></span> <span class='ocrx_word' id='word_1_647' title='bbox 1420 4906 1578 4963; x_wconf 88' lang='lat' dir='ltr'><strong>viros</strong></span> <span class='ocrx_word' id='word_1_648' title='bbox 1620 4907 1819 4964; x_wconf 87' lang='lat' dir='ltr'><strong>cadere</strong></span> 
     </span>
    </p>
   </div>
   <div class='ocr_carea' id='block_1_81' title="bbox 224 4991 1820 5073">
    <p class='ocr_par' dir='ltr' id='par_1_81' title="bbox 224 4991 1820 5073">
     <span class='ocr_line' id='line_1_81' title="bbox 224 4991 1820 5073; baseline 0.006 -26"><span class='ocrx_word' id='word_1_649' title='bbox 224 4992 609 5063; x_wconf 69' lang='lat' dir='ltr'><strong>perspicimus.</strong></span> <span class='ocrx_word' id='word_1_650' title='bbox 655 4991 761 5048; x_wconf 89' lang='lat' dir='ltr'><strong>Sed</strong></span> <span class='ocrx_word' id='word_1_651' title='bbox 799 5001 855 5048; x_wconf 93' lang='lat' dir='ltr'><strong>et</strong></span> <span class='ocrx_word' id='word_1_652' title='bbox 889 4993 1018 5048; x_wconf 88' lang='lat' dir='ltr'><strong>illud</strong></span> <span class='ocrx_word' id='word_1_653' title='bbox 1061 4995 1166 5049; x_wconf 88' lang='lat' dir='ltr'><strong>dici</strong></span> <span class='ocrx_word' id='word_1_654' title='bbox 1209 5005 1387 5065; x_wconf 88' lang='lat' dir='ltr'><strong>potest</strong></span> <span class='ocrx_word' id='word_1_655' title='bbox 1425 4999 1583 5070; x_wconf 89' lang='lat' dir='ltr'><strong>(licet</strong></span> <span class='ocrx_word' id='word_1_656' title='bbox 1625 5017 1820 5073; x_wconf 80' lang='lat' dir='ltr'><strong>snper-</strong></span> 
     </span>
    </p>
   </div>
   <div class='ocr_carea' id='block_1_82' title="bbox 223 5080 1818 5160">
    <p class='ocr_par' dir='ltr' id='par_1_82' title="bbox 223 5080 1818 5160">
     <span class='ocr_line' id='line_1_82' title="bbox 223 5080 1818 5160; baseline 0.008 -20"><span class='ocrx_word' id='word_1_657' title='bbox 223 5080 391 5142; x_wconf 81' lang='lat' dir='ltr'><strong>ﬂuum</strong></span> <span class='ocrx_word' id='word_1_658' title='bbox 436 5085 757 5157; x_wconf 87' lang='lat' dir='ltr'><strong>quibusdam</strong></span> <span class='ocrx_word' id='word_1_659' title='bbox 799 5101 923 5142; x_wconf 89' lang='lat' dir='ltr'><strong>esse</strong></span> <span class='ocrx_word' id='word_1_660' title='bbox 963 5086 1238 5160; x_wconf 89' lang='lat' dir='ltr'><strong>videatur)</strong></span> <span class='ocrx_word' id='word_1_661' title='bbox 1275 5091 1416 5160; x_wconf 89' lang='lat' dir='ltr'><strong>quod</strong></span> <span class='ocrx_word' id='word_1_662' title='bbox 1463 5092 1666 5149; x_wconf 87' lang='lat' dir='ltr'><strong>Paulus</strong></span> <span class='ocrx_word' id='word_1_663' title='bbox 1712 5111 1818 5152; x_wconf 91' lang='lat' dir='ltr'><strong>non</strong></span> 
     </span>
    </p>
   </div>
   <div class='ocr_carea' id='block_1_83' title="bbox 225 5175 1817 5254">
    <p class='ocr_par' dir='ltr' id='par_1_83' title="bbox 225 5175 1817 5254">
     <span class='ocr_line' id='line_1_83' title="bbox 225 5175 1817 5254; baseline 0.009 -24"><span class='ocrx_word' id='word_1_664' title='bbox 225 5184 331 5232; x_wconf 87' lang='lat' dir='ltr'><strong>tam</strong></span> <span class='ocrx_word' id='word_1_665' title='bbox 372 5175 721 5237; x_wconf 82' lang='lat' dir='ltr'><strong>maledixerit</strong></span> <span class='ocrx_word' id='word_1_666' title='bbox 755 5177 856 5246; x_wconf 89' lang='lat' dir='ltr'><strong>eis,</strong></span> <span class='ocrx_word' id='word_1_667' title='bbox 887 5193 1047 5250; x_wconf 85' lang='lat' dir='ltr'><strong>quam</strong></span> <span class='ocrx_word' id='word_1_668' title='bbox 1075 5181 1313 5236; x_wconf 88' lang='lat' dir='ltr'><strong>oraverit</strong></span> <span class='ocrx_word' id='word_1_669' title='bbox 1345 5197 1446 5254; x_wconf 90' lang='lat' dir='ltr'><strong>pro</strong></span> <span class='ocrx_word' id='word_1_670' title='bbox 1475 5183 1602 5254; x_wconf 83' lang='lat' dir='ltr'><strong>illis,</strong></span> <span class='ocrx_word' id='word_1_671' title='bbox 1639 5196 1697 5241; x_wconf 92' lang='lat' dir='ltr'><strong>ut</strong></span> <span class='ocrx_word' id='word_1_672' title='bbox 1725 5203 1817 5244; x_wconf 89' lang='lat' dir='ltr'><strong>eas</strong></span> 
     </span>
    </p>
   </div>
   <div class='ocr_carea' id='block_1_84' title="bbox 296 5335 1818 5411">
    <p class='ocr_par' dir='ltr' id='par_1_84' title="bbox 296 5335 1818 5411">
     <span class='ocr_line' id='line_1_84' title="bbox 296 5335 1818 5411; baseline 0.007 -21"><span class='ocrx_word' id='word_1_673' title='bbox 296 5345 320 5373; x_wconf 73' lang='grc'><em>⁸</em></span> <span class='ocrx_word' id='word_1_674' title='bbox 345 5335 812 5411; x_wconf 82' lang='lat' dir='ltr'><strong>Codex_Palatin.,</strong></span> <span class='ocrx_word' id='word_1_675' title='bbox 843 5339 982 5392; x_wconf 84' lang='lat' dir='ltr'><strong>ultra</strong></span> <span class='ocrx_word' id='word_1_676' title='bbox 1003 5340 1300 5411; x_wconf 85' lang='lat' dir='ltr'><strong>procedere.</strong></span> <span class='ocrx_word' id='word_1_677' title='bbox 1325 5341 1430 5398; x_wconf 90' lang='lat' dir='ltr'><strong>Sed</strong></span> <span class='ocrx_word' id='word_1_678' title='bbox 1452 5343 1638 5410; x_wconf 68' lang='lat' dir='ltr'><strong>lateres,</strong></span> <span class='ocrx_word' id='word_1_679' title='bbox 1665 5361 1818 5401; x_wconf 71' lang='lat' dir='ltr'><strong>crux-</strong></span> 
     </span>
    </p>
   </div>
   <div class='ocr_carea' id='block_1_85' title="bbox 224 5407 1819 5561">
    <p class='ocr_par' dir='ltr' id='par_1_85' title="bbox 224 5407 1819 5561">
     <span class='ocr_line' id='line_1_85' title="bbox 224 5407 1632 5479; baseline 0.004 -18"><span class='ocrx_word' id='word_1_680' title='bbox 224 5423 319 5477; x_wconf 86' lang='lat' dir='ltr'><strong>que</strong></span> <span class='ocrx_word' id='word_1_681' title='bbox 343 5408 487 5479; x_wconf 85' lang='lat' dir='ltr'><strong>apud</strong></span> <span class='ocrx_word' id='word_1_682' title='bbox 514 5407 732 5463; x_wconf 76' lang='lat' dir='ltr'><strong>Judteos</strong></span> <span class='ocrx_word' id='word_1_683' title='bbox 760 5407 1068 5465; x_wconf 83' lang='lat' dir='ltr'><strong>scandalum</strong></span> <span class='ocrx_word' id='word_1_684' title='bbox 1089 5421 1186 5466; x_wconf 86' lang='lat' dir='ltr'><strong>est.</strong></span> <span class='ocrx_word' id='word_1_685' title='bbox 1626 5407 1632 5410; x_wconf 72' lang='grc'><em>’</em></span> 
     </span>
     <span class='ocr_line' id='line_1_86' title="bbox 266 5477 1819 5561; baseline 0.006 -28"><span class='ocrx_word' id='word_1_686' title='bbox 266 5477 326 5561; x_wconf 47' lang='grc' dir='ltr'><strong>,ιζ</strong></span> <span class='ocrx_word' id='word_1_687' title='bbox 353 5479 692 5536; x_wconf 84' lang='lat' dir='ltr'><strong>Interserunt</strong></span> <span class='ocrx_word' id='word_1_688' title='bbox 725 5479 835 5537; x_wconf 88' lang='lat' dir='ltr'><strong>duo</strong></span> <span class='ocrx_word' id='word_1_689' title='bbox 863 5497 894 5537; x_wconf 92' lang='lat' dir='ltr'><strong>e</strong></span> <span class='ocrx_word' id='word_1_690' title='bbox 925 5483 1124 5537; x_wconf 89' lang='lat' dir='ltr'><strong>nostris</strong></span> <span class='ocrx_word' id='word_1_691' title='bbox 1150 5483 1311 5538; x_wconf 91' lang='lat' dir='ltr'><strong>codd.</strong></span> <span class='ocrx_word' id='word_1_692' title='bbox 1347 5484 1434 5540; x_wconf 87' lang='lat' dir='ltr'><strong>hic</strong></span> <span class='ocrx_word' id='word_1_693' title='bbox 1466 5499 1654 5541; x_wconf 91' lang='lat' dir='ltr'><strong>vocem</strong></span> <span class='ocrx_word' id='word_1_694' title='bbox 1695 5485 1819 5543; x_wconf 83' lang='lat' dir='ltr'><strong>Ma-</strong></span> 
     </span>
    </p>
   </div>
   <div class='ocr_carea' id='block_1_86' title="bbox 224 5549 1816 5700">
    <p class='ocr_par' dir='ltr' id='par_1_86' title="bbox 224 5549 1816 5700">
     <span class='ocr_line' id='line_1_87' title="bbox 224 5549 467 5605; baseline 0.004 -2"><span class='ocrx_word' id='word_1_695' title='bbox 224 5549 467 5605; x_wconf 73' lang='lat' dir='ltr'><strong>nichteas.</strong></span> 
     </span>
     <span class='ocr_line' id='line_1_88' title="bbox 265 5621 1816 5700; baseline 0.006 -26"><span class='ocrx_word' id='word_1_696' title='bbox 265 5631 321 5700; x_wconf 73' lang='lat'><strong>_°_</strong></span> <span class='ocrx_word' id='word_1_697' title='bbox 359 5621 525 5700; x_wconf 68' lang='lat' dir='ltr'><strong>titiam</strong></span> <span class='ocrx_word' id='word_1_698' title='bbox 571 5635 703 5676; x_wconf 86' lang='lat' dir='ltr'><strong>mss.</strong></span> <span class='ocrx_word' id='word_1_699' title='bbox 732 5621 1008 5687; x_wconf 84' lang='lat' dir='ltr'><strong>etVictor,</strong></span> <span class='ocrx_word' id='word_1_700' title='bbox 1035 5637 1101 5679; x_wconf 83' lang='lat' dir='ltr'><strong>ex</strong></span> <span class='ocrx_word' id='word_1_701' title='bbox 1136 5633 1312 5693; x_wconf 83' lang='lat' dir='ltr'><strong>parte,</strong></span> <span class='ocrx_word' id='word_1_702' title='bbox 1346 5628 1495 5682; x_wconf 86' lang='lat' dir='ltr'><strong>nulla</strong></span> <span class='ocrx_word' id='word_1_703' title='bbox 1526 5635 1651 5700; x_wconf 85' lang='lat' dir='ltr'><strong>puto</strong></span> <span class='ocrx_word' id='word_1_704' title='bbox 1673 5629 1816 5697; x_wconf 83' lang='lat' dir='ltr'><strong>inve-</strong></span> 
     </span>
    </p>
   </div>
   <div class='ocr_carea' id='block_1_87' title="bbox 224 5692 1816 5818">
    <p class='ocr_par' dir='ltr' id='par_1_87' title="bbox 224 5692 1816 5818">
     <span class='ocr_line' id='line_1_89' title="bbox 224 5692 1816 5817; baseline 0.007 -72"><span class='ocrx_word' id='word_1_705' title='bbox 224 5693 327 5817; x_wconf 42' lang='lat' dir='ltr'><strong>niri,</strong></span> <span class='ocrx_word' id='word_1_706' title='bbox 360 5692 518 5815; x_wconf 54' lang='lat' dir='ltr'><strong>Ltege,</strong></span> <span class='ocrx_word' id='word_1_707' title='bbox 560 5703 663 5746; x_wconf 87' lang='lat' dir='ltr'><strong>tam</strong></span> <span class='ocrx_word' id='word_1_708' title='bbox 703 5703 925 5760; x_wconf 86' lang='lat' dir='ltr'><strong>trucem,</strong></span> <span class='ocrx_word' id='word_1_709' title='bbox 959 5703 1063 5749; x_wconf 78' lang='lat' dir='ltr'><strong>tum</strong></span> <span class='ocrx_word' id='word_1_710' title='bbox 1102 5692 1366 5751; x_wconf 82' lang='lat' dir='ltr'><strong>cruentam</strong></span> <span class='ocrx_word' id='word_1_711' title='bbox 1413 5700 1467 5753; x_wconf 85' lang='lat' dir='ltr'><strong>in</strong></span> <span class='ocrx_word' id='word_1_712' title='bbox 1505 5692 1816 5772; x_wconf 36' lang='lat' dir='ltr'><strong>aliquo&#39;esse</strong></span> 
     </span>
     <span class='ocr_line' id='line_1_90' title="bbox 224 5779 546 5818; baseline -0.003 -1"><span class='ocrx_word' id='word_1_713' title='bbox 224 5779 306 5817; x_wconf 82' lang='lat' dir='ltr'><strong>seu</strong></span> <span class='ocrx_word' id='word_1_714' title='bbox 332 5780 390 5818; x_wconf 88' lang='lat' dir='ltr'><strong>en</strong></span> <span class='ocrx_word' id='word_1_715' title='bbox 418 5780 546 5818; x_wconf 82' lang='lat' dir='ltr'><strong>tam.</strong></span> 
     </span>
    </p>
   </div>
   <div class='ocr_carea' id='block_1_88' title="bbox 220 5772 1816 5917">
    <p class='ocr_par' dir='ltr' id='par_1_88' title="bbox 220 5772 1816 5917">
     <span class='ocr_line' id='line_1_91' title="bbox 220 5772 546 5818; baseline -0.003 -1"><span class='ocrx_word' id='word_1_716' title='bbox 220 5772 546 5818; x_wconf 84' lang='lat' dir='ltr'><strong>sententiam.</strong></span> 
     </span>
     <span class='ocr_line' id='line_1_92' title="bbox 287 5831 1816 5917; baseline 0.007 -28"><span class='ocrx_word' id='word_1_717' title='bbox 287 5831 312 5872; x_wconf 71' lang='grc' dir='ltr'>ά</span> <span class='ocrx_word' id='word_1_718' title='bbox 347 5831 499 5890; x_wconf 81' lang='lat' dir='ltr'><strong>Hunc</strong></span> <span class='ocrx_word' id='word_1_719' title='bbox 529 5833 708 5917; x_wconf 86' lang='lat' dir='ltr'><strong>ipsum</strong></span> <span class='ocrx_word' id='word_1_720' title='bbox 739 5844 785 5889; x_wconf 84' lang='lat' dir='ltr'><strong>et</strong></span> <span class='ocrx_word' id='word_1_721' title='bbox 818 5834 870 5891; x_wconf 87' lang='lat' dir='ltr'><strong>in</strong></span> <span class='ocrx_word' id='word_1_722' title='bbox 904 5835 1070 5907; x_wconf 90' lang='lat' dir='ltr'><strong>priori</strong></span> <span class='ocrx_word' id='word_1_723' title='bbox 1105 5836 1424 5908; x_wconf 66' lang='lat' dir='ltr'><strong>praefatione</strong></span> <span class='ocrx_word' id='word_1_724' title='bbox 1453 5841 1674 5900; x_wconf 86' lang='lat' dir='ltr'><strong>liieron.</strong></span> <span class='ocrx_word' id='word_1_725' title='bbox 1699 5842 1816 5899; x_wconf 83' lang='lat' dir='ltr'><strong>lau-</strong></span> 
     </span>
    </p>
   </div>
   <div class='ocr_carea' id='block_1_89' title="bbox 1925 3332 3528 3408">
    <p class='ocr_par' dir='ltr' id='par_1_89' title="bbox 1925 3332 3528 3408">
     <span class='ocr_line' id='line_1_93' title="bbox 1925 3332 3528 3408; baseline -0.002 -16"><span class='ocrx_word' id='word_1_726' title='bbox 1925 3339 2074 3408; x_wconf 88' lang='lat' dir='ltr'><strong>gotio</strong></span> <span class='ocrx_word' id='word_1_727' title='bbox 2100 3345 2371 3407; x_wconf 75' lang='lat' dir='ltr'><strong>separata,</strong></span> <span class='ocrx_word' id='word_1_728' title='bbox 2404 3352 2572 3392; x_wconf 89' lang='lat' dir='ltr'><strong>unum</strong></span> <span class='ocrx_word' id='word_1_729' title='bbox 2601 3335 2824 3391; x_wconf 86' lang='lat' dir='ltr'><strong>difficile</strong></span> <span class='ocrx_word' id='word_1_730' title='bbox 2854 3349 3054 3405; x_wconf 91' lang='lat' dir='ltr'><strong>corpus</strong></span> <span class='ocrx_word' id='word_1_731' title='bbox 3082 3332 3326 3390; x_wconf 86' lang='lat' dir='ltr'><strong>efficiant</strong></span> <span class='ocrx_word' id='word_1_732' title='bbox 3359 3353 3371 3388; x_wconf 93' lang='lat'><strong>:</strong></span> <span class='ocrx_word' id='word_1_733' title='bbox 3401 3345 3456 3389; x_wconf 91' lang='lat' dir='ltr'><strong>et</strong></span> <span class='ocrx_word' id='word_1_734' title='bbox 3481 3333 3528 3390; x_wconf 89' lang='lat' dir='ltr'><strong>si</strong></span> 
     </span>
    </p>
   </div>
   <div class='ocr_carea' id='block_1_90' title="bbox 1929 3423 3517 3500">
    <p class='ocr_par' dir='ltr' id='par_1_90' title="bbox 1929 3423 3517 3500">
     <span class='ocr_line' id='line_1_94' title="bbox 1929 3423 3517 3500; baseline -0.004 -14"><span class='ocrx_word' id='word_1_735' title='bbox 1929 3433 2008 3486; x_wconf 90' lang='lat' dir='ltr'><strong>sic</strong></span> <span class='ocrx_word' id='word_1_736' title='bbox 2030 3429 2401 3500; x_wconf 81' lang='lat' dir='ltr'><strong>intelligantur</strong></span> <span class='ocrx_word' id='word_1_737' title='bbox 2425 3437 2481 3484; x_wconf 92' lang='lat' dir='ltr'><strong>ut</strong></span> <span class='ocrx_word' id='word_1_738' title='bbox 2502 3435 2781 3494; x_wconf 89' lang='lat' dir='ltr'><strong>resonant,</strong></span> <span class='ocrx_word' id='word_1_739' title='bbox 2811 3429 3266 3496; x_wconf 88' lang='lat' dir='ltr'><strong>inconsequenter</strong></span> <span class='ocrx_word' id='word_1_740' title='bbox 3285 3434 3340 3480; x_wconf 89' lang='lat' dir='ltr'><strong>et</strong></span> <span class='ocrx_word' id='word_1_741' title='bbox 3359 3423 3517 3480; x_wconf 85' lang='lat' dir='ltr'><strong>abru-</strong></span> 
     </span>
    </p>
   </div>
   <div class='ocr_carea' id='block_1_91' title="bbox 1927 3517 3524 3594">
    <p class='ocr_par' dir='ltr' id='par_1_91' title="bbox 1927 3517 3524 3594">
     <span class='ocr_line' id='line_1_95' title="bbox 1927 3517 3524 3594; baseline -0.001 -18"><span class='ocrx_word' id='word_1_742' title='bbox 1927 3533 2019 3594; x_wconf 90' lang='lat' dir='ltr'><strong>pte</strong></span> <span class='ocrx_word' id='word_1_743' title='bbox 2048 3536 2348 3593; x_wconf 87' lang='lat' dir='ltr'><strong>repugnare</strong></span> <span class='ocrx_word' id='word_1_744' title='bbox 2377 3523 2518 3577; x_wconf 89' lang='lat' dir='ltr'><strong>inter</strong></span> <span class='ocrx_word' id='word_1_745' title='bbox 2540 3535 2600 3576; x_wconf 91' lang='lat' dir='ltr'><strong>se</strong></span> <span class='ocrx_word' id='word_1_746' title='bbox 2622 3532 2676 3576; x_wconf 89' lang='lat' dir='ltr'><strong>et</strong></span> <span class='ocrx_word' id='word_1_747' title='bbox 2701 3529 2914 3576; x_wconf 87' lang='lat' dir='ltr'><strong>seatere</strong></span> <span class='ocrx_word' id='word_1_748' title='bbox 2941 3519 3250 3575; x_wconf 89' lang='lat' dir='ltr'><strong>videantur.</strong></span> <span class='ocrx_word' id='word_1_749' title='bbox 3274 3517 3524 3590; x_wconf 89' lang='lat' dir='ltr'><strong>Origenis</strong></span> 
     </span>
    </p>
   </div>
   <div class='ocr_carea' id='block_1_92' title="bbox 1929 3613 3523 3687">
    <p class='ocr_par' dir='ltr' id='par_1_92' title="bbox 1929 3613 3523 3687">
     <span class='ocr_line' id='line_1_96' title="bbox 1929 3613 3523 3687; baseline -0.001 -16"><span class='ocrx_word' id='word_1_750' title='bbox 1929 3619 2107 3687; x_wconf 88' lang='lat' dir='ltr'><strong>itaque</strong></span> <span class='ocrx_word' id='word_1_751' title='bbox 2139 3615 2254 3670; x_wconf 74' lang='lat' dir='ltr'><strong>hrec</strong></span> <span class='ocrx_word' id='word_1_752' title='bbox 2280 3615 2440 3672; x_wconf 89' lang='lat' dir='ltr'><strong>verba</strong></span> <span class='ocrx_word' id='word_1_753' title='bbox 2471 3623 2598 3670; x_wconf 88' lang='lat' dir='ltr'><strong>sunt</strong></span> <span class='ocrx_word' id='word_1_754' title='bbox 2631 3634 2641 3668; x_wconf 92' lang='lat'>:</span> <span class='ocrx_word' id='word_1_755' title='bbox 2680 3633 2698 3667; x_wconf 86' lang='lat' dir='ltr'><strong>t</strong></span> <span class='ocrx_word' id='word_1_756' title='bbox 2737 3613 2989 3670; x_wconf 87' lang='lat' dir='ltr'><strong>Difficilis</strong></span> <span class='ocrx_word' id='word_1_757' title='bbox 3022 3617 3172 3669; x_wconf 91' lang='lat' dir='ltr'><strong>locus</strong></span> <span class='ocrx_word' id='word_1_758' title='bbox 3200 3622 3284 3668; x_wconf 90' lang='lat' dir='ltr'><strong>est</strong></span> <span class='ocrx_word' id='word_1_759' title='bbox 3319 3631 3331 3668; x_wconf 89' lang='lat'><strong>:</strong></span> <span class='ocrx_word' id='word_1_760' title='bbox 3363 3623 3418 3670; x_wconf 90' lang='lat' dir='ltr'><strong>et</strong></span> <span class='ocrx_word' id='word_1_761' title='bbox 3448 3613 3523 3669; x_wconf 86' lang='lat' dir='ltr'><strong>ita</strong></span> 
     </span>
    </p>
   </div>
   <div class='ocr_carea' id='block_1_93' title="bbox 1928 3705 3526 3775">
    <p class='ocr_par' dir='ltr' id='par_1_93' title="bbox 1928 3705 3526 3775">
     <span class='ocr_line' id='line_1_97' title="bbox 1928 3705 3526 3775; baseline -0.004 -11"><span class='ocrx_word' id='word_1_762' title='bbox 1928 3709 2085 3765; x_wconf 90' lang='lat' dir='ltr'><strong>nobis</strong></span> <span class='ocrx_word' id='word_1_763' title='bbox 2119 3707 2476 3764; x_wconf 77' lang='lat' dir='ltr'><strong>disserendas</strong></span> <span class='ocrx_word' id='word_1_764' title='bbox 2513 3706 2745 3762; x_wconf 79' lang='lat' dir='ltr'><strong>videtur.</strong></span> <span class='ocrx_word' id='word_1_765' title='bbox 2784 3706 2885 3775; x_wconf 88' lang='lat' dir='ltr'><strong>Qui</strong></span> <span class='ocrx_word' id='word_1_766' title='bbox 2923 3706 3064 3761; x_wconf 88' lang='lat' dir='ltr'><strong>liber</strong></span> <span class='ocrx_word' id='word_1_767' title='bbox 3102 3714 3224 3773; x_wconf 90' lang='lat' dir='ltr'><strong>est,</strong></span> <span class='ocrx_word' id='word_1_768' title='bbox 3250 3715 3304 3760; x_wconf 91' lang='lat' dir='ltr'><strong>et</strong></span> <span class='ocrx_word' id='word_1_769' title='bbox 3343 3705 3526 3759; x_wconf 91' lang='lat' dir='ltr'><strong>altiori</strong></span> 
     </span>
    </p>
   </div>
   <div class='ocr_carea' id='block_1_94' title="bbox 1928 3797 3522 3871">
    <p class='ocr_par' dir='ltr' id='par_1_94' title="bbox 1928 3797 3522 3871">
     <span class='ocr_line' id='line_1_98' title="bbox 1928 3797 3522 3871; baseline -0.003 -15"><span class='ocrx_word' id='word_1_770' title='bbox 1928 3815 2091 3856; x_wconf 83' lang='lat' dir='ltr'><strong>sensu</strong></span> <span class='ocrx_word' id='word_1_771' title='bbox 2133 3799 2410 3871; x_wconf 88' lang='lat' dir='ltr'><strong>spiritum,</strong></span> <span class='ocrx_word' id='word_1_772' title='bbox 2435 3809 2492 3854; x_wconf 91' lang='lat' dir='ltr'><strong>et</strong></span> <span class='ocrx_word' id='word_1_773' title='bbox 2533 3799 2816 3854; x_wconf 82' lang='lat' dir='ltr'><strong>veritatem</strong></span> <span class='ocrx_word' id='word_1_774' title='bbox 2845 3799 3115 3870; x_wconf 87' lang='lat' dir='ltr'><strong>sequitur,</strong></span> <span class='ocrx_word' id='word_1_775' title='bbox 3150 3797 3522 3866; x_wconf 67' lang='lat' dir='ltr'><strong>pratcedentes</strong></span> 
     </span>
    </p>
   </div>
   <div class='ocr_carea' id='block_1_95' title="bbox 1926 3890 3526 3964">
    <p class='ocr_par' dir='ltr' id='par_1_95' title="bbox 1926 3890 3526 3964">
     <span class='ocr_line' id='line_1_99' title="bbox 1926 3890 3526 3964; baseline -0.001 -17"><span class='ocrx_word' id='word_1_776' title='bbox 1926 3903 1981 3948; x_wconf 90' lang='lat' dir='ltr'><strong>et</strong></span> <span class='ocrx_word' id='word_1_777' title='bbox 2023 3902 2180 3964; x_wconf 84' lang='lat' dir='ltr'><strong>typos</strong></span> <span class='ocrx_word' id='word_1_778' title='bbox 2217 3893 2512 3948; x_wconf 81' lang='lat' dir='ltr'><strong>contemnit</strong></span> <span class='ocrx_word' id='word_1_779' title='bbox 2553 3899 2607 3948; x_wconf 83' lang='lat' dir='ltr'><strong>et</strong></span> <span class='ocrx_word' id='word_1_780' title='bbox 2652 3892 2888 3947; x_wconf 87' lang='lat' dir='ltr'><strong>litteram</strong></span> <span class='ocrx_word' id='word_1_781' title='bbox 2923 3911 2933 3946; x_wconf 93' lang='lat'><strong>:</strong></span> <span class='ocrx_word' id='word_1_782' title='bbox 2965 3906 3072 3947; x_wconf 91' lang='lat' dir='ltr'><strong>non</strong></span> <span class='ocrx_word' id='word_1_783' title='bbox 3119 3891 3323 3948; x_wconf 90' lang='lat' dir='ltr'><strong>idcirco</strong></span> <span class='ocrx_word' id='word_1_784' title='bbox 3361 3890 3526 3946; x_wconf 89' lang='lat' dir='ltr'><strong>debet</strong></span> 
     </span>
    </p>
   </div>
   <div class='ocr_carea' id='block_1_96' title="bbox 1928 3984 3519 4058">
    <p class='ocr_par' dir='ltr' id='par_1_96' title="bbox 1928 3984 3519 4058">
     <span class='ocr_line' id='line_1_100' title="bbox 1928 3984 3519 4058; baseline -0.003 -14"><span class='ocrx_word' id='word_1_785' title='bbox 1928 3989 2168 4044; x_wconf 91' lang='lat' dir='ltr'><strong>minores</strong></span> <span class='ocrx_word' id='word_1_786' title='bbox 2211 3987 2518 4057; x_wconf 79' lang='lat' dir='ltr'><strong>despicere,</strong></span> <span class='ocrx_word' id='word_1_787' title='bbox 2552 3994 2607 4042; x_wconf 88' lang='lat' dir='ltr'><strong>et</strong></span> <span class='ocrx_word' id='word_1_788' title='bbox 2649 3988 2991 4043; x_wconf 87' lang='lat' dir='ltr'><strong>occasionem</strong></span> <span class='ocrx_word' id='word_1_789' title='bbox 3021 3986 3150 4042; x_wconf 88' lang='lat' dir='ltr'><strong>dare</strong></span> <span class='ocrx_word' id='word_1_790' title='bbox 3183 3985 3266 4041; x_wconf 90' lang='lat' dir='ltr'><strong>his</strong></span> <span class='ocrx_word' id='word_1_791' title='bbox 3294 3984 3385 4058; x_wconf 91' lang='lat' dir='ltr'><strong>qui</strong></span> <span class='ocrx_word' id='word_1_792' title='bbox 3414 4001 3519 4040; x_wconf 92' lang='lat' dir='ltr'><strong>non</strong></span> 
     </span>
    </p>
   </div>
   <div class='ocr_carea' id='block_1_97' title="bbox 1929 4079 3520 4152">
    <p class='ocr_par' dir='ltr' id='par_1_97' title="bbox 1929 4079 3520 4152">
     <span class='ocr_line' id='line_1_101' title="bbox 1929 4079 3520 4152; baseline -0.001 -16"><span class='ocrx_word' id='word_1_793' title='bbox 1929 4091 2157 4152; x_wconf 89' lang='lat' dir='ltr'><strong>possunt</strong></span> <span class='ocrx_word' id='word_1_794' title='bbox 2183 4082 2391 4137; x_wconf 90' lang='lat' dir='ltr'><strong>sentire</strong></span> <span class='ocrx_word' id='word_1_795' title='bbox 2421 4080 2733 4147; x_wconf 89' lang='lat' dir='ltr'><strong>sublimius,</strong></span> <span class='ocrx_word' id='word_1_796' title='bbox 2758 4080 2823 4136; x_wconf 90' lang='lat' dir='ltr'><strong>de</strong></span> <span class='ocrx_word' id='word_1_797' title='bbox 2852 4096 2911 4136; x_wconf 89' lang='lat' dir='ltr'><strong>se</strong></span> <span class='ocrx_word' id='word_1_798' title='bbox 2937 4081 3147 4151; x_wconf 86' lang='lat' dir='ltr'><strong>penitus</strong></span> <span class='ocrx_word' id='word_1_799' title='bbox 3173 4079 3520 4150; x_wconf 89' lang='lat' dir='ltr'><strong>desperandi.</strong></span> 
     </span>
    </p>
   </div>
   <div class='ocr_carea' id='block_1_98' title="bbox 1927 4173 3523 4244">
    <p class='ocr_par' dir='ltr' id='par_1_98' title="bbox 1927 4173 3523 4244">
     <span class='ocr_line' id='line_1_102' title="bbox 1927 4173 3523 4244; baseline -0.001 -14"><span class='ocrx_word' id='word_1_800' title='bbox 1927 4174 2080 4230; x_wconf 88' lang='lat' dir='ltr'><strong>Licet</strong></span> <span class='ocrx_word' id='word_1_801' title='bbox 2109 4176 2252 4230; x_wconf 91' lang='lat' dir='ltr'><strong>enim</strong></span> <span class='ocrx_word' id='word_1_802' title='bbox 2279 4174 2478 4229; x_wconf 88' lang='lat' dir='ltr'><strong>infirmi</strong></span> <span class='ocrx_word' id='word_1_803' title='bbox 2507 4173 2616 4228; x_wconf 88' lang='lat' dir='ltr'><strong>sint</strong></span> <span class='ocrx_word' id='word_1_804' title='bbox 2642 4181 2697 4228; x_wconf 86' lang='lat' dir='ltr'><strong>et</strong></span> <span class='ocrx_word' id='word_1_805' title='bbox 2717 4188 2847 4229; x_wconf 88' lang='lat' dir='ltr'><strong>caro</strong></span> <span class='ocrx_word' id='word_1_806' title='bbox 2867 4173 3278 4244; x_wconf 89' lang='lat' dir='ltr'><strong>comparatione</strong></span> <span class='ocrx_word' id='word_1_807' title='bbox 3299 4173 3523 4244; x_wconf 89' lang='lat' dir='ltr'><strong>spiritus</strong></span> 
     </span>
    </p>
   </div>
   <div class='ocr_carea' id='block_1_99' title="bbox 1925 4265 3523 4340">
    <p class='ocr_par' dir='ltr' id='par_1_99' title="bbox 1925 4265 3523 4340">
     <span class='ocr_line' id='line_1_103' title="bbox 1925 4265 3523 4340; baseline -0.001 -16"><span class='ocrx_word' id='word_1_808' title='bbox 1925 4269 2268 4340; x_wconf 88' lang='lat' dir='ltr'><strong>appellentur</strong></span> <span class='ocrx_word' id='word_1_809' title='bbox 2298 4286 2312 4324; x_wconf 88' lang='lat'><strong>:</strong></span> <span class='ocrx_word' id='word_1_810' title='bbox 2345 4284 2473 4324; x_wconf 89' lang='lat' dir='ltr'><strong>caro</strong></span> <span class='ocrx_word' id='word_1_811' title='bbox 2499 4277 2680 4325; x_wconf 89' lang='lat' dir='ltr'><strong>tamen</strong></span> <span class='ocrx_word' id='word_1_812' title='bbox 2709 4265 2911 4324; x_wconf 89' lang='lat' dir='ltr'><strong>Christi</strong></span> <span class='ocrx_word' id='word_1_813' title='bbox 2937 4276 3083 4323; x_wconf 88' lang='lat' dir='ltr'><strong>sunt.</strong></span> <span class='ocrx_word' id='word_1_814' title='bbox 3114 4265 3169 4324; x_wconf 90' lang='lat' dir='ltr'><strong>Si</strong></span> <span class='ocrx_word' id='word_1_815' title='bbox 3193 4268 3335 4323; x_wconf 90' lang='lat' dir='ltr'><strong>enim</strong></span> <span class='ocrx_word' id='word_1_816' title='bbox 3364 4267 3523 4323; x_wconf 83' lang='lat' dir='ltr'><strong>intel-</strong></span> 
     </span>
    </p>
   </div>
   <div class='ocr_carea' id='block_1_100' title="bbox 1928 4357 3520 4432">
    <p class='ocr_par' dir='ltr' id='par_1_100' title="bbox 1928 4357 3520 4432">
     <span class='ocr_line' id='line_1_104' title="bbox 1928 4357 3520 4432; baseline -0.001 -18"><span class='ocrx_word' id='word_1_817' title='bbox 1928 4361 2047 4432; x_wconf 86' lang='lat' dir='ltr'><strong>ligit</strong></span> <span class='ocrx_word' id='word_1_818' title='bbox 2076 4361 2394 4432; x_wconf 83' lang='lat' dir='ltr'><strong>mysterium</strong></span> <span class='ocrx_word' id='word_1_819' title='bbox 2425 4359 2705 4416; x_wconf 85' lang='lat' dir='ltr'><strong>charitatis</strong></span> <span class='ocrx_word' id='word_1_820' title='bbox 2731 4357 3123 4416; x_wconf 87' lang='lat' dir='ltr'><strong>infirmioribus</strong></span> <span class='ocrx_word' id='word_1_821' title='bbox 3158 4369 3182 4396; x_wconf 77' lang='grc' dir='ltr'><strong>θ</strong></span> <span class='ocrx_word' id='word_1_822' title='bbox 3212 4359 3520 4426; x_wconf 89' lang='lat' dir='ltr'><strong>servientis,</strong></span> 
     </span>
    </p>
   </div>
   <div class='ocr_carea' id='block_1_101' title="bbox 1927 4451 3521 4526">
    <p class='ocr_par' dir='ltr' id='par_1_101' title="bbox 1927 4451 3521 4526">
     <span class='ocr_line' id='line_1_105' title="bbox 1927 4451 3521 4526; baseline -0.001 -19"><span class='ocrx_word' id='word_1_823' title='bbox 1927 4452 2089 4508; x_wconf 86' lang='lat' dir='ltr'><strong>faciat</strong></span> <span class='ocrx_word' id='word_1_824' title='bbox 2126 4453 2328 4524; x_wconf 86' lang='lat' dir='ltr'><strong>aliquid</strong></span> <span class='ocrx_word' id='word_1_825' title='bbox 2370 4462 2593 4526; x_wconf 86' lang='lat' dir='ltr'><strong>pr0pter</strong></span> <span class='ocrx_word' id='word_1_826' title='bbox 2636 4453 2886 4509; x_wconf 87' lang='lat' dir='ltr'><strong>infirmos</strong></span> <span class='ocrx_word' id='word_1_827' title='bbox 2929 4470 2943 4507; x_wconf 90' lang='lat'><strong>:</strong></span> <span class='ocrx_word' id='word_1_828' title='bbox 2988 4468 3057 4508; x_wconf 93' lang='lat' dir='ltr'><strong>ne</strong></span> <span class='ocrx_word' id='word_1_829' title='bbox 3086 4452 3138 4506; x_wconf 94' lang='lat' dir='ltr'><strong>in</strong></span> <span class='ocrx_word' id='word_1_830' title='bbox 3168 4451 3394 4507; x_wconf 87' lang='lat' dir='ltr'><strong>scientia</strong></span> <span class='ocrx_word' id='word_1_831' title='bbox 3425 4465 3521 4506; x_wconf 86' lang='lat' dir='ltr'><strong>sua</strong></span> 
     </span>
    </p>
   </div>
   <div class='ocr_carea' id='block_1_102' title="bbox 1929 4542 3523 4616">
    <p class='ocr_par' dir='ltr' id='par_1_102' title="bbox 1929 4542 3523 4616">
     <span class='ocr_line' id='line_1_106' title="bbox 1929 4542 3523 4616; baseline -0.001 -19"><span class='ocrx_word' id='word_1_832' title='bbox 1929 4543 2096 4598; x_wconf 88' lang='lat' dir='ltr'><strong>frater</strong></span> <span class='ocrx_word' id='word_1_833' title='bbox 2124 4554 2332 4615; x_wconf 89' lang='lat' dir='ltr'><strong>pereat,</strong></span> <span class='ocrx_word' id='word_1_834' title='bbox 2354 4560 2455 4615; x_wconf 90' lang='lat' dir='ltr'><strong>pro</strong></span> <span class='ocrx_word' id='word_1_835' title='bbox 2484 4559 2590 4616; x_wconf 92' lang='lat' dir='ltr'><strong>quo</strong></span> <span class='ocrx_word' id='word_1_836' title='bbox 2616 4543 2866 4600; x_wconf 87' lang='lat' dir='ltr'><strong>Christus</strong></span> <span class='ocrx_word' id='word_1_837' title='bbox 2895 4555 2977 4599; x_wconf 90' lang='lat' dir='ltr'><strong>est</strong></span> <span class='ocrx_word' id='word_1_838' title='bbox 3000 4551 3265 4598; x_wconf 91' lang='lat' dir='ltr'><strong>mortuus.</strong></span> <span class='ocrx_word' id='word_1_839' title='bbox 3293 4542 3523 4614; x_wconf 88' lang='lat' dir='ltr'><strong>Diligen-</strong></span> 
     </span>
    </p>
   </div>
   <div class='ocr_carea' id='block_1_103' title="bbox 1929 4634 3520 4707">
    <p class='ocr_par' dir='ltr' id='par_1_103' title="bbox 1929 4634 3520 4707">
     <span class='ocr_line' id='line_1_107' title="bbox 1929 4634 3520 4707; baseline -0.003 -15"><span class='ocrx_word' id='word_1_840' title='bbox 1929 4647 2010 4694; x_wconf 90' lang='lat' dir='ltr'><strong>ter</strong></span> <span class='ocrx_word' id='word_1_841' title='bbox 2035 4638 2217 4707; x_wconf 89' lang='lat' dir='ltr'><strong>itaque</strong></span> <span class='ocrx_word' id='word_1_842' title='bbox 2245 4637 2486 4702; x_wconf 86' lang='lat' dir='ltr'><strong>attcnde,</strong></span> <span class='ocrx_word' id='word_1_843' title='bbox 2518 4652 2585 4691; x_wconf 85' lang='lat' dir='ltr'><strong>an</strong></span> <span class='ocrx_word' id='word_1_844' title='bbox 2615 4651 2679 4690; x_wconf 78' lang='lat' dir='ltr'><strong>ex</strong></span> <span class='ocrx_word' id='word_1_845' title='bbox 2712 4636 3177 4707; x_wconf 82' lang='lat' dir='ltr'><strong>consequentibus</strong></span> <span class='ocrx_word' id='word_1_846' title='bbox 3198 4649 3389 4690; x_wconf 90' lang='lat' dir='ltr'><strong>sensus</strong></span> <span class='ocrx_word' id='word_1_847' title='bbox 3417 4634 3520 4688; x_wconf 82' lang='lat' dir='ltr'><strong>ista</strong></span> 
     </span>
    </p>
   </div>
   <div class='ocr_carea' id='block_1_104' title="bbox 1929 4726 3527 4799">
    <p class='ocr_par' dir='ltr' id='par_1_104' title="bbox 1929 4726 3527 4799">
     <span class='ocr_line' id='line_1_108' title="bbox 1929 4726 3527 4799; baseline -0.006 -13"><span class='ocrx_word' id='word_1_848' title='bbox 1929 4739 2162 4787; x_wconf 83' lang='lat' dir='ltr'><strong>texatur.</strong></span> <span class='ocrx_word' id='word_1_849' title='bbox 2217 4728 2323 4785; x_wconf 85' lang='lat' dir='ltr'><strong>Vos</strong></span> <span class='ocrx_word' id='word_1_850' title='bbox 2349 4775 2364 4799; x_wconf 86' lang='lat'><strong>,</strong></span> <span class='ocrx_word' id='word_1_851' title='bbox 2404 4729 2616 4798; x_wconf 89' lang='lat' dir='ltr'><strong>inquit,</strong></span> <span class='ocrx_word' id='word_1_852' title='bbox 2665 4732 2889 4798; x_wconf 74' lang='lat' dir='ltr'><strong>fratres,</strong></span> <span class='ocrx_word' id='word_1_853' title='bbox 2937 4730 2990 4781; x_wconf 90' lang='lat' dir='ltr'><strong>in</strong></span> <span class='ocrx_word' id='word_1_854' title='bbox 3035 4727 3320 4782; x_wconf 85' lang='lat' dir='ltr'><strong>libertatem</strong></span> <span class='ocrx_word' id='word_1_855' title='bbox 3359 4726 3527 4779; x_wconf 78' lang='lat' dir='ltr'><strong>uocati</strong></span> 
     </span>
    </p>
   </div>
   <div class='ocr_carea' id='block_1_105' title="bbox 1930 4818 3524 4889">
    <p class='ocr_par' dir='ltr' id='par_1_105' title="bbox 1930 4818 3524 4889">
     <span class='ocr_line' id='line_1_109' title="bbox 1930 4818 3524 4889; baseline -0.004 -12"><span class='ocrx_word' id='word_1_856' title='bbox 1930 4823 2050 4878; x_wconf 84' lang='lat' dir='ltr'><strong>estis</strong></span> <span class='ocrx_word' id='word_1_857' title='bbox 2080 4839 2099 4876; x_wconf 92' lang='lat'><strong><em>:</em></strong></span> <span class='ocrx_word' id='word_1_858' title='bbox 2127 4820 2353 4876; x_wconf 88' lang='lat' dir='ltr'><strong>forsitan</strong></span> <span class='ocrx_word' id='word_1_859' title='bbox 2382 4818 2522 4885; x_wconf 90' lang='lat' dir='ltr'><strong>ideo,</strong></span> <span class='ocrx_word' id='word_1_860' title='bbox 2547 4819 2671 4889; x_wconf 92' lang='lat' dir='ltr'><strong>quia</strong></span> <span class='ocrx_word' id='word_1_861' title='bbox 2705 4833 2809 4874; x_wconf 83' lang='lat' dir='ltr'><strong>nan</strong></span> <span class='ocrx_word' id='word_1_862' title='bbox 2844 4834 3035 4875; x_wconf 87' lang='lat' dir='ltr'><strong>omnes</strong></span> <span class='ocrx_word' id='word_1_863' title='bbox 3063 4819 3402 4873; x_wconf 87' lang='lat' dir='ltr'><strong>vocationem</strong></span> <span class='ocrx_word' id='word_1_864' title='bbox 3430 4832 3524 4870; x_wconf 88' lang='lat' dir='ltr'><strong>ea-</strong></span> 
     </span>
    </p>
   </div>
   <div class='ocr_carea' id='block_1_106' title="bbox 1930 4909 3523 4986">
    <p class='ocr_par' dir='ltr' id='par_1_106' title="bbox 1930 4909 3523 4986">
     <span class='ocr_line' id='line_1_110' title="bbox 1930 4909 3523 4986; baseline -0.004 -16"><span class='ocrx_word' id='word_1_865' title='bbox 1930 4929 2062 4986; x_wconf 90' lang='lat' dir='ltr'><strong>pere</strong></span> <span class='ocrx_word' id='word_1_866' title='bbox 2089 4923 2335 4985; x_wconf 89' lang='lat' dir='ltr'><strong>poterant</strong></span> <span class='ocrx_word' id='word_1_867' title='bbox 2364 4912 2650 4968; x_wconf 86' lang='lat' dir='ltr'><strong>libertatis.</strong></span> <span class='ocrx_word' id='word_1_868' title='bbox 2688 4913 2914 4982; x_wconf 83' lang='lat' dir='ltr'><strong>Propter</strong></span> <span class='ocrx_word' id='word_1_869' title='bbox 2939 4911 3083 4982; x_wconf 87' lang='lat' dir='ltr'><strong>quod</strong></span> <span class='ocrx_word' id='word_1_870' title='bbox 3115 4926 3258 4966; x_wconf 92' lang='lat' dir='ltr'><strong>nunc</strong></span> <span class='ocrx_word' id='word_1_871' title='bbox 3286 4909 3523 4964; x_wconf 88' lang='lat' dir='ltr'><strong>auditis:</strong></span> 
     </span>
    </p>
   </div>
   <div class='ocr_carea' id='block_1_107' title="bbox 1929 5001 3522 5062">
    <p class='ocr_par' dir='ltr' id='par_1_107' title="bbox 1929 5001 3522 5062">
     <span class='ocr_line' id='line_1_111' title="bbox 1929 5001 3522 5062; baseline -0.004 0"><span class='ocrx_word' id='word_1_872' title='bbox 1929 5007 2157 5062; x_wconf 86' lang='lat' dir='ltr'><strong>Tantum</strong></span> <span class='ocrx_word' id='word_1_873' title='bbox 2196 5023 2257 5060; x_wconf 89' lang='lat' dir='ltr'><strong>ne</strong></span> <span class='ocrx_word' id='word_1_874' title='bbox 2287 5005 2573 5060; x_wconf 77' lang='lat' dir='ltr'><strong>libertatem</strong></span> <span class='ocrx_word' id='word_1_875' title='bbox 2611 5005 2664 5060; x_wconf 88' lang='lat' dir='ltr'><strong>in</strong></span> <span class='ocrx_word' id='word_1_876' title='bbox 2702 5005 3019 5059; x_wconf 84' lang='lat' dir='ltr'><strong>occasionem</strong></span> <span class='ocrx_word' id='word_1_877' title='bbox 3058 5004 3188 5058; x_wconf 89' lang='lat' dir='ltr'><strong>detis</strong></span> <span class='ocrx_word' id='word_1_878' title='bbox 3221 5002 3388 5058; x_wconf 89' lang='lat' dir='ltr'><strong>carni.</strong></span> <span class='ocrx_word' id='word_1_879' title='bbox 3420 5001 3522 5057; x_wconf 88' lang='lat' dir='ltr'><strong>Per</strong></span> 
     </span>
    </p>
   </div>
   <div class='ocr_carea' id='block_1_108' title="bbox 1930 5095 3524 5167">
    <p class='ocr_par' dir='ltr' id='par_1_108' title="bbox 1930 5095 3524 5167">
     <span class='ocr_line' id='line_1_112' title="bbox 1930 5095 3524 5167; baseline -0.003 -13"><span class='ocrx_word' id='word_1_880' title='bbox 1930 5099 2279 5156; x_wconf 89' lang='lat' dir='ltr'><strong>dilectionem</strong></span> <span class='ocrx_word' id='word_1_881' title='bbox 2321 5098 2464 5152; x_wconf 92' lang='lat' dir='ltr'><strong>enim</strong></span> <span class='ocrx_word' id='word_1_882' title='bbox 2506 5105 2721 5167; x_wconf 89' lang='lat' dir='ltr'><strong>oportet</strong></span> <span class='ocrx_word' id='word_1_883' title='bbox 2766 5096 3068 5152; x_wconf 83' lang='lat' dir='ltr'><strong>minoribus</strong></span> <span class='ocrx_word' id='word_1_884' title='bbox 3109 5096 3317 5152; x_wconf 88' lang='lat' dir='ltr'><strong>servire</strong></span> <span class='ocrx_word' id='word_1_885' title='bbox 3349 5095 3524 5163; x_wconf 84' lang='lat' dir='ltr'><strong>majo-</strong></span> 
     </span>
    </p>
   </div>
   <div class='ocr_carea' id='block_1_109' title="bbox 1928 5189 3524 5263">
    <p class='ocr_par' dir='ltr' id='par_1_109' title="bbox 1928 5189 3524 5263">
     <span class='ocr_line' id='line_1_113' title="bbox 1928 5189 3524 5263; baseline -0.003 -13"><span class='ocrx_word' id='word_1_886' title='bbox 1928 5207 2016 5250; x_wconf 88' lang='lat' dir='ltr'><strong>res</strong></span> <span class='ocrx_word' id='word_1_887' title='bbox 2066 5211 2078 5246; x_wconf 93' lang='lat'>:</span> <span class='ocrx_word' id='word_1_888' title='bbox 2114 5193 2241 5263; x_wconf 89' lang='lat' dir='ltr'><strong>quia</strong></span> <span class='ocrx_word' id='word_1_889' title='bbox 2275 5192 2365 5263; x_wconf 91' lang='lat' dir='ltr'><strong>qui</strong></span> <span class='ocrx_word' id='word_1_890' title='bbox 2405 5191 2520 5246; x_wconf 90' lang='lat' dir='ltr'><strong>vult</strong></span> <span class='ocrx_word' id='word_1_891' title='bbox 2548 5206 2671 5248; x_wconf 90' lang='lat' dir='ltr'><strong>esse</strong></span> <span class='ocrx_word' id='word_1_892' title='bbox 2697 5191 2892 5262; x_wconf 86' lang='lat' dir='ltr'><strong>major,</strong></span> <span class='ocrx_word' id='word_1_893' title='bbox 2925 5192 3032 5248; x_wconf 91' lang='lat' dir='ltr'><strong>erit</strong></span> <span class='ocrx_word' id='word_1_894' title='bbox 3057 5189 3302 5246; x_wconf 91' lang='lat' dir='ltr'><strong>omnium</strong></span> <span class='ocrx_word' id='word_1_895' title='bbox 3331 5203 3524 5246; x_wconf 87' lang='lat' dir='ltr'><strong>servus</strong></span> 
     </span>
    </p>
   </div>
   <div class='ocr_carea' id='block_1_110' title="bbox 1925 5344 3518 5415">
    <p class='ocr_par' dir='ltr' id='par_1_110' title="bbox 1925 5344 3518 5415">
     <span class='ocr_line' id='line_1_114' title="bbox 1925 5344 3518 5415; baseline -0.004 -13"><span class='ocrx_word' id='word_1_896' title='bbox 1925 5347 2018 5402; x_wconf 88' lang='lat' dir='ltr'><strong>dat</strong></span> <span class='ocrx_word' id='word_1_897' title='bbox 2046 5346 2314 5403; x_wconf 90' lang='lat' dir='ltr'><strong>decimum</strong></span> <span class='ocrx_word' id='word_1_898' title='bbox 2337 5345 2675 5402; x_wconf 89' lang='lat' dir='ltr'><strong>Stromatum</strong></span> <span class='ocrx_word' id='word_1_899' title='bbox 2702 5345 2958 5415; x_wconf 88' lang='lat' dir='ltr'><strong>Origenis</strong></span> <span class='ocrx_word' id='word_1_900' title='bbox 2982 5345 3202 5410; x_wconf 91' lang='lat' dir='ltr'><strong>librum,</strong></span> <span class='ocrx_word' id='word_1_901' title='bbox 3231 5358 3392 5415; x_wconf 86' lang='lat' dir='ltr'><strong>quem</strong></span> <span class='ocrx_word' id='word_1_902' title='bbox 3423 5344 3518 5411; x_wconf 86' lang='lat' dir='ltr'><strong>ait,</strong></span> 
     </span>
    </p>
   </div>
   <div class='ocr_carea' id='block_1_111' title="bbox 1923 5413 3532 5489">
    <p class='ocr_par' dir='ltr' id='par_1_111' title="bbox 1923 5413 3532 5489">
     <span class='ocr_line' id='line_1_115' title="bbox 1923 5413 3532 5489; baseline -0.002 -16"><span class='ocrx_word' id='word_1_903' title='bbox 1923 5420 2226 5473; x_wconf 85' lang='lat' dir='ltr'><strong>commatico</strong></span> <span class='ocrx_word' id='word_1_904' title='bbox 2262 5434 2420 5489; x_wconf 86' lang='lat' dir='ltr'><strong>super</strong></span> <span class='ocrx_word' id='word_1_905' title='bbox 2466 5413 2891 5489; x_wconf 67' lang='lat' dir='ltr'><strong>explanationem</strong></span> <span class='ocrx_word' id='word_1_906' title='bbox 2916 5420 3028 5489; x_wconf 83' lang='lat' dir='ltr'><strong>ejus</strong></span> <span class='ocrx_word' id='word_1_907' title='bbox 3055 5417 3229 5488; x_wconf 84' lang='lat' dir='ltr'><strong>(Pauli</strong></span> <span class='ocrx_word' id='word_1_908' title='bbox 3253 5413 3332 5489; x_wconf 80' lang='lat' dir='ltr'><strong>ad</strong></span> <span class='ocrx_word' id='word_1_909' title='bbox 3363 5413 3532 5489; x_wconf 83' lang='lat' dir='ltr'><strong>Gala-</strong></span> 
     </span>
    </p>
   </div>
   <div class='ocr_carea' id='block_1_112' title="bbox 1926 5487 3521 5561">
    <p class='ocr_par' dir='ltr' id='par_1_112' title="bbox 1926 5487 3521 5561">
     <span class='ocr_line' id='line_1_116' title="bbox 1926 5487 3521 5561; baseline -0.003 -18"><span class='ocrx_word' id='word_1_910' title='bbox 1926 5490 2032 5561; x_wconf 89' lang='lat' dir='ltr'><strong>tas)</strong></span> <span class='ocrx_word' id='word_1_911' title='bbox 2059 5505 2291 5561; x_wconf 82' lang='lat' dir='ltr'><strong>sermone</strong></span> <span class='ocrx_word' id='word_1_912' title='bbox 2325 5487 2852 5561; x_wconf 10' lang='lat' dir='ltr'><strong>completum.iLiber</strong></span> <span class='ocrx_word' id='word_1_913' title='bbox 2875 5487 3085 5561; x_wconf 82' lang='lat' dir='ltr'><strong>jamdiu</strong></span> <span class='ocrx_word' id='word_1_914' title='bbox 3122 5489 3255 5542; x_wconf 88' lang='lat' dir='ltr'><strong>olim</strong></span> <span class='ocrx_word' id='word_1_915' title='bbox 3297 5488 3521 5561; x_wconf 67' lang='lat' dir='ltr'><strong>interci-</strong></span> 
     </span>
    </p>
   </div>
   <div class='ocr_carea' id='block_1_113' title="bbox 1926 5557 3523 5630">
    <p class='ocr_par' dir='ltr' id='par_1_113' title="bbox 1926 5557 3523 5630">
     <span class='ocr_line' id='line_1_117' title="bbox 1926 5557 3523 5630; baseline -0.001 -16"><span class='ocrx_word' id='word_1_916' title='bbox 1926 5557 2020 5616; x_wconf 58' lang='lat' dir='ltr'><strong>dit&#39;</strong></span> <span class='ocrx_word' id='word_1_917' title='bbox 2051 5577 2064 5614; x_wconf 88' lang='lat'><strong>:</strong></span> <span class='ocrx_word' id='word_1_918' title='bbox 2115 5559 2322 5627; x_wconf 87' lang='lat' dir='ltr'><strong>hocque</strong></span> <span class='ocrx_word' id='word_1_919' title='bbox 2355 5557 2492 5630; x_wconf 83' lang='lat' dir='ltr'><strong>puto</strong></span> <span class='ocrx_word' id='word_1_920' title='bbox 2534 5560 2845 5630; x_wconf 14' lang='lat' dir='ltr'><strong>maximum,</strong></span> <span class='ocrx_word' id='word_1_921' title='bbox 2870 5557 2988 5629; x_wconf 86' lang='lat' dir='ltr'><strong>ejus</strong></span> <span class='ocrx_word' id='word_1_922' title='bbox 3018 5573 3303 5630; x_wconf 77' lang='lat' dir='ltr'><strong>superesse</strong></span> <span class='ocrx_word' id='word_1_923' title='bbox 3329 5557 3523 5626; x_wconf 81' lang='lat' dir='ltr'><strong>Operis</strong></span> 
     </span>
    </p>
   </div>
   <div class='ocr_carea' id='block_1_114' title="bbox 1924 5628 3519 5706">
    <p class='ocr_par' dir='ltr' id='par_1_114' title="bbox 1924 5628 3519 5706">
     <span class='ocr_line' id='line_1_118' title="bbox 1924 5628 3519 5706; baseline -0.004 -18"><span class='ocrx_word' id='word_1_924' title='bbox 1924 5628 2370 5706; x_wconf 62' lang='lat' dir='ltr'><strong>a’crroarraoaémov</strong></span> <span class='ocrx_word' id='word_1_925' title='bbox 2393 5671 2407 5696; x_wconf 92' lang='lat'><strong>,</strong></span> <span class='ocrx_word' id='word_1_926' title='bbox 2452 5631 2596 5701; x_wconf 88' lang='lat' dir='ltr'><strong>quod</strong></span> <span class='ocrx_word' id='word_1_927' title='bbox 2643 5631 2728 5684; x_wconf 91' lang='lat' dir='ltr'><strong>hic</strong></span> <span class='ocrx_word' id='word_1_928' title='bbox 2764 5628 2985 5686; x_wconf 74' lang='lat' dir='ltr'><strong>exhibet</strong></span> <span class='ocrx_word' id='word_1_929' title='bbox 3020 5628 3212 5686; x_wconf 89' lang='lat' dir='ltr'><strong>Latine</strong></span> <span class='ocrx_word' id='word_1_930' title='bbox 3255 5629 3519 5701; x_wconf 86' lang='lat' dir='ltr'><strong>Hierony-</strong></span> 
     </span>
    </p>
   </div>
   <div class='ocr_carea' id='block_1_115' title="bbox 1926 5719 2067 5760">
    <p class='ocr_par' dir='ltr' id='par_1_115' title="bbox 1926 5719 2067 5760">
     <span class='ocr_line' id='line_1_119' title="bbox 1926 5719 2067 5760; baseline 0.014 -2"><span class='ocrx_word' id='word_1_931' title='bbox 1926 5719 2067 5760; x_wconf 86' lang='lat' dir='ltr'><strong>mus.</strong></span> 
     </span>
    </p>
   </div>
   <div class='ocr_carea' id='block_1_116' title="bbox 1998 5772 3518 5898">
    <p class='ocr_par' dir='ltr' id='par_1_116' title="bbox 1998 5772 3518 5898">
     <span class='ocr_line' id='line_1_120' title="bbox 1998 5772 3518 5898; baseline 0.002 -71"><span class='ocrx_word' id='word_1_932' title='bbox 1998 5783 2050 5898; x_wconf 57' lang='lat' dir='ltr'><strong>fd</strong></span> <span class='ocrx_word' id='word_1_933' title='bbox 2079 5773 2253 5898; x_wconf 62' lang='lat' dir='ltr'><strong>quat.</strong></span> <span class='ocrx_word' id='word_1_934' title='bbox 2319 5787 2446 5842; x_wconf 86' lang='lat' dir='ltr'><strong>ms.,</strong></span> <span class='ocrx_word' id='word_1_935' title='bbox 2499 5772 2874 5843; x_wconf 80' lang='lat' dir='ltr'><strong>inﬁrmioribus</strong></span> <span class='ocrx_word' id='word_1_936' title='bbox 2938 5773 3160 5830; x_wconf 84' lang='lat' dir='ltr'><strong>serviens</strong></span> <span class='ocrx_word' id='word_1_937' title='bbox 3204 5772 3368 5846; x_wconf 75' lang='lat' dir='ltr'><strong>faciat</strong></span> <span class='ocrx_word' id='word_1_938' title='bbox 3415 5772 3518 5830; x_wconf 83' lang='lat' dir='ltr'><strong>ali-</strong></span> 
     </span>
     <span class='ocr_line' id='line_1_121' title="bbox 1998 5859 2212 5898; baseline 0.009 -2"><span class='ocrx_word' id='word_1_939' title='bbox 1998 5860 2009 5896; x_wconf 80' lang='grc' dir='ltr'><strong>ι</strong></span> <span class='ocrx_word' id='word_1_940' title='bbox 2056 5887 2072 5898; x_wconf 85' lang='grc'><strong>.</strong></span> <span class='ocrx_word' id='word_1_941' title='bbox 2103 5859 2132 5898; x_wconf 94' lang='lat' dir='ltr'><strong>e</strong></span> <span class='ocrx_word' id='word_1_942' title='bbox 2160 5860 2212 5898; x_wconf 91' lang='lat' dir='ltr'><strong>c.</strong></span> 
     </span>
    </p>
   </div>
   <div class='ocr_carea' id='block_1_117' title="bbox 1923 5853 2212 5916">
    <p class='ocr_par' dir='ltr' id='par_1_117' title="bbox 1923 5853 2212 5916">
     <span class='ocr_line' id='line_1_122' title="bbox 1923 5853 2212 5916; baseline 0.014 -19"><span class='ocrx_word' id='word_1_943' title='bbox 1923 5853 2072 5916; x_wconf 80' lang='lat' dir='ltr'><strong>quid,</strong></span> <span class='ocrx_word' id='word_1_944' title='bbox 2103 5853 2212 5901; x_wconf 91' lang='lat' dir='ltr'><strong>etc.</strong></span> 
     </span>
    </p>
   </div>
  </div>
