  <div class='ocr_page' id='page_1' title='image "/cluster/home/n/w/nwhite01/storage/ocr_20150623/26/uva.x000826568/211.png"; bbox 0 0 4046 6338; ppageno 0'>
   <div class='ocr_carea' id='block_1_1' title="bbox 531 360 638 418">
    <p class='ocr_par' dir='ltr' id='par_1_1' title="bbox 531 360 638 418">
     <span class='ocr_line' id='line_1_1' title="bbox 531 360 638 418; baseline -0.028 0"><span class='ocrx_word' id='word_1_1' title='bbox 531 360 638 418; x_wconf 64' lang='grc'><strong>407</strong></span> 
     </span>
    </p>
   </div>
   <div class='ocr_carea' id='block_1_2' title="bbox 1775 352 2573 413">
    <p class='ocr_par' dir='ltr' id='par_1_2' title="bbox 1775 352 2573 413">
     <span class='ocr_line' id='line_1_2' title="bbox 1775 352 2573 413; baseline -0.001 -1"><span class='ocrx_word' id='word_1_2' title='bbox 1775 355 1835 412; x_wconf 88' lang='lat' dir='ltr'><strong>S.</strong></span> <span class='ocrx_word' id='word_1_3' title='bbox 1877 352 2153 413; x_wconf 81' lang='lat' dir='ltr'><strong>EUSEBH</strong></span> <span class='ocrx_word' id='word_1_4' title='bbox 2190 352 2573 413; x_wconf 75' lang='lat' dir='ltr'><strong>HIERONYMl</strong></span> 
     </span>
    </p>
   </div>
   <div class='ocr_carea' id='block_1_3' title="bbox 3721 354 3837 414">
    <p class='ocr_par' dir='ltr' id='par_1_3' title="bbox 3721 354 3837 414">
     <span class='ocr_line' id='line_1_3' title="bbox 3721 354 3837 414; baseline 0.026 -3"><span class='ocrx_word' id='word_1_5' title='bbox 3721 354 3837 414; x_wconf 70' lang='lat'><strong>‘08</strong></span> 
     </span>
    </p>
   </div>
   <div class='ocr_carea' id='block_1_4' title="bbox 533 469 3836 554">
    <p class='ocr_par' dir='ltr' id='par_1_4' title="bbox 533 469 3836 554">
     <span class='ocr_line' id='line_1_4' title="bbox 533 469 3836 554; baseline -0.003 -19"><span class='ocrx_word' id='word_1_6' title='bbox 533 480 752 554; x_wconf 83' lang='lat' dir='ltr'><strong>(Matth.</strong></span> <span class='ocrx_word' id='word_1_7' title='bbox 782 494 887 545; x_wconf 83' lang='lat' dir='ltr'><strong>xx;</strong></span> <span class='ocrx_word' id='word_1_8' title='bbox 921 476 1089 532; x_wconf 83' lang='lat' dir='ltr'><strong>Marc.</strong></span> <span class='ocrx_word' id='word_1_9' title='bbox 1118 473 1200 548; x_wconf 84' lang='lat' dir='ltr'><strong>x).</strong></span> <span class='ocrx_word' id='word_1_10' title='bbox 1222 472 1410 546; x_wconf 84' lang='lat' dir='ltr'><strong>Neque</strong></span> <span class='ocrx_word' id='word_1_11' title='bbox 1436 481 1571 545; x_wconf 85' lang='lat' dir='ltr'><strong>ergo</strong></span> <span class='ocrx_word' id='word_1_12' title='bbox 1594 473 1894 545; x_wconf 90' lang='lat' dir='ltr'><strong>spiritualis</strong></span> <span class='ocrx_word' id='word_1_13' title='bbox 1921 472 2125 528; x_wconf 89' lang='lat' dir='ltr'><strong>laceret</strong></span> <span class='ocrx_word' id='word_1_14' title='bbox 2149 470 2424 536; x_wconf 65' lang='lat' dir='ltr'><strong>Acuntur</strong></span> <span class='ocrx_word' id='word_1_15' title='bbox 2465 485 2589 528; x_wconf 86' lang='lat' dir='ltr'><strong>esse</strong></span> <span class='ocrx_word' id='word_1_16' title='bbox 2625 469 2917 528; x_wconf 75' lang='lat' dir='ltr'><strong>manifesti.</strong></span> <span class='ocrx_word' id='word_1_17' title='bbox 2965 469 3134 526; x_wconf 84' lang='lat' dir='ltr'><strong>Multo</strong></span> <span class='ocrx_word' id='word_1_18' title='bbox 3169 469 3370 542; x_wconf 87' lang='lat' dir='ltr'><strong>quippe</strong></span> <span class='ocrx_word' id='word_1_19' title='bbox 3415 469 3604 528; x_wconf 87' lang='lat' dir='ltr'><strong>labore</strong></span> <span class='ocrx_word' id='word_1_20' title='bbox 3635 477 3692 528; x_wconf 87' lang='lat' dir='ltr'><strong>et</strong></span> <span class='ocrx_word' id='word_1_21' title='bbox 3734 483 3836 526; x_wconf 86' lang='lat' dir='ltr'><strong>su-</strong></span> 
     </span>
    </p>
   </div>
   <div class='ocr_carea' id='block_1_5' title="bbox 533 565 2127 637">
    <p class='ocr_par' dir='ltr' id='par_1_5' title="bbox 533 565 2127 637">
     <span class='ocr_line' id='line_1_5' title="bbox 533 565 2127 637; baseline -0.005 -8"><span class='ocrx_word' id='word_1_22' title='bbox 533 571 734 630; x_wconf 88' lang='lat' dir='ltr'><strong>Christi</strong></span> <span class='ocrx_word' id='word_1_23' title='bbox 763 583 953 624; x_wconf 89' lang='lat' dir='ltr'><strong>carnes</strong></span> <span class='ocrx_word' id='word_1_24' title='bbox 979 585 994 621; x_wconf 85' lang='lat'><strong>:</strong></span> <span class='ocrx_word' id='word_1_25' title='bbox 1030 581 1204 637; x_wconf 91' lang='lat' dir='ltr'><strong>neque</strong></span> <span class='ocrx_word' id='word_1_26' title='bbox 1227 567 1570 622; x_wconf 86' lang='lat' dir='ltr'><strong>occasionem</strong></span> <span class='ocrx_word' id='word_1_27' title='bbox 1599 565 1706 620; x_wconf 89' lang='lat' dir='ltr'><strong>illis</strong></span> <span class='ocrx_word' id='word_1_28' title='bbox 1727 565 1955 631; x_wconf 91' lang='lat' dir='ltr'><strong>tribuat,</strong></span> <span class='ocrx_word' id='word_1_29' title='bbox 1985 572 2046 620; x_wconf 93' lang='lat' dir='ltr'><strong>ut</strong></span> <span class='ocrx_word' id='word_1_30' title='bbox 2066 579 2127 621; x_wconf 89' lang='lat' dir='ltr'><strong>se</strong></span> 
     </span>
    </p>
   </div>
   <div class='ocr_carea' id='block_1_6' title="bbox 534 658 2130 732">
    <p class='ocr_par' dir='ltr' id='par_1_6' title="bbox 534 658 2130 732">
     <span class='ocr_line' id='line_1_6' title="bbox 534 658 2130 732; baseline -0.005 -10"><span class='ocrx_word' id='word_1_31' title='bbox 534 664 879 723; x_wconf 73' lang='lat' dir='ltr'><strong>renuat-deant</strong></span> <span class='ocrx_word' id='word_1_32' title='bbox 922 669 1304 732; x_wconf 89' lang='lat' dir='ltr'><strong>provocantem</strong></span> <span class='ocrx_word' id='word_1_33' title='bbox 1342 674 1410 716; x_wconf 92' lang='lat' dir='ltr'><strong>ne</strong></span> <span class='ocrx_word' id='word_1_34' title='bbox 1441 658 1513 715; x_wconf 88' lang='lat' dir='ltr'><strong>ab</strong></span> <span class='ocrx_word' id='word_1_35' title='bbox 1539 658 1771 715; x_wconf 88' lang='lat' dir='ltr'><strong>invicem</strong></span> <span class='ocrx_word' id='word_1_36' title='bbox 1802 673 2130 715; x_wconf 86' lang='lat' dir='ltr'><strong>consuman-</strong></span> 
     </span>
    </p>
   </div>
   <div class='ocr_carea' id='block_1_7' title="bbox 535 751 2128 827">
    <p class='ocr_par' dir='ltr' id='par_1_7' title="bbox 535 751 2128 827">
     <span class='ocr_line' id='line_1_7' title="bbox 535 751 2128 827; baseline -0.003 -14"><span class='ocrx_word' id='word_1_37' title='bbox 535 767 641 813; x_wconf 94' lang='lat' dir='ltr'><strong>tur.</strong></span> <span class='ocrx_word' id='word_1_38' title='bbox 693 757 919 827; x_wconf 86' lang='lat' dir='ltr'><strong>Oportet</strong></span> <span class='ocrx_word' id='word_1_39' title='bbox 960 770 1091 826; x_wconf 89' lang='lat' dir='ltr'><strong>ergo</strong></span> <span class='ocrx_word' id='word_1_40' title='bbox 1142 755 1337 825; x_wconf 85' lang='lat' dir='ltr'><strong>spiritu</strong></span> <span class='ocrx_word' id='word_1_41' title='bbox 1383 753 1787 820; x_wconf 84' lang='lat' dir='ltr'><strong>ambulantem,</strong></span> <span class='ocrx_word' id='word_1_42' title='bbox 1835 762 1891 809; x_wconf 91' lang='lat' dir='ltr'><strong>et</strong></span> <span class='ocrx_word' id='word_1_43' title='bbox 1931 751 2128 824; x_wconf 86' lang='lat' dir='ltr'><strong>spiritu</strong></span> 
     </span>
    </p>
   </div>
   <div class='ocr_carea' id='block_1_8' title="bbox 453 845 2127 922">
    <p class='ocr_par' dir='ltr' id='par_1_8' title="bbox 453 845 2127 922">
     <span class='ocr_line' id='line_1_8' title="bbox 453 845 2127 922; baseline -0.004 -14"><span class='ocrx_word' id='word_1_44' title='bbox 453 897 466 908; x_wconf 91' lang='lat'><strong>.</strong></span> <span class='ocrx_word' id='word_1_45' title='bbox 529 851 930 922; x_wconf 89' lang='lat' dir='ltr'><strong>Scripturarum</strong></span> <span class='ocrx_word' id='word_1_46' title='bbox 972 847 1142 905; x_wconf 86' lang='lat' dir='ltr'><strong>verba</strong></span> <span class='ocrx_word' id='word_1_47' title='bbox 1181 856 1505 912; x_wconf 90' lang='lat' dir='ltr'><strong>sectantem,</strong></span> <span class='ocrx_word' id='word_1_48' title='bbox 1549 862 1659 903; x_wconf 91' lang='lat' dir='ltr'><strong>non</strong></span> <span class='ocrx_word' id='word_1_49' title='bbox 1687 846 1947 918; x_wconf 79' lang='lat' dir='ltr'><strong>perlicere</strong></span> <span class='ocrx_word' id='word_1_50' title='bbox 1975 845 2127 902; x_wconf 91' lang='lat' dir='ltr'><strong>desi-</strong></span> 
     </span>
    </p>
   </div>
   <div class='ocr_carea' id='block_1_9' title="bbox 532 938 2127 1010">
    <p class='ocr_par' dir='ltr' id='par_1_9' title="bbox 532 938 2127 1010">
     <span class='ocr_line' id='line_1_9' title="bbox 532 938 2127 1010; baseline -0.001 -11"><span class='ocrx_word' id='word_1_51' title='bbox 532 943 742 999; x_wconf 87' lang='lat' dir='ltr'><strong>derium</strong></span> <span class='ocrx_word' id='word_1_52' title='bbox 791 942 974 997; x_wconf 90' lang='lat' dir='ltr'><strong>carnis</strong></span> <span class='ocrx_word' id='word_1_53' title='bbox 1015 956 1225 996; x_wconf 87' lang='lat' dir='ltr'><strong>earum.</strong></span> <span class='ocrx_word' id='word_1_54' title='bbox 1258 938 1318 996; x_wconf 90' lang='lat' dir='ltr'><strong>Si</strong></span> <span class='ocrx_word' id='word_1_55' title='bbox 1347 947 1527 996; x_wconf 90' lang='lat' dir='ltr'><strong>autem</strong></span> <span class='ocrx_word' id='word_1_56' title='bbox 1569 939 1674 996; x_wconf 87' lang='lat' dir='ltr'><strong>hoc</strong></span> <span class='ocrx_word' id='word_1_57' title='bbox 1705 939 1848 1010; x_wconf 92' lang='lat' dir='ltr'><strong>quod</strong></span> <span class='ocrx_word' id='word_1_58' title='bbox 1877 938 2077 994; x_wconf 90' lang='lat' dir='ltr'><strong>dicitur</strong></span> <span class='ocrx_word' id='word_1_59' title='bbox 2108 955 2127 997; x_wconf 90' lang='lat'><strong>:</strong></span> 
     </span>
    </p>
   </div>
   <div class='ocr_carea' id='block_1_10' title="bbox 530 1032 2125 1109">
    <p class='ocr_par' dir='ltr' id='par_1_10' title="bbox 530 1032 2125 1109">
     <span class='ocr_line' id='line_1_10' title="bbox 530 1032 2125 1109; baseline -0.007 -13"><span class='ocrx_word' id='word_1_60' title='bbox 530 1039 736 1109; x_wconf 78' lang='lat' dir='ltr'><strong>Spiritu</strong></span> <span class='ocrx_word' id='word_1_61' title='bbox 761 1036 1046 1102; x_wconf 83' lang='lat' dir='ltr'><strong>ambulate,</strong></span> <span class='ocrx_word' id='word_1_62' title='bbox 1076 1046 1123 1090; x_wconf 92' lang='lat' dir='ltr'><strong>et</strong></span> <span class='ocrx_word' id='word_1_63' title='bbox 1149 1035 1466 1091; x_wconf 73' lang='lat' dir='ltr'><strong>desiderium</strong></span> <span class='ocrx_word' id='word_1_64' title='bbox 1497 1035 1671 1089; x_wconf 86' lang='lat' dir='ltr'><strong>carnis</strong></span> <span class='ocrx_word' id='word_1_65' title='bbox 1700 1048 1800 1088; x_wconf 86' lang='lat' dir='ltr'><strong>non</strong></span> <span class='ocrx_word' id='word_1_66' title='bbox 1827 1032 2125 1104; x_wconf 79' lang='lat' dir='ltr'><strong>perﬁcietis,</strong></span> 
     </span>
    </p>
   </div>
   <div class='ocr_carea' id='block_1_11' title="bbox 531 1125 2130 1203">
    <p class='ocr_par' dir='ltr' id='par_1_11' title="bbox 531 1125 2130 1203">
     <span class='ocr_line' id='line_1_11' title="bbox 531 1125 2130 1203; baseline -0.005 -14"><span class='ocrx_word' id='word_1_67' title='bbox 531 1134 852 1203; x_wconf 85' lang='lat' dir='ltr'><strong>simpliciter</strong></span> <span class='ocrx_word' id='word_1_68' title='bbox 874 1129 1228 1201; x_wconf 64' lang='lat' dir='ltr'><strong>intelligimus</strong></span> <span class='ocrx_word' id='word_1_69' title='bbox 1255 1130 1336 1199; x_wconf 95' lang='lat' dir='ltr'><strong>(ut</strong></span> <span class='ocrx_word' id='word_1_70' title='bbox 1359 1127 1602 1198; x_wconf 87' lang='lat' dir='ltr'><strong>plerique</strong></span> <span class='ocrx_word' id='word_1_71' title='bbox 1625 1125 1984 1198; x_wconf 85' lang='lat' dir='ltr'><strong>arbitrantur)</strong></span> <span class='ocrx_word' id='word_1_72' title='bbox 1996 1139 2130 1181; x_wconf 89' lang='lat' dir='ltr'><strong>con-</strong></span> 
     </span>
    </p>
   </div>
   <div class='ocr_carea' id='block_1_12' title="bbox 533 1217 2127 1296">
    <p class='ocr_par' dir='ltr' id='par_1_12' title="bbox 533 1217 2127 1296">
     <span class='ocr_line' id='line_1_12' title="bbox 533 1217 2127 1296; baseline -0.005 -16"><span class='ocrx_word' id='word_1_73' title='bbox 533 1235 618 1281; x_wconf 86' lang='lat' dir='ltr'><strong>tra</strong></span> <span class='ocrx_word' id='word_1_74' title='bbox 656 1233 1033 1296; x_wconf 79' lang='lat' dir='ltr'><strong>argumentum</strong></span> <span class='ocrx_word' id='word_1_75' title='bbox 1077 1231 1133 1278; x_wconf 91' lang='lat' dir='ltr'><strong>et</strong></span> <span class='ocrx_word' id='word_1_76' title='bbox 1175 1220 1499 1294; x_wconf 86' lang='lat' dir='ltr'><strong>hypothesin</strong></span> <span class='ocrx_word' id='word_1_77' title='bbox 1539 1219 1703 1274; x_wconf 89' lang='lat' dir='ltr'><strong>totius</strong></span> <span class='ocrx_word' id='word_1_78' title='bbox 1743 1219 2032 1289; x_wconf 67' lang='lat' dir='ltr'><strong>Epistolas,</strong></span> <span class='ocrx_word' id='word_1_79' title='bbox 2075 1217 2127 1272; x_wconf 91' lang='lat' dir='ltr'><strong>in</strong></span> 
     </span>
    </p>
   </div>
   <div class='ocr_carea' id='block_1_13' title="bbox 534 1310 2132 1385">
    <p class='ocr_par' dir='ltr' id='par_1_13' title="bbox 534 1310 2132 1385">
     <span class='ocr_line' id='line_1_13' title="bbox 534 1310 2132 1385; baseline -0.004 -14"><span class='ocrx_word' id='word_1_80' title='bbox 534 1320 650 1372; x_wconf 65' lang='lat' dir='ltr'><strong>haec</strong></span> <span class='ocrx_word' id='word_1_81' title='bbox 675 1316 856 1372; x_wconf 90' lang='lat' dir='ltr'><strong>subito</strong></span> <span class='ocrx_word' id='word_1_82' title='bbox 886 1314 1086 1369; x_wconf 85' lang='lat' dir='ltr'><strong>Paulus</strong></span> <span class='ocrx_word' id='word_1_83' title='bbox 1110 1321 1391 1384; x_wconf 87' lang='lat' dir='ltr'><strong>erumpet;</strong></span> <span class='ocrx_word' id='word_1_84' title='bbox 1421 1310 1586 1385; x_wconf 62' lang='grc'><strong>495</strong></span> <span class='ocrx_word' id='word_1_85' title='bbox 1615 1311 1796 1366; x_wconf 89' lang='lat' dir='ltr'><strong>statim</strong></span> <span class='ocrx_word' id='word_1_86' title='bbox 1825 1312 2024 1381; x_wconf 87' lang='lat' dir='ltr'><strong>quippe</strong></span> <span class='ocrx_word' id='word_1_87' title='bbox 2045 1324 2132 1364; x_wconf 89' lang='lat' dir='ltr'><strong>sc-</strong></span> 
     </span>
    </p>
   </div>
   <div class='ocr_carea' id='block_1_14' title="bbox 528 1403 2125 1480">
    <p class='ocr_par' dir='ltr' id='par_1_14' title="bbox 528 1403 2125 1480">
     <span class='ocr_line' id='line_1_14' title="bbox 528 1403 2125 1480; baseline -0.004 -16"><span class='ocrx_word' id='word_1_88' title='bbox 528 1411 716 1480; x_wconf 89' lang='lat' dir='ltr'><strong>quitur</strong></span> <span class='ocrx_word' id='word_1_89' title='bbox 745 1425 760 1466; x_wconf 84' lang='lat'><strong>:</strong></span> <span class='ocrx_word' id='word_1_90' title='bbox 795 1407 856 1463; x_wconf 89' lang='lat' dir='ltr'><strong>Si</strong></span> <span class='ocrx_word' id='word_1_91' title='bbox 879 1417 1052 1462; x_wconf 88' lang='lat' dir='ltr'><strong>autem</strong></span> <span class='ocrx_word' id='word_1_92' title='bbox 1073 1407 1266 1478; x_wconf 75' lang='lat' dir='ltr'><strong>spiritu</strong></span> <span class='ocrx_word' id='word_1_93' title='bbox 1289 1406 1564 1472; x_wconf 85' lang='lat' dir='ltr'><strong>ducimini,</strong></span> <span class='ocrx_word' id='word_1_94' title='bbox 1590 1422 1693 1460; x_wconf 86' lang='lat' dir='ltr'><strong>non</strong></span> <span class='ocrx_word' id='word_1_95' title='bbox 1716 1407 1838 1460; x_wconf 88' lang='lat' dir='ltr'><strong>estis</strong></span> <span class='ocrx_word' id='word_1_96' title='bbox 1857 1405 1949 1460; x_wconf 86' lang='lat' dir='ltr'><strong>sub</strong></span> <span class='ocrx_word' id='word_1_97' title='bbox 1975 1403 2125 1474; x_wconf 85' lang='lat' dir='ltr'><strong>Lege.</strong></span> 
     </span>
    </p>
   </div>
   <div class='ocr_carea' id='block_1_15' title="bbox 531 1497 2129 1571">
    <p class='ocr_par' dir='ltr' id='par_1_15' title="bbox 531 1497 2129 1571">
     <span class='ocr_line' id='line_1_15' title="bbox 531 1497 2129 1571; baseline -0.003 -15"><span class='ocrx_word' id='word_1_98' title='bbox 531 1501 604 1556; x_wconf 90' lang='lat' dir='ltr'><strong>Et</strong></span> <span class='ocrx_word' id='word_1_99' title='bbox 645 1516 768 1556; x_wconf 92' lang='lat' dir='ltr'><strong>cum</strong></span> <span class='ocrx_word' id='word_1_100' title='bbox 815 1500 1095 1568; x_wconf 89' lang='lat' dir='ltr'><strong>hucusque</strong></span> <span class='ocrx_word' id='word_1_101' title='bbox 1118 1499 1297 1571; x_wconf 89' lang='lat' dir='ltr'><strong>aliqua</strong></span> <span class='ocrx_word' id='word_1_102' title='bbox 1326 1514 1392 1554; x_wconf 87' lang='lat' dir='ltr'><strong>ex</strong></span> <span class='ocrx_word' id='word_1_103' title='bbox 1425 1505 1578 1570; x_wconf 91' lang='lat' dir='ltr'><strong>parte</strong></span> <span class='ocrx_word' id='word_1_104' title='bbox 1602 1497 1705 1553; x_wconf 90' lang='lat' dir='ltr'><strong>sibi</strong></span> <span class='ocrx_word' id='word_1_105' title='bbox 1737 1513 1917 1554; x_wconf 88' lang='lat' dir='ltr'><strong>sermo</strong></span> <span class='ocrx_word' id='word_1_106' title='bbox 1949 1497 2129 1554; x_wconf 69' lang='lat' dir='ltr'><strong>cohaz-</strong></span> 
     </span>
    </p>
   </div>
   <div class='ocr_carea' id='block_1_16' title="bbox 538 1591 2127 1664">
    <p class='ocr_par' dir='ltr' id='par_1_16' title="bbox 538 1591 2127 1664">
     <span class='ocr_line' id='line_1_16' title="bbox 538 1591 2127 1664; baseline -0.001 -15"><span class='ocrx_word' id='word_1_107' title='bbox 538 1603 675 1659; x_wconf 88' lang='lat' dir='ltr'><strong>reat,</strong></span> <span class='ocrx_word' id='word_1_108' title='bbox 711 1608 923 1650; x_wconf 92' lang='lat' dir='ltr'><strong>rursum</strong></span> <span class='ocrx_word' id='word_1_109' title='bbox 955 1593 1001 1648; x_wconf 91' lang='lat' dir='ltr'><strong>si</strong></span> <span class='ocrx_word' id='word_1_110' title='bbox 1033 1592 1338 1664; x_wconf 86' lang='lat' dir='ltr'><strong>simplicem</strong></span> <span class='ocrx_word' id='word_1_111' title='bbox 1367 1591 1779 1662; x_wconf 75' lang='lat' dir='ltr'><strong>intelligentiam</strong></span> <span class='ocrx_word' id='word_1_112' title='bbox 1815 1604 2127 1662; x_wconf 86' lang='lat' dir='ltr'><strong>sequamur,</strong></span> 
     </span>
    </p>
   </div>
   <div class='ocr_carea' id='block_1_17' title="bbox 531 1681 2133 1755">
    <p class='ocr_par' dir='ltr' id='par_1_17' title="bbox 531 1681 2133 1755">
     <span class='ocr_line' id='line_1_17' title="bbox 531 1681 2133 1755; baseline -0.001 -14"><span class='ocrx_word' id='word_1_113' title='bbox 531 1687 600 1741; x_wconf 88' lang='lat' dir='ltr'><strong>ad</strong></span> <span class='ocrx_word' id='word_1_114' title='bbox 649 1687 950 1742; x_wconf 79' lang='lat' dir='ltr'><strong>inordinata</strong></span> <span class='ocrx_word' id='word_1_115' title='bbox 998 1695 1222 1751; x_wconf 88' lang='lat' dir='ltr'><strong>repente</strong></span> <span class='ocrx_word' id='word_1_116' title='bbox 1267 1692 1539 1755; x_wconf 69' lang='lat' dir='ltr'><strong>praecepta</strong></span> <span class='ocrx_word' id='word_1_117' title='bbox 1595 1699 1696 1740; x_wconf 88' lang='lat' dir='ltr'><strong>nos</strong></span> <span class='ocrx_word' id='word_1_118' title='bbox 1735 1681 2023 1748; x_wconf 83' lang='lat' dir='ltr'><strong>transfert,</strong></span> <span class='ocrx_word' id='word_1_119' title='bbox 2064 1683 2133 1740; x_wconf 92' lang='lat' dir='ltr'><strong>de</strong></span> 
     </span>
    </p>
   </div>
   <div class='ocr_carea' id='block_1_18' title="bbox 537 1777 2131 1850">
    <p class='ocr_par' dir='ltr' id='par_1_18' title="bbox 537 1777 2131 1850">
     <span class='ocr_line' id='line_1_18' title="bbox 537 1777 2131 1850; baseline -0.002 -16"><span class='ocrx_word' id='word_1_120' title='bbox 537 1794 702 1836; x_wconf 87' lang='lat' dir='ltr'><strong>carne</strong></span> <span class='ocrx_word' id='word_1_121' title='bbox 740 1788 796 1835; x_wconf 91' lang='lat' dir='ltr'><strong>et</strong></span> <span class='ocrx_word' id='word_1_122' title='bbox 831 1779 1023 1850; x_wconf 88' lang='lat' dir='ltr'><strong>spiritu</strong></span> <span class='ocrx_word' id='word_1_123' title='bbox 1059 1779 1362 1844; x_wconf 90' lang='lat' dir='ltr'><strong>disserens,</strong></span> <span class='ocrx_word' id='word_1_124' title='bbox 1403 1778 1456 1834; x_wconf 93' lang='lat' dir='ltr'><strong>id</strong></span> <span class='ocrx_word' id='word_1_125' title='bbox 1489 1786 1617 1836; x_wconf 87' lang='lat' dir='ltr'><strong>est:</strong></span> <span class='ocrx_word' id='word_1_126' title='bbox 1652 1777 1934 1848; x_wconf 82' lang='lat' dir='ltr'><strong>Manifesta</strong></span> <span class='ocrx_word' id='word_1_127' title='bbox 1961 1787 2131 1833; x_wconf 83' lang='lat' dir='ltr'><strong>autem</strong></span> 
     </span>
    </p>
   </div>
   <div class='ocr_carea' id='block_1_19' title="bbox 2228 560 3837 633">
    <p class='ocr_par' dir='ltr' id='par_1_19' title="bbox 2228 560 3837 633">
     <span class='ocr_line' id='line_1_19' title="bbox 2228 560 3837 633; baseline -0.002 -12"><span class='ocrx_word' id='word_1_128' title='bbox 2228 565 2382 632; x_wconf 89' lang='lat' dir='ltr'><strong>dore,</strong></span> <span class='ocrx_word' id='word_1_129' title='bbox 2414 573 2468 619; x_wconf 92' lang='lat' dir='ltr'><strong>et</strong></span> <span class='ocrx_word' id='word_1_130' title='bbox 2493 563 2657 632; x_wconf 83' lang='lat' dir='ltr'><strong>digno</strong></span> <span class='ocrx_word' id='word_1_131' title='bbox 2679 563 2830 619; x_wconf 92' lang='lat' dir='ltr'><strong>cultu</strong></span> <span class='ocrx_word' id='word_1_132' title='bbox 2855 564 2909 617; x_wconf 89' lang='lat' dir='ltr'><strong>in</strong></span> <span class='ocrx_word' id='word_1_133' title='bbox 2937 562 3240 633; x_wconf 90' lang='lat' dir='ltr'><strong>Scripturis</strong></span> <span class='ocrx_word' id='word_1_134' title='bbox 3263 561 3472 618; x_wconf 78' lang='lat' dir='ltr'><strong>fructus</strong></span> <span class='ocrx_word' id='word_1_135' title='bbox 3497 560 3726 633; x_wconf 88' lang='lat' dir='ltr'><strong>spiritus</strong></span> <span class='ocrx_word' id='word_1_136' title='bbox 3748 561 3837 618; x_wconf 82' lang='lat' dir='ltr'><strong>in-</strong></span> 
     </span>
    </p>
   </div>
   <div class='ocr_carea' id='block_1_20' title="bbox 2228 654 3838 727">
    <p class='ocr_par' dir='ltr' id='par_1_20' title="bbox 2228 654 3838 727">
     <span class='ocr_line' id='line_1_20' title="bbox 2228 654 3838 727; baseline 0.001 -15"><span class='ocrx_word' id='word_1_137' title='bbox 2228 655 2463 712; x_wconf 82' lang='lat' dir='ltr'><strong>venitur.</strong></span> <span class='ocrx_word' id='word_1_138' title='bbox 2508 655 2664 712; x_wconf 87' lang='lat' dir='ltr'><strong>Unde</strong></span> <span class='ocrx_word' id='word_1_139' title='bbox 2705 655 2966 721; x_wconf 89' lang='lat' dir='ltr'><strong>arbitror,</strong></span> <span class='ocrx_word' id='word_1_140' title='bbox 3009 654 3234 710; x_wconf 86' lang='lat' dir='ltr'><strong>Paulum</strong></span> <span class='ocrx_word' id='word_1_141' title='bbox 3267 655 3561 727; x_wconf 77' lang='lat' dir='ltr'><strong>diligenter</strong></span> <span class='ocrx_word' id='word_1_142' title='bbox 3589 663 3646 711; x_wconf 90' lang='lat' dir='ltr'><strong>et</strong></span> <span class='ocrx_word' id='word_1_143' title='bbox 3674 666 3838 713; x_wconf 86' lang='lat' dir='ltr'><strong>caute</strong></span> 
     </span>
    </p>
   </div>
   <div class='ocr_carea' id='block_1_21' title="bbox 2229 747 3838 817">
    <p class='ocr_par' dir='ltr' id='par_1_21' title="bbox 2229 747 3838 817">
     <span class='ocr_line' id='line_1_21' title="bbox 2229 747 3838 817; baseline 0 -13"><span class='ocrx_word' id='word_1_144' title='bbox 2229 747 2298 804; x_wconf 89' lang='lat' dir='ltr'><strong>de</strong></span> <span class='ocrx_word' id='word_1_145' title='bbox 2319 748 2620 817; x_wconf 67' lang='lat' dir='ltr'><strong>Scripturaa</strong></span> <span class='ocrx_word' id='word_1_146' title='bbox 2646 748 2898 803; x_wconf 85' lang='lat' dir='ltr'><strong>sensibus</strong></span> <span class='ocrx_word' id='word_1_147' title='bbox 2923 747 3130 804; x_wconf 80' lang='lat' dir='ltr'><strong>dixisse</strong></span> <span class='ocrx_word' id='word_1_148' title='bbox 3151 747 3463 804; x_wconf 83' lang='lat' dir='ltr'><strong>carnalibus</strong></span> <span class='ocrx_word' id='word_1_149' title='bbox 3495 765 3510 803; x_wconf 87' lang='lat'><strong>:</strong></span> <span class='ocrx_word' id='word_1_150' title='bbox 3546 747 3838 817; x_wconf 76' lang='lat' dir='ltr'><strong>Manifesta</strong></span> 
     </span>
    </p>
   </div>
   <div class='ocr_carea' id='block_1_22' title="bbox 2230 837 3838 911">
    <p class='ocr_par' dir='ltr' id='par_1_22' title="bbox 2230 837 3838 911">
     <span class='ocr_line' id='line_1_22' title="bbox 2230 837 3838 911; baseline 0.001 -17"><span class='ocrx_word' id='word_1_151' title='bbox 2230 849 2399 894; x_wconf 85' lang='lat' dir='ltr'><strong>autent</strong></span> <span class='ocrx_word' id='word_1_152' title='bbox 2427 847 2547 894; x_wconf 89' lang='lat' dir='ltr'><strong>sunt</strong></span> <span class='ocrx_word' id='word_1_153' title='bbox 2575 856 2732 911; x_wconf 85' lang='lat' dir='ltr'><strong>opera</strong></span> <span class='ocrx_word' id='word_1_154' title='bbox 2761 840 2935 894; x_wconf 89' lang='lat' dir='ltr'><strong>carnis</strong></span> <span class='ocrx_word' id='word_1_155' title='bbox 2965 838 3164 909; x_wconf 84' lang='lat' dir='ltr'><strong>(Galat.</strong></span> <span class='ocrx_word' id='word_1_156' title='bbox 3197 855 3254 905; x_wconf 91' lang='lat' dir='ltr'><strong>v,</strong></span> <span class='ocrx_word' id='word_1_157' title='bbox 3286 837 3400 906; x_wconf 78' lang='lat' dir='ltr'><strong>l9).</strong></span> <span class='ocrx_word' id='word_1_158' title='bbox 3429 839 3508 895; x_wconf 91' lang='lat' dir='ltr'><strong>De</strong></span> <span class='ocrx_word' id='word_1_159' title='bbox 3532 839 3838 910; x_wconf 85' lang='lat' dir='ltr'><strong>spirituali-</strong></span> 
     </span>
    </p>
   </div>
   <div class='ocr_carea' id='block_1_23' title="bbox 2230 935 3837 1010">
    <p class='ocr_par' dir='ltr' id='par_1_23' title="bbox 2230 935 3837 1010">
     <span class='ocr_line' id='line_1_23' title="bbox 2230 935 3837 1010; baseline 0.002 -18"><span class='ocrx_word' id='word_1_160' title='bbox 2230 936 2332 992; x_wconf 87' lang='lat' dir='ltr'><strong>hus</strong></span> <span class='ocrx_word' id='word_1_161' title='bbox 2374 951 2508 992; x_wconf 88' lang='lat' dir='ltr'><strong>vero</strong></span> <span class='ocrx_word' id='word_1_162' title='bbox 2540 951 2646 992; x_wconf 90' lang='lat' dir='ltr'><strong>non</strong></span> <span class='ocrx_word' id='word_1_163' title='bbox 2677 947 2736 992; x_wconf 92' lang='lat' dir='ltr'><strong>ut</strong></span> <span class='ocrx_word' id='word_1_164' title='bbox 2777 935 2850 991; x_wconf 90' lang='lat' dir='ltr'><strong>ibi</strong></span> <span class='ocrx_word' id='word_1_165' title='bbox 2884 937 3156 1008; x_wconf 85' lang='lat' dir='ltr'><strong>posuisse,</strong></span> <span class='ocrx_word' id='word_1_166' title='bbox 3197 938 3507 1009; x_wconf 80' lang='lat' dir='ltr'><strong>manifestus</strong></span> <span class='ocrx_word' id='word_1_167' title='bbox 3532 948 3608 993; x_wconf 90' lang='lat' dir='ltr'><strong>est</strong></span> <span class='ocrx_word' id='word_1_168' title='bbox 3633 939 3837 1010; x_wconf 79' lang='lat' dir='ltr'><strong>[ructus</strong></span> 
     </span>
    </p>
   </div>
   <div class='ocr_carea' id='block_1_24' title="bbox 2231 1028 3839 1102">
    <p class='ocr_par' dir='ltr' id='par_1_24' title="bbox 2231 1028 3839 1102">
     <span class='ocr_line' id='line_1_24' title="bbox 2231 1028 3839 1102; baseline 0.002 -20"><span class='ocrx_word' id='word_1_169' title='bbox 2231 1029 2480 1102; x_wconf 83' lang='lat' dir='ltr'><strong>spiritus;</strong></span> <span class='ocrx_word' id='word_1_170' title='bbox 2516 1029 2611 1085; x_wconf 88' lang='lat' dir='ltr'><strong>sed</strong></span> <span class='ocrx_word' id='word_1_171' title='bbox 2641 1030 2714 1084; x_wconf 88' lang='lat' dir='ltr'><strong>ita</strong></span> <span class='ocrx_word' id='word_1_172' title='bbox 2747 1045 2762 1083; x_wconf 91' lang='lat'><strong>:</strong></span> <span class='ocrx_word' id='word_1_173' title='bbox 2799 1028 3028 1085; x_wconf 82' lang='lat' dir='ltr'><strong>Fructus</strong></span> <span class='ocrx_word' id='word_1_174' title='bbox 3059 1038 3232 1084; x_wconf 88' lang='lat' dir='ltr'><strong>autem</strong></span> <span class='ocrx_word' id='word_1_175' title='bbox 3268 1029 3527 1102; x_wconf 82' lang='lat' dir='ltr'><strong>Spiritus,</strong></span> <span class='ocrx_word' id='word_1_176' title='bbox 3557 1039 3635 1085; x_wconf 87' lang='lat' dir='ltr'><strong>est</strong></span> <span class='ocrx_word' id='word_1_177' title='bbox 3658 1028 3839 1086; x_wconf 77' lang='lat' dir='ltr'><strong>citari-</strong></span> 
     </span>
    </p>
   </div>
   <div class='ocr_carea' id='block_1_25' title="bbox 2233 1121 3836 1196">
    <p class='ocr_par' dir='ltr' id='par_1_25' title="bbox 2233 1121 3836 1196">
     <span class='ocr_line' id='line_1_25' title="bbox 2233 1121 3836 1196; baseline 0.003 -20"><span class='ocrx_word' id='word_1_178' title='bbox 2233 1133 2344 1188; x_wconf 89' lang='lat' dir='ltr'><strong>tas,</strong></span> <span class='ocrx_word' id='word_1_179' title='bbox 2387 1123 2676 1194; x_wconf 85' lang='lat' dir='ltr'><strong>gaudium,</strong></span> <span class='ocrx_word' id='word_1_180' title='bbox 2720 1139 2844 1193; x_wconf 74' lang='lat' dir='ltr'><strong>pax,</strong></span> <span class='ocrx_word' id='word_1_181' title='bbox 2888 1133 2943 1179; x_wconf 93' lang='lat' dir='ltr'><strong>et</strong></span> <span class='ocrx_word' id='word_1_182' title='bbox 2969 1123 3183 1194; x_wconf 88' lang='lat' dir='ltr'><strong>reliqua</strong></span> <span class='ocrx_word' id='word_1_183' title='bbox 3212 1122 3407 1196; x_wconf 85' lang='lat' dir='ltr'><strong>(Ibid.,</strong></span> <span class='ocrx_word' id='word_1_184' title='bbox 3450 1121 3568 1196; x_wconf 72' lang='lat'><strong>22).</strong></span> <span class='ocrx_word' id='word_1_185' title='bbox 3601 1122 3756 1191; x_wconf 92' lang='lat' dir='ltr'><strong>Quod</strong></span> <span class='ocrx_word' id='word_1_186' title='bbox 3788 1125 3836 1182; x_wconf 86' lang='lat' dir='ltr'><strong>si</strong></span> 
     </span>
    </p>
   </div>
   <div class='ocr_carea' id='block_1_26' title="bbox 2235 1216 3838 1288">
    <p class='ocr_par' dir='ltr' id='par_1_26' title="bbox 2235 1216 3838 1288">
     <span class='ocr_line' id='line_1_26' title="bbox 2235 1216 3838 1288; baseline 0.002 -16"><span class='ocrx_word' id='word_1_187' title='bbox 2235 1216 2443 1272; x_wconf 90' lang='lat' dir='ltr'><strong>relictis</strong></span> <span class='ocrx_word' id='word_1_188' title='bbox 2473 1218 2635 1288; x_wconf 87' lang='lat' dir='ltr'><strong>typis,</strong></span> <span class='ocrx_word' id='word_1_189' title='bbox 2667 1217 2736 1273; x_wconf 90' lang='lat' dir='ltr'><strong>ad</strong></span> <span class='ocrx_word' id='word_1_190' title='bbox 2769 1219 3056 1274; x_wconf 77' lang='lat' dir='ltr'><strong>veritatem</strong></span> <span class='ocrx_word' id='word_1_191' title='bbox 3087 1217 3387 1288; x_wconf 63' lang='lat' dir='ltr'><strong>Scripturis</strong></span> <span class='ocrx_word' id='word_1_192' title='bbox 3411 1224 3755 1273; x_wconf 85' lang='lat' dir='ltr'><strong>transeamus</strong></span> <span class='ocrx_word' id='word_1_193' title='bbox 3779 1227 3838 1275; x_wconf 91' lang='lat' dir='ltr'><strong>et</strong></span> 
     </span>
    </p>
   </div>
   <div class='ocr_carea' id='block_1_27' title="bbox 2234 1309 3833 1382">
    <p class='ocr_par' dir='ltr' id='par_1_27' title="bbox 2234 1309 3833 1382">
     <span class='ocr_line' id='line_1_27' title="bbox 2234 1309 3833 1382; baseline 0.001 -16"><span class='ocrx_word' id='word_1_194' title='bbox 2234 1309 2509 1381; x_wconf 77' lang='lat' dir='ltr'><strong>Spiritum,</strong></span> <span class='ocrx_word' id='word_1_195' title='bbox 2552 1310 2738 1365; x_wconf 91' lang='lat' dir='ltr'><strong>statim</strong></span> <span class='ocrx_word' id='word_1_196' title='bbox 2783 1310 2940 1366; x_wconf 92' lang='lat' dir='ltr'><strong>nobis</strong></span> <span class='ocrx_word' id='word_1_197' title='bbox 2979 1311 3156 1380; x_wconf 86' lang='lat' dir='ltr'><strong>prima</strong></span> <span class='ocrx_word' id='word_1_198' title='bbox 3196 1309 3437 1367; x_wconf 83' lang='lat' dir='ltr'><strong>charitas</strong></span> <span class='ocrx_word' id='word_1_199' title='bbox 3468 1309 3742 1382; x_wconf 84' lang='lat' dir='ltr'><strong>panditur,</strong></span> <span class='ocrx_word' id='word_1_200' title='bbox 3774 1319 3833 1368; x_wconf 88' lang='lat' dir='ltr'><strong>et</strong></span> 
     </span>
    </p>
   </div>
   <div class='ocr_carea' id='block_1_28' title="bbox 2233 1401 3836 1474">
    <p class='ocr_par' dir='ltr' id='par_1_28' title="bbox 2233 1401 3836 1474">
     <span class='ocr_line' id='line_1_28' title="bbox 2233 1401 3836 1474; baseline 0.001 -19"><span class='ocrx_word' id='word_1_201' title='bbox 2233 1401 2300 1456; x_wconf 89' lang='lat' dir='ltr'><strong>ad</strong></span> <span class='ocrx_word' id='word_1_202' title='bbox 2330 1401 2581 1471; x_wconf 83' lang='lat' dir='ltr'><strong>gaudium</strong></span> <span class='ocrx_word' id='word_1_203' title='bbox 2610 1401 2741 1457; x_wconf 91' lang='lat' dir='ltr'><strong>inde</strong></span> <span class='ocrx_word' id='word_1_204' title='bbox 2765 1401 3078 1472; x_wconf 76' lang='lat' dir='ltr'><strong>gradientes</strong></span> <span class='ocrx_word' id='word_1_205' title='bbox 3099 1443 3114 1468; x_wconf 95' lang='lat'><strong>,</strong></span> <span class='ocrx_word' id='word_1_206' title='bbox 3143 1402 3491 1472; x_wconf 83' lang='lat' dir='ltr'><strong>pervenimus</strong></span> <span class='ocrx_word' id='word_1_207' title='bbox 3519 1401 3588 1458; x_wconf 83' lang='lat' dir='ltr'><strong>ad</strong></span> <span class='ocrx_word' id='word_1_208' title='bbox 3619 1416 3836 1474; x_wconf 85' lang='lat' dir='ltr'><strong>pacem,</strong></span> 
     </span>
    </p>
   </div>
   <div class='ocr_carea' id='block_1_29' title="bbox 2234 1495 3834 1568">
    <p class='ocr_par' dir='ltr' id='par_1_29' title="bbox 2234 1495 3834 1568">
     <span class='ocr_line' id='line_1_29' title="bbox 2234 1495 3834 1568; baseline 0.003 -20"><span class='ocrx_word' id='word_1_209' title='bbox 2234 1509 2332 1566; x_wconf 84' lang='lat' dir='ltr'><strong>per</strong></span> <span class='ocrx_word' id='word_1_210' title='bbox 2358 1510 2520 1562; x_wconf 89' lang='lat' dir='ltr'><strong>quam</strong></span> <span class='ocrx_word' id='word_1_211' title='bbox 2564 1495 2956 1568; x_wconf 89' lang='lat' dir='ltr'><strong>consequimur</strong></span> <span class='ocrx_word' id='word_1_212' title='bbox 2985 1495 3326 1566; x_wconf 83' lang='lat' dir='ltr'><strong>patientiam.</strong></span> <span class='ocrx_word' id='word_1_213' title='bbox 3354 1495 3491 1566; x_wconf 84' lang='lat' dir='ltr'><strong>Quis</strong></span> <span class='ocrx_word' id='word_1_214' title='bbox 3515 1505 3694 1552; x_wconf 91' lang='lat' dir='ltr'><strong>autem</strong></span> <span class='ocrx_word' id='word_1_215' title='bbox 3725 1511 3834 1553; x_wconf 89' lang='lat' dir='ltr'><strong>non</strong></span> 
     </span>
    </p>
   </div>
   <div class='ocr_carea' id='block_1_30' title="bbox 2236 1585 3831 1657">
    <p class='ocr_par' dir='ltr' id='par_1_30' title="bbox 2236 1585 3831 1657">
     <span class='ocr_line' id='line_1_30' title="bbox 2236 1585 3831 1657; baseline 0.003 -17"><span class='ocrx_word' id='word_1_216' title='bbox 2236 1585 2303 1641; x_wconf 88' lang='lat' dir='ltr'><strong>ad</strong></span> <span class='ocrx_word' id='word_1_217' title='bbox 2333 1586 2736 1643; x_wconf 83' lang='lat' dir='ltr'><strong>miserationem</strong></span> <span class='ocrx_word' id='word_1_218' title='bbox 2769 1596 2827 1644; x_wconf 91' lang='lat' dir='ltr'><strong>et</strong></span> <span class='ocrx_word' id='word_1_219' title='bbox 2853 1588 3158 1645; x_wconf 88' lang='lat' dir='ltr'><strong>bonitatem</strong></span> <span class='ocrx_word' id='word_1_220' title='bbox 3184 1589 3486 1657; x_wconf 85' lang='lat' dir='ltr'><strong>erudiatur,</strong></span> <span class='ocrx_word' id='word_1_221' title='bbox 3517 1603 3637 1644; x_wconf 90' lang='lat' dir='ltr'><strong>cum</strong></span> <span class='ocrx_word' id='word_1_222' title='bbox 3667 1589 3831 1644; x_wconf 91' lang='lat' dir='ltr'><strong>etiam</strong></span> 
     </span>
    </p>
   </div>
   <div class='ocr_carea' id='block_1_31' title="bbox 2235 1679 3837 1751">
    <p class='ocr_par' dir='ltr' id='par_1_31' title="bbox 2235 1679 3837 1751">
     <span class='ocr_line' id='line_1_31' title="bbox 2235 1679 3837 1751; baseline 0.001 -17"><span class='ocrx_word' id='word_1_223' title='bbox 2235 1694 2299 1734; x_wconf 89' lang='lat' dir='ltr'><strong>ea</strong></span> <span class='ocrx_word' id='word_1_224' title='bbox 2330 1695 2451 1751; x_wconf 66' lang='lat' dir='ltr'><strong>quae</strong></span> <span class='ocrx_word' id='word_1_225' title='bbox 2478 1679 2802 1750; x_wconf 89' lang='lat' dir='ltr'><strong>quibusdam</strong></span> <span class='ocrx_word' id='word_1_226' title='bbox 2833 1679 3009 1735; x_wconf 83' lang='lat' dir='ltr'><strong>tristia</strong></span> <span class='ocrx_word' id='word_1_227' title='bbox 3039 1689 3299 1751; x_wconf 89' lang='lat' dir='ltr'><strong>putantur</strong></span> <span class='ocrx_word' id='word_1_228' title='bbox 3330 1681 3385 1735; x_wconf 89' lang='lat' dir='ltr'><strong>in</strong></span> <span class='ocrx_word' id='word_1_229' title='bbox 3408 1680 3552 1750; x_wconf 85' lang='lat' dir='ltr'><strong>Lege</strong></span> <span class='ocrx_word' id='word_1_230' title='bbox 3572 1680 3837 1750; x_wconf 87' lang='lat' dir='ltr'><strong>supplicia</strong></span> 
     </span>
    </p>
   </div>
   <div class='ocr_carea' id='block_1_32' title="bbox 2235 1770 3838 1844">
    <p class='ocr_par' dir='ltr' id='par_1_32' title="bbox 2235 1770 3838 1844">
     <span class='ocr_line' id='line_1_32' title="bbox 2235 1770 3838 1844; baseline 0.001 -18"><span class='ocrx_word' id='word_1_231' title='bbox 2235 1770 2359 1827; x_wconf 90' lang='lat' dir='ltr'><strong>dico</strong></span> <span class='ocrx_word' id='word_1_232' title='bbox 2388 1783 2443 1828; x_wconf 85' lang='lat' dir='ltr'><strong>et</strong></span> <span class='ocrx_word' id='word_1_233' title='bbox 2473 1772 2679 1842; x_wconf 70' lang='lat' dir='ltr'><strong>prazlia,</strong></span> <span class='ocrx_word' id='word_1_234' title='bbox 2713 1783 2767 1829; x_wconf 90' lang='lat' dir='ltr'><strong>et</strong></span> <span class='ocrx_word' id='word_1_235' title='bbox 2795 1773 3114 1829; x_wconf 87' lang='lat' dir='ltr'><strong>eversiones</strong></span> <span class='ocrx_word' id='word_1_236' title='bbox 3152 1775 3421 1844; x_wconf 88' lang='lat' dir='ltr'><strong>gentium,</strong></span> <span class='ocrx_word' id='word_1_237' title='bbox 3453 1782 3508 1828; x_wconf 91' lang='lat' dir='ltr'><strong>et</strong></span> <span class='ocrx_word' id='word_1_238' title='bbox 3537 1772 3838 1828; x_wconf 84' lang='lat' dir='ltr'><strong>commina-</strong></span> 
     </span>
    </p>
   </div>
   <div class='ocr_carea' id='block_1_33' title="bbox 537 1858 3839 1944">
    <p class='ocr_par' dir='ltr' id='par_1_33' title="bbox 537 1858 3839 1944">
     <span class='ocr_line' id='line_1_33' title="bbox 537 1858 3839 1944; baseline -0.002 -17"><span class='ocrx_word' id='word_1_239' title='bbox 537 1883 659 1927; x_wconf 86' lang='lat' dir='ltr'><strong>sunt</strong></span> <span class='ocrx_word' id='word_1_240' title='bbox 703 1887 860 1944; x_wconf 76' lang='lat' dir='ltr'><strong>Opera</strong></span> <span class='ocrx_word' id='word_1_241' title='bbox 899 1871 1070 1926; x_wconf 89' lang='lat' dir='ltr'><strong>carnis</strong></span> <span class='ocrx_word' id='word_1_242' title='bbox 1101 1869 1197 1925; x_wconf 89' lang='lat' dir='ltr'><strong>illa</strong></span> <span class='ocrx_word' id='word_1_243' title='bbox 1223 1881 1270 1926; x_wconf 90' lang='lat' dir='ltr'><strong>et</strong></span> <span class='ocrx_word' id='word_1_244' title='bbox 1300 1870 1411 1925; x_wconf 88' lang='lat' dir='ltr'><strong>illa.</strong></span> <span class='ocrx_word' id='word_1_245' title='bbox 1441 1869 1511 1925; x_wconf 88' lang='lat' dir='ltr'><strong>Et</strong></span> <span class='ocrx_word' id='word_1_246' title='bbox 1536 1870 1846 1925; x_wconf 89' lang='lat' dir='ltr'><strong>econtrario</strong></span> <span class='ocrx_word' id='word_1_247' title='bbox 1873 1865 2133 1924; x_wconf 86' lang='lat' dir='ltr'><strong>:Fructus</strong></span> <span class='ocrx_word' id='word_1_248' title='bbox 2164 1858 2213 1918; x_wconf 88' lang='lat' dir='ltr'><strong>B</strong></span> <span class='ocrx_word' id='word_1_249' title='bbox 2241 1862 2414 1916; x_wconf 87' lang='lat' dir='ltr'><strong>tiones</strong></span> <span class='ocrx_word' id='word_1_250' title='bbox 2451 1862 2518 1918; x_wconf 91' lang='lat' dir='ltr'><strong>ad</strong></span> <span class='ocrx_word' id='word_1_251' title='bbox 2549 1864 2778 1934; x_wconf 90' lang='lat' dir='ltr'><strong>populos</strong></span> <span class='ocrx_word' id='word_1_252' title='bbox 2809 1879 2906 1934; x_wconf 88' lang='lat' dir='ltr'><strong>per</strong></span> <span class='ocrx_word' id='word_1_253' title='bbox 2931 1863 3249 1935; x_wconf 87' lang='lat' dir='ltr'><strong>prophetas,</strong></span> <span class='ocrx_word' id='word_1_254' title='bbox 3283 1864 3454 1935; x_wconf 87' lang='lat' dir='ltr'><strong>magis</strong></span> <span class='ocrx_word' id='word_1_255' title='bbox 3485 1863 3726 1919; x_wconf 89' lang='lat' dir='ltr'><strong>remedia</strong></span> <span class='ocrx_word' id='word_1_256' title='bbox 3757 1864 3839 1920; x_wconf 84' lang='lat' dir='ltr'><strong>in-</strong></span> 
     </span>
    </p>
   </div>
   <div class='ocr_carea' id='block_1_34' title="bbox 530 1959 2130 2034">
    <p class='ocr_par' dir='ltr' id='par_1_34' title="bbox 530 1959 2130 2034">
     <span class='ocr_line' id='line_1_34' title="bbox 530 1959 2130 2034; baseline 0.001 -18"><span class='ocrx_word' id='word_1_257' title='bbox 530 1973 702 2018; x_wconf 86' lang='lat' dir='ltr'><strong>autem</strong></span> <span class='ocrx_word' id='word_1_258' title='bbox 738 1963 982 2034; x_wconf 85' lang='lat' dir='ltr'><strong>spiritus,</strong></span> <span class='ocrx_word' id='word_1_259' title='bbox 1023 1971 1098 2017; x_wconf 88' lang='lat' dir='ltr'><strong>est</strong></span> <span class='ocrx_word' id='word_1_260' title='bbox 1134 1963 1390 2030; x_wconf 71' lang='lat' dir='ltr'><strong>citat-itas,</strong></span> <span class='ocrx_word' id='word_1_261' title='bbox 1412 1972 1465 2017; x_wconf 91' lang='lat' dir='ltr'><strong>et</strong></span> <span class='ocrx_word' id='word_1_262' title='bbox 1488 1962 1715 2032; x_wconf 87' lang='lat' dir='ltr'><strong>reliqua.</strong></span> <span class='ocrx_word' id='word_1_263' title='bbox 1741 1959 1847 2016; x_wconf 89' lang='lat' dir='ltr'><strong>Sed</strong></span> <span class='ocrx_word' id='word_1_264' title='bbox 1873 1976 2049 2032; x_wconf 85' lang='lat' dir='ltr'><strong>neque</strong></span> <span class='ocrx_word' id='word_1_265' title='bbox 2075 1960 2130 2016; x_wconf 91' lang='lat' dir='ltr'><strong>in</strong></span> 
     </span>
    </p>
   </div>
   <div class='ocr_carea' id='block_1_35' title="bbox 534 2054 2130 2128">
    <p class='ocr_par' dir='ltr' id='par_1_35' title="bbox 534 2054 2130 2128">
     <span class='ocr_line' id='line_1_35' title="bbox 534 2054 2130 2128; baseline -0.001 -18"><span class='ocrx_word' id='word_1_266' title='bbox 534 2056 619 2110; x_wconf 88' lang='lat' dir='ltr'><strong>his</strong></span> <span class='ocrx_word' id='word_1_267' title='bbox 657 2056 1106 2128; x_wconf 72' lang='lat' dir='ltr'><strong>consequentiam</strong></span> <span class='ocrx_word' id='word_1_268' title='bbox 1148 2056 1439 2127; x_wconf 85' lang='lat' dir='ltr'><strong>desperare</strong></span> <span class='ocrx_word' id='word_1_269' title='bbox 1466 2055 1732 2111; x_wconf 86' lang='lat' dir='ltr'><strong>debemus</strong></span> <span class='ocrx_word' id='word_1_270' title='bbox 1764 2071 1780 2115; x_wconf 85' lang='lat'><strong>;</strong></span> <span class='ocrx_word' id='word_1_271' title='bbox 1811 2054 1937 2125; x_wconf 91' lang='lat' dir='ltr'><strong>quia</strong></span> <span class='ocrx_word' id='word_1_272' title='bbox 1965 2068 2130 2125; x_wconf 88' lang='lat' dir='ltr'><strong>opera</strong></span> 
     </span>
    </p>
   </div>
   <div class='ocr_carea' id='block_1_36' title="bbox 529 2146 2132 2213">
    <p class='ocr_par' dir='ltr' id='par_1_36' title="bbox 529 2146 2132 2213">
     <span class='ocr_line' id='line_1_36' title="bbox 529 2146 2132 2213; baseline -0.002 -9"><span class='ocrx_word' id='word_1_273' title='bbox 529 2150 710 2204; x_wconf 91' lang='lat' dir='ltr'><strong>carnis</strong></span> <span class='ocrx_word' id='word_1_274' title='bbox 737 2148 1043 2204; x_wconf 84' lang='lat' dir='ltr'><strong>divinorum</strong></span> <span class='ocrx_word' id='word_1_275' title='bbox 1074 2149 1411 2203; x_wconf 86' lang='lat' dir='ltr'><strong>voluminum</strong></span> <span class='ocrx_word' id='word_1_276' title='bbox 1446 2146 1674 2205; x_wconf 84' lang='lat' dir='ltr'><strong>historia</strong></span> <span class='ocrx_word' id='word_1_277' title='bbox 1705 2147 1988 2213; x_wconf 87' lang='lat' dir='ltr'><strong>continet;</strong></span> <span class='ocrx_word' id='word_1_278' title='bbox 2024 2160 2132 2201; x_wconf 92' lang='lat' dir='ltr'><strong>non</strong></span> 
     </span>
    </p>
   </div>
   <div class='ocr_carea' id='block_1_37' title="bbox 537 2239 2131 2312">
    <p class='ocr_par' dir='ltr' id='par_1_37' title="bbox 537 2239 2131 2312">
     <span class='ocr_line' id='line_1_37' title="bbox 537 2239 2131 2312; baseline -0.003 -14"><span class='ocrx_word' id='word_1_279' title='bbox 537 2242 696 2298; x_wconf 84' lang='lat' dir='ltr'><strong>valde</strong></span> <span class='ocrx_word' id='word_1_280' title='bbox 735 2256 832 2296; x_wconf 92' lang='lat' dir='ltr'><strong>eos</strong></span> <span class='ocrx_word' id='word_1_281' title='bbox 865 2242 1062 2311; x_wconf 89' lang='lat' dir='ltr'><strong>juvans</strong></span> <span class='ocrx_word' id='word_1_282' title='bbox 1100 2243 1190 2312; x_wconf 91' lang='lat' dir='ltr'><strong>qui</strong></span> <span class='ocrx_word' id='word_1_283' title='bbox 1233 2241 1312 2296; x_wconf 89' lang='lat' dir='ltr'><strong>sic</strong></span> <span class='ocrx_word' id='word_1_284' title='bbox 1334 2255 1455 2296; x_wconf 88' lang='lat' dir='ltr'><strong>eam</strong></span> <span class='ocrx_word' id='word_1_285' title='bbox 1483 2241 1812 2309; x_wconf 81' lang='lat' dir='ltr'><strong>intelligunt,</strong></span> <span class='ocrx_word' id='word_1_286' title='bbox 1841 2247 1901 2294; x_wconf 92' lang='lat' dir='ltr'><strong>ut</strong></span> <span class='ocrx_word' id='word_1_287' title='bbox 1929 2239 2131 2310; x_wconf 88' lang='lat' dir='ltr'><strong>scripta</strong></span> 
     </span>
    </p>
   </div>
   <div class='ocr_carea' id='block_1_38' title="bbox 534 2333 2132 2404">
    <p class='ocr_par' dir='ltr' id='par_1_38' title="bbox 534 2333 2132 2404">
     <span class='ocr_line' id='line_1_38' title="bbox 534 2333 2132 2404; baseline -0.003 -11"><span class='ocrx_word' id='word_1_288' title='bbox 534 2347 636 2393; x_wconf 88' lang='lat' dir='ltr'><strong>est.</strong></span> <span class='ocrx_word' id='word_1_289' title='bbox 662 2338 795 2404; x_wconf 83' lang='lat' dir='ltr'><strong>Quis</strong></span> <span class='ocrx_word' id='word_1_290' title='bbox 823 2336 968 2392; x_wconf 91' lang='lat' dir='ltr'><strong>enim</strong></span> <span class='ocrx_word' id='word_1_291' title='bbox 1001 2350 1107 2390; x_wconf 92' lang='lat' dir='ltr'><strong>non</strong></span> <span class='ocrx_word' id='word_1_292' title='bbox 1129 2335 1415 2390; x_wconf 90' lang='lat' dir='ltr'><strong>docebitur</strong></span> <span class='ocrx_word' id='word_1_293' title='bbox 1437 2336 1643 2390; x_wconf 89' lang='lat' dir='ltr'><strong>servire</strong></span> <span class='ocrx_word' id='word_1_294' title='bbox 1667 2334 1913 2399; x_wconf 62' lang='lat' dir='ltr'><strong>luxurias,</strong></span> <span class='ocrx_word' id='word_1_295' title='bbox 1942 2342 1998 2389; x_wconf 92' lang='lat' dir='ltr'><strong>et</strong></span> <span class='ocrx_word' id='word_1_296' title='bbox 2023 2333 2132 2390; x_wconf 84' lang='lat' dir='ltr'><strong>for-</strong></span> 
     </span>
    </p>
   </div>
   <div class='ocr_carea' id='block_1_39' title="bbox 538 2424 2133 2494">
    <p class='ocr_par' dir='ltr' id='par_1_39' title="bbox 538 2424 2133 2494">
     <span class='ocr_line' id='line_1_39' title="bbox 538 2424 2133 2494; baseline -0.001 -12"><span class='ocrx_word' id='word_1_297' title='bbox 538 2429 865 2483; x_wconf 87' lang='lat' dir='ltr'><strong>nicationem</strong></span> <span class='ocrx_word' id='word_1_298' title='bbox 899 2427 1098 2481; x_wconf 85' lang='lat' dir='ltr'><strong>habere</strong></span> <span class='ocrx_word' id='word_1_299' title='bbox 1128 2442 1226 2494; x_wconf 92' lang='lat' dir='ltr'><strong>pro</strong></span> <span class='ocrx_word' id='word_1_300' title='bbox 1254 2425 1423 2480; x_wconf 87' lang='lat' dir='ltr'><strong>nihilo</strong></span> <span class='ocrx_word' id='word_1_301' title='bbox 1451 2442 1467 2482; x_wconf 88' lang='lat'><strong>:</strong></span> <span class='ocrx_word' id='word_1_302' title='bbox 1495 2441 1617 2480; x_wconf 90' lang='lat' dir='ltr'><strong>cum</strong></span> <span class='ocrx_word' id='word_1_303' title='bbox 1643 2425 1834 2481; x_wconf 71' lang='lat' dir='ltr'><strong>ludam</strong></span> <span class='ocrx_word' id='word_1_304' title='bbox 1863 2424 1931 2481; x_wconf 89' lang='lat' dir='ltr'><strong>ad</strong></span> <span class='ocrx_word' id='word_1_305' title='bbox 1957 2441 2133 2482; x_wconf 89' lang='lat' dir='ltr'><strong>mere-</strong></span> 
     </span>
    </p>
   </div>
   <div class='ocr_carea' id='block_1_40' title="bbox 537 2514 2134 2590">
    <p class='ocr_par' dir='ltr' id='par_1_40' title="bbox 537 2514 2134 2590">
     <span class='ocr_line' id='line_1_40' title="bbox 537 2514 2134 2590; baseline 0 -16"><span class='ocrx_word' id='word_1_306' title='bbox 537 2521 726 2574; x_wconf 89' lang='lat' dir='ltr'><strong>tricem</strong></span> <span class='ocrx_word' id='word_1_307' title='bbox 749 2519 943 2588; x_wconf 89' lang='lat' dir='ltr'><strong>legerit</strong></span> <span class='ocrx_word' id='word_1_308' title='bbox 966 2519 1367 2588; x_wconf 88' lang='lat' dir='ltr'><strong>ingredientem</strong></span> <span class='ocrx_word' id='word_1_309' title='bbox 1391 2514 1546 2590; x_wconf 86' lang='lat' dir='ltr'><strong>(Gen.</strong></span> <span class='ocrx_word' id='word_1_310' title='bbox 1573 2519 1762 2587; x_wconf 76' lang='lat' dir='ltr'><strong>xxvtu)</strong></span> <span class='ocrx_word' id='word_1_311' title='bbox 1793 2535 1807 2577; x_wconf 88' lang='lat'><strong>;</strong></span> <span class='ocrx_word' id='word_1_312' title='bbox 1831 2527 1884 2573; x_wconf 89' lang='lat' dir='ltr'><strong>et</strong></span> <span class='ocrx_word' id='word_1_313' title='bbox 1907 2519 2134 2588; x_wconf 85' lang='lat' dir='ltr'><strong>patriar-</strong></span> 
     </span>
    </p>
   </div>
   <div class='ocr_carea' id='block_1_41' title="bbox 537 2610 2131 2681">
    <p class='ocr_par' dir='ltr' id='par_1_41' title="bbox 537 2610 2131 2681">
     <span class='ocr_line' id='line_1_41' title="bbox 537 2610 2131 2681; baseline 0.001 -15"><span class='ocrx_word' id='word_1_314' title='bbox 537 2611 667 2666; x_wconf 89' lang='lat' dir='ltr'><strong>chas</strong></span> <span class='ocrx_word' id='word_1_315' title='bbox 698 2611 956 2665; x_wconf 84' lang='lat' dir='ltr'><strong>habuisse</strong></span> <span class='ocrx_word' id='word_1_316' title='bbox 985 2610 1187 2666; x_wconf 92' lang='lat' dir='ltr'><strong>multas</strong></span> <span class='ocrx_word' id='word_1_317' title='bbox 1217 2611 1418 2681; x_wconf 88' lang='lat' dir='ltr'><strong>pariter</strong></span> <span class='ocrx_word' id='word_1_318' title='bbox 1451 2612 1687 2667; x_wconf 79' lang='lat' dir='ltr'><strong>uxores?</strong></span> <span class='ocrx_word' id='word_1_319' title='bbox 1713 2611 1998 2680; x_wconf 80' lang='lat' dir='ltr'><strong>Quomodo</strong></span> <span class='ocrx_word' id='word_1_320' title='bbox 2027 2628 2131 2667; x_wconf 90' lang='lat' dir='ltr'><strong>non</strong></span> 
     </span>
    </p>
   </div>
   <div class='ocr_carea' id='block_1_42' title="bbox 536 2702 2131 2776">
    <p class='ocr_par' dir='ltr' id='par_1_42' title="bbox 536 2702 2131 2776">
     <span class='ocr_line' id='line_1_42' title="bbox 536 2702 2131 2776; baseline 0.002 -19"><span class='ocrx_word' id='word_1_321' title='bbox 536 2703 605 2757; x_wconf 88' lang='lat' dir='ltr'><strong>ad</strong></span> <span class='ocrx_word' id='word_1_322' title='bbox 639 2702 997 2757; x_wconf 83' lang='lat' dir='ltr'><strong>idololatriam</strong></span> <span class='ocrx_word' id='word_1_323' title='bbox 1041 2704 1445 2773; x_wconf 88' lang='lat' dir='ltr'><strong>provocabitur,</strong></span> <span class='ocrx_word' id='word_1_324' title='bbox 1475 2705 1566 2774; x_wconf 92' lang='lat' dir='ltr'><strong>qui</strong></span> <span class='ocrx_word' id='word_1_325' title='bbox 1595 2706 1912 2776; x_wconf 89' lang='lat' dir='ltr'><strong>sanguinem</strong></span> <span class='ocrx_word' id='word_1_326' title='bbox 1942 2713 2131 2760; x_wconf 84' lang='lat' dir='ltr'><strong>tauro-</strong></span> 
     </span>
    </p>
   </div>
   <div class='ocr_carea' id='block_1_43' title="bbox 535 2797 2132 2870">
    <p class='ocr_par' dir='ltr' id='par_1_43' title="bbox 535 2797 2132 2870">
     <span class='ocr_line' id='line_1_43' title="bbox 535 2797 2132 2870; baseline 0.002 -18"><span class='ocrx_word' id='word_1_327' title='bbox 535 2813 680 2864; x_wconf 92' lang='lat' dir='ltr'><strong>rum,</strong></span> <span class='ocrx_word' id='word_1_328' title='bbox 728 2807 784 2852; x_wconf 90' lang='lat' dir='ltr'><strong>et</strong></span> <span class='ocrx_word' id='word_1_329' title='bbox 824 2806 1051 2853; x_wconf 82' lang='lat' dir='ltr'><strong>caeteras</strong></span> <span class='ocrx_word' id='word_1_330' title='bbox 1092 2797 1320 2854; x_wconf 89' lang='lat' dir='ltr'><strong>Levitici</strong></span> <span class='ocrx_word' id='word_1_331' title='bbox 1363 2800 1610 2854; x_wconf 83' lang='lat' dir='ltr'><strong>victimas</strong></span> <span class='ocrx_word' id='word_1_332' title='bbox 1655 2817 1761 2855; x_wconf 92' lang='lat' dir='ltr'><strong>non</strong></span> <span class='ocrx_word' id='word_1_333' title='bbox 1810 2801 1930 2870; x_wconf 89' lang='lat' dir='ltr'><strong>plus</strong></span> <span class='ocrx_word' id='word_1_334' title='bbox 1969 2815 2132 2870; x_wconf 90' lang='lat' dir='ltr'><strong>quam</strong></span> 
     </span>
    </p>
   </div>
   <div class='ocr_carea' id='block_1_44' title="bbox 536 2889 2134 2961">
    <p class='ocr_par' dir='ltr' id='par_1_44' title="bbox 536 2889 2134 2961">
     <span class='ocr_line' id='line_1_44' title="bbox 536 2889 2134 2961; baseline 0.001 -17"><span class='ocrx_word' id='word_1_335' title='bbox 536 2890 681 2959; x_wconf 92' lang='lat' dir='ltr'><strong>quod</strong></span> <span class='ocrx_word' id='word_1_336' title='bbox 723 2890 775 2944; x_wconf 90' lang='lat' dir='ltr'><strong>in</strong></span> <span class='ocrx_word' id='word_1_337' title='bbox 820 2889 999 2946; x_wconf 88' lang='lat' dir='ltr'><strong>littera</strong></span> <span class='ocrx_word' id='word_1_338' title='bbox 1029 2899 1208 2955; x_wconf 90' lang='lat' dir='ltr'><strong>sonat,</strong></span> <span class='ocrx_word' id='word_1_339' title='bbox 1244 2891 1509 2961; x_wconf 86' lang='lat' dir='ltr'><strong>putaverit</strong></span> <span class='ocrx_word' id='word_1_340' title='bbox 1549 2890 1829 2948; x_wconf 88' lang='lat' dir='ltr'><strong>indicare?</strong></span> <span class='ocrx_word' id='word_1_341' title='bbox 1857 2890 2010 2960; x_wconf 87' lang='lat' dir='ltr'><strong>Quod</strong></span> <span class='ocrx_word' id='word_1_342' title='bbox 2037 2907 2134 2946; x_wconf 89' lang='lat' dir='ltr'><strong>au-</strong></span> 
     </span>
    </p>
   </div>
   <div class='ocr_carea' id='block_1_45' title="bbox 537 2981 2133 3055">
    <p class='ocr_par' dir='ltr' id='par_1_45' title="bbox 537 2981 2133 3055">
     <span class='ocr_line' id='line_1_45' title="bbox 537 2981 2133 3055; baseline 0.002 -19"><span class='ocrx_word' id='word_1_343' title='bbox 537 2990 648 3037; x_wconf 91' lang='lat' dir='ltr'><strong>tem</strong></span> <span class='ocrx_word' id='word_1_344' title='bbox 693 2981 1022 3048; x_wconf 85' lang='lat' dir='ltr'><strong>inimicitias,</strong></span> <span class='ocrx_word' id='word_1_345' title='bbox 1072 2983 1126 3037; x_wconf 91' lang='lat' dir='ltr'><strong>in</strong></span> <span class='ocrx_word' id='word_1_346' title='bbox 1166 2994 1356 3051; x_wconf 87' lang='lat' dir='ltr'><strong>aperto</strong></span> <span class='ocrx_word' id='word_1_347' title='bbox 1384 2983 1594 3055; x_wconf 49' lang='lat' dir='ltr'><strong>positus</strong></span> <span class='ocrx_word' id='word_1_348' title='bbox 1632 2984 1924 3054; x_wconf 69' lang='lat' dir='ltr'><strong>Scriptura:</strong></span> <span class='ocrx_word' id='word_1_349' title='bbox 1951 2999 2133 3039; x_wconf 91' lang='lat' dir='ltr'><strong>sermo</strong></span> 
     </span>
    </p>
   </div>
   <div class='ocr_carea' id='block_1_46' title="bbox 536 3074 2133 3147">
    <p class='ocr_par' dir='ltr' id='par_1_46' title="bbox 536 3074 2133 3147">
     <span class='ocr_line' id='line_1_46' title="bbox 536 3074 2133 3147; baseline 0.001 -17"><span class='ocrx_word' id='word_1_350' title='bbox 536 3075 754 3140; x_wconf 89' lang='lat' dir='ltr'><strong>doceat,</strong></span> <span class='ocrx_word' id='word_1_351' title='bbox 802 3085 857 3130; x_wconf 91' lang='lat' dir='ltr'><strong>et</strong></span> <span class='ocrx_word' id='word_1_352' title='bbox 893 3091 960 3130; x_wconf 80' lang='lat' dir='ltr'><strong>ex</strong></span> <span class='ocrx_word' id='word_1_353' title='bbox 1002 3074 1104 3130; x_wconf 90' lang='lat' dir='ltr'><strong>hoc</strong></span> <span class='ocrx_word' id='word_1_354' title='bbox 1141 3076 1266 3130; x_wconf 92' lang='lat' dir='ltr'><strong>loco</strong></span> <span class='ocrx_word' id='word_1_355' title='bbox 1307 3077 1567 3146; x_wconf 87' lang='lat' dir='ltr'><strong>probatur</strong></span> <span class='ocrx_word' id='word_1_356' title='bbox 1609 3092 1624 3132; x_wconf 90' lang='lat'>:</span> <span class='ocrx_word' id='word_1_357' title='bbox 1667 3074 1807 3131; x_wconf 82' lang='lat' dir='ltr'><strong>Filia</strong></span> <span class='ocrx_word' id='word_1_358' title='bbox 1849 3075 2133 3147; x_wconf 81' lang='lat' dir='ltr'><strong>Babylonis</strong></span> 
     </span>
    </p>
   </div>
   <div class='ocr_carea' id='block_1_47' title="bbox 534 3169 2130 3240">
    <p class='ocr_par' dir='ltr' id='par_1_47' title="bbox 534 3169 2130 3240">
     <span class='ocr_line' id='line_1_47' title="bbox 534 3169 2130 3240; baseline 0.001 -19"><span class='ocrx_word' id='word_1_359' title='bbox 534 3169 744 3233; x_wconf 89' lang='lat' dir='ltr'><strong>misera,</strong></span> <span class='ocrx_word' id='word_1_360' title='bbox 787 3169 963 3223; x_wconf 88' lang='lat' dir='ltr'><strong>beatus</strong></span> <span class='ocrx_word' id='word_1_361' title='bbox 1002 3171 1093 3240; x_wconf 89' lang='lat' dir='ltr'><strong>qui</strong></span> <span class='ocrx_word' id='word_1_362' title='bbox 1131 3171 1376 3224; x_wconf 85' lang='lat' dir='ltr'><strong>retribuet</strong></span> <span class='ocrx_word' id='word_1_363' title='bbox 1408 3171 1499 3224; x_wconf 86' lang='lat' dir='ltr'><strong>tibi</strong></span> <span class='ocrx_word' id='word_1_364' title='bbox 1534 3171 1928 3226; x_wconf 85' lang='lat' dir='ltr'><strong>retributionem</strong></span> <span class='ocrx_word' id='word_1_365' title='bbox 1965 3180 2130 3238; x_wconf 88' lang='lat' dir='ltr'><strong>tuam,</strong></span> 
     </span>
    </p>
   </div>
   <div class='ocr_carea' id='block_1_48' title="bbox 2241 1955 3836 2028">
    <p class='ocr_par' dir='ltr' id='par_1_48' title="bbox 2241 1955 3836 2028">
     <span class='ocr_line' id='line_1_48' title="bbox 2241 1955 3836 2028; baseline 0.002 -18"><span class='ocrx_word' id='word_1_366' title='bbox 2241 1955 2516 2010; x_wconf 78' lang='lat' dir='ltr'><strong>tellexerit</strong></span> <span class='ocrx_word' id='word_1_367' title='bbox 2540 1971 2685 2023; x_wconf 88' lang='lat' dir='ltr'><strong>esse,</strong></span> <span class='ocrx_word' id='word_1_368' title='bbox 2710 1971 2869 2028; x_wconf 90' lang='lat' dir='ltr'><strong>quam</strong></span> <span class='ocrx_word' id='word_1_369' title='bbox 2913 1957 3142 2027; x_wconf 59' lang='lat' dir='ltr'><strong>pugnas?</strong></span> <span class='ocrx_word' id='word_1_370' title='bbox 3166 1956 3284 2012; x_wconf 83' lang='lat' dir='ltr'><strong>Non</strong></span> <span class='ocrx_word' id='word_1_371' title='bbox 3309 1958 3457 2013; x_wconf 88' lang='lat' dir='ltr'><strong>enim</strong></span> <span class='ocrx_word' id='word_1_372' title='bbox 3487 1960 3541 2013; x_wconf 91' lang='lat' dir='ltr'><strong>in</strong></span> <span class='ocrx_word' id='word_1_373' title='bbox 3569 1969 3836 2014; x_wconf 71' lang='lat' dir='ltr'><strong>aeternum</strong></span> 
     </span>
    </p>
   </div>
   <div class='ocr_carea' id='block_1_49' title="bbox 2238 2047 3844 2124">
    <p class='ocr_par' dir='ltr' id='par_1_49' title="bbox 2238 2047 3844 2124">
     <span class='ocr_line' id='line_1_49' title="bbox 2238 2047 3844 2124; baseline 0.001 -17"><span class='ocrx_word' id='word_1_374' title='bbox 2238 2050 2503 2107; x_wconf 85' lang='lat' dir='ltr'><strong>irascetur</strong></span> <span class='ocrx_word' id='word_1_375' title='bbox 2536 2051 2796 2106; x_wconf 86' lang='lat' dir='ltr'><strong>Dominus</strong></span> <span class='ocrx_word' id='word_1_376' title='bbox 2829 2047 2990 2124; x_wconf 82' lang='lat' dir='ltr'><strong>(Isai.</strong></span> <span class='ocrx_word' id='word_1_377' title='bbox 3021 2053 3175 2121; x_wconf 78' lang='lat' dir='ltr'><strong>LVII).</strong></span> <span class='ocrx_word' id='word_1_378' title='bbox 3202 2049 3341 2106; x_wconf 87' lang='lat' dir='ltr'><strong>Cum</strong></span> <span class='ocrx_word' id='word_1_379' title='bbox 3370 2050 3487 2105; x_wconf 74' lang='lat' dir='ltr'><strong>btec</strong></span> <span class='ocrx_word' id='word_1_380' title='bbox 3519 2064 3649 2122; x_wconf 89' lang='lat' dir='ltr'><strong>ergo</strong></span> <span class='ocrx_word' id='word_1_381' title='bbox 3680 2049 3844 2108; x_wconf 83' lang='lat' dir='ltr'><strong>nobis</strong></span> 
     </span>
    </p>
   </div>
   <div class='ocr_carea' id='block_1_50' title="bbox 2238 2140 3843 2211">
    <p class='ocr_par' dir='ltr' id='par_1_50' title="bbox 2238 2140 3843 2211">
     <span class='ocr_line' id='line_1_50' title="bbox 2238 2140 3843 2211; baseline 0.001 -14"><span class='ocrx_word' id='word_1_382' title='bbox 2238 2151 2425 2211; x_wconf 89' lang='lat' dir='ltr'><strong>aperta</strong></span> <span class='ocrx_word' id='word_1_383' title='bbox 2457 2140 2681 2209; x_wconf 80' lang='lat' dir='ltr'><strong>fuerint,</strong></span> <span class='ocrx_word' id='word_1_384' title='bbox 2719 2141 3185 2197; x_wconf 83' lang='lat' dir='ltr'><strong>rationabiliorem</strong></span> <span class='ocrx_word' id='word_1_385' title='bbox 3219 2140 3542 2198; x_wconf 87' lang='lat' dir='ltr'><strong>habebimus</strong></span> <span class='ocrx_word' id='word_1_386' title='bbox 3573 2142 3756 2209; x_wconf 88' lang='lat' dir='ltr'><strong>tidem,</strong></span> <span class='ocrx_word' id='word_1_387' title='bbox 3787 2149 3843 2198; x_wconf 88' lang='lat' dir='ltr'><strong>et</strong></span> 
     </span>
    </p>
   </div>
   <div class='ocr_carea' id='block_1_51' title="bbox 2236 2233 3836 2306">
    <p class='ocr_par' dir='ltr' id='par_1_51' title="bbox 2236 2233 3836 2306">
     <span class='ocr_line' id='line_1_51' title="bbox 2236 2233 3836 2306; baseline 0.002 -17"><span class='ocrx_word' id='word_1_388' title='bbox 2236 2241 2514 2289; x_wconf 89' lang='lat' dir='ltr'><strong>correctos</strong></span> <span class='ocrx_word' id='word_1_389' title='bbox 2535 2248 2723 2289; x_wconf 90' lang='lat' dir='ltr'><strong>mores</strong></span> <span class='ocrx_word' id='word_1_390' title='bbox 2749 2233 3104 2304; x_wconf 87' lang='lat' dir='ltr'><strong>temperantia</strong></span> <span class='ocrx_word' id='word_1_391' title='bbox 3126 2233 3493 2301; x_wconf 88' lang='lat' dir='ltr'><strong>comitabitur,</strong></span> <span class='ocrx_word' id='word_1_392' title='bbox 3519 2249 3681 2306; x_wconf 88' lang='lat' dir='ltr'><strong>quam</strong></span> <span class='ocrx_word' id='word_1_393' title='bbox 3705 2250 3836 2292; x_wconf 83' lang='lat' dir='ltr'><strong>con-</strong></span> 
     </span>
    </p>
   </div>
   <div class='ocr_carea' id='block_1_52' title="bbox 2239 2327 3836 2401">
    <p class='ocr_par' dir='ltr' id='par_1_52' title="bbox 2239 2327 3836 2401">
     <span class='ocr_line' id='line_1_52' title="bbox 2239 2327 3836 2401; baseline 0.003 -19"><span class='ocrx_word' id='word_1_394' title='bbox 2239 2327 2464 2383; x_wconf 90' lang='lat' dir='ltr'><strong>tinentia</strong></span> <span class='ocrx_word' id='word_1_395' title='bbox 2508 2337 2531 2368; x_wconf 70' lang='grc' dir='ltr'>ε</span> <span class='ocrx_word' id='word_1_396' title='bbox 2581 2336 2841 2397; x_wconf 81' lang='lat' dir='ltr'><strong>sequetur</strong></span> <span class='ocrx_word' id='word_1_397' title='bbox 2883 2335 2942 2383; x_wconf 92' lang='lat' dir='ltr'><strong>et</strong></span> <span class='ocrx_word' id='word_1_398' title='bbox 2972 2328 3194 2385; x_wconf 89' lang='lat' dir='ltr'><strong>castitas</strong></span> <span class='ocrx_word' id='word_1_399' title='bbox 3223 2345 3238 2388; x_wconf 91' lang='lat'><strong>:</strong></span> <span class='ocrx_word' id='word_1_400' title='bbox 3267 2338 3322 2386; x_wconf 89' lang='lat' dir='ltr'><strong>et</strong></span> <span class='ocrx_word' id='word_1_401' title='bbox 3352 2329 3623 2401; x_wconf 76' lang='lat' dir='ltr'><strong>posthaec</strong></span> <span class='ocrx_word' id='word_1_402' title='bbox 3650 2331 3836 2386; x_wconf 87' lang='lat' dir='ltr'><strong>omnia</strong></span> 
     </span>
    </p>
   </div>
   <div class='ocr_carea' id='block_1_53' title="bbox 2237 2420 3830 2494">
    <p class='ocr_par' dir='ltr' id='par_1_53' title="bbox 2237 2420 3830 2494">
     <span class='ocr_line' id='line_1_53' title="bbox 2237 2420 3830 2494; baseline 0.004 -18"><span class='ocrx_word' id='word_1_403' title='bbox 2237 2421 2460 2490; x_wconf 89' lang='lat' dir='ltr'><strong>incipiet</strong></span> <span class='ocrx_word' id='word_1_404' title='bbox 2497 2435 2627 2477; x_wconf 90' lang='lat' dir='ltr'><strong>esse</strong></span> <span class='ocrx_word' id='word_1_405' title='bbox 2670 2420 2780 2476; x_wconf 88' lang='lat' dir='ltr'><strong>Lex</strong></span> <span class='ocrx_word' id='word_1_406' title='bbox 2821 2436 2920 2492; x_wconf 90' lang='lat' dir='ltr'><strong>pro</strong></span> <span class='ocrx_word' id='word_1_407' title='bbox 2948 2422 3128 2478; x_wconf 86' lang='lat' dir='ltr'><strong>nobis.</strong></span> <span class='ocrx_word' id='word_1_408' title='bbox 3165 2443 3185 2476; x_wconf 74' lang='grc' dir='ltr'><strong><em>ι</em></strong></span> <span class='ocrx_word' id='word_1_409' title='bbox 3217 2422 3508 2494; x_wconf 81' lang='lat' dir='ltr'><strong>ﬂuensque</strong></span> <span class='ocrx_word' id='word_1_410' title='bbox 3537 2423 3830 2494; x_wconf 89' lang='lat' dir='ltr'><strong>Origenes.</strong></span> 
     </span>
    </p>
   </div>
   <div class='ocr_carea' id='block_1_54' title="bbox 2236 2515 3836 2586">
    <p class='ocr_par' dir='ltr' id='par_1_54' title="bbox 2236 2515 3836 2586">
     <span class='ocr_line' id='line_1_54' title="bbox 2236 2515 3836 2586; baseline 0.003 -17"><span class='ocrx_word' id='word_1_411' title='bbox 2236 2515 2445 2584; x_wconf 87' lang='lat' dir='ltr'><strong>Quibus</strong></span> <span class='ocrx_word' id='word_1_412' title='bbox 2482 2531 2583 2571; x_wconf 92' lang='lat' dir='ltr'><strong>nos</strong></span> <span class='ocrx_word' id='word_1_413' title='bbox 2625 2531 2910 2586; x_wconf 86' lang='lat' dir='ltr'><strong>possumus</strong></span> <span class='ocrx_word' id='word_1_414' title='bbox 2939 2517 3161 2584; x_wconf 89' lang='lat' dir='ltr'><strong>addere,</strong></span> <span class='ocrx_word' id='word_1_415' title='bbox 3194 2527 3251 2574; x_wconf 90' lang='lat' dir='ltr'><strong>ut</strong></span> <span class='ocrx_word' id='word_1_416' title='bbox 3288 2518 3534 2575; x_wconf 88' lang='lat' dir='ltr'><strong>dicamus</strong></span> <span class='ocrx_word' id='word_1_417' title='bbox 3567 2519 3634 2575; x_wconf 91' lang='lat' dir='ltr'><strong>de</strong></span> <span class='ocrx_word' id='word_1_418' title='bbox 3657 2519 3836 2575; x_wconf 88' lang='lat' dir='ltr'><strong>servi-</strong></span> 
     </span>
    </p>
   </div>
   <div class='ocr_carea' id='block_1_55' title="bbox 2237 2608 3837 2684">
    <p class='ocr_par' dir='ltr' id='par_1_55' title="bbox 2237 2608 3837 2684">
     <span class='ocr_line' id='line_1_55' title="bbox 2237 2608 3837 2684; baseline 0.004 -22"><span class='ocrx_word' id='word_1_419' title='bbox 2237 2615 2349 2665; x_wconf 90' lang='lat' dir='ltr'><strong>tute</strong></span> <span class='ocrx_word' id='word_1_420' title='bbox 2395 2609 2551 2680; x_wconf 89' lang='lat' dir='ltr'><strong>legali</strong></span> <span class='ocrx_word' id='word_1_421' title='bbox 2585 2608 2653 2664; x_wconf 86' lang='lat' dir='ltr'><strong>ad</strong></span> <span class='ocrx_word' id='word_1_422' title='bbox 2684 2609 2969 2680; x_wconf 86' lang='lat' dir='ltr'><strong>Evangelii</strong></span> <span class='ocrx_word' id='word_1_423' title='bbox 3014 2609 3315 2667; x_wconf 89' lang='lat' dir='ltr'><strong>libertatem</strong></span> <span class='ocrx_word' id='word_1_424' title='bbox 3354 2620 3576 2668; x_wconf 86' lang='lat' dir='ltr'><strong>vocatos</strong></span> <span class='ocrx_word' id='word_1_425' title='bbox 3614 2608 3837 2684; x_wconf 83' lang='lat' dir='ltr'><strong>(quibus</strong></span> 
     </span>
    </p>
   </div>
   <div class='ocr_carea' id='block_1_56' title="bbox 2237 2701 3839 2778">
    <p class='ocr_par' dir='ltr' id='par_1_56' title="bbox 2237 2701 3839 2778">
     <span class='ocr_line' id='line_1_56' title="bbox 2237 2701 3839 2778; baseline 0.003 -23"><span class='ocrx_word' id='word_1_426' title='bbox 2237 2704 2490 2772; x_wconf 89' lang='lat' dir='ltr'><strong>superius</strong></span> <span class='ocrx_word' id='word_1_427' title='bbox 2526 2701 2725 2757; x_wconf 87' lang='lat' dir='ltr'><strong>dicitur</strong></span> <span class='ocrx_word' id='word_1_428' title='bbox 2773 2719 2787 2758; x_wconf 88' lang='lat'><strong>:</strong></span> <span class='ocrx_word' id='word_1_429' title='bbox 2835 2702 3003 2769; x_wconf 84' lang='lat' dir='ltr'><strong>State,</strong></span> <span class='ocrx_word' id='word_1_430' title='bbox 3030 2712 3077 2757; x_wconf 85' lang='lat' dir='ltr'><strong>et</strong></span> <span class='ocrx_word' id='word_1_431' title='bbox 3109 2703 3267 2758; x_wconf 85' lang='lat' dir='ltr'><strong>nolite</strong></span> <span class='ocrx_word' id='word_1_432' title='bbox 3291 2719 3499 2758; x_wconf 80' lang='lat' dir='ltr'><strong>rursum</strong></span> <span class='ocrx_word' id='word_1_433' title='bbox 3514 2707 3648 2778; x_wconf 86' lang='lat' dir='ltr'><strong>jugo</strong></span> <span class='ocrx_word' id='word_1_434' title='bbox 3677 2706 3839 2760; x_wconf 87' lang='lat' dir='ltr'><strong>servi-</strong></span> 
     </span>
    </p>
   </div>
   <div class='ocr_carea' id='block_1_57' title="bbox 2237 2793 3836 2869">
    <p class='ocr_par' dir='ltr' id='par_1_57' title="bbox 2237 2793 3836 2869">
     <span class='ocr_line' id='line_1_57' title="bbox 2237 2793 3836 2869; baseline 0.003 -20"><span class='ocrx_word' id='word_1_435' title='bbox 2237 2795 2361 2849; x_wconf 88' lang='lat' dir='ltr'><strong>tutis</strong></span> <span class='ocrx_word' id='word_1_436' title='bbox 2390 2793 2606 2863; x_wconf 84' lang='lat' dir='ltr'><strong>hterere)</strong></span> <span class='ocrx_word' id='word_1_437' title='bbox 2639 2796 2800 2850; x_wconf 88' lang='lat' dir='ltr'><strong>etiam</strong></span> <span class='ocrx_word' id='word_1_438' title='bbox 2834 2810 2978 2851; x_wconf 91' lang='lat' dir='ltr'><strong>nunc</strong></span> <span class='ocrx_word' id='word_1_439' title='bbox 3022 2795 3251 2866; x_wconf 89' lang='lat' dir='ltr'><strong>moncri,</strong></span> <span class='ocrx_word' id='word_1_440' title='bbox 3285 2804 3345 2851; x_wconf 90' lang='lat' dir='ltr'><strong>ut</strong></span> <span class='ocrx_word' id='word_1_441' title='bbox 3372 2795 3490 2852; x_wconf 83' lang='lat' dir='ltr'><strong>leve</strong></span> <span class='ocrx_word' id='word_1_442' title='bbox 3517 2795 3720 2852; x_wconf 87' lang='lat' dir='ltr'><strong>Christi</strong></span> <span class='ocrx_word' id='word_1_443' title='bbox 3746 2797 3836 2869; x_wconf 89' lang='lat' dir='ltr'><strong>ju-</strong></span> 
     </span>
    </p>
   </div>
   <div class='ocr_carea' id='block_1_58' title="bbox 2237 2886 3835 2958">
    <p class='ocr_par' dir='ltr' id='par_1_58' title="bbox 2237 2886 3835 2958">
     <span class='ocr_line' id='line_1_58' title="bbox 2237 2886 3835 2958; baseline 0.004 -19"><span class='ocrx_word' id='word_1_444' title='bbox 2237 2901 2363 2955; x_wconf 85' lang='lat' dir='ltr'><strong>gum</strong></span> <span class='ocrx_word' id='word_1_445' title='bbox 2407 2895 2463 2941; x_wconf 89' lang='lat' dir='ltr'><strong>et</strong></span> <span class='ocrx_word' id='word_1_446' title='bbox 2501 2886 2841 2942; x_wconf 90' lang='lat' dir='ltr'><strong>delectabilia</strong></span> <span class='ocrx_word' id='word_1_447' title='bbox 2884 2886 3164 2958; x_wconf 88' lang='lat' dir='ltr'><strong>Evangelii</strong></span> <span class='ocrx_word' id='word_1_448' title='bbox 3210 2897 3481 2958; x_wconf 68' lang='lat' dir='ltr'><strong>praecepta</strong></span> <span class='ocrx_word' id='word_1_449' title='bbox 3525 2897 3835 2958; x_wconf 83' lang='lat' dir='ltr'><strong>sectantes,</strong></span> 
     </span>
    </p>
   </div>
   <div class='ocr_carea' id='block_1_59' title="bbox 2239 2977 3835 3050">
    <p class='ocr_par' dir='ltr' id='par_1_59' title="bbox 2239 2977 3835 3050">
     <span class='ocr_line' id='line_1_59' title="bbox 2239 2977 3835 3050; baseline 0.004 -18"><span class='ocrx_word' id='word_1_450' title='bbox 2239 2992 2578 3048; x_wconf 89' lang='lat' dir='ltr'><strong>nequaquam</strong></span> <span class='ocrx_word' id='word_1_451' title='bbox 2623 2987 2810 3048; x_wconf 89' lang='lat' dir='ltr'><strong>putent</strong></span> <span class='ocrx_word' id='word_1_452' title='bbox 2835 2977 2939 3033; x_wconf 90' lang='lat' dir='ltr'><strong>sibi</strong></span> <span class='ocrx_word' id='word_1_453' title='bbox 2979 2978 3146 3034; x_wconf 86' lang='lat' dir='ltr'><strong>licere</strong></span> <span class='ocrx_word' id='word_1_454' title='bbox 3171 3019 3186 3045; x_wconf 98' lang='lat'><strong>,</strong></span> <span class='ocrx_word' id='word_1_455' title='bbox 3216 2986 3276 3034; x_wconf 92' lang='lat' dir='ltr'><strong>ut</strong></span> <span class='ocrx_word' id='word_1_456' title='bbox 3303 2981 3404 3036; x_wconf 88' lang='lat' dir='ltr'><strong>hac</strong></span> <span class='ocrx_word' id='word_1_457' title='bbox 3431 2979 3547 3050; x_wconf 90' lang='lat' dir='ltr'><strong>ipsa</strong></span> <span class='ocrx_word' id='word_1_458' title='bbox 3580 2981 3835 3038; x_wconf 87' lang='lat' dir='ltr'><strong>libertate</strong></span> 
     </span>
    </p>
   </div>
   <div class='ocr_carea' id='block_1_60' title="bbox 2237 3069 3837 3144">
    <p class='ocr_par' dir='ltr' id='par_1_60' title="bbox 2237 3069 3837 3144">
     <span class='ocr_line' id='line_1_60' title="bbox 2237 3069 3837 3144; baseline 0.004 -20"><span class='ocrx_word' id='word_1_459' title='bbox 2237 3069 2475 3139; x_wconf 89' lang='lat' dir='ltr'><strong>vivendi,</strong></span> <span class='ocrx_word' id='word_1_460' title='bbox 2503 3071 2557 3124; x_wconf 90' lang='lat' dir='ltr'><strong>in</strong></span> <span class='ocrx_word' id='word_1_461' title='bbox 2579 3072 2866 3126; x_wconf 89' lang='lat' dir='ltr'><strong>occasione</strong></span> <span class='ocrx_word' id='word_1_462' title='bbox 2887 3070 3069 3127; x_wconf 90' lang='lat' dir='ltr'><strong>carnis</strong></span> <span class='ocrx_word' id='word_1_463' title='bbox 3091 3079 3312 3126; x_wconf 90' lang='lat' dir='ltr'><strong>utantur</strong></span> <span class='ocrx_word' id='word_1_464' title='bbox 3335 3088 3349 3126; x_wconf 90' lang='lat'>:</span> <span class='ocrx_word' id='word_1_465' title='bbox 3375 3071 3589 3129; x_wconf 90' lang='lat' dir='ltr'><strong>scilicet</strong></span> <span class='ocrx_word' id='word_1_466' title='bbox 3610 3083 3668 3128; x_wconf 94' lang='lat' dir='ltr'><strong>ut</strong></span> <span class='ocrx_word' id='word_1_467' title='bbox 3681 3075 3837 3144; x_wconf 80' lang='lat' dir='ltr'><strong>juxta</strong></span> 
     </span>
    </p>
   </div>
   <div class='ocr_carea' id='block_1_61' title="bbox 2238 3165 3836 3236">
    <p class='ocr_par' dir='ltr' id='par_1_61' title="bbox 2238 3165 3836 3236">
     <span class='ocr_line' id='line_1_61' title="bbox 2238 3165 3836 3236; baseline 0.005 -19"><span class='ocrx_word' id='word_1_468' title='bbox 2238 3179 2460 3219; x_wconf 89' lang='lat' dir='ltr'><strong>carnem</strong></span> <span class='ocrx_word' id='word_1_469' title='bbox 2501 3165 2704 3230; x_wconf 88' lang='lat' dir='ltr'><strong>vivant,</strong></span> <span class='ocrx_word' id='word_1_470' title='bbox 2742 3165 2896 3236; x_wconf 82' lang='lat' dir='ltr'><strong>juxta</strong></span> <span class='ocrx_word' id='word_1_471' title='bbox 2941 3181 3161 3222; x_wconf 90' lang='lat' dir='ltr'><strong>carnem</strong></span> <span class='ocrx_word' id='word_1_472' title='bbox 3202 3167 3662 3224; x_wconf 91' lang='lat' dir='ltr'><strong>circumcidantur</strong></span> <span class='ocrx_word' id='word_1_473' title='bbox 3691 3184 3706 3227; x_wconf 86' lang='lat'><strong>:</strong></span> <span class='ocrx_word' id='word_1_474' title='bbox 3739 3169 3836 3225; x_wconf 89' lang='lat' dir='ltr'><strong>sed</strong></span> 
     </span>
    </p>
   </div>
   <div class='ocr_carea' id='block_1_62' title="bbox 534 3246 3839 3333">
    <p class='ocr_par' dir='ltr' id='par_1_62' title="bbox 534 3246 3839 3333">
     <span class='ocr_line' id='line_1_62' title="bbox 534 3246 3839 3333; baseline 0.002 -21"><span class='ocrx_word' id='word_1_475' title='bbox 534 3274 691 3329; x_wconf 86' lang='lat' dir='ltr'><strong>quam</strong></span> <span class='ocrx_word' id='word_1_476' title='bbox 730 3260 1015 3314; x_wconf 85' lang='lat' dir='ltr'><strong>retribuisti</strong></span> <span class='ocrx_word' id='word_1_477' title='bbox 1056 3263 1222 3316; x_wconf 88' lang='lat' dir='ltr'><strong>nobis.</strong></span> <span class='ocrx_word' id='word_1_478' title='bbox 1270 3260 1460 3316; x_wconf 87' lang='lat' dir='ltr'><strong>Beatus</strong></span> <span class='ocrx_word' id='word_1_479' title='bbox 1499 3263 1588 3333; x_wconf 87' lang='lat' dir='ltr'><strong>qui</strong></span> <span class='ocrx_word' id='word_1_480' title='bbox 1628 3263 1836 3331; x_wconf 84' lang='lat' dir='ltr'><strong>tenebit,</strong></span> <span class='ocrx_word' id='word_1_481' title='bbox 1879 3272 1926 3317; x_wconf 90' lang='lat' dir='ltr'><strong>et</strong></span> <span class='ocrx_word' id='word_1_482' title='bbox 1957 3261 2139 3318; x_wconf 87' lang='lat' dir='ltr'><strong>allidet</strong></span> <span class='ocrx_word' id='word_1_483' title='bbox 2163 3246 2211 3311; x_wconf 82' lang='lat' dir='ltr'><strong>C</strong></span> <span class='ocrx_word' id='word_1_484' title='bbox 2241 3257 2437 3326; x_wconf 74' lang='lat' dir='ltr'><strong>Spirilu</strong></span> <span class='ocrx_word' id='word_1_485' title='bbox 2463 3257 2631 3327; x_wconf 74' lang='lat' dir='ltr'><strong>magis</strong></span> <span class='ocrx_word' id='word_1_486' title='bbox 2657 3266 2822 3325; x_wconf 80' lang='lat' dir='ltr'><strong>Slenl,</strong></span> <span class='ocrx_word' id='word_1_487' title='bbox 2851 3257 3043 3327; x_wconf 72' lang='lat' dir='ltr'><strong>Spiritu</strong></span> <span class='ocrx_word' id='word_1_488' title='bbox 3067 3258 3391 3327; x_wconf 56' lang='lat' dir='ltr'><strong>praeputium</strong></span> <span class='ocrx_word' id='word_1_489' title='bbox 3414 3259 3596 3316; x_wconf 82' lang='lat' dir='ltr'><strong>carnis</strong></span> <span class='ocrx_word' id='word_1_490' title='bbox 3622 3261 3839 3316; x_wconf 81' lang='lat' dir='ltr'><strong>abSCin-</strong></span> 
     </span>
    </p>
   </div>
   <div class='ocr_carea' id='block_1_63' title="bbox 533 3352 2137 3426">
    <p class='ocr_par' dir='ltr' id='par_1_63' title="bbox 533 3352 2137 3426">
     <span class='ocr_line' id='line_1_63' title="bbox 533 3352 2137 3426; baseline 0.002 -20"><span class='ocrx_word' id='word_1_491' title='bbox 533 3352 782 3424; x_wconf 84' lang='lat' dir='ltr'><strong>parvulos</strong></span> <span class='ocrx_word' id='word_1_492' title='bbox 823 3365 936 3408; x_wconf 85' lang='lat' dir='ltr'><strong>tuos</strong></span> <span class='ocrx_word' id='word_1_493' title='bbox 975 3354 1043 3408; x_wconf 81' lang='lat' dir='ltr'><strong>ad</strong></span> <span class='ocrx_word' id='word_1_494' title='bbox 1087 3366 1285 3426; x_wconf 88' lang='lat' dir='ltr'><strong>petram</strong></span> <span class='ocrx_word' id='word_1_495' title='bbox 1322 3353 1440 3426; x_wconf 89' lang='lat' dir='ltr'><strong>(Ps.</strong></span> <span class='ocrx_word' id='word_1_496' title='bbox 1484 3370 1705 3421; x_wconf 75' lang='lat' dir='ltr'><strong>cxxxw,</strong></span> <span class='ocrx_word' id='word_1_497' title='bbox 1752 3355 1806 3420; x_wconf 89' lang='lat'><strong>8,</strong></span> <span class='ocrx_word' id='word_1_498' title='bbox 1853 3353 1932 3422; x_wconf 88' lang='lat'><strong>9).</strong></span> <span class='ocrx_word' id='word_1_499' title='bbox 1976 3355 2043 3410; x_wconf 87' lang='lat' dir='ltr'><strong>Et</strong></span> <span class='ocrx_word' id='word_1_500' title='bbox 2071 3372 2137 3410; x_wconf 84' lang='lat' dir='ltr'><strong>ex</strong></span> 
     </span>
    </p>
   </div>
   <div class='ocr_carea' id='block_1_64' title="bbox 535 3443 2136 3515">
    <p class='ocr_par' dir='ltr' id='par_1_64' title="bbox 535 3443 2136 3515">
     <span class='ocr_line' id='line_1_64' title="bbox 535 3443 2136 3515; baseline 0.001 -17"><span class='ocrx_word' id='word_1_501' title='bbox 535 3443 632 3499; x_wconf 89' lang='lat' dir='ltr'><strong>illo</strong></span> <span class='ocrx_word' id='word_1_502' title='bbox 658 3462 671 3496; x_wconf 90' lang='lat'>:</span> <span class='ocrx_word' id='word_1_503' title='bbox 703 3443 772 3500; x_wconf 86' lang='lat' dir='ltr'><strong>In</strong></span> <span class='ocrx_word' id='word_1_504' title='bbox 798 3447 1054 3501; x_wconf 87' lang='lat' dir='ltr'><strong>matutino</strong></span> <span class='ocrx_word' id='word_1_505' title='bbox 1080 3446 1448 3515; x_wconf 79' lang='lat' dir='ltr'><strong>interﬁciebam</strong></span> <span class='ocrx_word' id='word_1_506' title='bbox 1470 3463 1646 3500; x_wconf 84' lang='lat' dir='ltr'><strong>omnes</strong></span> <span class='ocrx_word' id='word_1_507' title='bbox 1667 3455 1965 3514; x_wconf 83' lang='lat' dir='ltr'><strong>peccatores</strong></span> <span class='ocrx_word' id='word_1_508' title='bbox 1987 3456 2136 3500; x_wconf 65' lang='lat' dir='ltr'><strong>terra</strong></span> 
     </span>
    </p>
   </div>
   <div class='ocr_carea' id='block_1_65' title="bbox 536 3536 2136 3611">
    <p class='ocr_par' dir='ltr' id='par_1_65' title="bbox 536 3536 2136 3611">
     <span class='ocr_line' id='line_1_65' title="bbox 536 3536 2136 3611; baseline 0.003 -20"><span class='ocrx_word' id='word_1_509' title='bbox 536 3536 660 3608; x_wconf 87' lang='lat' dir='ltr'><strong>(Ps.</strong></span> <span class='ocrx_word' id='word_1_510' title='bbox 693 3555 746 3607; x_wconf 90' lang='lat' dir='ltr'><strong>c,</strong></span> <span class='ocrx_word' id='word_1_511' title='bbox 777 3537 859 3611; x_wconf 85' lang='lat'><strong>8),</strong></span> <span class='ocrx_word' id='word_1_512' title='bbox 888 3549 944 3595; x_wconf 93' lang='lat' dir='ltr'><strong>et</strong></span> <span class='ocrx_word' id='word_1_513' title='bbox 971 3549 1170 3594; x_wconf 67' lang='lat' dir='ltr'><strong>caetera</strong></span> <span class='ocrx_word' id='word_1_514' title='bbox 1204 3539 1290 3592; x_wconf 91' lang='lat' dir='ltr'><strong>his</strong></span> <span class='ocrx_word' id='word_1_515' title='bbox 1321 3540 1520 3595; x_wconf 89' lang='lat' dir='ltr'><strong>similia</strong></span> <span class='ocrx_word' id='word_1_516' title='bbox 1555 3554 1571 3592; x_wconf 92' lang='lat'>:</span> <span class='ocrx_word' id='word_1_517' title='bbox 1599 3538 1669 3594; x_wconf 91' lang='lat' dir='ltr'><strong>de</strong></span> <span class='ocrx_word' id='word_1_518' title='bbox 1697 3540 2136 3596; x_wconf 89' lang='lat' dir='ltr'><strong>contentionibus</strong></span> 
     </span>
    </p>
   </div>
   <div class='ocr_carea' id='block_1_66' title="bbox 536 3630 2134 3699">
    <p class='ocr_par' dir='ltr' id='par_1_66' title="bbox 536 3630 2134 3699">
     <span class='ocr_line' id='line_1_66' title="bbox 536 3630 2134 3699; baseline 0.001 -13"><span class='ocrx_word' id='word_1_519' title='bbox 536 3631 813 3699; x_wconf 86' lang='lat' dir='ltr'><strong>videlicet,</strong></span> <span class='ocrx_word' id='word_1_520' title='bbox 848 3631 1217 3697; x_wconf 66' lang='lat' dir='ltr'><strong>aemulatione,</strong></span> <span class='ocrx_word' id='word_1_521' title='bbox 1248 3632 1357 3697; x_wconf 88' lang='lat' dir='ltr'><strong>ira,</strong></span> <span class='ocrx_word' id='word_1_522' title='bbox 1386 3631 1540 3698; x_wconf 75' lang='lat' dir='ltr'><strong>rixis,</strong></span> <span class='ocrx_word' id='word_1_523' title='bbox 1572 3630 2025 3686; x_wconf 80' lang='lat' dir='ltr'><strong>dissensionibus.</strong></span> <span class='ocrx_word' id='word_1_524' title='bbox 2051 3633 2134 3688; x_wconf 83' lang='lat' dir='ltr'><strong>Ad</strong></span> 
     </span>
    </p>
   </div>
   <div class='ocr_carea' id='block_1_67' title="bbox 537 3723 2135 3798">
    <p class='ocr_par' dir='ltr' id='par_1_67' title="bbox 537 3723 2135 3798">
     <span class='ocr_line' id='line_1_67' title="bbox 537 3723 2135 3798; baseline 0.002 -18"><span class='ocrx_word' id='word_1_525' title='bbox 537 3740 658 3797; x_wconf 68' lang='lat' dir='ltr'><strong>quae</strong></span> <span class='ocrx_word' id='word_1_526' title='bbox 688 3725 757 3798; x_wconf 89' lang='lat' dir='ltr'><strong>(si</strong></span> <span class='ocrx_word' id='word_1_527' title='bbox 779 3734 804 3762; x_wconf 70' lang='grc' dir='ltr'><strong><em>λ</em></strong></span> <span class='ocrx_word' id='word_1_528' title='bbox 833 3741 939 3779; x_wconf 92' lang='lat' dir='ltr'><strong>non</strong></span> <span class='ocrx_word' id='word_1_529' title='bbox 964 3725 1124 3778; x_wconf 89' lang='lat' dir='ltr'><strong>altius</strong></span> <span class='ocrx_word' id='word_1_530' title='bbox 1143 3723 1347 3794; x_wconf 91' lang='lat' dir='ltr'><strong>aliquid</strong></span> <span class='ocrx_word' id='word_1_531' title='bbox 1368 3724 1694 3794; x_wconf 88' lang='lat' dir='ltr'><strong>sentiamus)</strong></span> <span class='ocrx_word' id='word_1_532' title='bbox 1722 3734 2014 3794; x_wconf 87' lang='lat' dir='ltr'><strong>provocant</strong></span> <span class='ocrx_word' id='word_1_533' title='bbox 2036 3741 2135 3784; x_wconf 91' lang='lat' dir='ltr'><strong>nos</strong></span> 
     </span>
    </p>
   </div>
   <div class='ocr_carea' id='block_1_68' title="bbox 535 3816 2133 3890">
    <p class='ocr_par' dir='ltr' id='par_1_68' title="bbox 535 3816 2133 3890">
     <span class='ocr_line' id='line_1_68' title="bbox 535 3816 2133 3890; baseline -0.001 -16"><span class='ocrx_word' id='word_1_534' title='bbox 535 3820 713 3890; x_wconf 88' lang='lat' dir='ltr'><strong>magis</strong></span> <span class='ocrx_word' id='word_1_535' title='bbox 748 3819 990 3874; x_wconf 65' lang='lat' dir='ltr'><strong>historiae</strong></span> <span class='ocrx_word' id='word_1_536' title='bbox 1027 3818 1297 3888; x_wconf 86' lang='lat' dir='ltr'><strong>exempla,</strong></span> <span class='ocrx_word' id='word_1_537' title='bbox 1335 3833 1498 3888; x_wconf 89' lang='lat' dir='ltr'><strong>quam</strong></span> <span class='ocrx_word' id='word_1_538' title='bbox 1536 3816 1846 3888; x_wconf 87' lang='lat' dir='ltr'><strong>prohibent.</strong></span> <span class='ocrx_word' id='word_1_539' title='bbox 1881 3817 2133 3875; x_wconf 67' lang='lat' dir='ltr'><strong>Hareses</strong></span> 
     </span>
    </p>
   </div>
   <div class='ocr_carea' id='block_1_69' title="bbox 540 3909 2131 3982">
    <p class='ocr_par' dir='ltr' id='par_1_69' title="bbox 540 3909 2131 3982">
     <span class='ocr_line' id='line_1_69' title="bbox 540 3909 2131 3982; baseline 0 -15"><span class='ocrx_word' id='word_1_540' title='bbox 540 3927 758 3982; x_wconf 90' lang='lat' dir='ltr'><strong>quoque</strong></span> <span class='ocrx_word' id='word_1_541' title='bbox 803 3912 977 3982; x_wconf 89' lang='lat' dir='ltr'><strong>magis</strong></span> <span class='ocrx_word' id='word_1_542' title='bbox 1022 3912 1088 3966; x_wconf 89' lang='lat' dir='ltr'><strong>de</strong></span> <span class='ocrx_word' id='word_1_543' title='bbox 1133 3911 1336 3966; x_wconf 89' lang='lat' dir='ltr'><strong>carnali</strong></span> <span class='ocrx_word' id='word_1_544' title='bbox 1379 3909 1675 3981; x_wconf 74' lang='lat' dir='ltr'><strong>Scriptum</strong></span> <span class='ocrx_word' id='word_1_545' title='bbox 1731 3911 2081 3982; x_wconf 86' lang='lat' dir='ltr'><strong>intelligentia</strong></span> <span class='ocrx_word' id='word_1_546' title='bbox 2116 3955 2131 3980; x_wconf 94' lang='lat'><strong>,</strong></span> 
     </span>
    </p>
   </div>
   <div class='ocr_carea' id='block_1_70' title="bbox 537 4004 2126 4078">
    <p class='ocr_par' dir='ltr' id='par_1_70' title="bbox 537 4004 2126 4078">
     <span class='ocr_line' id='line_1_70' title="bbox 537 4004 2126 4078; baseline 0.001 -17"><span class='ocrx_word' id='word_1_547' title='bbox 537 4020 700 4078; x_wconf 90' lang='lat' dir='ltr'><strong>quam</strong></span> <span class='ocrx_word' id='word_1_548' title='bbox 730 4004 799 4060; x_wconf 91' lang='lat' dir='ltr'><strong>de</strong></span> <span class='ocrx_word' id='word_1_549' title='bbox 836 4020 1000 4077; x_wconf 90' lang='lat' dir='ltr'><strong>opere</strong></span> <span class='ocrx_word' id='word_1_550' title='bbox 1026 4005 1205 4061; x_wconf 89' lang='lat' dir='ltr'><strong>carnis</strong></span> <span class='ocrx_word' id='word_1_551' title='bbox 1236 4013 1459 4072; x_wconf 65' lang='lat' dir='ltr'><strong>nostrae,</strong></span> <span class='ocrx_word' id='word_1_552' title='bbox 1493 4015 1551 4061; x_wconf 92' lang='lat' dir='ltr'><strong>ut</strong></span> <span class='ocrx_word' id='word_1_553' title='bbox 1580 4005 1801 4075; x_wconf 90' lang='lat' dir='ltr'><strong>plurimi</strong></span> <span class='ocrx_word' id='word_1_554' title='bbox 1833 4007 2126 4076; x_wconf 59' lang='lat' dir='ltr'><strong>aestimant,</strong></span> 
     </span>
    </p>
   </div>
   <div class='ocr_carea' id='block_1_71' title="bbox 535 4095 2128 4167">
    <p class='ocr_par' dir='ltr' id='par_1_71' title="bbox 535 4095 2128 4167">
     <span class='ocr_line' id='line_1_71' title="bbox 535 4095 2128 4167; baseline 0 -13"><span class='ocrx_word' id='word_1_555' title='bbox 535 4097 919 4154; x_wconf 88' lang='lat' dir='ltr'><strong>substiterunt.</strong></span> <span class='ocrx_word' id='word_1_556' title='bbox 949 4095 1173 4152; x_wconf 83' lang='lat' dir='ltr'><strong>Necnon</strong></span> <span class='ocrx_word' id='word_1_557' title='bbox 1207 4095 1465 4151; x_wconf 87' lang='lat' dir='ltr'><strong>invidiam</strong></span> <span class='ocrx_word' id='word_1_558' title='bbox 1495 4106 1550 4152; x_wconf 92' lang='lat' dir='ltr'><strong>et</strong></span> <span class='ocrx_word' id='word_1_559' title='bbox 1586 4097 1878 4153; x_wconf 84' lang='lat' dir='ltr'><strong>ebrietates</strong></span> <span class='ocrx_word' id='word_1_560' title='bbox 1905 4112 2002 4167; x_wconf 91' lang='lat' dir='ltr'><strong>per</strong></span> <span class='ocrx_word' id='word_1_561' title='bbox 2027 4097 2128 4154; x_wconf 83' lang='lat' dir='ltr'><strong>Le-</strong></span> 
     </span>
    </p>
   </div>
   <div class='ocr_carea' id='block_1_72' title="bbox 540 4187 2130 4262">
    <p class='ocr_par' dir='ltr' id='par_1_72' title="bbox 540 4187 2130 4262">
     <span class='ocr_line' id='line_1_72' title="bbox 540 4187 2130 4262; baseline -0.001 -16"><span class='ocrx_word' id='word_1_562' title='bbox 540 4191 624 4262; x_wconf 86' lang='lat' dir='ltr'><strong>gis</strong></span> <span class='ocrx_word' id='word_1_563' title='bbox 651 4190 885 4245; x_wconf 88' lang='lat' dir='ltr'><strong>litteram</strong></span> <span class='ocrx_word' id='word_1_564' title='bbox 918 4188 1201 4245; x_wconf 88' lang='lat' dir='ltr'><strong>discimus.</strong></span> <span class='ocrx_word' id='word_1_565' title='bbox 1226 4187 1531 4246; x_wconf 84' lang='lat' dir='ltr'><strong>Inebriatur</strong></span> <span class='ocrx_word' id='word_1_566' title='bbox 1559 4189 1674 4246; x_wconf 84' lang='lat' dir='ltr'><strong>Noe</strong></span> <span class='ocrx_word' id='word_1_567' title='bbox 1705 4201 1823 4261; x_wconf 91' lang='lat' dir='ltr'><strong>post</strong></span> <span class='ocrx_word' id='word_1_568' title='bbox 1848 4189 2130 4260; x_wconf 90' lang='lat' dir='ltr'><strong>diluvium,</strong></span> 
     </span>
    </p>
   </div>
   <div class='ocr_carea' id='block_1_73' title="bbox 535 4281 2129 4356">
    <p class='ocr_par' dir='ltr' id='par_1_73' title="bbox 535 4281 2129 4356">
     <span class='ocr_line' id='line_1_73' title="bbox 535 4281 2129 4356; baseline 0.003 -22"><span class='ocrx_word' id='word_1_569' title='bbox 535 4295 590 4341; x_wconf 77' lang='grc' dir='ltr'>ιι</span> <span class='ocrx_word' id='word_1_570' title='bbox 618 4285 938 4356; x_wconf 65' lang='lat' dir='ltr'><strong>patriarcha:</strong></span> <span class='ocrx_word' id='word_1_571' title='bbox 981 4283 1122 4353; x_wconf 90' lang='lat' dir='ltr'><strong>apud</strong></span> <span class='ocrx_word' id='word_1_572' title='bbox 1149 4281 1374 4340; x_wconf 85' lang='lat' dir='ltr'><strong>fratrem</strong></span> <span class='ocrx_word' id='word_1_573' title='bbox 1401 4283 1606 4355; x_wconf 70' lang='lat' dir='ltr'><strong>Ioseph</strong></span> <span class='ocrx_word' id='word_1_574' title='bbox 1636 4285 1688 4340; x_wconf 92' lang='lat' dir='ltr'><strong>in</strong></span> <span class='ocrx_word' id='word_1_575' title='bbox 1713 4284 1949 4356; x_wconf 65' lang='lat' dir='ltr'><strong>IEgypto</strong></span> <span class='ocrx_word' id='word_1_576' title='bbox 1972 4284 2129 4354; x_wconf 81' lang='lat' dir='ltr'><strong>(Gen.</strong></span> 
     </span>
    </p>
   </div>
   <div class='ocr_carea' id='block_1_74' title="bbox 538 4375 2133 4449">
    <p class='ocr_par' dir='ltr' id='par_1_74' title="bbox 538 4375 2133 4449">
     <span class='ocr_line' id='line_1_74' title="bbox 538 4375 2133 4449; baseline 0.001 -16"><span class='ocrx_word' id='word_1_577' title='bbox 538 4393 591 4433; x_wconf 76' lang='grc' dir='ltr'><strong>ιιι</strong></span> <span class='ocrx_word' id='word_1_578' title='bbox 617 4385 668 4433; x_wconf 88' lang='lat' dir='ltr'><strong>et</strong></span> <span class='ocrx_word' id='word_1_579' title='bbox 697 4377 869 4448; x_wconf 82' lang='lat' dir='ltr'><strong>xuu).</strong></span> <span class='ocrx_word' id='word_1_580' title='bbox 903 4375 1009 4434; x_wconf 87' lang='lat' dir='ltr'><strong>Sed</strong></span> <span class='ocrx_word' id='word_1_581' title='bbox 1029 4383 1085 4432; x_wconf 93' lang='lat' dir='ltr'><strong>et</strong></span> <span class='ocrx_word' id='word_1_582' title='bbox 1105 4377 1537 4435; x_wconf 88' lang='lat' dir='ltr'><strong>comessationes</strong></span> <span class='ocrx_word' id='word_1_583' title='bbox 1565 4379 1617 4432; x_wconf 91' lang='lat' dir='ltr'><strong>in</strong></span> <span class='ocrx_word' id='word_1_584' title='bbox 1653 4377 1960 4449; x_wconf 82' lang='lat' dir='ltr'><strong>Regnorum</strong></span> <span class='ocrx_word' id='word_1_585' title='bbox 1992 4378 2133 4434; x_wconf 92' lang='lat' dir='ltr'><strong>libro</strong></span> 
     </span>
    </p>
   </div>
   <div class='ocr_carea' id='block_1_75' title="bbox 537 4468 2134 4544">
    <p class='ocr_par' dir='ltr' id='par_1_75' title="bbox 537 4468 2134 4544">
     <span class='ocr_line' id='line_1_75' title="bbox 537 4468 2134 4544; baseline 0.004 -21"><span class='ocrx_word' id='word_1_586' title='bbox 537 4469 754 4539; x_wconf 66' lang='lat' dir='ltr'><strong>scriptae</strong></span> <span class='ocrx_word' id='word_1_587' title='bbox 776 4478 930 4535; x_wconf 91' lang='lat' dir='ltr'><strong>sunt;</strong></span> <span class='ocrx_word' id='word_1_588' title='bbox 955 4469 1186 4525; x_wconf 90' lang='lat' dir='ltr'><strong>saltante</strong></span> <span class='ocrx_word' id='word_1_589' title='bbox 1215 4468 1376 4525; x_wconf 86' lang='lat' dir='ltr'><strong>David</strong></span> <span class='ocrx_word' id='word_1_590' title='bbox 1401 4481 1457 4527; x_wconf 89' lang='lat' dir='ltr'><strong>et</strong></span> <span class='ocrx_word' id='word_1_591' title='bbox 1479 4481 1842 4543; x_wconf 87' lang='lat' dir='ltr'><strong>concrepante</strong></span> <span class='ocrx_word' id='word_1_592' title='bbox 1863 4473 2134 4544; x_wconf 87' lang='lat' dir='ltr'><strong>tympanis</strong></span> 
     </span>
    </p>
   </div>
   <div class='ocr_carea' id='block_1_76' title="bbox 534 4558 2128 4635">
    <p class='ocr_par' dir='ltr' id='par_1_76' title="bbox 534 4558 2128 4635">
     <span class='ocr_line' id='line_1_76' title="bbox 534 4558 2128 4635; baseline 0 -19"><span class='ocrx_word' id='word_1_593' title='bbox 534 4575 719 4616; x_wconf 91' lang='lat' dir='ltr'><strong>coram</strong></span> <span class='ocrx_word' id='word_1_594' title='bbox 759 4558 897 4615; x_wconf 85' lang='lat' dir='ltr'><strong>Arca</strong></span> <span class='ocrx_word' id='word_1_595' title='bbox 928 4560 1236 4615; x_wconf 85' lang='lat' dir='ltr'><strong>testamenti</strong></span> <span class='ocrx_word' id='word_1_596' title='bbox 1264 4560 1359 4616; x_wconf 88' lang='lat' dir='ltr'><strong>Dei</strong></span> <span class='ocrx_word' id='word_1_597' title='bbox 1389 4561 1445 4634; x_wconf 91' lang='grc' dir='ltr'><strong>(Ι</strong></span> <span class='ocrx_word' id='word_1_598' title='bbox 1480 4560 1609 4634; x_wconf 78' lang='lat' dir='ltr'><strong>Reg.</strong></span> <span class='ocrx_word' id='word_1_599' title='bbox 1637 4561 1737 4635; x_wconf 68' lang='grc' dir='ltr'><strong>γι),</strong></span> <span class='ocrx_word' id='word_1_600' title='bbox 1769 4571 1823 4618; x_wconf 91' lang='lat' dir='ltr'><strong>et</strong></span> <span class='ocrx_word' id='word_1_601' title='bbox 1849 4561 1936 4618; x_wconf 88' lang='lat' dir='ltr'><strong>his</strong></span> <span class='ocrx_word' id='word_1_602' title='bbox 1977 4564 2128 4617; x_wconf 63' lang='lat' dir='ltr'><strong>simi.</strong></span> 
     </span>
    </p>
   </div>
   <div class='ocr_carea' id='block_1_77' title="bbox 2240 3349 3837 3420">
    <p class='ocr_par' dir='ltr' id='par_1_77' title="bbox 2240 3349 3837 3420">
     <span class='ocr_line' id='line_1_77' title="bbox 2240 3349 3837 3420; baseline 0.006 -17"><span class='ocrx_word' id='word_1_603' title='bbox 2240 3349 2390 3416; x_wconf 83' lang='lat' dir='ltr'><strong>dant,</strong></span> <span class='ocrx_word' id='word_1_604' title='bbox 2433 3358 2488 3404; x_wconf 87' lang='lat' dir='ltr'><strong>et</strong></span> <span class='ocrx_word' id='word_1_605' title='bbox 2528 3351 2595 3404; x_wconf 87' lang='lat' dir='ltr'><strong>ad</strong></span> <span class='ocrx_word' id='word_1_606' title='bbox 2636 3351 2863 3420; x_wconf 90' lang='lat' dir='ltr'><strong>spiritus</strong></span> <span class='ocrx_word' id='word_1_607' title='bbox 2897 3351 3092 3407; x_wconf 90' lang='lat' dir='ltr'><strong>altiora</strong></span> <span class='ocrx_word' id='word_1_608' title='bbox 3136 3353 3442 3419; x_wconf 89' lang='lat' dir='ltr'><strong>tendentes,</strong></span> <span class='ocrx_word' id='word_1_609' title='bbox 3473 3353 3837 3412; x_wconf 88' lang='lat' dir='ltr'><strong>humilitatem</strong></span> 
     </span>
    </p>
   </div>
   <div class='ocr_carea' id='block_1_78' title="bbox 2237 3440 3832 3520">
    <p class='ocr_par' dir='ltr' id='par_1_78' title="bbox 2237 3440 3832 3520">
     <span class='ocr_line' id='line_1_78' title="bbox 2237 3440 3832 3520; baseline 0.006 -26"><span class='ocrx_word' id='word_1_610' title='bbox 2237 3440 2434 3496; x_wconf 78' lang='lat' dir='ltr'><strong>littera:</strong></span> <span class='ocrx_word' id='word_1_611' title='bbox 2458 3441 2857 3512; x_wconf 90' lang='lat' dir='ltr'><strong>derelinquant.</strong></span> <span class='ocrx_word' id='word_1_612' title='bbox 2893 3442 3079 3500; x_wconf 89' lang='lat' dir='ltr'><strong>Potest</strong></span> <span class='ocrx_word' id='word_1_613' title='bbox 3107 3453 3288 3501; x_wconf 89' lang='lat' dir='ltr'><strong>autem</strong></span> <span class='ocrx_word' id='word_1_614' title='bbox 3312 3455 3366 3502; x_wconf 91' lang='lat' dir='ltr'><strong>et</strong></span> <span class='ocrx_word' id='word_1_615' title='bbox 3387 3447 3552 3504; x_wconf 88' lang='lat' dir='ltr'><strong>aliter</strong></span> <span class='ocrx_word' id='word_1_616' title='bbox 3577 3447 3832 3520; x_wconf 84' lang='lat' dir='ltr'><strong>intelligi.</strong></span> 
     </span>
    </p>
   </div>
   <div class='ocr_carea' id='block_1_79' title="bbox 2239 3532 3834 3614">
    <p class='ocr_par' dir='ltr' id='par_1_79' title="bbox 2239 3532 3834 3614">
     <span class='ocr_line' id='line_1_79' title="bbox 2239 3532 3834 3614; baseline 0.008 -28"><span class='ocrx_word' id='word_1_617' title='bbox 2239 3532 2422 3589; x_wconf 85' lang='lat' dir='ltr'><strong>Discat</strong></span> <span class='ocrx_word' id='word_1_618' title='bbox 2441 3533 2708 3604; x_wconf 85' lang='lat' dir='ltr'><strong>quispiam</strong></span> <span class='ocrx_word' id='word_1_619' title='bbox 2733 3552 2746 3589; x_wconf 93' lang='lat'>:</span> <span class='ocrx_word' id='word_1_620' title='bbox 2777 3535 2832 3591; x_wconf 93' lang='lat' dir='ltr'><strong>Si</strong></span> <span class='ocrx_word' id='word_1_621' title='bbox 2866 3539 3102 3603; x_wconf 88' lang='lat' dir='ltr'><strong>cessavi,</strong></span> <span class='ocrx_word' id='word_1_622' title='bbox 3125 3553 3158 3594; x_wconf 93' lang='lat' dir='ltr'><strong>o</strong></span> <span class='ocrx_word' id='word_1_623' title='bbox 3181 3539 3368 3607; x_wconf 87' lang='lat' dir='ltr'><strong>Paule,</strong></span> <span class='ocrx_word' id='word_1_624' title='bbox 3393 3556 3518 3598; x_wconf 80' lang='lat' dir='ltr'><strong>esse</strong></span> <span class='ocrx_word' id='word_1_625' title='bbox 3539 3543 3641 3599; x_wconf 86' lang='lat' dir='ltr'><strong>sub</strong></span> <span class='ocrx_word' id='word_1_626' title='bbox 3663 3542 3834 3614; x_wconf 85' lang='lat' dir='ltr'><strong>Lege,</strong></span> 
     </span>
    </p>
   </div>
   <div class='ocr_carea' id='block_1_80' title="bbox 2236 3623 3841 3704">
    <p class='ocr_par' dir='ltr' id='par_1_80' title="bbox 2236 3623 3841 3704">
     <span class='ocr_line' id='line_1_80' title="bbox 2236 3623 3841 3704; baseline 0.007 -26"><span class='ocrx_word' id='word_1_627' title='bbox 2236 3630 2292 3678; x_wconf 91' lang='lat' dir='ltr'><strong>et</strong></span> <span class='ocrx_word' id='word_1_628' title='bbox 2325 3623 2394 3679; x_wconf 90' lang='lat' dir='ltr'><strong>de</strong></span> <span class='ocrx_word' id='word_1_629' title='bbox 2421 3626 2682 3680; x_wconf 87' lang='lat' dir='ltr'><strong>servitute</strong></span> <span class='ocrx_word' id='word_1_630' title='bbox 2713 3624 2876 3698; x_wconf 58' lang='lat'><strong>497</strong></span> <span class='ocrx_word' id='word_1_631' title='bbox 2919 3627 3223 3685; x_wconf 88' lang='lat' dir='ltr'><strong>libertatem</strong></span> <span class='ocrx_word' id='word_1_632' title='bbox 3254 3643 3477 3688; x_wconf 88' lang='lat' dir='ltr'><strong>vocatus</strong></span> <span class='ocrx_word' id='word_1_633' title='bbox 3505 3648 3625 3688; x_wconf 90' lang='lat' dir='ltr'><strong>sum</strong></span> <span class='ocrx_word' id='word_1_634' title='bbox 3659 3649 3674 3690; x_wconf 91' lang='lat'><strong>:</strong></span> <span class='ocrx_word' id='word_1_635' title='bbox 3704 3647 3841 3704; x_wconf 85' lang='lat' dir='ltr'><strong>ergo</strong></span> 
     </span>
    </p>
   </div>
   <div class='ocr_carea' id='block_1_81' title="bbox 2234 3713 3835 3796">
    <p class='ocr_par' dir='ltr' id='par_1_81' title="bbox 2234 3713 3835 3796">
     <span class='ocr_line' id='line_1_81' title="bbox 2234 3713 3835 3796; baseline 0.007 -28"><span class='ocrx_word' id='word_1_636' title='bbox 2234 3713 2414 3770; x_wconf 91' lang='lat' dir='ltr'><strong>debeo</strong></span> <span class='ocrx_word' id='word_1_637' title='bbox 2455 3716 2527 3771; x_wconf 91' lang='lat' dir='ltr'><strong>ita</strong></span> <span class='ocrx_word' id='word_1_638' title='bbox 2570 3717 2754 3774; x_wconf 88' lang='lat' dir='ltr'><strong>vivere</strong></span> <span class='ocrx_word' id='word_1_639' title='bbox 2793 3727 2853 3774; x_wconf 89' lang='lat' dir='ltr'><strong>ut</strong></span> <span class='ocrx_word' id='word_1_640' title='bbox 2893 3722 3151 3777; x_wconf 89' lang='lat' dir='ltr'><strong>convenit</strong></span> <span class='ocrx_word' id='word_1_641' title='bbox 3196 3724 3459 3791; x_wconf 87' lang='lat' dir='ltr'><strong>libertati,</strong></span> <span class='ocrx_word' id='word_1_642' title='bbox 3503 3739 3607 3781; x_wconf 90' lang='lat' dir='ltr'><strong>nec</strong></span> <span class='ocrx_word' id='word_1_643' title='bbox 3635 3725 3835 3796; x_wconf 83' lang='lat' dir='ltr'><strong>aliqui-</strong></span> 
     </span>
    </p>
   </div>
   <div class='ocr_carea' id='block_1_82' title="bbox 2234 3808 3835 3891">
    <p class='ocr_par' dir='ltr' id='par_1_82' title="bbox 2234 3808 3835 3891">
     <span class='ocr_line' id='line_1_82' title="bbox 2234 3808 3835 3891; baseline 0.007 -27"><span class='ocrx_word' id='word_1_644' title='bbox 2234 3808 2334 3864; x_wconf 88' lang='lat' dir='ltr'><strong>bus</strong></span> <span class='ocrx_word' id='word_1_645' title='bbox 2384 3811 2676 3879; x_wconf 73' lang='lat' dir='ltr'><strong>przeceptis</strong></span> <span class='ocrx_word' id='word_1_646' title='bbox 2728 3813 2923 3884; x_wconf 87' lang='lat' dir='ltr'><strong>teneri,</strong></span> <span class='ocrx_word' id='word_1_647' title='bbox 2977 3815 3073 3870; x_wconf 88' lang='lat' dir='ltr'><strong>sed</strong></span> <span class='ocrx_word' id='word_1_648' title='bbox 3126 3816 3511 3887; x_wconf 83' lang='lat' dir='ltr'><strong>quodcumque</strong></span> <span class='ocrx_word' id='word_1_649' title='bbox 3541 3820 3835 3891; x_wconf 88' lang='lat' dir='ltr'><strong>placuerit,</strong></span> 
     </span>
    </p>
   </div>
   <div class='ocr_carea' id='block_1_83' title="bbox 2235 3901 3840 3977">
    <p class='ocr_par' dir='ltr' id='par_1_83' title="bbox 2235 3901 3840 3977">
     <span class='ocr_line' id='line_1_83' title="bbox 2235 3901 3840 3977; baseline 0.007 -20"><span class='ocrx_word' id='word_1_650' title='bbox 2235 3910 2290 3957; x_wconf 90' lang='lat' dir='ltr'><strong>et</strong></span> <span class='ocrx_word' id='word_1_651' title='bbox 2319 3901 2571 3958; x_wconf 90' lang='lat' dir='ltr'><strong>voluntas</strong></span> <span class='ocrx_word' id='word_1_652' title='bbox 2601 3905 2959 3975; x_wconf 72' lang='lat' dir='ltr'><strong>suggesserit,</strong></span> <span class='ocrx_word' id='word_1_653' title='bbox 2985 3905 3087 3961; x_wconf 91' lang='lat' dir='ltr'><strong>hoc</strong></span> <span class='ocrx_word' id='word_1_654' title='bbox 3119 3907 3299 3963; x_wconf 76' lang='lat' dir='ltr'><strong>facere</strong></span> <span class='ocrx_word' id='word_1_655' title='bbox 3331 3908 3580 3977; x_wconf 92' lang='lat' dir='ltr'><strong>implere,</strong></span> <span class='ocrx_word' id='word_1_656' title='bbox 3607 3913 3840 3968; x_wconf 89' lang='lat' dir='ltr'><strong>sectari.</strong></span> 
     </span>
    </p>
   </div>
   <div class='ocr_carea' id='block_1_84' title="bbox 2235 3993 3839 4068">
    <p class='ocr_par' dir='ltr' id='par_1_84' title="bbox 2235 3993 3839 4068">
     <span class='ocr_line' id='line_1_84' title="bbox 2235 3993 3839 4068; baseline 0.007 -19"><span class='ocrx_word' id='word_1_657' title='bbox 2235 3993 2317 4049; x_wconf 81' lang='lat' dir='ltr'><strong>Ad</strong></span> <span class='ocrx_word' id='word_1_658' title='bbox 2349 3994 2492 4065; x_wconf 91' lang='lat' dir='ltr'><strong>quod</strong></span> <span class='ocrx_word' id='word_1_659' title='bbox 2520 3996 2805 4065; x_wconf 85' lang='lat' dir='ltr'><strong>respondit</strong></span> <span class='ocrx_word' id='word_1_660' title='bbox 2835 3998 3131 4067; x_wconf 86' lang='lat' dir='ltr'><strong>Apostolus</strong></span> <span class='ocrx_word' id='word_1_661' title='bbox 3166 4017 3180 4054; x_wconf 90' lang='lat'>:</span> <span class='ocrx_word' id='word_1_662' title='bbox 3217 3998 3448 4056; x_wconf 81' lang='lat' dir='ltr'><strong>Vocatos</strong></span> <span class='ocrx_word' id='word_1_663' title='bbox 3475 3998 3698 4068; x_wconf 90' lang='lat' dir='ltr'><strong>quidem</strong></span> <span class='ocrx_word' id='word_1_664' title='bbox 3731 4018 3839 4062; x_wconf 90' lang='lat' dir='ltr'><strong>nos</strong></span> 
     </span>
    </p>
   </div>
   <div class='ocr_carea' id='block_1_85' title="bbox 2235 4090 3838 4168">
    <p class='ocr_par' dir='ltr' id='par_1_85' title="bbox 2235 4090 3838 4168">
     <span class='ocr_line' id='line_1_85' title="bbox 2235 4090 3838 4168; baseline 0.006 -25"><span class='ocrx_word' id='word_1_665' title='bbox 2235 4102 2359 4144; x_wconf 87' lang='lat' dir='ltr'><strong>esse</strong></span> <span class='ocrx_word' id='word_1_666' title='bbox 2390 4090 2442 4144; x_wconf 93' lang='lat' dir='ltr'><strong>in</strong></span> <span class='ocrx_word' id='word_1_667' title='bbox 2473 4090 2698 4160; x_wconf 89' lang='lat' dir='ltr'><strong>spiritus</strong></span> <span class='ocrx_word' id='word_1_668' title='bbox 2728 4091 3032 4146; x_wconf 87' lang='lat' dir='ltr'><strong>libertatem</strong></span> <span class='ocrx_word' id='word_1_669' title='bbox 3067 4109 3078 4144; x_wconf 92' lang='lat'>:</span> <span class='ocrx_word' id='word_1_670' title='bbox 3110 4091 3207 4147; x_wconf 90' lang='lat' dir='ltr'><strong>sed</strong></span> <span class='ocrx_word' id='word_1_671' title='bbox 3241 4092 3338 4160; x_wconf 90' lang='lat' dir='ltr'><strong>ita,</strong></span> <span class='ocrx_word' id='word_1_672' title='bbox 3373 4101 3429 4146; x_wconf 92' lang='lat' dir='ltr'><strong>ut</strong></span> <span class='ocrx_word' id='word_1_673' title='bbox 3458 4092 3687 4149; x_wconf 89' lang='lat' dir='ltr'><strong>libertas</strong></span> <span class='ocrx_word' id='word_1_674' title='bbox 3717 4095 3838 4168; x_wconf 87' lang='lat' dir='ltr'><strong>ipsa</strong></span> 
     </span>
    </p>
   </div>
   <div class='ocr_carea' id='block_1_86' title="bbox 2235 4183 3834 4258">
    <p class='ocr_par' dir='ltr' id='par_1_86' title="bbox 2235 4183 3834 4258">
     <span class='ocr_line' id='line_1_86' title="bbox 2235 4183 3834 4258; baseline 0.005 -20"><span class='ocrx_word' id='word_1_675' title='bbox 2235 4183 2388 4238; x_wconf 84' lang='lat' dir='ltr'><strong>carni</strong></span> <span class='ocrx_word' id='word_1_676' title='bbox 2425 4197 2533 4239; x_wconf 87' lang='lat' dir='ltr'><strong>non</strong></span> <span class='ocrx_word' id='word_1_677' title='bbox 2570 4185 2794 4240; x_wconf 89' lang='lat' dir='ltr'><strong>serviat.</strong></span> <span class='ocrx_word' id='word_1_678' title='bbox 2838 4183 2947 4240; x_wconf 83' lang='lat' dir='ltr'><strong>Nec</strong></span> <span class='ocrx_word' id='word_1_679' title='bbox 2991 4193 3244 4256; x_wconf 91' lang='lat' dir='ltr'><strong>putemus</strong></span> <span class='ocrx_word' id='word_1_680' title='bbox 3283 4186 3407 4258; x_wconf 88' lang='lat' dir='ltr'><strong>quia</strong></span> <span class='ocrx_word' id='word_1_681' title='bbox 3455 4186 3615 4243; x_wconf 90' lang='lat' dir='ltr'><strong>nobis</strong></span> <span class='ocrx_word' id='word_1_682' title='bbox 3643 4191 3834 4247; x_wconf 90' lang='lat' dir='ltr'><strong>omnia</strong></span> 
     </span>
    </p>
   </div>
   <div class='ocr_carea' id='block_1_87' title="bbox 2237 4273 3835 4350">
    <p class='ocr_par' dir='ltr' id='par_1_87' title="bbox 2237 4273 3835 4350">
     <span class='ocr_line' id='line_1_87' title="bbox 2237 4273 3835 4350; baseline 0.006 -22"><span class='ocrx_word' id='word_1_683' title='bbox 2237 4273 2421 4336; x_wconf 79' lang='lat' dir='ltr'><strong>licent,</strong></span> <span class='ocrx_word' id='word_1_684' title='bbox 2456 4275 2638 4330; x_wconf 89' lang='lat' dir='ltr'><strong>omnia</strong></span> <span class='ocrx_word' id='word_1_685' title='bbox 2670 4275 2932 4345; x_wconf 78' lang='lat' dir='ltr'><strong>expedire</strong></span> <span class='ocrx_word' id='word_1_686' title='bbox 2965 4293 2979 4334; x_wconf 87' lang='lat'>:</span> <span class='ocrx_word' id='word_1_687' title='bbox 3012 4277 3141 4348; x_wconf 91' lang='lat' dir='ltr'><strong>quin</strong></span> <span class='ocrx_word' id='word_1_688' title='bbox 3175 4277 3359 4348; x_wconf 87' lang='lat' dir='ltr'><strong>potius</strong></span> <span class='ocrx_word' id='word_1_689' title='bbox 3400 4278 3524 4350; x_wconf 90' lang='lat' dir='ltr'><strong>quia</strong></span> <span class='ocrx_word' id='word_1_690' title='bbox 3555 4281 3699 4336; x_wconf 87' lang='lat' dir='ltr'><strong>servi</strong></span> <span class='ocrx_word' id='word_1_691' title='bbox 3731 4281 3835 4337; x_wconf 86' lang='lat' dir='ltr'><strong>Le-</strong></span> 
     </span>
    </p>
   </div>
   <div class='ocr_carea' id='block_1_88' title="bbox 2234 4369 3834 4443">
    <p class='ocr_par' dir='ltr' id='par_1_88' title="bbox 2234 4369 3834 4443">
     <span class='ocr_line' id='line_1_88' title="bbox 2234 4369 3834 4443; baseline 0.004 -21"><span class='ocrx_word' id='word_1_692' title='bbox 2234 4369 2314 4439; x_wconf 87' lang='lat' dir='ltr'><strong>gis</strong></span> <span class='ocrx_word' id='word_1_693' title='bbox 2342 4383 2464 4424; x_wconf 86' lang='lat' dir='ltr'><strong>esse</strong></span> <span class='ocrx_word' id='word_1_694' title='bbox 2491 4370 2846 4439; x_wconf 84' lang='lat' dir='ltr'><strong>cessavimus,</strong></span> <span class='ocrx_word' id='word_1_695' title='bbox 2881 4371 3007 4426; x_wconf 85' lang='lat' dir='ltr'><strong>tacti</strong></span> <span class='ocrx_word' id='word_1_696' title='bbox 3045 4371 3227 4441; x_wconf 89' lang='lat' dir='ltr'><strong>liberi,</strong></span> <span class='ocrx_word' id='word_1_697' title='bbox 3260 4372 3438 4443; x_wconf 87' lang='lat' dir='ltr'><strong>magis</strong></span> <span class='ocrx_word' id='word_1_698' title='bbox 3468 4387 3564 4443; x_wconf 91' lang='lat' dir='ltr'><strong>per</strong></span> <span class='ocrx_word' id='word_1_699' title='bbox 3594 4373 3834 4429; x_wconf 81' lang='lat' dir='ltr'><strong>charita-</strong></span> 
     </span>
    </p>
   </div>
   <div class='ocr_carea' id='block_1_89' title="bbox 2235 4463 3830 4541">
    <p class='ocr_par' dir='ltr' id='par_1_89' title="bbox 2235 4463 3830 4541">
     <span class='ocr_line' id='line_1_89' title="bbox 2235 4463 3830 4541; baseline 0.006 -26"><span class='ocrx_word' id='word_1_700' title='bbox 2235 4470 2343 4516; x_wconf 90' lang='lat' dir='ltr'><strong>tem</strong></span> <span class='ocrx_word' id='word_1_701' title='bbox 2386 4463 2546 4517; x_wconf 87' lang='lat' dir='ltr'><strong>nobis</strong></span> <span class='ocrx_word' id='word_1_702' title='bbox 2588 4463 2821 4520; x_wconf 90' lang='lat' dir='ltr'><strong>invicem</strong></span> <span class='ocrx_word' id='word_1_703' title='bbox 2867 4466 3191 4533; x_wconf 86' lang='lat' dir='ltr'><strong>serviamus,</strong></span> <span class='ocrx_word' id='word_1_704' title='bbox 3240 4477 3300 4523; x_wconf 93' lang='lat' dir='ltr'><strong>ut</strong></span> <span class='ocrx_word' id='word_1_705' title='bbox 3344 4468 3626 4524; x_wconf 75' lang='lat' dir='ltr'><strong>laciniosa:</strong></span> <span class='ocrx_word' id='word_1_706' title='bbox 3665 4468 3830 4541; x_wconf 85' lang='lat' dir='ltr'><strong>Legis</strong></span> 
     </span>
    </p>
   </div>
   <div class='ocr_carea' id='block_1_90' title="bbox 2239 4557 3728 4629">
    <p class='ocr_par' dir='ltr' id='par_1_90' title="bbox 2239 4557 3728 4629">
     <span class='ocr_line' id='line_1_90' title="bbox 2239 4557 3728 4629; baseline 0.004 -20"><span class='ocrx_word' id='word_1_707' title='bbox 2239 4564 2529 4628; x_wconf 64' lang='lat' dir='ltr'><strong>praecepta,</strong></span> <span class='ocrx_word' id='word_1_708' title='bbox 2560 4572 2668 4612; x_wconf 90' lang='lat' dir='ltr'><strong>uno</strong></span> <span class='ocrx_word' id='word_1_709' title='bbox 2695 4557 3003 4614; x_wconf 89' lang='lat' dir='ltr'><strong>dilectionis</strong></span> <span class='ocrx_word' id='word_1_710' title='bbox 3034 4559 3274 4629; x_wconf 90' lang='lat' dir='ltr'><strong>capitulo</strong></span> <span class='ocrx_word' id='word_1_711' title='bbox 3304 4560 3728 4617; x_wconf 82' lang='lat' dir='ltr'><strong>concludantur.</strong></span> 
     </span>
    </p>
   </div>
   <div class='ocr_carea' id='block_1_91' title="bbox 536 4621 3830 4724">
    <p class='ocr_par' dir='ltr' id='par_1_91' title="bbox 536 4621 3830 4724">
     <span class='ocr_line' id='line_1_91' title="bbox 536 4621 3830 4724; baseline 0 -16"><span class='ocrx_word' id='word_1_712' title='bbox 536 4654 628 4710; x_wconf 86' lang='lat' dir='ltr'><strong>lia.</strong></span> <span class='ocrx_word' id='word_1_713' title='bbox 661 4653 932 4722; x_wconf 66' lang='lat' dir='ltr'><strong>Quatritur</strong></span> <span class='ocrx_word' id='word_1_714' title='bbox 958 4653 1232 4724; x_wconf 89' lang='lat' dir='ltr'><strong>quomodo</strong></span> <span class='ocrx_word' id='word_1_715' title='bbox 1259 4653 1326 4709; x_wconf 91' lang='lat' dir='ltr'><strong>ad</strong></span> <span class='ocrx_word' id='word_1_716' title='bbox 1358 4621 1644 4720; x_wconf 67' lang='lat' dir='ltr'><strong>veneﬁcia,</strong></span> <span class='ocrx_word' id='word_1_717' title='bbox 1676 4621 1731 4711; x_wconf 76' lang='lat' dir='ltr'><strong>et</strong></span> <span class='ocrx_word' id='word_1_718' title='bbox 1757 4655 1829 4710; x_wconf 89' lang='lat' dir='ltr'><strong>ad</strong></span> <span class='ocrx_word' id='word_1_719' title='bbox 1854 4655 2128 4711; x_wconf 75' lang='lat' dir='ltr'><strong>maleficos</strong></span> <span class='ocrx_word' id='word_1_720' title='bbox 2160 4621 2214 4683; x_wconf 68' lang='grc' dir='ltr'>Β</span> <span class='ocrx_word' id='word_1_721' title='bbox 2255 4635 2288 4645; x_wconf 55' lang='grc'><em>’³</em></span> <span class='ocrx_word' id='word_1_722' title='bbox 2310 4649 2490 4722; x_wconf 84' lang='lat' dir='ltr'><strong>(Vers.</strong></span> <span class='ocrx_word' id='word_1_723' title='bbox 2522 4650 2636 4722; x_wconf 72' lang='grc'><strong>14.)</strong></span> <span class='ocrx_word' id='word_1_724' title='bbox 2672 4649 2780 4706; x_wconf 83' lang='lat' dir='ltr'><strong>Sed</strong></span> <span class='ocrx_word' id='word_1_725' title='bbox 2798 4668 2888 4723; x_wconf 86' lang='lat' dir='ltr'><strong>per</strong></span> <span class='ocrx_word' id='word_1_726' title='bbox 2908 4651 3211 4706; x_wconf 81' lang='lat' dir='ltr'><strong>charitatem</strong></span> <span class='ocrx_word' id='word_1_727' title='bbox 3238 4654 3424 4708; x_wconf 83' lang='lat' dir='ltr'><strong>servile</strong></span> <span class='ocrx_word' id='word_1_728' title='bbox 3444 4654 3687 4721; x_wconf 84' lang='lat' dir='ltr'><strong>invicem,</strong></span> <span class='ocrx_word' id='word_1_729' title='bbox 3719 4669 3830 4708; x_wconf 88' lang='lat' dir='ltr'><strong>om-</strong></span> 
     </span>
    </p>
   </div>
   <div class='ocr_carea' id='block_1_92' title="bbox 534 4748 2128 4822">
    <p class='ocr_par' dir='ltr' id='par_1_92' title="bbox 534 4748 2128 4822">
     <span class='ocr_line' id='line_1_92' title="bbox 534 4748 2128 4822; baseline 0.001 -18"><span class='ocrx_word' id='word_1_730' title='bbox 534 4757 698 4815; x_wconf 89' lang='lat' dir='ltr'><strong>artes,</strong></span> <span class='ocrx_word' id='word_1_731' title='bbox 743 4749 970 4818; x_wconf 77' lang='lat' dir='ltr'><strong>simplex</strong></span> <span class='ocrx_word' id='word_1_732' title='bbox 1012 4748 1303 4819; x_wconf 69' lang='lat' dir='ltr'><strong>Scriptura:</strong></span> <span class='ocrx_word' id='word_1_733' title='bbox 1344 4750 1541 4806; x_wconf 85' lang='lat' dir='ltr'><strong>divinae</strong></span> <span class='ocrx_word' id='word_1_734' title='bbox 1583 4765 1769 4806; x_wconf 90' lang='lat' dir='ltr'><strong>sermo</strong></span> <span class='ocrx_word' id='word_1_735' title='bbox 1811 4752 1901 4822; x_wconf 91' lang='lat' dir='ltr'><strong>qui</strong></span> <span class='ocrx_word' id='word_1_736' title='bbox 1933 4751 2128 4807; x_wconf 88' lang='lat' dir='ltr'><strong>dicitur</strong></span> 
     </span>
    </p>
   </div>
   <div class='ocr_carea' id='block_1_93' title="bbox 529 4839 2128 4912">
    <p class='ocr_par' dir='ltr' id='par_1_93' title="bbox 529 4839 2128 4912">
     <span class='ocr_line' id='line_1_93' title="bbox 529 4839 2128 4912; baseline 0.001 -16"><span class='ocrx_word' id='word_1_737' title='bbox 529 4855 680 4909; x_wconf 90' lang='lat' dir='ltr'><strong>caro,</strong></span> <span class='ocrx_word' id='word_1_738' title='bbox 709 4839 738 4879; x_wconf 69' lang='lat' dir='ltr'><strong>b</strong></span> <span class='ocrx_word' id='word_1_739' title='bbox 767 4856 864 4896; x_wconf 91' lang='lat' dir='ltr'><strong>nos</strong></span> <span class='ocrx_word' id='word_1_740' title='bbox 893 4851 1152 4910; x_wconf 86' lang='lat' dir='ltr'><strong>provocet</strong></span> <span class='ocrx_word' id='word_1_741' title='bbox 1178 4859 1189 4893; x_wconf 92' lang='lat'>:</span> <span class='ocrx_word' id='word_1_742' title='bbox 1213 4841 1317 4895; x_wconf 82' lang='lat' dir='ltr'><strong>nisi</strong></span> <span class='ocrx_word' id='word_1_743' title='bbox 1346 4841 1412 4896; x_wconf 89' lang='lat' dir='ltr'><strong>ad</strong></span> <span class='ocrx_word' id='word_1_744' title='bbox 1435 4841 1680 4910; x_wconf 90' lang='lat' dir='ltr'><strong>ejusdem</strong></span> <span class='ocrx_word' id='word_1_745' title='bbox 1701 4842 1995 4909; x_wconf 69' lang='lat' dir='ltr'><strong>Scriptura:</strong></span> <span class='ocrx_word' id='word_1_746' title='bbox 2017 4844 2128 4912; x_wconf 88' lang='lat' dir='ltr'><strong>spi-</strong></span> 
     </span>
    </p>
   </div>
   <div class='ocr_carea' id='block_1_94' title="bbox 528 4930 2125 5003">
    <p class='ocr_par' dir='ltr' id='par_1_94' title="bbox 528 4930 2125 5003">
     <span class='ocr_line' id='line_1_94' title="bbox 528 4930 2125 5003; baseline 0.002 -17"><span class='ocrx_word' id='word_1_747' title='bbox 528 4933 692 4986; x_wconf 90' lang='lat' dir='ltr'><strong>ritum</strong></span> <span class='ocrx_word' id='word_1_748' title='bbox 735 4931 1207 4986; x_wconf 88' lang='lat' dir='ltr'><strong>transcendamus.</strong></span> <span class='ocrx_word' id='word_1_749' title='bbox 1250 4930 1387 4986; x_wconf 86' lang='lat' dir='ltr'><strong>Puto</strong></span> <span class='ocrx_word' id='word_1_750' title='bbox 1427 4930 1532 4986; x_wconf 90' lang='lat' dir='ltr'><strong>hoc</strong></span> <span class='ocrx_word' id='word_1_751' title='bbox 1576 4931 1908 5003; x_wconf 83' lang='lat' dir='ltr'><strong>signiﬁcare,</strong></span> <span class='ocrx_word' id='word_1_752' title='bbox 1942 4933 2125 4989; x_wconf 88' lang='lat' dir='ltr'><strong>decies</strong></span> 
     </span>
    </p>
   </div>
   <div class='ocr_carea' id='block_1_95' title="bbox 534 5021 2125 5093">
    <p class='ocr_par' dir='ltr' id='par_1_95' title="bbox 534 5021 2125 5093">
     <span class='ocr_line' id='line_1_95' title="bbox 534 5021 2125 5093; baseline 0.004 -19"><span class='ocrx_word' id='word_1_753' title='bbox 534 5021 832 5088; x_wconf 88' lang='lat' dir='ltr'><strong>Danielem,</strong></span> <span class='ocrx_word' id='word_1_754' title='bbox 865 5029 920 5076; x_wconf 91' lang='lat' dir='ltr'><strong>et</strong></span> <span class='ocrx_word' id='word_1_755' title='bbox 963 5032 1073 5075; x_wconf 91' lang='lat' dir='ltr'><strong>tres</strong></span> <span class='ocrx_word' id='word_1_756' title='bbox 1102 5035 1322 5092; x_wconf 86' lang='lat' dir='ltr'><strong>pueros,</strong></span> <span class='ocrx_word' id='word_1_757' title='bbox 1357 5022 1550 5093; x_wconf 90' lang='lat' dir='ltr'><strong>magis,</strong></span> <span class='ocrx_word' id='word_1_758' title='bbox 1581 5023 2040 5091; x_wconf 88' lang='lat' dir='ltr'><strong>incantatoribus,</strong></span> <span class='ocrx_word' id='word_1_759' title='bbox 2071 5035 2125 5081; x_wconf 91' lang='lat' dir='ltr'><strong>et</strong></span> 
     </span>
    </p>
   </div>
   <div class='ocr_carea' id='block_1_96' title="bbox 527 5112 2117 5188">
    <p class='ocr_par' dir='ltr' id='par_1_96' title="bbox 527 5112 2117 5188">
     <span class='ocr_line' id='line_1_96' title="bbox 527 5112 2117 5188; baseline 0.003 -19"><span class='ocrx_word' id='word_1_760' title='bbox 527 5112 820 5169; x_wconf 84' lang='lat' dir='ltr'><strong>Gazarenis</strong></span> <span class='ocrx_word' id='word_1_761' title='bbox 858 5112 1024 5185; x_wconf 62' lang='lat'><strong>5,96</strong></span> <span class='ocrx_word' id='word_1_762' title='bbox 1049 5124 1208 5184; x_wconf 88' lang='lat' dir='ltr'><strong>atque</strong></span> <span class='ocrx_word' id='word_1_763' title='bbox 1235 5113 1505 5168; x_wconf 65' lang='lat' dir='ltr'><strong>Chaldaeis</strong></span> <span class='ocrx_word' id='word_1_764' title='bbox 1535 5115 1903 5182; x_wconf 88' lang='lat' dir='ltr'><strong>sapientiores</strong></span> <span class='ocrx_word' id='word_1_765' title='bbox 1933 5132 2117 5188; x_wconf 88' lang='lat' dir='ltr'><strong>reper-</strong></span> 
     </span>
    </p>
   </div>
   <div class='ocr_carea' id='block_1_97' title="bbox 528 5202 2116 5280">
    <p class='ocr_par' dir='ltr' id='par_1_97' title="bbox 528 5202 2116 5280">
     <span class='ocr_line' id='line_1_97' title="bbox 528 5202 2116 5280; baseline 0.004 -23"><span class='ocrx_word' id='word_1_766' title='bbox 528 5212 630 5271; x_wconf 93' lang='lat' dir='ltr'><strong>tos,</strong></span> <span class='ocrx_word' id='word_1_767' title='bbox 665 5213 718 5258; x_wconf 89' lang='lat' dir='ltr'><strong>et</strong></span> <span class='ocrx_word' id='word_1_768' title='bbox 748 5202 970 5275; x_wconf 77' lang='lat' dir='ltr'><strong>Moysen</strong></span> <span class='ocrx_word' id='word_1_769' title='bbox 1001 5207 1148 5258; x_wconf 89' lang='lat' dir='ltr'><strong>omni</strong></span> <span class='ocrx_word' id='word_1_770' title='bbox 1183 5204 1449 5273; x_wconf 89' lang='lat' dir='ltr'><strong>sapientia</strong></span> <span class='ocrx_word' id='word_1_771' title='bbox 1477 5213 1532 5259; x_wconf 91' lang='lat' dir='ltr'><strong>et</strong></span> <span class='ocrx_word' id='word_1_772' title='bbox 1559 5205 1810 5261; x_wconf 89' lang='lat' dir='ltr'><strong>doctrina</strong></span> <span class='ocrx_word' id='word_1_773' title='bbox 1836 5207 2116 5280; x_wconf 61' lang='lat' dir='ltr'><strong>Egyptio-</strong></span> 
     </span>
    </p>
   </div>
   <div class='ocr_carea' id='block_1_98' title="bbox 527 5295 2122 5368">
    <p class='ocr_par' dir='ltr' id='par_1_98' title="bbox 527 5295 2122 5368">
     <span class='ocr_line' id='line_1_98' title="bbox 527 5295 2122 5368; baseline 0.003 -19"><span class='ocrx_word' id='word_1_774' title='bbox 527 5310 645 5349; x_wconf 90' lang='lat' dir='ltr'><strong>rum</strong></span> <span class='ocrx_word' id='word_1_775' title='bbox 671 5296 964 5351; x_wconf 89' lang='lat' dir='ltr'><strong>eruditum.</strong></span> <span class='ocrx_word' id='word_1_776' title='bbox 997 5295 1288 5350; x_wconf 88' lang='lat' dir='ltr'><strong>Multorum</strong></span> <span class='ocrx_word' id='word_1_777' title='bbox 1317 5310 1448 5368; x_wconf 89' lang='lat' dir='ltr'><strong>ergo</strong></span> <span class='ocrx_word' id='word_1_778' title='bbox 1478 5296 1742 5353; x_wconf 88' lang='lat' dir='ltr'><strong>malorum</strong></span> <span class='ocrx_word' id='word_1_779' title='bbox 1773 5300 1988 5357; x_wconf 91' lang='lat' dir='ltr'><strong>occasio</strong></span> <span class='ocrx_word' id='word_1_780' title='bbox 2017 5309 2122 5368; x_wconf 90' lang='lat' dir='ltr'><strong>est,</strong></span> 
     </span>
    </p>
   </div>
   <div class='ocr_carea' id='block_1_99' title="bbox 526 5386 2123 5463">
    <p class='ocr_par' dir='ltr' id='par_1_99' title="bbox 526 5386 2123 5463">
     <span class='ocr_line' id='line_1_99' title="bbox 526 5386 2123 5463; baseline 0.006 -23"><span class='ocrx_word' id='word_1_781' title='bbox 526 5386 573 5440; x_wconf 90' lang='lat' dir='ltr'><strong>si</strong></span> <span class='ocrx_word' id='word_1_782' title='bbox 600 5386 718 5457; x_wconf 91' lang='lat' dir='ltr'><strong>quis</strong></span> <span class='ocrx_word' id='word_1_783' title='bbox 750 5389 806 5442; x_wconf 92' lang='lat' dir='ltr'><strong>in</strong></span> <span class='ocrx_word' id='word_1_784' title='bbox 831 5387 1129 5458; x_wconf 70' lang='lat' dir='ltr'><strong>Scriptura:</strong></span> <span class='ocrx_word' id='word_1_785' title='bbox 1153 5403 1318 5443; x_wconf 86' lang='lat' dir='ltr'><strong>carne</strong></span> <span class='ocrx_word' id='word_1_786' title='bbox 1344 5398 1687 5458; x_wconf 89' lang='lat' dir='ltr'><strong>permaneat.</strong></span> <span class='ocrx_word' id='word_1_787' title='bbox 1712 5390 1842 5460; x_wconf 64' lang='lat' dir='ltr'><strong>Quae</strong></span> <span class='ocrx_word' id='word_1_788' title='bbox 1864 5395 1954 5463; x_wconf 91' lang='lat' dir='ltr'><strong>qui</strong></span> <span class='ocrx_word' id='word_1_789' title='bbox 1976 5392 2123 5448; x_wconf 82' lang='lat' dir='ltr'><strong>fece-</strong></span> 
     </span>
    </p>
   </div>
   <div class='ocr_carea' id='block_1_100' title="bbox 526 5478 2120 5556">
    <p class='ocr_par' dir='ltr' id='par_1_100' title="bbox 526 5478 2120 5556">
     <span class='ocr_line' id='line_1_100' title="bbox 526 5478 2120 5556; baseline 0.004 -23"><span class='ocrx_word' id='word_1_790' title='bbox 526 5478 656 5543; x_wconf 90' lang='lat' dir='ltr'><strong>rint,</strong></span> <span class='ocrx_word' id='word_1_791' title='bbox 678 5494 902 5550; x_wconf 88' lang='lat' dir='ltr'><strong>regnum</strong></span> <span class='ocrx_word' id='word_1_792' title='bbox 930 5481 1022 5536; x_wconf 90' lang='lat' dir='ltr'><strong>Dei</strong></span> <span class='ocrx_word' id='word_1_793' title='bbox 1045 5495 1152 5536; x_wconf 90' lang='lat' dir='ltr'><strong>non</strong></span> <span class='ocrx_word' id='word_1_794' title='bbox 1177 5492 1600 5552; x_wconf 89' lang='lat' dir='ltr'><strong>consequentur.</strong></span> <span class='ocrx_word' id='word_1_795' title='bbox 1625 5484 1990 5552; x_wconf 87' lang='lat' dir='ltr'><strong>Quamobrem</strong></span> <span class='ocrx_word' id='word_1_796' title='bbox 2014 5488 2120 5556; x_wconf 87' lang='lat' dir='ltr'><strong>spi-</strong></span> 
     </span>
    </p>
   </div>
   <div class='ocr_carea' id='block_1_101' title="bbox 529 5570 2116 5648">
    <p class='ocr_par' dir='ltr' id='par_1_101' title="bbox 529 5570 2116 5648">
     <span class='ocr_line' id='line_1_101' title="bbox 529 5570 2116 5648; baseline 0.006 -23"><span class='ocrx_word' id='word_1_797' title='bbox 529 5570 692 5626; x_wconf 90' lang='lat' dir='ltr'><strong>ritum</strong></span> <span class='ocrx_word' id='word_1_798' title='bbox 737 5572 1034 5643; x_wconf 74' lang='lat' dir='ltr'><strong>Scriptura:</strong></span> <span class='ocrx_word' id='word_1_799' title='bbox 1077 5572 1390 5646; x_wconf 80' lang='lat' dir='ltr'><strong>fructusque</strong></span> <span class='ocrx_word' id='word_1_800' title='bbox 1422 5590 1750 5646; x_wconf 65' lang='lat' dir='ltr'><strong>quazramus,</strong></span> <span class='ocrx_word' id='word_1_801' title='bbox 1779 5579 1868 5648; x_wconf 91' lang='lat' dir='ltr'><strong>qui</strong></span> <span class='ocrx_word' id='word_1_802' title='bbox 1895 5592 2002 5635; x_wconf 92' lang='lat' dir='ltr'><strong>non</strong></span> <span class='ocrx_word' id='word_1_803' title='bbox 2032 5577 2116 5634; x_wconf 89' lang='lat' dir='ltr'><strong>di-</strong></span> 
     </span>
    </p>
   </div>
   <div class='ocr_carea' id='block_1_102' title="bbox 597 5707 2115 5788">
    <p class='ocr_par' dir='ltr' id='par_1_102' title="bbox 597 5707 2115 5788">
     <span class='ocr_line' id='line_1_102' title="bbox 597 5707 2115 5788; baseline 0.007 -27"><span class='ocrx_word' id='word_1_804' title='bbox 597 5707 963 5788; x_wconf 37' lang='lat' dir='ltr'><strong>ﬂJcontrario</strong></span> <span class='ocrx_word' id='word_1_805' title='bbox 990 5725 1170 5788; x_wconf 71' lang='lat' dir='ltr'><strong>sensu</strong></span> <span class='ocrx_word' id='word_1_806' title='bbox 1211 5728 1351 5788; x_wconf 82' lang='lat' dir='ltr'><strong>unus</strong></span> <span class='ocrx_word' id='word_1_807' title='bbox 1384 5713 1614 5770; x_wconf 79' lang='lat' dir='ltr'><strong>Palatia.</strong></span> <span class='ocrx_word' id='word_1_808' title='bbox 1647 5716 1853 5788; x_wconf 90' lang='lat' dir='ltr'><strong>absque</strong></span> <span class='ocrx_word' id='word_1_809' title='bbox 1880 5716 2115 5788; x_wconf 87' lang='lat' dir='ltr'><strong>negandi</strong></span> 
     </span>
    </p>
   </div>
   <div class='ocr_carea' id='block_1_103' title="bbox 525 5778 1303 5853">
    <p class='ocr_par' dir='ltr' id='par_1_103' title="bbox 525 5778 1303 5853">
     <span class='ocr_line' id='line_1_103' title="bbox 525 5778 1303 5853; baseline 0.001 -22"><span class='ocrx_word' id='word_1_810' title='bbox 525 5778 807 5853; x_wconf 64' lang='lat' dir='ltr'><strong>pat&#39;ticula,</strong></span> <span class='ocrx_word' id='word_1_811' title='bbox 829 5782 874 5832; x_wconf 87' lang='lat' dir='ltr'><strong>si</strong></span> <span class='ocrx_word' id='word_1_812' title='bbox 903 5781 1064 5834; x_wconf 87' lang='lat' dir='ltr'><strong>altius</strong></span> <span class='ocrx_word' id='word_1_813' title='bbox 1086 5783 1303 5853; x_wconf 82' lang='lat' dir='ltr'><strong>aliquid.</strong></span> 
     </span>
    </p>
   </div>
   <div class='ocr_carea' id='block_1_104' title="bbox 598 5844 2113 5931">
    <p class='ocr_par' dir='ltr' id='par_1_104' title="bbox 598 5844 2113 5931">
     <span class='ocr_line' id='line_1_104' title="bbox 598 5844 2113 5931; baseline 0.011 -32"><span class='ocrx_word' id='word_1_814' title='bbox 598 5844 625 5884; x_wconf 73' lang='grc' dir='ltr'><strong>ι’</strong></span> <span class='ocrx_word' id='word_1_815' title='bbox 656 5844 805 5902; x_wconf 84' lang='lat' dir='ltr'><strong>Idem</strong></span> <span class='ocrx_word' id='word_1_816' title='bbox 847 5863 974 5917; x_wconf 90' lang='lat' dir='ltr'><strong>ms.,</strong></span> <span class='ocrx_word' id='word_1_817' title='bbox 1014 5866 1136 5904; x_wconf 85' lang='lat' dir='ltr'><strong>caro</strong></span> <span class='ocrx_word' id='word_1_818' title='bbox 1163 5844 1278 5922; x_wconf 72' lang='lat' dir='ltr'><strong>ejus</strong></span> <span class='ocrx_word' id='word_1_819' title='bbox 1308 5870 1400 5908; x_wconf 80' lang='lat' dir='ltr'><strong>nos</strong></span> <span class='ocrx_word' id='word_1_820' title='bbox 1444 5866 1702 5924; x_wconf 75' lang='lat' dir='ltr'><strong>provocet.</strong></span> <span class='ocrx_word' id='word_1_821' title='bbox 1729 5857 1850 5916; x_wconf 77' lang='lat' dir='ltr'><strong>Mox</strong></span> <span class='ocrx_word' id='word_1_822' title='bbox 1897 5874 2113 5931; x_wconf 89' lang='lat' dir='ltr'><strong>quoque</strong></span> 
     </span>
    </p>
   </div>
   <div class='ocr_carea' id='block_1_105' title="bbox 2237 4743 3824 4820">
    <p class='ocr_par' dir='ltr' id='par_1_105' title="bbox 2237 4743 3824 4820">
     <span class='ocr_line' id='line_1_105' title="bbox 2237 4743 3824 4820; baseline 0.003 -24"><span class='ocrx_word' id='word_1_823' title='bbox 2237 4743 2315 4797; x_wconf 87' lang='lat' dir='ltr'><strong>nis</strong></span> <span class='ocrx_word' id='word_1_824' title='bbox 2340 4745 2473 4797; x_wconf 88' lang='lat' dir='ltr'><strong>enim</strong></span> <span class='ocrx_word' id='word_1_825' title='bbox 2504 4743 2587 4798; x_wconf 80' lang='lat' dir='ltr'><strong>(ea:</strong></span> <span class='ocrx_word' id='word_1_826' title='bbox 2625 4745 2679 4798; x_wconf 86' lang='lat' dir='ltr'><strong>iu</strong></span> <span class='ocrx_word' id='word_1_827' title='bbox 2711 4761 2812 4799; x_wconf 90' lang='lat' dir='ltr'><strong>uno</strong></span> <span class='ocrx_word' id='word_1_828' title='bbox 2841 4761 3074 4800; x_wconf 86' lang='lat' dir='ltr'><strong>sermone</strong></span> <span class='ocrx_word' id='word_1_829' title='bbox 3120 4744 3384 4818; x_wconf 86' lang='lat' dir='ltr'><strong>impletur.</strong></span> <span class='ocrx_word' id='word_1_830' title='bbox 3417 4743 3617 4817; x_wconf 83' lang='lat' dir='ltr'><strong>Diliges</strong></span> <span class='ocrx_word' id='word_1_831' title='bbox 3643 4749 3824 4820; x_wconf 76' lang='lat' dir='ltr'><strong>proxi-</strong></span> 
     </span>
    </p>
   </div>
   <div class='ocr_carea' id='block_1_106' title="bbox 2233 4838 3825 4909">
    <p class='ocr_par' dir='ltr' id='par_1_106' title="bbox 2233 4838 3825 4909">
     <span class='ocr_line' id='line_1_106' title="bbox 2233 4838 3825 4909; baseline 0.004 -18"><span class='ocrx_word' id='word_1_832' title='bbox 2233 4853 2375 4892; x_wconf 89' lang='lat' dir='ltr'><strong>mum</strong></span> <span class='ocrx_word' id='word_1_833' title='bbox 2399 4846 2542 4891; x_wconf 88' lang='lat' dir='ltr'><strong>tuum</strong></span> <span class='ocrx_word' id='word_1_834' title='bbox 2570 4840 2703 4892; x_wconf 87' lang='lat' dir='ltr'><strong>sicut</strong></span> <span class='ocrx_word' id='word_1_835' title='bbox 2729 4839 2966 4909; x_wconf 88' lang='lat' dir='ltr'><strong>teipsum.</strong></span> <span class='ocrx_word' id='word_1_836' title='bbox 2995 4838 3096 4908; x_wconf 90' lang='lat' dir='ltr'><strong>Qui</strong></span> <span class='ocrx_word' id='word_1_837' title='bbox 3118 4853 3240 4895; x_wconf 88' lang='lat' dir='ltr'><strong>cum</strong></span> <span class='ocrx_word' id='word_1_838' title='bbox 3268 4850 3414 4897; x_wconf 88' lang='lat' dir='ltr'><strong>esset</strong></span> <span class='ocrx_word' id='word_1_839' title='bbox 3441 4840 3580 4898; x_wconf 89' lang='lat' dir='ltr'><strong>liber</strong></span> <span class='ocrx_word' id='word_1_840' title='bbox 3607 4856 3678 4898; x_wconf 90' lang='lat' dir='ltr'><strong>ex</strong></span> <span class='ocrx_word' id='word_1_841' title='bbox 3709 4858 3825 4898; x_wconf 88' lang='lat' dir='ltr'><strong>om-</strong></span> 
     </span>
    </p>
   </div>
   <div class='ocr_carea' id='block_1_107' title="bbox 2234 4931 3826 5006">
    <p class='ocr_par' dir='ltr' id='par_1_107' title="bbox 2234 4931 3826 5006">
     <span class='ocr_line' id='line_1_107' title="bbox 2234 4931 3826 5006; baseline 0.004 -22"><span class='ocrx_word' id='word_1_842' title='bbox 2234 4931 2416 4996; x_wconf 90' lang='lat' dir='ltr'><strong>nibus,</strong></span> <span class='ocrx_word' id='word_1_843' title='bbox 2447 4931 2689 4985; x_wconf 90' lang='lat' dir='ltr'><strong>omuium</strong></span> <span class='ocrx_word' id='word_1_844' title='bbox 2722 4945 2783 4986; x_wconf 91' lang='lat' dir='ltr'><strong>se</strong></span> <span class='ocrx_word' id='word_1_845' title='bbox 2811 4941 3038 5002; x_wconf 89' lang='lat' dir='ltr'><strong>propter</strong></span> <span class='ocrx_word' id='word_1_846' title='bbox 3064 4932 3386 4990; x_wconf 81' lang='lat' dir='ltr'><strong>cbaritatem</strong></span> <span class='ocrx_word' id='word_1_847' title='bbox 3417 4947 3642 4990; x_wconf 87' lang='lat' dir='ltr'><strong>servum</strong></span> <span class='ocrx_word' id='word_1_848' title='bbox 3672 4935 3826 5006; x_wconf 87' lang='lat' dir='ltr'><strong>fecit,</strong></span> 
     </span>
    </p>
   </div>
   <div class='ocr_carea' id='block_1_108' title="bbox 2231 5023 3830 5098">
    <p class='ocr_par' dir='ltr' id='par_1_108' title="bbox 2231 5023 3830 5098">
     <span class='ocr_line' id='line_1_108' title="bbox 2231 5023 3830 5098; baseline 0.004 -19"><span class='ocrx_word' id='word_1_849' title='bbox 2231 5033 2291 5079; x_wconf 88' lang='lat' dir='ltr'><strong>ttt</strong></span> <span class='ocrx_word' id='word_1_850' title='bbox 2315 5023 2499 5094; x_wconf 88' lang='lat' dir='ltr'><strong>plures</strong></span> <span class='ocrx_word' id='word_1_851' title='bbox 2528 5023 2880 5080; x_wconf 83' lang='lat' dir='ltr'><strong>lucrifaceret</strong></span> <span class='ocrx_word' id='word_1_852' title='bbox 2909 5024 2954 5096; x_wconf 84' lang='grc' dir='ltr'><strong>(ι</strong></span> <span class='ocrx_word' id='word_1_853' title='bbox 2981 5023 3101 5082; x_wconf 87' lang='lat' dir='ltr'><strong>Cor.</strong></span> <span class='ocrx_word' id='word_1_854' title='bbox 3133 5030 3280 5098; x_wconf 76' lang='lat' dir='ltr'><strong>xm),</strong></span> <span class='ocrx_word' id='word_1_855' title='bbox 3312 5037 3463 5084; x_wconf 90' lang='lat' dir='ltr'><strong>recte</strong></span> <span class='ocrx_word' id='word_1_856' title='bbox 3495 5028 3745 5084; x_wconf 90' lang='lat' dir='ltr'><strong>hortatur</strong></span> <span class='ocrx_word' id='word_1_857' title='bbox 3775 5038 3830 5085; x_wconf 89' lang='lat' dir='ltr'><strong>et</strong></span> 
     </span>
    </p>
   </div>
   <div class='ocr_carea' id='block_1_109' title="bbox 2231 5117 3828 5192">
    <p class='ocr_par' dir='ltr' id='par_1_109' title="bbox 2231 5117 3828 5192">
     <span class='ocr_line' id='line_1_109' title="bbox 2231 5117 3828 5192; baseline 0.003 -21"><span class='ocrx_word' id='word_1_858' title='bbox 2231 5127 2484 5187; x_wconf 67' lang='lat' dir='ltr'><strong>caateros,</strong></span> <span class='ocrx_word' id='word_1_859' title='bbox 2515 5125 2574 5171; x_wconf 92' lang='lat' dir='ltr'><strong>ut</strong></span> <span class='ocrx_word' id='word_1_860' title='bbox 2621 5131 2717 5185; x_wconf 90' lang='lat' dir='ltr'><strong>per</strong></span> <span class='ocrx_word' id='word_1_861' title='bbox 2745 5117 3068 5171; x_wconf 88' lang='lat' dir='ltr'><strong>charitatem</strong></span> <span class='ocrx_word' id='word_1_862' title='bbox 3099 5117 3204 5172; x_wconf 89' lang='lat' dir='ltr'><strong>sibi</strong></span> <span class='ocrx_word' id='word_1_863' title='bbox 3246 5121 3490 5176; x_wconf 89' lang='lat' dir='ltr'><strong>serviant</strong></span> <span class='ocrx_word' id='word_1_864' title='bbox 3520 5136 3534 5173; x_wconf 90' lang='lat'><strong>:</strong></span> <span class='ocrx_word' id='word_1_865' title='bbox 3568 5136 3689 5192; x_wconf 66' lang='lat' dir='ltr'><strong>quae</strong></span> <span class='ocrx_word' id='word_1_866' title='bbox 3720 5136 3828 5176; x_wconf 91' lang='lat' dir='ltr'><strong>non</strong></span> 
     </span>
    </p>
   </div>
   <div class='ocr_carea' id='block_1_110' title="bbox 2231 5207 3824 5280">
    <p class='ocr_par' dir='ltr' id='par_1_110' title="bbox 2231 5207 3824 5280">
     <span class='ocr_line' id='line_1_110' title="bbox 2231 5207 3824 5280; baseline 0.005 -20"><span class='ocrx_word' id='word_1_867' title='bbox 2231 5209 2425 5277; x_wconf 60' lang='lat' dir='ltr'><strong>quaerit</strong></span> <span class='ocrx_word' id='word_1_868' title='bbox 2451 5208 2592 5277; x_wconf 91' lang='lat' dir='ltr'><strong>quod</strong></span> <span class='ocrx_word' id='word_1_869' title='bbox 2621 5222 2778 5262; x_wconf 90' lang='lat' dir='ltr'><strong>suum</strong></span> <span class='ocrx_word' id='word_1_870' title='bbox 2810 5216 2920 5275; x_wconf 91' lang='lat' dir='ltr'><strong>est,</strong></span> <span class='ocrx_word' id='word_1_871' title='bbox 2947 5207 3042 5262; x_wconf 90' lang='lat' dir='ltr'><strong>sed</strong></span> <span class='ocrx_word' id='word_1_872' title='bbox 3083 5211 3226 5280; x_wconf 91' lang='lat' dir='ltr'><strong>quod</strong></span> <span class='ocrx_word' id='word_1_873' title='bbox 3268 5211 3524 5280; x_wconf 88' lang='lat' dir='ltr'><strong>proximi.</strong></span> <span class='ocrx_word' id='word_1_874' title='bbox 3549 5210 3653 5280; x_wconf 91' lang='lat' dir='ltr'><strong>Qui</strong></span> <span class='ocrx_word' id='word_1_875' title='bbox 3683 5212 3824 5268; x_wconf 87' lang='lat' dir='ltr'><strong>enim</strong></span> 
     </span>
    </p>
   </div>
   <div class='ocr_carea' id='block_1_111' title="bbox 2231 5298 3826 5376">
    <p class='ocr_par' dir='ltr' id='par_1_111' title="bbox 2231 5298 3826 5376">
     <span class='ocr_line' id='line_1_111' title="bbox 2231 5298 3826 5376; baseline 0.007 -25"><span class='ocrx_word' id='word_1_876' title='bbox 2231 5298 2347 5353; x_wconf 89' lang='lat' dir='ltr'><strong>vult</strong></span> <span class='ocrx_word' id='word_1_877' title='bbox 2373 5298 2491 5352; x_wconf 75' lang='lat' dir='ltr'><strong>fieri</strong></span> <span class='ocrx_word' id='word_1_878' title='bbox 2517 5299 2748 5369; x_wconf 87' lang='lat' dir='ltr'><strong>primus,</strong></span> <span class='ocrx_word' id='word_1_879' title='bbox 2773 5299 2878 5354; x_wconf 88' lang='lat' dir='ltr'><strong>erit</strong></span> <span class='ocrx_word' id='word_1_880' title='bbox 2898 5298 3140 5356; x_wconf 88' lang='lat' dir='ltr'><strong>omnium</strong></span> <span class='ocrx_word' id='word_1_881' title='bbox 3163 5316 3356 5358; x_wconf 90' lang='lat' dir='ltr'><strong>servus</strong></span> <span class='ocrx_word' id='word_1_882' title='bbox 3379 5300 3601 5376; x_wconf 62' lang='lat' dir='ltr'><strong>(Mare,</strong></span> <span class='ocrx_word' id='word_1_883' title='bbox 3620 5319 3675 5370; x_wconf 88' lang='lat' dir='ltr'><strong>x,</strong></span> <span class='ocrx_word' id='word_1_884' title='bbox 3697 5303 3826 5376; x_wconf 71' lang='lat' dir='ltr'><strong>M):</strong></span> 
     </span>
    </p>
   </div>
   <div class='ocr_carea' id='block_1_112' title="bbox 2235 5391 3826 5463">
    <p class='ocr_par' dir='ltr' id='par_1_112' title="bbox 2235 5391 3826 5463">
     <span class='ocr_line' id='line_1_112' title="bbox 2235 5391 3826 5463; baseline 0.004 -18"><span class='ocrx_word' id='word_1_885' title='bbox 2235 5401 2295 5445; x_wconf 93' lang='lat' dir='ltr'><strong>ut</strong></span> <span class='ocrx_word' id='word_1_886' title='bbox 2320 5391 2597 5461; x_wconf 91' lang='lat' dir='ltr'><strong>quomodo</strong></span> <span class='ocrx_word' id='word_1_887' title='bbox 2626 5391 2878 5447; x_wconf 87' lang='lat' dir='ltr'><strong>Salvator</strong></span> <span class='ocrx_word' id='word_1_888' title='bbox 2904 5393 2957 5447; x_wconf 93' lang='lat' dir='ltr'><strong>iu</strong></span> <span class='ocrx_word' id='word_1_889' title='bbox 2997 5392 3172 5449; x_wconf 82' lang='lat' dir='ltr'><strong>forma</strong></span> <span class='ocrx_word' id='word_1_890' title='bbox 3205 5394 3298 5450; x_wconf 89' lang='lat' dir='ltr'><strong>Dei</strong></span> <span class='ocrx_word' id='word_1_891' title='bbox 3329 5396 3684 5463; x_wconf 81' lang='lat' dir='ltr'><strong>conStitutns,</strong></span> <span class='ocrx_word' id='word_1_892' title='bbox 3717 5409 3826 5451; x_wconf 87' lang='lat' dir='ltr'><strong>non</strong></span> 
     </span>
    </p>
   </div>
   <div class='ocr_carea' id='block_1_113' title="bbox 2233 5483 3826 5558">
    <p class='ocr_par' dir='ltr' id='par_1_113' title="bbox 2233 5483 3826 5558">
     <span class='ocr_line' id='line_1_113' title="bbox 2233 5483 3826 5558; baseline 0.003 -18"><span class='ocrx_word' id='word_1_893' title='bbox 2233 5483 2478 5555; x_wconf 90' lang='lat' dir='ltr'><strong>rapinam</strong></span> <span class='ocrx_word' id='word_1_894' title='bbox 2517 5483 2810 5541; x_wconf 89' lang='lat' dir='ltr'><strong>arbitratus</strong></span> <span class='ocrx_word' id='word_1_895' title='bbox 2843 5495 2929 5542; x_wconf 89' lang='lat' dir='ltr'><strong>est</strong></span> <span class='ocrx_word' id='word_1_896' title='bbox 2971 5500 3096 5543; x_wconf 87' lang='lat' dir='ltr'><strong>csse</strong></span> <span class='ocrx_word' id='word_1_897' title='bbox 3140 5501 3202 5542; x_wconf 91' lang='lat' dir='ltr'><strong>se</strong></span> <span class='ocrx_word' id='word_1_898' title='bbox 3241 5488 3506 5558; x_wconf 62' lang='lat' dir='ltr'><strong>aequalem</strong></span> <span class='ocrx_word' id='word_1_899' title='bbox 3546 5486 3682 5557; x_wconf 93' lang='lat' dir='ltr'><strong>Deo,</strong></span> <span class='ocrx_word' id='word_1_900' title='bbox 3729 5486 3826 5544; x_wconf 89' lang='lat' dir='ltr'><strong>sed</strong></span> 
     </span>
    </p>
   </div>
   <div class='ocr_carea' id='block_1_114' title="bbox 2229 5580 3822 5654">
    <p class='ocr_par' dir='ltr' id='par_1_114' title="bbox 2229 5580 3822 5654">
     <span class='ocr_line' id='line_1_114' title="bbox 2229 5580 3822 5654; baseline 0 -18"><span class='ocrx_word' id='word_1_901' title='bbox 2229 5581 2468 5652; x_wconf 85' lang='lat' dir='ltr'><strong>seipsum</strong></span> <span class='ocrx_word' id='word_1_902' title='bbox 2494 5580 2813 5648; x_wconf 87' lang='lat' dir='ltr'><strong>exinanivit,</strong></span> <span class='ocrx_word' id='word_1_903' title='bbox 2850 5581 3082 5636; x_wconf 78' lang='lat' dir='ltr'><strong>formam</strong></span> <span class='ocrx_word' id='word_1_904' title='bbox 3127 5581 3269 5636; x_wconf 88' lang='lat' dir='ltr'><strong>servi</strong></span> <span class='ocrx_word' id='word_1_905' title='bbox 3310 5582 3606 5654; x_wconf 88' lang='lat' dir='ltr'><strong>accipiens,</strong></span> <span class='ocrx_word' id='word_1_906' title='bbox 3639 5591 3692 5640; x_wconf 90' lang='lat' dir='ltr'><strong>et</strong></span> <span class='ocrx_word' id='word_1_907' title='bbox 3726 5580 3822 5638; x_wconf 85' lang='lat' dir='ltr'><strong>ha-</strong></span> 
     </span>
    </p>
   </div>
   <div class='ocr_carea' id='block_1_115' title="bbox 2226 5717 3038 5789">
    <p class='ocr_par' dir='ltr' id='par_1_115' title="bbox 2226 5717 3038 5789">
     <span class='ocr_line' id='line_1_115' title="bbox 2226 5717 3038 5789; baseline -0.001 -17"><span class='ocrx_word' id='word_1_908' title='bbox 2226 5731 2328 5789; x_wconf 88' lang='lat' dir='ltr'><strong>pro</strong></span> <span class='ocrx_word' id='word_1_909' title='bbox 2357 5717 2546 5785; x_wconf 83' lang='lat' dir='ltr'><strong>decies,</strong></span> <span class='ocrx_word' id='word_1_910' title='bbox 2581 5717 2769 5789; x_wconf 82' lang='lat' dir='ltr'><strong>habet,</strong></span> <span class='ocrx_word' id='word_1_911' title='bbox 2803 5717 2908 5771; x_wconf 82' lang='lat' dir='ltr'><strong>dici</strong></span> <span class='ocrx_word' id='word_1_912' title='bbox 2933 5733 3038 5773; x_wconf 87' lang='lat' dir='ltr'><strong>eos.</strong></span> 
     </span>
    </p>
   </div>
   <div class='ocr_carea' id='block_1_116' title="bbox 2301 5787 3825 5863">
    <p class='ocr_par' dir='ltr' id='par_1_116' title="bbox 2301 5787 3825 5863">
     <span class='ocr_line' id='line_1_116' title="bbox 2301 5787 3825 5863; baseline 0.002 -21"><span class='ocrx_word' id='word_1_913' title='bbox 2301 5799 2324 5827; x_wconf 78' lang='grc' dir='ltr'>ο</span> <span class='ocrx_word' id='word_1_914' title='bbox 2378 5795 2545 5863; x_wconf 65' lang='lat' dir='ltr'><strong>antea</strong></span> <span class='ocrx_word' id='word_1_915' title='bbox 2592 5787 2898 5858; x_wconf 84' lang='lat' dir='ltr'><strong>legebatur,</strong></span> <span class='ocrx_word' id='word_1_916' title='bbox 2944 5789 3358 5857; x_wconf 85' lang='lat' dir='ltr'><strong>continentiam;</strong></span> <span class='ocrx_word' id='word_1_917' title='bbox 3409 5788 3598 5863; x_wconf 87' lang='lat' dir='ltr'><strong>legunt</strong></span> <span class='ocrx_word' id='word_1_918' title='bbox 3652 5790 3825 5848; x_wconf 89' lang='lat' dir='ltr'><strong>nostri</strong></span> 
     </span>
    </p>
   </div>
   <div class='ocr_carea' id='block_1_117' title="bbox 2225 5860 2643 5916">
    <p class='ocr_par' dir='ltr' id='par_1_117' title="bbox 2225 5860 2643 5916">
     <span class='ocr_line' id='line_1_117' title="bbox 2225 5860 2643 5916; baseline -0.014 0"><span class='ocrx_word' id='word_1_919' title='bbox 2225 5874 2356 5916; x_wconf 88' lang='lat' dir='ltr'><strong>mss.</strong></span> <span class='ocrx_word' id='word_1_920' title='bbox 2390 5860 2445 5916; x_wconf 91' lang='lat' dir='ltr'><strong>in</strong></span> <span class='ocrx_word' id='word_1_921' title='bbox 2473 5865 2643 5914; x_wconf 88' lang='lat' dir='ltr'><strong>recto.</strong></span> 
     </span>
    </p>
   </div>
  </div>
