4056 6304
258 347 368 408 109

751 343 1407 406 COMMENTARIORUM
1448 344 1513 402 IN
1556 345 1952 406 EPISTOLAM
1994 349 2086 407 AD
2125 349 2450 410 GALATAS
2489 353 2622 411 LIB.
2667 354 2752 412 Ill.
2793 354 2950 414 CAP.
2992 357 3060 415 V.

3450 333 3556 422 tto

257 465 375 522 bitu
403 465 660 522 inventus
690 473 748 520 ιιι
778 463 964 532 homo,
1003 461 1311 518 humiliavit
1356 464 1736 534 semetipsum,
1767 464 1850 518 fa-
1880 468 1937 530 Α
1960 464 2180 522 diabolo
2209 478 2550 541 expugnatur
2595 469 2649 526 in
2687 471 2866 537 nobis,
2893 487 2963 530 ne
3004 472 3175 530 Deum
3206 489 3344 547 pura
3373 485 3555 535 mente

252 570 378 617 ctus
400 558 669 615 obediens
694 573 867 630 usque
893 557 960 614 ad
985 568 1241 626 mortem,
1269 566 1503 614 mortem
1523 569 1707 614 autem
1726 572 1851 614 cru-

251 654 336 710 cis
356 652 590 725 (Philip.
621 652 684 722 n)
715 668 730 707 :
753 651 826 707 ita
843 659 899 707 et
919 665 1018 706 nos
1038 665 1395 723 quacumque
1419 659 1540 706 ante
1564 651 1667 706 sub
1695 650 1856 724 Legis

252 745 590 802 necessitate
620 745 801 801 facere
827 745 1173 811 videbamur,
1215 761 1357 801 nunc
1405 746 1665 813 sciamus,
1699 745 1856 800 nobis

251 840 473 907 liberis,
499 838 672 910 magis
695 852 794 910 per
819 837 1146 894 charitatem
1167 853 1289 895 esse
1318 838 1588 894 facienda.
1621 838 1853 894 Tantum

249 945 439 990 autem
474 933 677 988 bonum
699 942 784 988 est
808 931 1069 1002 charitas,
1094 943 1152 988 ut
1180 933 1360 988 omnis
1387 933 1473 988 lex
1501 933 1552 987 iu
1586 933 1678 988 illa
1706 947 1857 988 reca-

252 1026 547 1098 pituletur.
582 1025 885 1082 Enumerat
913 1033 969 1081 et
996 1024 1052 1080 in
1079 1023 1188 1080 alio
1211 1024 1332 1081 loco
1361 1024 1653 1097 Apostolus
1677 1024 1856 1080 chari-

254 1120 386 1174 tatis
413 1117 574 1183 bona,
606 1117 799 1173 dicens
833 1134 847 1170 :
880 1115 1004 1171 Non
1036 1117 1262 1184 zelatur,
1300 1133 1405 1172 non
1434 1120 1543 1190 agit
1587 1133 1854 1191 perperam

256 1216 302 1289 (l
339 1216 462 1271 Cor.
503 1230 618 1281 xm,
652 1217 706 1283 7,
740 1214 823 1285 8).
855 1214 1149 1287 Multisque
1180 1214 1234 1270 in
1259 1215 1438 1272 medio
1464 1214 1763 1285 replicatis,
1801 1215 1854 1269 itt

255 1311 364 1367 fine
389 1309 670 1366 concludit.
701 1326 716 1364 :
752 1309 943 1365 Omnia
970 1319 1174 1379 sperat,
1208 1311 1384 1364 omnia
1411 1310 1651 1376 sustinet,
1676 1307 1853 1362 chari-

255 1413 334 1458 tas
355 1418 638 1471 numquam
678 1400 894 1456 excidit.
931 1400 998 1456 Et
1024 1400 1280 1456 Salvator
1311 1400 1362 1455 in
1388 1399 1703 1470 Evangelia,
1751 1398 1854 1453 hoc

253 1496 473 1566 signum
500 1495 607 1560 sui,
633 1494 729 1560 ait,
754 1507 877 1548 esse
897 1491 1171 1564 discipuli,
1199 1492 1243 1546 si
1274 1489 1382 1564 [ΑΙ.
1409 1491 1489 1564 ιιι]
1514 1491 1703 1562 diligat
1725 1504 1852 1559 pro-

251 1591 470 1644 ximum
501 1585 717 1658 (Matth.
751 1584 910 1658 xxtt).
940 1585 1094 1654 Quod
1126 1585 1348 1656 quidem
1378 1594 1508 1656 puto
1538 1599 1645 1639 non
1674 1583 1850 1639 solum

253 1678 592 1744 hominibus,
619 1677 716 1734 sed
741 1678 909 1734 etiam
933 1676 1140 1748 angelis
1167 1678 1479 1733 convenire.
1512 1675 1647 1732 Aliis
1671 1675 1853 1732 verbis

252 1774 488 1847 idipsum
518 1773 721 1829 dicitur
755 1791 766 1826 :
805 1771 934 1840 Qua:
966 1771 1104 1826 vobis
1133 1772 1250 1842 fieri
1279 1787 1380 1826 non
1419 1771 1593 1839 vultis,
1635 1770 1755 1825 aliis
1791 1787 1853 1824 ne

250 1869 497 1940 feceritis,
527 1876 716 1938 etquae
749 1867 903 1921 vultis
949 1875 1002 1919 nt
1042 1864 1184 1920 vobis
1221 1865 1418 1935 faciant
1456 1864 1709 1929 homines,
1741 1864 1850 1918 [nec

251 1962 431 2018 eadem
472 1971 519 2016 et
547 1977 634 2016 vos
662 1963 733 2016 eis
764 1961 916 2030 facite
943 1959 1178 2015 similiter
1205 1958 1397 2033 (lbid.,
1425 1974 1521 2026 vtt,
1565 1960 1676 2030 12).
1708 1957 1848 2014 Nolo

251 2051 551 2108 adulterari
592 2066 818 2107 uxorem
867 2066 1070 2119 meam,
1103 2051 1228 2108 uolo
1269 2051 1628 2106 substantiam
1660 2049 1846 2121 diripi,

252 2147 382 2202 nolo
409 2161 498 2201 me
525 2144 669 2202 falso
687 2144 922 2216 opprimi
947 2145 1288 2210 testimonio,
1317 2153 1375 2201 et
1396 2155 1452 2199 ut
1473 2154 1665 2201 cuncta
1695 2144 1846 2200 brevi

251 2253 508 2294 sermone
537 2237 1020 2309 comprehendam,
1055 2237 1279 2309 indigne
1322 2237 1440 2294 fero
1469 2238 1672 2310 aliquid
1712 2237 1847 2293 mihi

251 2329 371 2386 fleri
393 2329 536 2402 quod
566 2330 826 2400 iniustum
851 2341 954 2386 est.
980 2329 1111 2386 flare
1131 2330 1321 2386 eadem
1345 2332 1390 2386 si
1411 2329 1578 2404 498
1599 2345 1694 2402 per
1717 2330 1847 2386 cha-

251 2426 468 2480 ritatem
498 2425 552 2480 in
583 2440 670 2480 me
691 2433 1037 2494 operantem,
1069 2425 1156 2482 vel
1188 2424 1371 2482 fecero
1400 2427 1585 2494 alteri,
1615 2425 1703 2481 vel
1753 2441 1847 2482 vo-

250 2517 426 2584 luero,
458 2516 546 2573 lex
573 2518 751 2573 omnis
781 2517 1005 2589 impleta
1035 2503 1263 2574 est.Nec
1293 2518 1513 2575 difficile
1538 2529 1622 2574 est
1648 2518 1848 2575 docere

249 2611 523 2682 quomodo
550 2611 806 2668 universa
830 2621 1125 2684 praecepta,
1154 2629 1261 2668 non
1284 2613 1525 2680 occides,
1554 2629 1663 2670 non
1695 2613 1849 2669 adul-

252 2703 479 2772 terabis,
513 2719 622 2759 non
647 2699 937 2771 furaberis,
968 2721 1076 2760 non
1108 2705 1302 2762 falsum
1352 2706 1732 2762 testimonium
1765 2706 1847 2762 di-

251 2811 370 2865 ces,
394 2805 449 2852 et
470 2805 666 2852 caetera
688 2798 773 2852 his
789 2798 1013 2866 similia,
1032 2813 1134 2852 uua
1156 2797 1442 2854 charitatis
1465 2797 1846 2856 observatione

252 2897 567 2948 teneantur.
596 2891 713 2947 Hoc
735 2891 1031 2948 ostendere
1057 2891 1288 2948 arduum
1315 2901 1422 2962 est,
1447 2893 1721 2962 quomodo
1747 2892 1848 2949 ho-

250 2984 374 3040 stiae
403 2997 645 3056 quoque,
675 2999 796 3056 quae
816 2985 869 3038 in
904 2983 1150 3041 Levitico
1178 2995 1306 3040 sunt
1339 2995 1647 3056 praeceptae,
1681 2995 1738 3041 et
1767 2986 1846 3041 ci-

257 3078 455 3135 borum
477 3079 559 3134 vel
584 3078 936 3149 abstinentia,
965 3080 1050 3135 vel
1075 3080 1392 3151 permissio,
1413 3096 1535 3136 cum
1557 3079 1664 3135 alia
1691 3096 1846 3136 mun-

251 3175 344 3238 da,
386 3174 490 3229 alia
529 3174 783 3230 dicantur
825 3175 1142 3241 immunda,
1193 3175 1596 3230 solemnitatum
1627 3189 1844 3245 quoque

1961 557 2270 616 videamus.
2309 560 2540 628 Quando
2579 561 2726 619 enim
2766 564 2966 622 sedens
3010 566 3200 639 loquor
3227 577 3414 626 contra
3445 569 3556 626 fra-

1961 659 2101 707 trem
2135 669 2337 723 meum,
2388 665 2441 711 et
2491 665 2680 712 contra
2720 657 2892 713 filium
2925 667 2952 696 ι
2983 661 3175 716 matris
3224 677 3360 719 meae
3407 678 3552 734 pono

1960 744 2278 800 scandalum
2320 745 2438 817 (Ps.
2479 763 2624 815 χιιι,
2656 748 2773 821 20),
2803 751 3023 822 quando
3065 752 3240 809 aliena
3291 764 3552 825 torqueor

1956 834 2239 903 felicitate,
2272 849 2327 894 et
2373 839 2607 896 alterius
2648 841 2875 912 bonum,
2919 859 3102 900 meum
3151 847 3356 902 malum
3391 847 3552 918 facio,

1958 946 2142 987 nonne
2171 934 2272 987 hoc
2299 933 2446 1003 quod
2479 935 2749 1006 sequitur,
2790 936 2844 992 in
2876 953 2965 994 me
2994 939 3249 1010 expletur
3282 959 3295 996 :
3331 940 3392 997 Si
3422 943 3552 997 int-i-

1957 1041 2065 1080 cem
2097 1026 2348 1080 mordetis
2391 1037 2437 1082 et
2467 1029 2755 1092 comeditis,
2791 1029 2959 1084 videte
2988 1047 3052 1085 ne
3081 1032 3144 1086 ab
3175 1034 3394 1088 invicem
3433 1051 3557 1090 con-

1955 1118 2268 1173 sumamini?
2293 1116 2589 1176 Charitatis
2624 1119 2651 1159 ιι
2687 1136 2808 1176 rara
2836 1123 3112 1192 possessio
3139 1133 3242 1179 est.
3275 1125 3409 1192 Quis
3437 1127 3553 1182 vult

1958 1209 2077 1280 ipse
2123 1209 2416 1265 anathema
2443 1225 2569 1266 esse
2616 1227 2645 1265 a
2689 1210 2910 1268 Christo
2955 1228 3053 1283 pro
3105 1213 3367 1270 fratribus
3412 1218 3549 1284 suis,

1956 1301 2285 1372 Apostolutn
2315 1304 2594 1374 sequens?
2621 1303 2756 1373 Quis
2783 1303 2952 1378 499
2976 1321 3100 1361 ειιιιι
3131 1306 3442 1377 lugentibus
3469 1309 3554 1364 lu-

1955 1409 2114 1464 gens.
2147 1410 2269 1450 cum
2299 1395 2670 1466 gaudentibus
2687 1399 2952 1467 gaudens,
2979 1397 3166 1452 alieno
3186 1397 3413 1454 vulnere
3433 1399 3554 1454 vul-

1956 1487 2218 1544 neraluri
2246 1487 2380 1557 Quis
2413 1488 2602 1544 fratris
2631 1499 2808 1546 morte
2837 1491 3171 1559 perimitur?
3200 1490 3410 1549 Omnes
3439 1509 3554 1549 ma-

1954 1581 2036 1652 gis
2061 1589 2334 1638 amatores
2356 1584 2551 1651 nostri,
2575 1600 2737 1653 quam
2761 1599 3035 1641 amatores
3057 1585 3155 1642 Dei
3184 1601 3393 1642 sumus.
3415 1587 3553 1645 Vide

1954 1685 2217 1746 quantum
2253 1674 2456 1731 bonum
2488 1676 2560 1731 sit
2593 1676 2894 1733 cltaritatis.
2929 1677 2987 1733 Si
3016 1679 3086 1734 ita
3115 1679 3438 1753 martyrium
3469 1680 3550 1737 fe-

1954 1766 2216 1832 cerimus,
2245 1777 2304 1822 ut
2337 1779 2555 1823 nostras
2585 1771 2818 1826 velimus
2849 1770 2917 1825 ab
2945 1771 3261 1827 hominibus
3292 1772 3552 1844 reliquias

1879 1857 1926 1918 Β
1955 1856 2209 1914 honorari
2247 1876 2260 1914 :
2308 1861 2355 1915 si
2386 1861 2703 1931 opinionem
2755 1862 2901 1932 vulgi
2940 1873 3238 1931 sectantes,
3294 1865 3553 1937 intrepidi

1953 1954 2271 2024 sanguinem
2297 1952 2621 2023 fuderitnus,
2645 1956 3080 2012 etsubstantiam
3107 1967 3352 2013 nostram
3382 1973 3553 2029 usque

1950 2047 2017 2101 ad
2071 2047 2483 2105 mendicitatem
2530 2053 2808 2121 pr0priatn
2859 2051 3206 2121 dederimus,
3259 2051 3387 2108 huic
3437 2053 3550 2124 [ΑΙ.

1951 2139 2105 2212 hinc]
2128 2143 2282 2212 operi
2313 2157 2420 2198 non
2449 2154 2556 2199 tam
2589 2145 2870 2214 praemium
2896 2161 3059 2216 quam
3092 2160 3250 2217 ptena
3276 2145 3508 2203 debetur
3533 2165 3547 2203 :

1950 2245 2005 2290 et
2042 2234 2290 2305 perfidiae
2340 2238 2512 2308 magis
2554 2246 2827 2294 tormenta
2855 2245 3006 2307 sunt,
3035 2253 3198 2310 quam
3224 2254 3432 2297 corona
3462 2239 3547 2296 vi-

1949 2332 2158 2389 ctoriat.

2020 2425 2202 2497 (Vers.
2240 2427 2353 2497 i5.)
2387 2425 2541 2492 Quod
2570 2427 2616 2481 si
2643 2428 2854 2482 invicem
2882 2428 3152 2493 mordetis,
3183 2438 3232 2483 et
3255 2428 3543 2496 comeditis,

1948 2518 2114 2573 videte
2135 2535 2196 2572 ne
2225 2517 2290 2571 ab
2309 2519 2526 2574 invicem
2554 2521 2955 2576 consumamini.
2991 2520 3180 2577 Potest
3209 2521 3313 2576 huc
3340 2530 3395 2576 et
3417 2521 3549 2577 sim-

1949 2612 2163 2683 pliciter
2184 2613 2376 2682 accipi,
2408 2629 2476 2669 ne
2497 2613 2847 2670 detrahamus
2872 2615 3133 2682 invicem,
3168 2629 3239 2672 ne
3261 2615 3550 2672 maledicto

1949 2719 2049 2761 nos
2101 2717 2358 2777 putemus
2422 2709 2652 2777 ulcisci,
2707 2724 2775 2764 ne
2835 2708 3150 2765 contristati
3223 2710 3553 2766 contristare

1948 2799 2252 2868 cupiamus,
2282 2807 2336 2855 et
2369 2798 2574 2856 similes
2609 2801 2934 2866 bestiarum,
2973 2801 3230 2858 mordere
3250 2801 3458 2872 pariter
3495 2810 3552 2858 et

1949 2891 2251 2947 remorderi
2284 2937 2298 2960 ,
2376 2902 2435 2948 ut
2492 2903 2617 2963 post
2688 2909 2910 2948 morsus
2985 2903 3247 2965 sequatur
3301 2893 3549 2950 interitus

1947 2995 2111 3057 atque
2158 2988 2521 3057 consumptio.
2578 2987 2772 3042 Melius
2819 2997 3005 3042 autem
3059 2998 3176 3055 est,
3238 3003 3308 3044 ne
3355 2999 3548 3046 contra

1947 3082 2215 3136 rationem
2253 3092 2306 3136 et
2349 3082 2518 3136 totius
2545 3081 2802 3152 Epistula:
2851 3083 3328 3152 consequentiam,
3366 3081 3549 3137 subito

1950 3177 2003 3232 in
2059 3175 2498 3232 extraordinaria
2550 3184 2845 3247 prmeepta,
2894 3175 3094 3231 Paulus
3126 3185 3397 3246 erumpat,
3443 3174 3548 3230 hoc

246 3267 391 3338 jugis
419 3282 514 3338 per
531 3281 704 3323 annos
728 3282 1010 3333 recursus,
1043 3269 1095 3323 in
1115 3283 1226 3322 uno
1256 3267 1538 3324 charitatis
1570 3277 1843 3338 praecepto
1869 3235 1915 3301 Ο
1949 3267 2022 3324 ita
2067 3268 2410 3340 intelligere,
2453 3278 2512 3324 ut
2555 3269 2620 3324 ad
2679 3267 3156 3324 circumcisionem
3207 3269 3547 3324 observatio-

251 3359 700 3430 recapitulentur.
730 3359 848 3415 Nisi
894 3360 1035 3415 forte
1065 3359 1188 3430 quis
1219 3360 1312 3414 illo
1343 3373 1403 3415 se
1432 3359 1752 3426 transferat,
1784 3369 1842 3414 ut

249 3454 489 3510 affirmet
530 3454 731 3525 Legem
773 3454 1114 3526 spiritualem
1148 3468 1292 3516 esse,
1339 3464 1394 3511 et
1436 3454 1760 3525 imaginibus
1787 3464 1842 3511 et

247 3547 656 3618 exemplaribus
688 3561 788 3603 nos
829 3547 1137 3603 caelestium
1169 3545 1502 3612 deservisse,
1551 3558 1839 3618 antequam

246 3653 412 3696 verus
443 3639 694 3695 Pontifex
723 3639 1012 3695 adveniret
1043 3656 1056 3693 :
1087 3639 1178 3710 qui
1210 3649 1495 3710 postquam
1529 3639 1700 3694 semel
1731 3639 1839 3694 sei-

246 3747 406 3804 psum
441 3729 673 3786 offerens
701 3731 999 3796 victimam,
1036 3745 1136 3786 suo
1164 3730 1427 3801 sanguine
1457 3745 1558 3785 nos
1587 3729 1840 3795 redemit,

245 3826 427 3882 omnis
468 3825 558 3881 illa
612 3827 806 3897 prisca:
851 3825 1015 3897 Legis
1043 3827 1294 3892 varietas,
1330 3836 1386 3881 et
1418 3825 1737 3893 difficultas,
1785 3825 1838 3880 in

243 3920 420 3989 ipsius
442 3934 612 3990 super
633 3919 885 3975 homines
902 3919 1198 3976 dilectione
1223 3921 1492 3991 completa
1515 3930 1619 3976 est.
1654 3921 1836 3975 lntan-

246 4020 359 4068 tum
391 4013 592 4083 quippe
622 4011 785 4068 Pater
819 4013 1019 4067 amavit
1052 4012 1339 4075 mundum,
1371 4020 1429 4067 ut
1457 4013 1653 4068 Filium
1682 4027 1840 4069 suum

243 4103 652 4174 charissimum,
685 4113 741 4160 et
772 4105 1106 4176 unigenitum
1131 4105 1285 4160 daret
1311 4120 1409 4175 pro
1439 4105 1618 4160 nobis.
1651 4105 1711 4159 Ei
1741 4119 1838 4159 au-

245 4204 356 4252 tem
387 4197 476 4264 qui
523 4196 695 4252 semel
739 4197 936 4268 spiritu
966 4198 1176 4265 vivens,
1207 4212 1371 4268 opera
1402 4199 1583 4252 carnis
1611 4195 1843 4252 mortifi-

245 4290 410 4356 cavit,
461 4301 514 4345 et
544 4305 572 4345 a
614 4290 898 4347 Salvatore
942 4291 1202 4359 dilectus,
1253 4307 1591 4363 nequaquam
1625 4306 1836 4358 servus,

244 4384 344 4441 sed
389 4386 599 4441 amicus
628 4394 884 4454 vocatur,
921 4400 1029 4441 non
1070 4395 1155 4440 est
1179 4385 1317 4440 ultra
1347 4385 1460 4440 Lex
1493 4385 1689 4455 posita,
1721 4400 1842 4454 qua:

249 4478 437 4549 impiis
465 4487 520 4534 et
552 4479 952 4549 peccatoribus,
993 4487 1049 4534 et
1075 4492 1182 4534 nou
1224 4477 1486 4548 subjectis
1522 4487 1576 4532 ει
1617 4477 1840 4533 nefariis

247 4572 547 4626 constituta
575 4580 680 4627 est.
717 4574 785 4626 At
814 4585 959 4627 nunc
1003 4586 1124 4626 cum
1159 4571 1341 4625 omnia
1369 4586 1490 4642 quze
1531 4569 1837 4626 difficiliora

242 4672 392 4728 sunt,
423 4662 511 4716 vel
541 4661 754 4718 modica
784 4677 850 4717 ex
883 4670 1038 4734 parte
1069 4661 1358 4728 faciamus,
1392 4661 1494 4717 hoc
1521 4662 1700 4716 solum
1728 4678 1834 4716 non

243 4753 498 4816 facimus,
528 4753 672 4824 quod
711 4763 766 4809 et
809 4753 954 4809 factu
997 4753 1209 4809 facilius
1247 4760 1352 4818 est,
1395 4761 1449 4806 ει
1493 4753 1700 4822 absque
1729 4767 1836 4822 quo

241 4861 397 4902 cassa
425 4849 824 4903 suntuniversa
847 4862 968 4919 qua:
989 4847 1242 4903 facimus.
1266 4845 1465 4914 Jejuuii
1492 4859 1694 4915 corpus
1715 4860 1834 4900 sen-

245 4937 308 4993 tit
341 4939 599 5009 injuriam
632 4959 646 4994 :
676 4940 874 5010 vigilite
901 4955 1121 4996 carnem
1153 4947 1440 4994 macerant
1474 4955 1487 4991 :
1530 4938 1837 5009 eleemosy-

243 5045 326 5086 nte
349 5032 540 5088 labore
563 5040 882 5102 quaeruntur
907 5048 921 5086 :
951 5033 1172 5102 sanguis
1200 5029 1253 5085 in
1279 5029 1564 5102 Martyrio,
1587 5030 1837 5099 quamvis

245 5123 434 5178 ardeat
467 5123 630 5191 fides,
665 5134 846 5180 tamen
874 5123 994 5180 sine
1033 5123 1220 5178 dolore
1250 5131 1305 5178 et
1337 5127 1533 5178 timore
1564 5137 1670 5177 non
1711 5121 1835 5177 fun-

240 5215 406 5271 ditur.
442 5215 570 5273 Haec
593 5217 776 5272 omnia
803 5227 935 5271 sunt
963 5215 1056 5288 qui
1082 5215 1279 5270 faciant
1311 5233 1322 5268 ε
1348 5214 1465 5270 sola
1495 5213 1739 5271 charitas
1765 5217 1839 5271 si-

241 5323 311 5364 ne
343 5307 533 5364 labore
563 5316 670 5364 est.
701 5307 775 5364 Et
811 5309 939 5379 quia
974 5308 1091 5364 sola
1121 5321 1220 5363 c0r
1265 5307 1524 5363 mundum
1573 5307 1764 5376 efﬁcit,
1813 5324 1844 5364 a

313 5452 340 5481 α
379 5443 634 5498 Martian.
665 5441 896 5513 legerat,
937 5442 1117 5513 fratris
1162 5442 1288 5509 mei,
1322 5457 1444 5513 pro,
1475 5445 1654 5513 matris
1684 5460 1833 5508 meae,

237 5513 689 5570 dissentientibus
715 5511 852 5570 mss.
875 5511 1136 5578 et'sacro,
1164 5527 1325 5585 quem
1354 5511 1547 5568 alludit
1568 5513 1836 5588 Hierony-

237 5601 358 5641 mus
380 5595 550 5640 textu.

309 5655 336 5695 δ
375 5657 562 5712 Codex
605 5654 882 5711 Palatinus
924 5654 1026 5711 sub
1065 5654 1373 5711 asserentis
1405 5663 1555 5719 nota,
1594 5654 1837 5713 Charitas

237 5742 361 5800 cara
392 5727 531 5800 (sec.
552 5741 700 5781 man.
719 5730 864 5798 rara)
887 5727 1142 5798 possessio
1157 5736 1230 5784 est
1256 5728 1326 5796 ei,
1343 5726 1552 5798 quivult
1582 5728 1690 5798 ipse
1708 5745 1839 5784 ana-

242 5797 413 5853 thema
439 5813 570 5864 esse,
596 5805 704 5854 etc.

317 5880 338 5910 ο
381 5868 605 5928 Rectius
635 5868 807 5927 Palat.
835 5883 940 5926 ms.
981 5880 1028 5928 et
1057 5886 1311 5928 conrosus
1341 5869 1658 5928 remordeat.
1697 5870 1832 5928 Cor-

1945 3376 2180 3432 nemque
2204 3359 2366 3430 Legis
2389 3371 2582 3417 cuncta
2614 3361 2938 3417 referamus.
2965 3361 3022 3416 Si
3047 3375 3164 3429 vos,
3185 3360 3384 3430 inquit,
3419 3376 3551 3415 cou-

1946 3453 2165 3507 turbant
2193 3452 2311 3517 alii,
2340 3467 2436 3506 vos
2466 3460 2648 3506 autem
2673 3451 3101 3506 conturbamini.
3128 3450 3186 3508 Si
3217 3461 3383 3506 totam
3402 3451 3550 3506 Scri-

1944 3553 2159 3615 pturam
2194 3553 2436 3600 veterem
2471 3543 2742 3614 legentes,
2789 3545 2868 3600 sic
2903 3543 3212 3615 intelligitis
3239 3551 3300 3598 ut
3344 3544 3546 3616 scripta

1943 3644 2030 3692 est
2063 3652 2075 3688 :
2105 3634 2325 3689 Oculum
2350 3652 2444 3707 pro
2466 3634 2618 3691 oculo
2649 3637 2892 3690 :dentem
2918 3653 3010 3707 pro
3037 3635 3190 3690 dente
3215 3634 3397 3707 (Deut.
3429 3651 3547 3702 nx,

1942 3726 2064 3798 2t),
2106 3737 2161 3782 et
2203 3727 2286 3782 ira
2317 3728 2592 3783 desiderat
2641 3731 2926 3794 ultionem,
2971 3728 3107 3782 ultio
3139 3743 3272 3784 vero
3319 3730 3550 3797 imponit

1943 3819 2190 3876 dolorem
2216 3838 2230 3874 :
2263 3821 2405 3892 quod
2436 3821 2546 3876 Lex
2575 3838 2680 3876 ttou
2704 3823 2878 3876 solum
2912 3836 3016 3876 non
3047 3821 3321 3891 prohibet,
3354 3836 3544 3876 verum

1944 3915 2109 3970 etiam
2137 3915 2410 3984 prmcipit,
2453 3910 2720 3984 justitiam
2757 3915 2810 3969 in
2862 3913 3068 3968 talione
3110 3913 3428 3976 reatituens.
3462 3927 3552 3969 se-

1943 4008 2154 4078 quitur,
2183 4017 2242 4062 ut
2262 4016 2317 4062 et
2343 4007 2779 4072 nudatusuudet,
2806 4017 2857 4062 et
2877 4007 3198 4062 vulneratus
3214 4005 3548 4070 revulnerct,

1943 4110 1999 4158 et
2042 4113 2062 4139 ε·
2103 4112 2379 4158 comestus
2410 4101 2752 4165 remordeat,
2810 4108 2863 4154 et
2910 4115 3030 4170 qua:
3076 4099 3294 4154 videtur
3335 4098 3547 4169 justitia

1943 4209 2090 4260 esse,
2139 4193 2505 4264 comsumptio
2553 4193 2659 4260 sit,
2717 4207 2825 4248 non
2880 4207 3042 4247 unum
3093 4191 3399 4257 vindicans,
3449 4189 3548 4246 sed

1945 4300 2156 4357 utrumq
2169 4305 2234 4344 ue
2262 4303 2608 4344 consumens.

2015 4382 2194 4452 (Vers.
2228 4382 2342 4450 16.)
2378 4380 2508 4436 Dico
2533 4392 2707 4436 autem
2738 4397 2756 4434 :
2790 4381 2995 4452 Spiritu
3023 4380 3302 4445 ambulate,
3337 4388 3382 4434 et
3411 4379 3550 4433 desi-

1943 4475 2145 4528 derium
2172 4475 2347 4528 carnis
2376 4490 2477 4528 non
2509 4474 2806 4546 perﬁcietis.
2837 4473 2903 4528 Et
2933 4473 3034 4526 hoc
3063 4472 3226 4544 500
3245 4469 3542 4526 secundum

1945 4565 2227 4636 superiora
2275 4565 2572 4635 dupliciter
2617 4564 3028 4634 accipiendum,
3065 4573 3121 4617 ut
3161 4564 3407 4617 dicamus
3450 4575 3547 4616 eos

1945 4661 2034 4730 qui
2049 4658 2242 4728 spiritu
2267 4674 2433 4728 opera
2455 4658 2637 4713 carnis
2653 4658 3104 4712 mortificaverint
3121 4656 3168 4712 ei
3193 4653 3550 4712 seminaverit

1946 4753 2000 4807 in
2018 4752 2232 4821 spiritu,
2250 4749 2386 4804 utde
2399 4751 2594 4820 spiritu
2611 4751 2994 4805 metantvitam
3009 4759 3294 4818 mternam,
3310 4749 3550 4820 quoties-

1945 4862 2176 4917 cutnque
2189 4846 2521 4915 voluptatem
2537 4845 2720 4899 carnis
2741 4846 3014 4899 senserint
3029 4843 3276 4908 titillare,
3299 4858 3405 4896 non
3425 4855 3551 4912 pcr-

1947 4939 2108 4995 ficere
2155 4939 2482 4994 desiderium
2539 4937 2656 5006 ejus
2705 4936 2872 5008 (quod
2919 4936 3139 5006 quidem
3181 4935 3226 4989 si
3271 4932 3548 5001 expletum

1945 5028 2128 5094 fuerit,
2161 5028 2393 5085 blandiri
2417 5028 2634 5082 videtur
2653 5026 2719 5081 ad
2748 5027 3008 5097 tempus),
3038 5025 3134 5080 sed
3157 5025 3351 5094 spirittt
3376 5020 3548 5077 refre-

1945 5139 2099 5188 nare,
2122 5133 2176 5178 et
2205 5121 2502 5177 secundum
2533 5121 2858 5176 sententiam
2895 5117 3147 5173 Historici
3179 5114 3455 5189 (Sallust.)
3483 5111 3508 5149 ιι
3530 5156 3546 5180 ,

1944 5213 2127 5270 Animi
2173 5215 2422 5286 imperio,
2471 5214 2719 5282 corporis
2745 5211 2969 5266 servitio
2997 5209 3170 5280 magis
3198 5209 3404 5262 vivere.
3436 5205 3548 5261 Nec

1945 5323 2054 5365 non
2069 5316 2124 5363 et
2136 5305 2291 5371 illud,
2307 5305 2430 5376 quia
2452 5305 2563 5360 Lex
2577 5303 2880 5376 spiritualis
2892 5310 2977 5359 est
2993 5300 3170 5372 (Rom.
3189 5298 3310 5370 vn),
3329 5307 3502 5353 etnon
3520 5306 3544 5333 ο

1942 5454 2100 5514 rnpte
2129 5453 2307 5498 autem
2341 5452 2470 5498 ante
2500 5451 2613 5498 tres
2644 5457 2856 5502 versus.
2878 5440 3150 5513 justitiam
3179 5440 3234 5494 in
3263 5438 3358 5493 tali
3387 5454 3542 5494 onere

1938 5517 2232 5584 instituens,
2266 5529 2386 5584 pro,
2418 5515 2473 5568 in
2499 5515 2694 5568 talione
2717 5514 3012 5584 restituens.

2015 5583 2042 5623 ά
2081 5585 2230 5642 Idem
2269 5582 2379 5640 ’ms.
2419 5599 2542 5640 cum
2575 5584 2806 5654 negandi
2836 5583 3120 5654 particula,
3161 5582 3402 5638 blandire
3431 5599 3537 5654 non

1941 5656 2167 5713 videtur.
2195 5657 2294 5713 Est
2317 5671 2480 5724 porro
2501 5653 2746 5722 Salustii,
2777 5653 2940 5725 quam
2972 5653 3179 5718 laudat,
3212 5653 3484 5710 sententia

1943 5730 2117 5784 Animi
2146 5729 2382 5798 imperio,
2413 5728 2644 5801 corporis
2661 5728 2875 5801 servitio
2903 5725 3065 5801 magis
3093 5727 3364 5801 utendum.

2019 5809 2044 5837 θ
2087 5801 2202 5872 Duo
2218 5794 2489 5856 'mss.'non
2505 5794 2631 5872 "quia
2652 5800 2705 5854 in
2730 5794 3004 5872 manifesto
3019 5794 3380 5872 Judwus,_sed
3408 5799 3534 5868 quia

1941 5871 1998 5928 in
2028 5869 2251 5940 occulto,
2292 5881 2340 5928 et
2377 5869 2822 5934 circumcisionem
2861 5869 3028 5927 cordis
3064 5869 3118 5925 in
3153 5869 3342 5942 spiritu
3366 5910 3384 5940 ,
3429 5885 3532 5924 non
