4046 6344
505 307 608 370 411
1264 340 1268 346 -
1736 302 1800 359 S.
1838 300 2117 361 EUSEBII
2154 300 2543 363 HIERONYMI
3725 304 3856 361 4ιὶ

508 428 601 502 qui
639 427 693 484 in
724 426 1014 486 manifesm
1044 424 1289 491 Judzeus,
1321 423 1419 483 sed
1448 424 1541 498 qui
1563 424 1618 481 in
1642 421 1881 488 occulto,
1911 429 1967 483 et
1995 421 2101 479 cir-
2132 425 2177 501 Α
2208 420 2399 478 festiue
2450 421 2561 489 liat,
2608 420 2831 495 aliquod
2877 431 3161 477 sumamus
3207 417 3522 490 exemplum
3575 435 3593 473 :
3652 417 3850 488 Caro,

508 521 774 593 cumcisio
802 518 986 576 cordis
1012 517 1067 575 in
1094 518 1313 589 Spiritu,
1344 532 1451 573 non
1476 517 1678 583 littera,
1703 530 1800 573 eos
1820 516 2104 579 ambulare
2207 523 2350 573 terra
2371 555 2388 582 ,
2440 514 2617 571 anima
2639 556 2653 579 ,
2709 528 2905 571 aurum
2932 555 2949 583 ,
3000 511 3266 584 spiritus,
3310 510 3453 583 ignis
3510 519 3849 570 vocentur.

509 618 727 688 spiritu,
760 622 815 672 et
842 612 1021 668 carnis
1049 610 1379 669 desiderium
1413 627 1519 667 non
1560 610 1824 683 perlicere
1844 610 2100 680 dicimus,
2205 607 2473 679 Quamdiu
2511 624 2708 665 aurum
2744 607 2905 664 fuerit
2944 607 3000 662 in
3041 615 3212 672 terra,
3244 605 3428 679 perdit
3476 607 3849 665 vocabulum

509 711 602 785 qui
634 706 995 779 spiritualiter
1036 704 1393 779 egrediuntur
1419 702 1741 777 Egyptum,
1766 711 1823 760 et
1844 703 2105 775 spiritua-
2205 717 2392 770 suum,
2426 710 2481 759 et
2525 717 2557 758 a
2604 709 2748 759 terra
2795 700 2887 757 cui
2933 701 3289 758 commixtum
3327 707 3437 769 est,
3470 700 3848 772 appellatur.

508 802 615 858 lem
646 814 829 857 escam
871 808 1171 871 potumque
1206 796 1275 853 de
1305 797 1583 869 spirituali
1629 797 1889 855 hauriunt
1926 805 2101 870 petra,
2204 792 2338 849 Cant
2368 808 2497 849 vero
2539 803 2851 864 separatum
2882 792 2953 849 ab
2984 793 3174 859 humo,
3207 790 3330 847 auri
3359 800 3415 849 et
3458 791 3733 864 speciem
3776 801 3843 850 et

504 895 597 964 qui
628 906 733 949 non
757 890 1072 962 jndicantur
1102 889 1155 947 in
1189 888 1333 958 cibo,
1367 899 1458 945 aut
1485 890 1539 947 in
1566 900 1722 961 potu,
1748 898 1842 948 aut
1867 889 1921 947 in
1950 900 2105 963 parte
2205 902 2404 953 nomen
2424 888 2932 958 acceperit,aurum
2951 886 3174 960 quidem
3202 885 3428 953 dicitur,
3443 885 3540 943 sed
3567 886 3844 945 necdum

506 985 610 1042 diei
636 968 785 1056 festi,
808 993 901 1041 aut
924 985 1228 1043 ncomenite
1254 994 1310 1042 et
1336 984 1571 1051 sabbati,
1596 985 1691 1043 sed
1721 985 1999 1042 ambulant
2048 988 2101 1042 in
2205 980 2513 1051 probatum.
2544 980 2603 1037 Si
2649 988 2833 1037 autem
2875 995 2971 1051 per
3007 978 3189 1053 ignem
3224 988 3517 1037 excoctum
3554 979 3757 1036 fuerit
3781 989 3846 1039 et

506 1078 760 1137 omnibus
781 1075 1165 1148 spiritualiter,
1199 1091 1306 1133 non
1334 1076 1678 1149 perlicientes
1702 1092 1917 1135 carnem
1941 1079 2102 1151 legis,
2205 1079 2524 1145 purgatum,
2562 1082 2693 1131 tunc
2738 1072 2858 1130 auri
2920 1071 3295 1143 splendorem,
3323 1078 3382 1128 et
3422 1079 3668 1128 ornatus
3742 1072 3845 1129 sui

509 1170 773 1227 litterceve
806 1170 1166 1236 desiderium,
1198 1169 1295 1227 sed
1324 1170 1533 1228 fructus
1576 1179 1853 1231 metentes
1895 1173 2102 1230 intelli-
2203 1168 2398 1238 accipit
2436 1166 2781 1241 dignitatem.
2808 1167 2890 1225 Ila
2937 1176 2992 1224 ει
3030 1166 3215 1224 anima
3271 1167 3415 1225 inter
3475 1168 3721 1225 humum
3776 1177 3845 1225 ct

505 1263 705 1335 gentia:
728 1261 1051 1335 spiritualis.
1080 1262 1260 1319 Tertia
1285 1278 1507 1334 quoque
1527 1263 1959 1336 interpretatioa
1985 1266 2104 1338 qui-
2205 1262 2404 1332 ignem,
2454 1262 2560 1319 hoc
2590 1268 2697 1333 est,
2738 1260 2883 1319 inter
2925 1277 3152 1319 carnem
3202 1262 3567 1336 spiritumque
3615 1263 3836 1320 consi-

509 1354 742 1418 busdam
772 1357 825 1410 in
859 1355 964 1411 hoc
989 1355 1112 1411 loco
1134 1353 1276 1412 dicta
1306 1365 1417 1424 est,
1446 1356 1542 1413 sed
1575 1373 1694 1428 qua:
1722 1372 1827 1417 non
1869 1358 2101 1415 multum
2202 1366 2372 1422 stens,
2425 1354 2646 1429 quando
2698 1370 2760 1414 se
2803 1355 3097 1414 tradiderit
3134 1356 3315 1426 carni,
3362 1371 3494 1414 caro
3544 1356 3780 1414 dicitur
3810 1373 3834 1420 ;

510 1448 785 1518 discrepet
810 1461 839 1505 a
871 1446 1132 1518 secunda,
1165 1456 1224 1505 ut
1254 1447 1583 1506 desiderium
1614 1451 1797 1509 carnis
1825 1451 1877 1507 in
1910 1450 1996 1511 bis
2015 1468 2103 1510 as-
2203 1447 2422 1520 quando
2453 1448 2691 1521 spiritui,
2719 1449 2952 1522 spiritus
2981 1449 3318 1522 appellatur.
3342 1448 3370 1489 ι’
3400 1449 3552 1519 Quod
3589 1452 3644 1508 si
3678 1466 3834 1523 pro-

508 1548 695 1597 serant
726 1554 845 1596 esse
876 1540 966 1610 qui
1014 1541 1222 1611 parvuli
1248 1543 1299 1599 in
1330 1541 1546 1599 Christo
1584 1552 1715 1600 sunt
1742 1563 1756 1601 ι
1788 1544 1891 1603 iter
1918 1558 2101 1604 autem
2203 1543 2323 1612 prio
2359 1542 2658 1601 crediderit
2685 1543 2970 1616 cogitatui,
3001 1552 3056 1601 et
3095 1543 3312 1613 absque
3354 1544 3529 1616 gratia
3556 1543 3833 1615 Spiritus

507 1632 737 1702 spiritus
769 1633 825 1690 in
856 1632 1110 1703 perlectis
1135 1634 1287 1706 viris,
1317 1646 1372 1694 et
1393 1651 1515 1694 esse
1541 1650 1764 1696 sensum
1792 1654 1807 1693 :
1837 1637 1893 1693 in
1919 1640 2101 1709 gravi-
2203 1634 2378 1691 sancti
2410 1635 2655 1695 invenire
2684 1650 2745 1692 se
2788 1635 3141 1693 aestimaverit
3184 1635 3495 1697 veritatem,
3524 1636 3695 1709 quasi
3724 1653 3837 1693 au-

509 1730 620 1781 tate
650 1724 897 1799 spiritus,
943 1726 997 1783 id
1038 1735 1142 1793 est,
1191 1728 1243 1784 in
1287 1728 1484 1785 itinere
1512 1729 1617 1785 viri
1660 1729 1938 1787 ambulate
1982 1746 2103 1803 per-
2204 1742 2324 1783 rum
2373 1726 2681 1795 sordidum,
2713 1728 2966 1785 animalis
3012 1728 3251 1785 hominis
3296 1729 3687 1800 appellatione
3738 1730 3829 1788 si-

508 1817 657 1885 τεαὶ,
692 1828 749 1876 ει
776 1835 881 1879 ιιοη
910 1819 1125 1877 facietis
1154 1820 1429 1879 desideria
1454 1823 1827 1893 parvulorum,
2127 1806 2177 1868 B
2201 1825 2395 1888 gnatur
2421 1816 2531 1892 [ΔΙ.
2562 1816 2919 1893 signabitur].
2951 1819 3140 1878 Potest
3179 1819 3333 1876 locus
3365 1820 3469 1877 istc
3500 1821 3581 1877 sic
3606 1822 3831 1881 melius

586 1910 770 1985 (Vers.
806 1912 919 1985 l7.)
952 1910 1088 1969 Caro
1116 1914 1250 1970 enim
1295 1915 1616 1990 concupiscit
1658 1916 1908 1975 adversus
1937 1916 2097 1991 spiri-
2203 1910 2507 1982 explanari,
2536 1920 2591 1969 et
2632 1911 2787 1984 quasi
2828 1928 2938 1969 una
2983 1914 3158 1970 series
3207 1928 3520 1985 corpusque
3569 1913 3729 1982 fieri,
3763 1930 3830 1973 se

507 2016 635 2072 tum,
665 2007 882 2077 spiritus
911 2018 1087 2064 autem
1130 2009 1379 2065 adversus
1417 2026 1643 2067 carnem.
1688 2009 1817 2068 Haec
1842 2013 1979 2069 enim
2003 2012 2101 2068 sibi
2202 2004 2436 2062 ἱηνίεθιῐι
2486 2016 2735 2073 ηθειθηεο
2769 2006 2987 2078 sibique
3032 2021 3139 2063 ηοη
3168 2005 3512 2079 ἀίδθτθβθηεο
3552 2005 3826 2077 Frau’ess

506 2098 723 2153 inuicem
761 2098 1125 2176 adversantur,
1171 2112 1229 2154 ut
1267 2118 1370 2159 non
1415 2117 1754 2176 quiscumque
1782 2103 1959 2167 vultis,
2005 2102 2101 2161 illa
2203 2098 2271 2156 de
2297 2099 2562 2156 servitute
2608 2098 2768 2171 Legis
2800 2100 2977 2156 vocati
3003 2100 3138 2157 estis
3173 2100 3226 2157 in
3249 2099 3536 2173 Evangelii
3569 2101 3826 2158 liberta-

504 2189 735 2265 fociatis.
759 2174 920 2253 ,δίη-ο
957 2193 1321 2263 prtesentibns
1350 2174 1671 2251 delectatur]
1700 2205 1753 2252 et
1800 2195 2097 2252 brevibus:
2206 2200 2333 2247 tem.
2369 2190 2566 2247 Verum
2599 2191 2831 2249 obsecro
2861 2206 2983 2258 vos,
3006 2207 3075 2248 ne
3118 2192 3375 2250 libertate
3419 2207 3521 2264 pro
3576 2193 3826 2252 licentia

506 2280 728 2349 spiritus
756 2282 1037 2352 perpetuis
1065 2291 1120 2337 et
1146 2283 1361 2338 futuris.
1392 2284 1539 2339 Inter
1581 2286 1684 2341 hoc
1708 2284 1949 2358 jurgium
1981 2304 2099 2346 me-
2203 2281 2524 2352 abutaminio
2552 2292 2607 2341 θι
2632 2284 2836 2356 [ﬁlictis
2862 2284 3020 2340 “bis
3056 2294 3253 2341 cunela
3283 2284 3544 2357 expedire
3575 2301 3710 2358 qua?
3755 2285 3830 2342 λί-

505 2370 593 2427 dia
636 2381 663 2409 ⁸
706 2373 886 2433 anima
926 2374 1200 2442 constitit.
1246 2375 1457 2434 habens
1499 2379 1719 2448 quidem
1763 2377 1818 2438 iu
1862 2393 1960 2438 sua
2002 2395 2103 2453 po-
2202 2385 2330 2433 cent
2362 2392 2377 2430 :
2407 2375 2655 2448 detisque
2683 2378 3033 2434 occasionem
3064 2376 3227 2452 502
3257 2377 3406 2434 carni
3439 2384 3609 2449 atque
3646 2379 3823 2436 luxu-

505 2471 705 2522 testate
760 2464 960 2521 bonum
1008 2475 1062 2523 et
1106 2466 1340 2538 malum,
1379 2468 1519 2526 velle
1556 2481 1613 2527 et
1643 2470 1812 2543 nolle,
1860 2472 1957 2530 sed
1991 2489 2100 2533 non
2204 2467 2319 2523 rite.
2344 2466 2486 2539 Quin
2519 2467 2697 2539 potius
2727 2468 2926 2525 discite
2954 2469 3098 2541 quod
3132 2469 3357 2527 libertas
3386 2468 3505 2526 haec
3528 2469 3724 2541 major
3745 2470 3826 2527 sit

506 2555 712 2613 habens
762 2559 863 2615 hoc
904 2554 1083 2630 ipsum
1111 2560 1251 2617 velle
1275 2575 1339 2618 ac
1368 2562 1512 2618 nolle
1545 2573 1866 2636 perpetuum
1895 2583 1910 2622 ;
1937 2567 2097 2644 θοι
2203 2560 2461 2629 servitus,
2496 2569 2553 2615 ut
2593 2559 2736 2635 quod
2784 2570 2915 2618 ante
2964 2560 3073 2617 Lex
3104 2560 3173 2617 ab
3218 2561 3403 2618 invitis
3433 2562 3824 2633 extorquebat

505 2649 631 2721 quia
698 2648 816 2706 ﬁeri
876 2660 1082 2723 potest,
1123 2662 1184 2709 ut
1230 2668 1353 2710 cum
1408 2654 1560 2713 carui
1626 2660 1990 2728 consenserit,
2045 2670 2102 2718 et
2203 2653 2546 2728 obsequium,
2577 2668 2842 2725 nuncper
2882 2653 3200 2711 charitatem
3224 2653 3380 2709 vobis
3419 2652 3664 2711 invicem
3696 2669 3826 2715 ser-

509 2757 678 2815 opera
727 2745 848 2815 ejus
917 2744 1135 2817 iecerit,
1197 2763 1414 2805 rursum
1470 2765 1567 2820 per
1633 2751 2012 2822 pceniteritiam
2042 2769 2104 2811 se
2203 2747 2377 2805 viatis.
2414 2747 2699 2820 Siquidem
2726 2762 2892 2805 omne
2914 2746 3041 2804 illud
3075 2746 3233 2818 Legis
3258 2761 3423 2815 onus,
3447 2756 3502 2803 et
3534 2747 3823 2819 multipli-

514 2835 861 2916 remo;dens,
906 2837 1126 2909 spiritui
1177 2841 1486 2912 copuletur,
1535 2851 1587 2898 et
1618 2857 1782 2914 opera
1816 2842 1938 2916 ejus
1982 2844 2101 2903 εἴη·
2202 2841 2282 2896 cia
2317 2850 2615 2914 pratcepta,
2652 2855 2758 2897 non
2805 2849 2913 2896 tam
2952 2838 3175 2897 exclusa
3221 2850 3352 2895 sunt
3393 2853 3489 2912 per
3516 2839 3821 2912 Evangelii

514 2853 671 2893 remo
703 2853 861 2907 oens,
906 2853 1126 2909 sptrttut
1177 2853 1486 2912 copuletur,
1535 2853 1587 2898 et
1618 2857 1782 2914 opera
1816 2853 1938 2916 ejus
1982 2853 2101 2903 el'll-
2202 2856 2282 2896 eta
2317 2853 2615 2914 praecepta,
2652 2855 2758 2897 non
2805 2853 2913 2896 tam
2952 2853 3175 2897 exclusa
3221 2853 3352 2895 sunt
3393 2853 3489 2912 per
3518 2853 3821 2912 tavangettt

506 2853 778 3027 ciatfloc
803 2935 889 2982 est
921 2943 1055 2999 ergo
1093 2931 1236 3002 quod
1280 2932 1355 2987 ait
1392 2931 1564 2989 :Ha’c
1590 2934 1729 2991 enim
1752 2933 1854 2992 sibi
1881 2934 2100 2994 invicem
2201 2936 2451 3006 gratiam,
2480 2951 2639 3003 quam
2675 2948 2784 2990 uno
2812 2932 3099 2990 charitatis
3139 2946 3395 2989 sermone
3442 2931 3725 2998 breviata,
3758 2938 3822 2987 ut

507 3017 864 3089 adversantur,
890 3020 943 3076 id
977 3032 1080 3091 est,
1104 3038 1230 3078 caro
1251 3033 1306 3080 et
1332 3024 1558 3096 spiritus
1589 3044 1601 3082 :
1627 3035 1683 3085 ut
1709 3044 1813 3085 non
1837 3045 2100 3100 quecum—
2202 3028 2492 3100 diligamus
2538 3025 2847 3099 proximum
2891 3025 3034 3080 sicut
3079 3024 3467 3095 nosmetipsos.
3495 3022 3604 3093 Qui
3659 3023 3819 3079 enim

504 3128 604 3182 que
632 3113 807 3181 vultis,
834 3112 930 3169 illa
959 3116 1187 3187 faciatis.
1222 3117 1337 3174 Non
1368 3135 1475 3192 quo
1511 3112 1790 3192 proprium
1820 3124 1980 3182 nobis
2006 3115 2119 3180 ιιι..’
2202 3118 2377 3191 diligit
2409 3116 2736 3191 proximum,
2767 3126 2931 3174 totam
2963 3116 3138 3189 legem
3170 3116 3360 3188 implet
3383 3112 3607 3188 (Matth.
3644 3113 3818 3187 xm),

510 3204 635 3261 lerit
664 3207 969 3277 arbitrium,
1004 3225 1114 3281 quo
1148 3211 1230 3267 vel
1254 3214 1424 3281 carni,
1455 3214 1540 3271 vel
1584 3216 1794 3285 spiritui
1825 3219 2097 3277 assentia-
2123 3195 2171 3261 θ
2203 3210 2345 3265 bona
2374 3210 2422 3266 υἱ
2456 3209 2721 3275 "ibimus.
2754 3209 2893 3264 ηιειιτι
2930 3224 3037 3264 που
3072 3208 3331 3264 ίητενεηε·
3367 3218 3389 3247 °
3422 3206 3577 3277 Quod
3612 3207 3660 3263 Si
3690 3222 3821 3263 οεδ-

507 3313 630 3353 ιιιιιι·
656 3317 670 3353 :
705 3300 800 3356 sed
824 3302 949 3374 quia
976 3302 1120 3373 quod
1159 3303 1408 3377 facimus,
1439 3322 1546 3364 non
1583 3320 1667 3367 εει
1693 3323 1938 3371 nostrum
1968 3327 2098 3386 pro-

2223 3311 2282 3357 ict
2317 3301 2562 3369 dilectio,
2586 3310 2640 3357 et
2668 3316 2774 3355 non
2801 3300 2875 3355 sit
2902 3298 3169 3367 charitas,
3204 3315 3301 3370 per
3344 3314 3508 3371 quam
3541 3299 3634 3354 lex
3689 3299 3821 3353 uni-

504 3390 644 3460 prie,
670 3392 764 3448 scd
789 3408 924 3465 opus
946 3395 1121 3465 ipsum
1149 3397 1239 3453 vel
1264 3400 1436 3466 carni,
1453 3399 1540 3456 vel
1566 3401 1778 3473 spiritui
1805 3402 2102 3473 deputatur

2220 3410 2358 3451 tersa
2382 3393 2711 3466 completur,
2749 3392 3022 3463 publicum
3051 3393 3326 3465 quoddam
3363 3394 3505 3448 inter
3544 3391 3818 3449 homines

506 3482 614 3556 [ΑΙ.
640 3484 980 3562 deputetur].
1005 3488 1236 3545 Grandis
1272 3491 1477 3549 laboris
1516 3499 1571 3549 et
1607 3492 1989 3564 disputationis
2018 3504 2101 3552 est
2203 3485 2549 3542 latrocinium
2581 3487 2708 3555 erit,
2742 3492 2801 3540 ut
2847 3495 3038 3540 contra
3086 3500 3147 3542 se
3199 3486 3432 3542 invicem
3483 3484 3819 3542 defurentes

505 3577 710 3647 nimim,
744 3580 985 3635 08tensis
1024 3580 1205 3634 carnis
1248 3581 1508 3651 operibus
1549 3593 1600 3636 et
1641 3583 1889 3654 spiritus,
1921 3584 2097 3642 media
2203 3579 2310 3651 [AL
2335 3577 2694 3652 defcrenles],
2718 3593 2887 3650 seque
2918 3578 3259 3648 mordentes,
3292 3593 3697 3635 consumantur
3743 3577 3819 3633 ab

501 3669 681 3741 aliqua
715 3673 976 3742 reperire,
1008 3688 1244 3743 quameo
1271 3675 1336 3730 ad
1361 3689 1586 3731 carnem
1616 3674 1905 3733 videantur
1932 3678 2101 3751 perli-
2201 3671 2454 3727 invicem.
2508 3670 2614 3725 Vos
2659 3680 2838 3727 autem
2892 3672 3111 3740 fratres,
3159 3682 3451 3743 propterea
3496 3671 3815 3727 secundum

506 3777 664 3829 nere,
716 3778 817 3820 nec
857 3763 925 3818 ad
966 3763 1242 3833 spiritum.
1276 3766 1540 3822 Carnales
1579 3767 1832 3837 dicimur,
1880 3771 2100 3842 quando
2202 3762 2541 3835 spiritualem
2573 3764 2747 3834 legem
2776 3763 2990 3821 debetis
3030 3765 3237 3830 vivere,
3263 3780 3333 3819 ne
3372 3763 3650 3821 desideria
3685 3778 3818 3838 quas

510 3864 657 3911 totos
687 3872 786 3913 nos
831 3857 1202 3925 voluptatibus
1244 3858 1457 3919 damus.
1494 3859 1845 3931 Spirituales,
1879 3863 2100 3935 quando
2200 3858 2382 3915 carnis
2411 3867 2558 3928 sunt,
2589 3857 2906 3928 perticiatis.
2935 3855 3078 3912 Caro
3109 3859 3254 3911 cnim
3284 3855 3454 3928 frigus
3485 3856 3667 3922 timet,
3715 3872 3814 3912 as-

512 3948 775 4019 Spiritnm
818 3957 1066 4005 sanctum
1103 3952 1360 4021 praevium
1410 3953 1711 4025 sequimur,
1744 3954 1795 4009 id
1839 3964 1945 4024 est,
1974 3972 2099 4014 cum
2204 3959 2465 4024 perﬂatur
2524 3951 2720 4007 famem
2747 3990 2762 4014 ν
2809 3956 3121 4004 διιθηιῖεηυν
3195 3947 3420 4017 “giliis.
3476 3945 3819 4006 libidinibus

507 4043 627 4112 ipso
652 4043 895 4114 sapimus
924 4042 1253 4112 instruente,
1284 4045 1402 4116 ipso
1425 4046 1684 4104 docemur
1704 4053 2101 4107 auctorc.Ani-
2206 4043 2536 4113 exardescit,
2570 4041 2750 4098 mollia
2789 4056 3019 4113 qumque
3057 4048 3113 4096 et
3144 4038 3389 4113 jucunda
3419 4037 3729 4096 desiderat.
3771 4041 3816 4099 Ε

509 4131 680 4188 males
708 4147 839 4189 reor
863 4148 987 4190 esse
1018 4133 1398 4209 philosophos,
1423 4136 1515 4207 qui
1554 4138 1808 4209 proprios
1834 4140 2104 4211 cogitatus
2205 4149 2394 4198 contra
2415 4136 2666 4210 spiritus,
2698 4149 2759 4192 ea
2784 4149 2905 4208 qua:
2933 4134 3084 4190 carni
3117 4133 3393 4188 contraria
3417 4140 3562 4200 sunt,
3589 4141 3650 4188 et
3680 4148 3816 4205 qua)

509 4232 699 4296 putant
742 4240 867 4281 esse
913 4228 1272 4297 sapientiam,
1305 4229 1373 4285 de
1412 4231 1611 4302 quibus
1656 4243 1805 4291 recte
1856 4234 2100 4298 dicitur;
2207 4233 2354 4290 illam
2395 4229 2688 4287 debilitare
2732 4235 2957 4301 queant,
2991 4224 3219 4298 expetit.
3254 4225 3318 4280 Et
3359 4226 3433 4280 ita
3485 4225 3567 4291 lit,
3596 4235 3658 4280 ut
3700 4240 3812 4281 non

512 4316 769 4372 Animalis
785 4327 959 4372 autem
978 4318 1133 4375 homo
1161 4337 1263 4376 non
1286 4323 1466 4395 recipit
1492 4321 1601 4397 [ΑΙ.
1635 4325 1876 4402 percipit]
1905 4345 1967 4387 ea
1987 4346 2103 4403 quin
2204 4328 2327 4384 ideo
2359 4323 2485 4396 quia
2505 4323 2608 4377 sub
2647 4321 2913 4378 servitute
2943 4318 3103 4390 Legis
3129 4332 3255 4374 esse
3283 4316 3566 4383 cessastis,
3600 4316 3812 4387 putetis

506 4417 623 4463 sunt
651 4410 889 4483 spiritus.
915 4408 1158 4469 Stultitia
1188 4413 1380 4487 quippe
1414 4424 1489 4475 cst
1527 4417 1594 4474 ei.
1626 4416 1783 4488 Quod
1827 4429 1887 4478 ut
1922 4424 2100 4482 mani-
2205 4436 2329 4483 esse
2358 4434 2456 4477 vos
2488 4418 2691 4476 liberos
2722 4415 2858 4472 :sed
2892 4412 3084 4473 sciatis
3114 4411 3287 4485 magis
3325 4420 3532 4468 naturae
3561 4425 3663 4467 vos
3687 4410 3812 4482 lego

504 4583 698 4672 littera.
734 4584 840 4641 Eos
881 4587 1053 4672 itaque
1076 4589 1354 4672 ambulare
1380 4593 1570 4672 spiritu
1609 4604 1660 4672 et
1698 4599 1869 4656 carnis
1894 4601 2097 4660 desidc-
2128 4607 2181 4668 D
2208 4604 2300 4665 lib.
2331 4619 2367 4659 ιι
2398 4602 2469 4659 de
2513 4600 2711 4658 Genesi
2742 4598 2809 4672 ad
2841 4598 2924 4654 lit.
2958 4613 3079 4672 cap.
3123 4598 3210 4672 12,
3244 4596 3454 4652 laudari
3486 4595 3684 4668 possit,
3715 4594 3807 4649 ulti

503 4660 770 4742 ""1"an
794 4660 1038 4742 perﬁcere
1056 4660 1228 4742 iam,
1261 4663 1349 4742 (1μὶ
1376 4660 1739 4742 spiritualium
1771 4680 1876 4726 etc.
2128 4660 2172 4668 ’⁷
2205 4660 2441 4732 animam
2473 4681 2752 4742 tamquam
2784 4671 2837 4726 in
2867 4660 3052 4727 medio
3083 4669 3320 4739 positam
3339 4660 3753 4742 nonnumquam
3774 4680 3804 4719 a

579 4726 599 4752 '
637 4726 968 4812 Origeniana
991 4726 1414 4812 sententi-altato"
1439 4744 1543 4805 est,
1576 4726 1817 4795 animam
1862 4743 2097 4802 mediam

2209 4726 2449 4804 Ξτῖιέἦὲεᾞξι
2468 4726 2873 4812 vitia'deprimi,
2894 4726 3298 4810 nonnumquam
3324 4752 3354 4792 a
3376 4740 3567 4812 spiritu
3594 4726 3664 4793 ad
3698 4737 3807 4812 vir-

504 4812 629 4884 (ἰξεε
655 4800 1617 4884 qllqdammffﬁio“auritum-interet
1661 4826 1884 4884 carnem
1925 4800 2100 4874 :Cuni
2208 4800 2376 4879 inte—tn
2409 4814 2570 4882 erigi,
2614 4800 2826 4884 scribit.
2861 4800 3228 4884 'Pluresve'ro
3258 4800 3425 4884 quani
3454 4811 3542 4884 qui
3593 4808 3807 4884 possint

504 4871 718 4956 “59"”,
748 4873 921 4945 inqu"
951 4873 1042 4957 in?
1070 4871 1166 4957 ῘΨ·
1197 4893 1234 4957 ¹ε
1262 4877 1313 4931 in
1346 4876 1641 4957 Epistolam
1671 4882 1737 4937 ad
1764 4871 2097 4957 llorna‘nost,
2203 4871 2523 4945 iudicat-iiii
2551 4871 2671 4957 eius
2690 4882 2963 4957 Operibus
2993 4881 3093 4938 loci
3126 4871 3291 4957 sunt;
3323 4871 3607 4957 inquibus:
3640 4878 3805 4957 Spiri-

503 4943 626 5012 quia
655 4960 778 5021 caro
816 4943 1135 5013 concupiscit
1164 4943 1410 5021 adversus
1440 4952 1700 5021 spiritum,
1742 4955 1960 5020 spiritus
1999 4943 2100 5015 ἀτί-ἶ
2202 4943 2531 5015 tunicaruis
2562 4943 2940 5009 adversarium
2976 4969 3072 5021 pro
3101 4943 3298 5007 animae
3325 4943 3607 5021 principali
3640 4943 3802 5013 Ρῖτιηθ

505 5023 605 5068 tem
634 5016 876 5101 adversus
897 5020 1330 5101 omnem-media
1352 5016 1538 5088 procul
1560 5016 1716 5101 dubio
1751 5016 1961 5101 ponitur
1989 5033 2104 5086 ani-
2199 5032 2352 5101 juxta
2375 5027 2670 5101 Qrigeuem
2705 5016 2995 5101 ίιιιθηθκίεέ
3024 5023 3104 5079 Εἰ
3129 5037 3238 5101 (1³³9
3266 5023 3462 5077 min
3497 5016 3668 5101 magis
3695 5026 3801 5081 es"

505 5101 610 5167 mu,
638 5102 754 5157 quia
779 5088 857 5168 vel
903 5087 1954 5172 desideriis_spiritus_acquiescat_'velad
1983 5117 2102 5157 car-
2199 5087 2349 5172 'quod
2392 5087 2779 5172 Pelagianism
2813 5094 2954 5172 hanc
2977 5087 3323 5172 gementium
3365 5087 3803 5170 accuset'lanscf

506 5157 589 5238 nis
615 5158 1059 5245 cencupigcentigs
1088 5161 1385 5245 inclinetur.
1421 5157 1709 5245 llis'Jiaria
1737 5167 2101 5245 in_pleri_sque

2205 5157 2710 5245 tiius,_omniumque
2730 5169 2940 5245 ontnino
2971 5164 3397 5245 Pelagianorum,
3425 5180 3647 5245 quorum
3675 5158 3803 5245 acri:-

507 5226 625 5315 ςίρξ
834 5229 1089 5315 invenire
1122 5238 1206 5285 cst
1238 5246 1385 5315 aueo
1430 5226 1678 5315 proiecto
1720 5226 2099 5315 dithitandtim:
2202 5226 2498 5315 ptafuidere
2513 5226 2997 5315 pottiit,pr0priam
3018 5226 3326 5315 dicitt,cum
3352 5226 3802 5315 lt'tc'ulentcradeo

505 5298 634 5422 quin
661 5299 733 5357 ab
761 5298 879 5362 illo,
913 5301 981 5354 ad
1004 5302 1162 5369 cujus
1181 5316 1241 5356 se
1266 5298 1628 5361 imitationem
1656 5311 1962 5369 contulisse
1992 5298 2100 5371 non
2203 5298 2405 5371 nedum
2440 5298 2773 5381 Hieronymo
2821 5298 3106 5380 probetur,
3137 5298 3234 5363 sed
3262 5316 3319 5362 et
3349 5306 3677 5375 Augustino,
3710 5315 3802 5355 cu-

547 5368 786 5422 lmlettlr.
825 5371 1187 5422 Hieronvmns
1227 5374 1530 5422 doctrinam
1563 5376 1703 5422 hmm
1735 5378 1976 5422 Isonem-ir
2037 5387 2096 5422 At
2202 5384 2284 5422 inc
2310 5397 2517 5422 cnmmn
2543 5392 2735 5422 omnm
2762 5380 2884 5422 illnc
2909 5379 3201 5422 limi-Minus
3230 5380 3500 5422 sententia
3526 5386 3685 5422 alnttc
3709 5385 3799 5422 ιιιι·

547 5368 786 5456 Ψξῐθῐιιικ
825 5368 1187 5456 Hieronymus
1227 5374 1530 5456 doctrinam
1557 5376 1704 5456 hanc
1735 5368 1999 5439 hauserit.
2030 5368 2100 5441 'At
2198 5368 2286 5456 jus
2310 5397 2517 5456 summa
2531 5368 2738 5456 twn-tre
2762 5368 2885 5437 illos
2909 5368 3201 5437 hmreticos
3230 5368 3501 5434 sententia
3526 5368 3685 5447 atque
3709 5385 3799 5425 au-

506 5449 716 5523 certum
745 5455 966 5523 quoque
992 5443 1105 5523 est,
1144 5444 1197 5497 in
1229 5443 1425 5499 bonam
1458 5448 1628 5519 accipi
1664 5466 1826 5520 posse
1856 5465 2098 5523 partem,
2198 5443 2436 5523 'ctoritas
2468 5452 2591 5507 fuit.

506 5519 565 5597 et
582 5526 750 5597 ouem
777 5512 1026 5596 spiritum
1046 5511 1260 5597 dicunt,
1288 5530 1358 5597 ex
1390 5511 1708 5597 eorum'me't
1724 5511 1884 5597 sensu
1915 5511 2101 5597 aucto;
2276 5516 2437 5581 blluo
2485 5540 2616 5581 tuss.
2643 5542 2656 5580 :
2692 5523 2912 5593 Quando
2950 5541 3004 5581 se
3023 5522 3241 5597 proprio
3273 5520 3548 5577 tradiderit
3601 5514 3800 5588 Μειδία·

506 5595 758 5667 rumprp
787 5585 982 5667 animae
1028 5587 1334 5667 Wpovtxqit:
1378 5587 1512 5658 sive,
1543 5592 1847 5667 principali,
1898 5594 2099 5667 debere

2282 5602 2501 5667 ,etcy
2696 5585 2732 5593 ἡ
2906 5666 2919 5667 η
3025 5585 3047 5667 ’ν
3107 5585 3136 5667 λ’
3488 5663 3498 5667 _
3667 5585 3683 5588 ⁷
3864 5650 3880 5665 ,

507 5652 1262 5751 [ἓξὲξξεξ-ξηξιὶξςςξἮιὸ-Ξιιἰοε
1284 5652 1478 5751 Ῥέιινθξ
1500 5652 1845 5751 occurrere,
1873 5665 1971 5751 qui
2000 5652 2102 5727 hoc
2228 5741 2241 5751 _
2283 5652 2388 5724 έῐιι
2421 5666 2651 5723 Palatin.
2676 5682 2807 5751 mss.
2837 5686 2849 5723 :
2887 5666 3051 5751 Quttsi
3074 5665 3119 5722 si
3136 5670 3300 5749 posset
3322 5663 3532 5719 dilectio
3560 5676 3576 5716 :
3601 5669 3793 5716 secun-

506 5729 1048 5812 E‘EE'E‘Lff‘Perff’f‘flll
1085 5729 1280 5812 θεὶίιητε
1310 5731 1461 5799 (ἱππί
1493 5740 1706 5812 linire!“
1743 5729 1979 5812 _8Pil‘ﬁll_s
2007 5753 2103 5812 ap-
2209 5741 2279 5798 da
2301 5753 2465 5797 manu
2494 5756 2507 5795 :
2541 5738 2689 5810 quasi
2709 5739 2786 5794 sic
2811 5729 2938 5795 esset
2964 5735 3204 5794 dilectio.

505 5790 800 5860 pellatione
850 5794 1069 5850 donent.
1124 5797 1273 5853 Unus
1325 5790 1426 5873 pro
1472 5790 1685 5861 c'unctls
1727 5790 2101 5883 At'tgustinus,
