4056 6320
176 352 297 413 “5

694 353 1352 413 COMMENTARiUil‘JM
1387 353 1454 410 IN
1491 352 1882 413 EPISTULA“
1921 356 2014 413 AD
2050 356 2374 418 GALATAS
2408 361 2542 419 LIB.
2584 362 2672 420 ill.
2716 364 2869 420 CAP.
2914 365 2977 420 V.

3390 360 3498 422 ιιι

179 469 449 539 retineri,
474 470 613 541 quia
637 483 744 526 non
781 469 967 527 statim
992 469 1041 527 si
1073 444 1158 527 lex
1188 482 1297 523 non
1338 469 1596 538 imperat,
1620 477 1679 524 et
1702 482 1795 524 ns-
1824 473 1877 531 Δ
1905 484 2003 539 rte,
2037 468 2105 526 ad
2155 471 2506 529 altitudinem
2551 473 2783 543 spiritus
2833 481 3224 544 provocarent.
3271 472 3407 530 Nam
3444 481 3501 530 et

183 573 314 622 tura
335 563 605 631 cessavit,
631 576 699 621 ne
727 561 1067 619 voluntatem
1095 560 1317 619 scilicet
1339 568 1598 630 vestram,
1623 574 1794 631 opera

187 661 625 732 unbsequantur,
644 658 743 719 sed
773 660 1101 730 frequenter
1121 672 1184 714 ea
1211 655 1395 715 facere
1413 657 1792 728 compellami.

188 754 270 820 nl,
303 761 653 825 repugnante
673 766 843 813 carne
865 750 1133 809 adversus
1153 749 1427 821 spiritum,
1454 767 1581 822 quae
1609 749 1794 808 facere

189 862 306 907 non
345 846 541 909 vultis.
565 846 648 907 Ex
684 859 816 917 quo,
845 843 1068 910 fratres,
1107 843 1363 909 obsecro,
1396 852 1456 900 ut
1503 857 1613 900 non
1649 842 1793 899 detis

195 941 516 1001 libertatem
537 950 777 997 vestram
802 937 858 997 in
886 936 1237 994 occasionem
1264 936 1470 1003 carnis,
1494 933 1591 992 sed
1616 934 1794 1005 magis

193 1032 422 1104 spiritui
462 1032 731 1095 servistis,
764 1040 823 1085 ut
850 1028 1128 1100 incipiatis
1153 1042 1221 1086 ea
1245 1028 1425 1085 facere
1447 1044 1570 1097 quae
1601 1026 1789 1097 vultis,

192 1134 255 1184 et
305 1126 445 1183 nihil
488 1124 688 1185 debere
716 1124 847 1195 legi,
878 1122 932 1179 id
975 1133 1081 1189 est,
1134 1138 1242 1179 non
1291 1138 1413 1179 esse
1459 1123 1563 1178 sub
1599 1137 1788 1178 carne.

196 1220 339 1290 Quia
374 1218 681 1275 libertatem
713 1216 735 1243 '
768 1216 908 1287 legis
936 1215 1157 1272 abolita'
1191 1226 1321 1271 tunc
1355 1230 1485 1271 vere
1521 1215 1575 1270 in
1613 1214 1794 1271 Evan-

192 1314 340 1384 gelia
385 1311 591 1371 habere
635 1310 906 1380 poteritis,
941 1323 1068 1364 cum
1117 1323 1214 1363 vos
1272 1322 1617 1380 nequaquam
1660 1322 1791 1363 caro

188 1403 533 1473 compulerit
561 1402 744 1459 lacere
773 1417 896 1472 qum
941 1415 1051 1457 non
1084 1400 1273 1467 vultis,
1299 1399 1397 1456 sed
1429 1399 1646 1469 spiritui
1668 1414 1789 1455 sero

196 1497 427 1565 viantes,
459 1491 760 1551 docueritis
790 1493 1034 1562 vosiuon
1075 1506 1199 1548 esse
1224 1492 1328 1550 sub
1365 1490 1533 1563 Lege.
1565 1491 1633 1546 Et
1663 1491 1791 1562 quia

185 1602 355 1658 supra
375 1585 681 1647 secundum
703 1584 982 1657 duplicem
1004 1584 1424 1655 intelligentiam
1444 1584 1586 1639 hunc
1611 1583 1790 1640 locum

189 1691 540 1752 stupet-anius
563 1692 863 1748 exponere,
880 1674 1157 1733 reddenda
1177 1683 1306 1733 sunt
1332 1690 1455 1746 qua:
1480 1673 1789 1735 omisimus.

186 1772 341 1831 Caro
368 1770 708 1842 concupiscit
729 1769 997 1829 advenas
1025 1768 1304 1842 spiritum,
1337 1767 1391 1824 id
1425 1776 1530 1837 est,
1564 1768 1790 1824 historia

1896 558 2096 617 Paulus
2141 563 2237 634 qui
2275 562 2482 619 iudicis
2516 562 2738 620 Judaius
2785 563 2961 621 factus
2997 573 3106 634 est,
3146 573 3205 622 et
3240 565 3499 622 omnibus

1897 654 2102 724 omnia,
2132 664 2195 710 ut
2219 671 2410 713 omnes
2438 656 2788 715 Iucrilaceret
2809 656 2860 728 (l
2887 656 3011 713 Cor.
3042 657 3155 729 ix):
3188 674 3298 715 non
3329 658 3493 728 dixit,

1897 748 2066 816 factus
2113 747 2206 802 sub
2246 747 2407 820 Lege,
2462 746 2594 813 sed,
2657 750 2828 819 {actus
2868 750 3023 820 quasi
3065 749 3160 805 sub
3216 748 3376 823 Lege,
3436 757 3499 809 ut

1895 839 2211 901 ostenderet
2233 855 2294 896 se
2315 855 2425 896 non
2442 841 2729 897 veritatem
2745 840 2926 912 Legis,
2952 842 3049 899 sed
3076 840 3494 899 similitudinem

1894 931 2219 989 custodisse.
2254 932 2513 990 Videmus
2538 933 2699 990 nobis
2729 934 2964 991 solvisse
2986 937 3322 1007 propositam
3345 952 3495 1008 quaa—

1895 1023 2158 1080 Stiouem.
2192 1023 2304 1080 Sed
2352 1024 2480 1095 quid
2514 1023 2774 1085 faciemus
2809 1025 2879 1082 de
2927 1027 3021 1083 illo
3064 1027 3215 1083 Pauli
3246 1028 3491 1100 capitulo

1894 1116 2058 1192 ὕοι
2081 1117 2315 1175 dicentis
2346 1136 2360 1174 :
2390 1116 2524 1176 Cum
2551 1131 2725 1175 autem
2752 1123 2891 1176 venit
2918 1121 3194 1191 plenitudo
3221 1124 3491 1197 temporis,

1891 1214 2031 1269 misit
2064 1212 2207 1268 Deus
2243 1213 2417 1283 ﬁlium
2457 1230 2632 1280 suum,
2663 1212 2860 1284 factum
2910 1222 2988 1269 est
3031 1216 3267 1283 muliere,
3295 1219 3492 1288 factum

1891 1305 1986 1360 sub
2013 1305 2171 1380 Lege,
2203 1316 2259 1360 ut
2280 1322 2366 1361 eos
2378 1308 2465 1376 qui
2483 1307 2577 1363 sub
2591 1306 2726 1378 Lege
2745 1317 2914 1371 erant,
2934 1308 3210 1363 redimeret
3225 1307 3484 1381 (Supra)?

1891 1397 1950 1455 Si
1996 1400 2142 1455 enim
2182 1399 2436 1457 Christus
2472 1402 2574 1457 sub
2612 1400 2758 1472 Lege
2805 1400 2928 1471 fuit,
2959 1415 3016 1457 et
3058 1417 3166 1458 non
3196 1403 3352 1474 quasi
3383 1405 3486 1462 sub

1892 1489 2057 1562 Lege,
2087 1499 2198 1547 tots
2223 1492 2310 1547 illa
2340 1495 2593 1562 superior
2623 1492 2923 1564 disputatio
2946 1509 3115 1551 vacua
3152 1496 3263 1551 ﬁet.
3289 1495 3493 1553 Verum

1891 1593 1948 1640 et
1987 1583 2104 1641 haec
2146 1586 2421 1657 oppositlo
2463 1584 2536 1643 de
2581 1601 2683 1642 suo
2722 1588 2975 1643 solvetur
3012 1589 3153 1644 loco.
3198 1588 3299 1656 Qui
3342 1588 3490 1645 enim

1892 1684 2190 1747 propterea
2213 1676 2388 1734 lactus
2415 1677 2520 1735 sub
2554 1677 2701 1749 Lege
2723 1691 2833 1747 est,
2863 1689 2923 1734 ut
2953 1696 3048 1735 eos
3073 1681 3167 1751 qui
3194 1689 3352 1736 erant
3380 1680 3482 1737 sub

1891 1769 2061 1841 Lege,
2096 1772 2418 1843 redimeret,
2467 1774 2652 1845 utique
2688 1788 2812 1829 cum
2861 1784 3009 1833 esset
3048 1776 3191 1833 liber
3235 1793 3263 1831 a
3308 1778 3487 1849 Lege,

191 1873 259 1923 ct
277 1863 578 1935 Scriptum
602 1877 835 1920 carneus
875 1861 1211 1930 intellectus,
1234 1870 1426 1917 contra
1468 1860 1787 1931 allegoriam
1817 1850 1865 1915 Β
1892 1867 2021 1938 Legi
2049 1882 2112 1925 se
2143 1868 2385 1925 subdidit
2415 1868 2695 1925 voluntate
2722 1888 2736 1924 ε
2770 1878 2826 1926 οι
2863 1871 3037 1925 multo
3083 1882 3200 1927 em
3230 1871 3398 1928 paulo
3426 1871 3492 1927 ιί..

188 1965 249 2015 ει
272 1956 615 2027 spiritualem
655 1955 964 2013 doctrinam
1004 1963 1292 2025 repugnat.
1324 1952 1563 2023 Spiritus
1603 1959 1788 2008 autem

183 2049 456 2109 adversus
484 2062 734 2113 carnem,
765 2046 823 2105 id
845 2055 953 2115 est,
974 2047 1295 2105 sublimiora
1321 2044 1568 2116 deiectis,
1585 2054 1787 2101 mterna

188 2139 475 2211 brevibus,
513 2139 720 2197 umbrat
757 2138 962 2197 veritas
998 2136 1326 2211 refragatur.
1366 2135 1528 2208 503
1568 2135 1636 2191 Et
1670 2150 1789 2192 carv

189 2248 327 2295 usus
378 2232 676 2303 Scriptura
725 2245 945 2299 sensus,
1000 2231 1095 2303 qui
1147 2230 1439 2301 aditnpleri
1489 2226 1610 2300 [Αι.
1661 2227 1789 2298 quia

186 2324 432 2400 impleri]
459 2340 567 2385 non
598 2333 782 2396 p0test
807 2324 932 2395 (nec
970 2324 1115 2380 enim
1161 2322 1406 2379 valemus
1453 2320 1636 2381 omnia
1664 2336 1789 2393 qum

188 2422 398 2493 scripta
430 2432 560 2484 sunt
593 2417 799 2487 lacere)
833 2417 1074 2477 ostendit
1114 2431 1215 2475 nos
1250 2431 1358 2473 non
1392 2416 1445 2473 in
1470 2426 1660 2471 nostra
1691 2429 1786 2486 po~

184 2516 333 2573 sitos
364 2519 637 2586 potestate
660 2510 820 2583 Legis
849 2510 1158 2583 explendae,
1184 2523 1307 2569 eum
1348 2511 1511 2567 etiam
1560 2510 1605 2565 si
1652 2509 1785 2567 veli~

193 2608 577 2671 tuuslitterem
608 2608 788 2677 sequi,
818 2604 1243 2676 impossibilitas
1268 2620 1376 2661 non
1405 2604 1678 2661 admittat.

262 2701 452 2775 (Vere.
479 2698 596 2771 48.)
630 2698 783 2768 Quod
816 2699 862 2754 si
890 2700 1082 2770 spiritu
1111 2698 1387 2766 ducimini,
1413 2715 1516 2754 non
1544 2699 1673 2754 estis
1691 2699 1789 2755 sub

176 2795 355 2870 Lege.
386 2795 655 2867 Spiritum
694 2808 800 2850 non
841 2808 992 2862 eum,
1020 2793 1089 2849 de
1115 2808 1226 2865 quo
1257 2793 1554 2863 Apostolus
1593 2792 1650 2848 in
1679 2793 1788 2848 alio

184 2890 317 2946 loco
371 2889 613 2959 loquitur
645 2905 658 2943 :
697 2885 824 2958 Ipse
865 2886 1101 2960 Spiritus
1154 2885 1516 2942 testimonium
1556 2884 1789 2957 perbibet

184 2982 406 3054 spiritui
430 2990 633 3049 nostra,
657 2979 796 3053 quod
832 2995 1012 3035 sumus
1052 2978 1154 3049 ﬁlii
1183 2976 1287 3033 Dei
1319 2976 1496 3049 (Rom.
1526 2992 1640 3043 vm,
1674 2977 1785 3046 i6),

183 3074 244 3128 id
268 3080 378 3140 est,
402 3087 512 3129 non
533 3070 783 3141 spiritum
808 3070 1048 3127 hominis
1072 3069 1167 3141 qui
1191 3068 1246 3125 in
1270 3068 1395 3138 ipso
1418 3077 1523 3137 est,
1547 3067 1643 3123 sed
1667 3065 1788 3137 Spi~

182 3164 357 3225 ritum
379 3172 629 3220 sanctum
652 3161 928 3233 signiﬁcat
956 3180 968 3216 :
992 3176 1153 3232 quem
1181 3171 1496 3232 sequentes,
1519 3158 1787 3217 eflicimur

1890 1960 2094 2027 berior,
2127 1961 2221 2032 qui
2265 1978 2372 2017 non
2406 1961 2508 2017 sub
2541 1962 2707 2033 Lege,
2746 1961 2843 2020 sed
2883 1964 3034 2034 quasi
3096 1964 3196 2020 sub
3236 1963 3383 2036 Lege
3428 1980 3490 2022 se

1889 2052 2060 2110 fuisse
2090 2062 2325 2110 testatus
2356 2062 2461 2111 est.
2492 2056 2560 2111 Et
2599 2056 2876 2126 quomodo
2903 2057 2959 2112 in
2990 2071 3208 2114 caenum
3244 2068 3299 2112 et
3329 2057 3492 2113 bara-

1891 2147 2075 2201 thrum
2107 2146 2300 2202 mortis
2333 2158 2563 2219 propter
2603 2162 2702 2204 nos
2740 2147 3043 2215 descendit,
3073 2150 3164 2220 qui
3196 2149 3491 2207 orabamus

1892 2236 2179 2292 dicentes:
2212 2237 2344 2305 Quis
2380 2254 2463 2292 me
2506 2238 2739 2293 liberabit
2770 2239 2838 2295 de
2867 2257 3081 2310 corpore
3113 2243 3295 2296 mortis
3328 2243 3487 2315 hujus

1892 2327 2068 2402 (Rom.
2101 2342 2194 2395 vti,
2223 2329 2350 2401 li)?
2375 2330 2450 2385 ita
2481 2338 2535 2386 et
2555 2346 2623 2387 ex
2644 2330 2874 2388 muliere
2899 2334 3048 2389 nasci
3078 2332 3271 2398 voluit,
3295 2342 3492 2391 etesse

1889 2421 1991 2477 sub
2018 2420 2184 2493 Lege,
2211 2430 2270 2477 ut
2303 2437 2399 2479 eos
2430 2424 2522 2493 qui
2568 2424 2679 2479 nati
2721 2433 2882 2479 erant
2919 2424 2987 2480 de
3027 2424 3282 2491 muliere,
3305 2434 3358 2482 et
3384 2426 3486 2483 sub

1888 2513 2056 2585 Lege,
2089 2514 2346 2571 salvaret.
2377 2514 2444 2570 Et
2487 2521 2638 2571 certe
2674 2530 2782 2570 non
2814 2526 2898 2571 est
2932 2527 3091 2571 natus
3117 2515 3184 2571 de
3217 2515 3476 2583 muliere,

1889 2608 1942 2663 id
1991 2616 2095 2675 est,
2122 2608 2197 2683 de
2249 2615 2447 2679 nupta,
2477 2609 2576 2665 sed
2617 2610 2690 2666 de
2737 2610 2971 2680 virgine.
3019 2608 3219 2666 Verum
3258 2610 3487 2669 abusive

1888 2699 2043 2770 virgo
2086 2698 2287 2754 mulier
2336 2699 2607 2769 appellata
2659 2709 2764 2766 est,
2814 2711 3038 2771 pr0pter
3079 2715 3175 2756 eos
3218 2701 3312 2773 qui
3339 2702 3484 2758 illam

1891 2794 2065 2848 fuisse
2094 2792 2363 2863 virginem
2390 2793 2728 2849 nesciebant.
2752 2791 2823 2849 Ut
2855 2794 3041 2864 itaque
3071 2804 3297 2865 propter
3334 2794 3487 2861 illos,

1889 2886 1979 2957 qui
2001 2895 2246 2941 sanctam
2268 2886 2492 2940 Mariam
2520 2884 2931 2940 arbitrabantur
2964 2885 2990 2925 ιι
3030 2892 3285 2942 maritum
3316 2886 3486 2943 habe-

1890 2995 1971 3045 re,
2001 2980 2202 3036 mulier
2247 2994 2347 3050 pro
2381 2980 2593 3051 virgine
2632 2979 2807 3050 posita
2847 2990 2933 3036 est
2966 2981 3079 3036 :sic
3120 2991 3341 3054 pr0pter
3388 2996 3486 3039 eos

1888 3073 1978 3143 qui
2006 3073 2351 3129 aestimabant
2376 3070 2650 3127 Christum
2692 3086 2815 3127 esse
2844 3072 2944 3127 sub
2972 3072 3136 3144 Lege,
3169 3074 3482 3129 nescientes

1888 3164 2012 3236 quia
2045 3165 2222 3220 factus
2254 3172 2404 3220 esset
2431 3162 2514 3218 his
2546 3164 2638 3234 qui
2681 3172 2840 3219 erant
2879 3164 2981 3221 sub
3007 3163 3172 3236 Lege,
3198 3166 3352 3236 quasi
3382 3166 3486 3221 sub

178 3256 525 3327 spirituales,
553 3266 612 3312 et
638 3256 741 3313 sub
778 3254 920 3326 Lege
941 3269 1076 3311 esse
1102 3252 1440 3310 desistimus.
1473 3252 1780 3310 Notandum
1811 3240 1857 3304 Ο
1890 3256 2055 3327 Lege,
2088 3256 2291 3313 dicitur
2323 3265 2379 3311 et
2403 3256 2518 3326 ipse
2546 3255 2721 3312 factus
2744 3270 2867 3310 esse
2897 3256 3000 3312 sub
3037 3255 3200 3326 Lege.

178 3364 327 3422 ergo
353 3349 498 3423 quod
525 3349 616 3406 hic
637 3349 864 3420 spiritus
892 3364 1000 3405 non
1032 3362 1156 3404 cum
1181 3345 1357 3425 ἄρθρῳ
1380 3342 1680 3420 (articulo),
1724 3354 1779 3401 et

173 3462 313 3504 cum
338 3444 713 3502 additamenta
742 3443 949 3513 aliquo,
973 3442 1120 3498 sicut
1166 3440 1219 3497 in
1266 3442 1487 3497 steteris
1529 3439 1779 3510 legimus,

173 3536 436 3609 spiritum
467 3533 922 3601 mansuetudinis,
950 3543 1009 3591 et
1030 3532 1285 3604 spiritum
1324 3532 1449 3589 ﬁdei
1479 3530 1615 3588 :sed
1651 3532 1782 3587 sim-

176 3628 401 3700 pliciter
438 3624 681 3699 Spiritus
727 3624 1035 3698 appellatur
1066 3641 1080 3679 :
1110 3640 1233 3698 qua:
1274 3623 1494 3694 quidem
1538 3623 1780 3679 minutiae

172 3720 357 3792 magis
385 3720 443 3776 in
476 3718 691 3787 Grmco,
714 3734 874 3789 quam
907 3719 960 3774 in
1000 3727 1190 3774 nostra
1235 3716 1423 3788 lingua
1471 3716 1778 3773 observata!

173 3811 301 3883 (qui
325 3808 496 3889 ἄρθρα
519 3810 741 3881 penitus
768 3824 876 3867 non
907 3808 1198 3879 habemus)
1219 3808 1436 3867 videtur
1450 3807 1653 3878 aliquid
1679 3807 1777 3865 hac

170 3904 315 3963 bere
338 3900 622 3963 momenti.
655 3900 933 3970 Quaeritur
974 3900 1027 3957 in
1059 3899 1163 3957 hoc
1206 3899 1350 3966 loco,
1375 3900 1420 3955 si
1449 3898 1778 3971 quicumque

172 3996 378 4067 Spiritu
406 3994 647 4063 ducitur,
682 4008 791 4051 non
831 4002 914 4049 est
955 3993 1057 4048 sub
1096 3992 1262 4063 Lege,
1293 4003 1475 4049 utrum
1516 3992 1694 4051 Moses
1722 3999 1779 4051 et

176 4085 486 4159 propheta,
509 4085 598 4144 vel
627 4085 822 4157 spiritu
843 4086 953 4140 acti
979 4084 1113 4149 sint,
1133 4093 1190 4140 et
1219 4084 1319 4139 sub
1350 4083 1493 4154 Lege
1518 4084 1773 4152 vixerint,

176 4176 328 4247 quod
357 4175 652 4246 Apostolus
684 4182 847 4248 negat
876 4192 891 4230 :
916 4182 1011 4231 aut
1060 4173 1328 4231 habentes
1368 4174 1643 4245 spiritutn,
1672 4174 1777 4233 sub

171 4267 333 4342 Lege
362 4283 469 4327 non
499 4267 730 4335 fuerint,
757 4266 903 4337 quod
932 4265 1232 4337 Apostolus
1262 4265 1355 4322 hic
1374 4265 1611 4323 afﬁrmat
1645 4285 1657 4320 :
1681 4274 1777 4325 aut

170 4360 322 4429 quod
349 4370 437 4420 est
473 4359 722 4428 tertium,
750 4359 856 4418 sub
882 4359 1030 4431 Lege
1067 4357 1342 4428 viventes,
1371 4359 1619 4430 spiritum
1662 4374 1773 4421 non

164 4455 492 4526 habuerint,
532 4454 680 4527 quod
717 4454 788 4513 de
821 4455 988 4513 tantis
1025 4454 1162 4515 viris
1205 4455 1356 4512 nefas
1398 4465 1483 4512 est
1522 4456 1770 4514 credere.

162 4548 258 4609 Ad
285 4548 435 4620 quod
458 4563 561 4605 nos
583 4549 821 4609 breviter
839 4548 1291 4621 respondebimus
1312 4568 1324 4607 :
1343 4549 1461 4606 Non
1476 4548 1623 4606 idem
1645 4566 1772 4607 esse

1955 3348 2137 3418 (Vera.
2165 3347 2376 3416 19-21.)
2404 3346 2689 3419 Manifesta
2713 3355 2888 3401 autem
2910 3356 3027 3401 sunt
3082 3363 3241 3419 apera
3270 3350 3470 3417 carnis,

1880 3456 1995 3513 qua:
2020 3449 2164 3505 sunt,
2183 3439 2483 3511 fornicatio,
2506 3438 2863 3503 immunditia,
2895 3448 2918 3477 ο
2950 3437 3181 3504 luxuria,
3216 3438 3482 3493 idolorum

1879 3535 2120 3599 servitus,
2147 3532 2415 3603 veneﬁcia,
2447 3530 2757 3597 iuimicitiw,
2780 3531 3151 3599 contentiones,
3181 3530 3479 3585 tenaulatio-

1880 3641 1992 3690 nes,
2022 3625 2134 3693 ira,
2170 3625 2324 3688 rixa,
2358 3624 2719 3685 dissensiones,
2768 3621 3009 3689 hereses,
3042 3622 3275 3687 invidiw,
3320 3621 3485 3676 ebrie-

1879 3729 2032 3786 tates,
2062 3719 2490 3783 comessationes,
2519 3725 2572 3773 et
2585 3715 2668 3771 Itis
2697 3714 2925 3783 similia,
2945 3731 3062 3785 qua:
3092 3717 3319 3787 prwdico
3341 3715 3483 3771 vobis

1880 3811 2014 3866 sicut
2041 3819 2087 3865 et
2116 3810 2341 3883 μναιαίπὶ
2372 3825 2391 3864 :
2414 3809 2662 3881 quoniam
2691 3808 2778 3880 qui
2796 3808 2904 3863 lucc
2931 3816 3115 3880 agunt,
3142 3822 3357 3878 regnum
3382 3805 3482 3862 Dei

1877 3921 1984 3959 non
2033 3902 2367 3976 possidebunt
2418 3915 2439 3957 :
2475 3901 2741 3971 Superius
2794 3915 2913 3955 cum
2957 3913 3361 3970 exponeremus
3406 3898 3478 3956 de

1876 4011 2045 4052 carne
2066 4006 2125 4051 et
2152 3994 2373 4065 spiritu,
2394 3991 2661 4063 triplicem
2690 3989 3108 4061 intelligentiam
3135 3988 3474 4046 dixeramus:

1876 4088 1967 4144 vel
2003 4101 2100 4142 eos
2143 4101 2266 4142 esse
2303 4100 2558 4152 carneos,
2601 4084 2692 4155 qui
2740 4083 2947 4154 parvuli
2988 4091 3046 4137 et
3099 4082 3378 4153 corporei,
3420 4080 3476 4144 in

1876 4177 2104 4236 Christo
2133 4176 2365 4233 solidum
2393 4175 2602 4240 cibum,
2626 4182 2683 4230 et
2709 4173 2966 4245 perfectae
3009 4173 3189 4228 aitatis
3214 4173 3478 4231 alimenta

1876 4288 2074 4344 capere
2093 4287 2204 4328 non
2228 4277 2493 4343 possent:
2527 4270 2608 4325 vel
2629 4267 2879 4324 carnales
2909 4282 3005 4323 eos
3035 4281 3179 4337 esse,
3203 4267 3295 4339 qui
3319 4280 3475 4323 more

1875 4364 2106 4422 Judaieo
2144 4363 2429 4420 historiam
2461 4370 2671 4419 tantum
2703 4367 3067 4431 sequerentur
3093 4367 3145 4414 et
3174 4359 3411 4417 litteram
3449 4378 3462 4414 :

1875 4466 1971 4512 aut
2001 4465 2172 4523 certe,
2204 4456 2355 4526 iuxta
2393 4455 2696 4525 simplicem
2734 4468 2987 4522 sensum,
3032 4452 3085 4507 in
3138 4451 3377 4508 hominis
3412 4451 3477 4506 ιι.

1875 4550 2056 4605 ctione
2067 4563 2288 4605 carnem
2301 4547 2662 4619 spiritumque
2680 4546 3003 4613 subsistere,
3028 4554 3082 4601 et
3104 4545 3263 4617 juxta
3283 4546 3466 4603 diver-

161 4642 276 4700 sub
305 4641 452 4713 Lege
499 4656 643 4710 esse,
669 4651 722 4701 et
761 4658 886 4703 esse
928 4643 1083 4714 quasi
1118 4643 1219 4700 sub
1262 4643 1408 4716 Lege
1443 4661 1459 4700 :
1496 4644 1772 4715 quomodo

1885 4643 2093 4699 sitatem
2104 4639 2447 4709 substantias,
2463 4640 2554 4695 vel
2569 4654 2739 4710 Opera
2758 4639 2942 4695 carnis
2958 4654 3105 4709 esse,
3120 4639 3209 4696 vel
3224 4640 3471 4712 spiritus.

162 4749 283 4791 non
326 4733 562 4804 idipsum
613 4744 718 4803 est,
752 4736 808 4791 in
850 4735 1206 4795 similitudine
1248 4736 1430 4792 carnis
1467 4736 1692 4807 peccati,
1716 4744 1773 4794 et

158 4824 225 4883 in
250 4840 419 4881 carne
443 4840 569 4881 esse
593 4827 823 4896 peccati.
842 4825 953 4885 Nec
971 4826 1116 4884 idem
1146 4837 1308 4885 sonat
1333 4842 1497 4884 verus
1518 4845 1769 4900 serpens.

160 4926 224 4973 et
253 4915 388 4975 aerei
411 4916 714 4975 similitudo
739 4920 1036 4991 serpentis,
1067 4935 1228 4992 quem
1258 4921 1474 4995 Moyses
1506 4922 1558 4977 in
1583 4937 1771 4979 ereino

152 5008 468 5081 suspendit
499 5009 690 5083 (Nam.
723 5012 860 5083 xxi).
890 5013 981 5070 Sic
1004 5013 1168 5086 igitur
1194 5023 1251 5071 et
1278 5024 1501 5072 sanctos
1531 5019 1769 5089 prophe-

155 5113 273 5173 tas,
303 5112 363 5161 et
391 5103 637 5177 Moysen,
665 5107 1012 5164 ambulantes
1041 5108 1256 5179 spiritu,
1282 5120 1338 5169 et
1363 5110 1556 5181 spiritu
1586 5113 1767 5168 viven-

154 5206 273 5267 tes,
299 5212 410 5253 non
456 5197 562 5255 sub
603 5197 769 5271 Lege,
801 5198 899 5255 sed
950 5200 1103 5270 quasi
1149 5202 1250 5256 sub
1279 5202 1421 5274 Lege
1448 5203 1676 5271 vixisse,
1708 5215 1765 5261 ut

156 5290 273 5363 ipsi
321 5291 638 5349 viderentur
662 5292 885 5365 quidem
922 5308 1047 5350 esse
1086 5295 1190 5352 sub
1214 5294 1388 5368 Lege;
1421 5298 1517 5355 sed
1549 5314 1644 5354 eos
1675 5300 1767 5370 qui

158 5384 271 5444 sub
305 5384 453 5458 Lege
482 5394 638 5443 erant
668 5385 1072 5458 lucrifacerent,
1103 5396 1161 5445 et
1182 5387 1252 5444 ab
1280 5389 1588 5447 humilitate
1620 5391 1771 5449 litte-

231 5575 260 5606 ⁸
290 5564 441 5625 Idem
468 5578 633 5634 mss.,
662 5565 949 5624 libertatein
973 5568 1150 5625 carnis
1168 5569 1397 5627 abolitis.

228 5635 261 5676 1³
291 5636 532 5716 Χξειιιιιιιη
553 5637 742 5716 habere
762 5637 872 5693 duo
899 5641 1331 5716 mss._nesciunt,
1363 5652 1417 5716 et
1456 5658 1556 5716 pro
1594 5644 1755 5698 mari-

155 5708 510 5786 tum,_legunt
537 5709 874 5786 "inritatam;
897 5710 1229 5786 concinnius
1246 5708 1492 5769 maritam
1514 5715 1682 5786 legas.

231 5778 633 5856 {interserens
665 5778 779 5837 duo
823 5794 956 5856 mss.
982 5782 1331 5856 impudicitia,
1358 5802 1521 5856 quant
1566 5778 1756 5842 {mecm

154 5851 213 5908 in
247 5850 357 5910 line
385 5852 653 5911 subnexte
686 5849 1066 5925 expositionis
1088 5849 1327 5914 testatur
1355 5849 1585 5930 ipsemet
1624 5857 1756 5917 ille-

1875 4737 2030 4794 Nunc
2050 4749 2181 4807 ergo
2209 4749 2331 4806 quae
2362 4734 2451 4789 hic
2480 4733 2661 4788 carnis
2688 4747 2856 4803 opera
2888 4733 3268 4800 nominantur,
3299 4734 3472 4790 forni-

1872 4829 2016 4886 catio
2045 4826 2324 4891 videlicet,
2357 4822 2721 4891 immunditia,
2764 4822 2999 4888 luxuria,
3038 4833 3092 4879 et
3118 4833 3317 4880 caetera
3347 4840 3472 4895 qute

1872 4927 2197 4993 sequuntur,
2216 4915 2387 4987 magis
2407 4914 2540 4971 mihi
2573 4913 2828 4969 videntur
2856 4914 2922 4969 ad
2951 4914 3254 4985 simplicem
3285 4915 3472 4971 carnis

1870 5015 2030 5090 ξοδ
2076 5022 2132 5070 ει
2170 5011 2394 5083 spiritus
2424 5008 2864 5081 intelligentiam,
2913 5023 3074 5079 quam
3122 5011 3188 5063 ad
3241 5021 3471 5064 carnem

1869 5111 2051 5181 Legis,
2085 5118 2141 5163 et
2167 5107 2428 5178 parvulos
2459 5104 2511 5160 in
2535 5102 2754 5159 Christo
2787 5101 3004 5169 referri,
3035 5102 3166 5158 licet
3192 5102 3246 5157 in
3280 5117 3345 5157 eo
3393 5102 3472 5156 Io-

1871 5219 1961 5271 co,
1990 5203 2078 5258 ubi
2112 5217 2277 5273 supra
2305 5200 2374 5257 du
2400 5199 2611 5255 decimo
2636 5197 2891 5266 Origenis
2922 5198 3202 5255 Stromate
3240 5195 3468 5251 verbum

1870 5295 2247 5355 transtulimus
2276 5293 2344 5349 ad
2386 5292 2642 5356 verbum,
2674 5290 2805 5362 quid
2849 5290 3016 5345 etiam
3065 5289 3132 5345 de
3166 5291 3250 5343 his
3276 5288 3470 5343 sentiri

1873 5388 2065 5462 possit,
2095 5385 2122 5426 ἀ
2152 5399 2471 5458 expressum
2504 5384 2594 5439 sit.
2623 5381 2778 5451 Quod
2804 5392 2986 5439 autem
3019 5383 3098 5438 ait
3126 5399 3140 5436 :
3180 5380 3470 5452 Manifesta

1769 5590 1773 5595 '
1865 5584 2153 5645 ronymus,
2178 5571 2235 5625 in
2258 5567 2465 5645 Latinis
2481 5566 2746 5622 codicibus
2769 5568 2821 5623 in
2845 5566 2944 5623 hoc
2966 5569 3203 5641 catalogo
3225 5568 3468 5624 vitici-mn

1865 5642 2113 5715 scriptam
2142 5642 2354 5715 referri.

1936 5709 2101 5771 d'Pro
2130 5709 2333 5780 verbis,
2361 5725 2662 5780 expressum
2701 5710 2791 5779 sit,
2841 5710 3014 5765 nostri
3057 5725 3185 5767 mss.
3239 5709 3464 5780 habent,

1867 5786 2100 5859 ementplo
2128 5779 2477 5858 pra-summit
2506 5779 2647 5840 haud
2669 5781 2784 5841 scio
2809 5794 2936 5839 num
2962 5782 3169 5840 verius.

3336 5984 3458 6038 ...i
