  <div class='ocr_page' id='page_1' title='image "/cluster/home/n/w/nwhite01/storage/ocr_20150623/26/uva.x000826568/215.png"; bbox 0 0 4046 6328; ppageno 0'>
   <div class='ocr_carea' id='block_1_1' title="bbox 590 306 700 370">
    <p class='ocr_par' dir='ltr' id='par_1_1' title="bbox 590 306 700 370">
     <span class='ocr_line' id='line_1_1' title="bbox 590 306 700 370; baseline 0 -1"><span class='ocrx_word' id='word_1_1' title='bbox 590 306 700 370; x_wconf 73' lang='grc'><strong>415</strong></span> 
     </span>
    </p>
   </div>
   <div class='ocr_carea' id='block_1_2' title="bbox 1815 301 2606 364">
    <p class='ocr_par' dir='ltr' id='par_1_2' title="bbox 1815 301 2606 364">
     <span class='ocr_line' id='line_1_2' title="bbox 1815 301 2606 364; baseline 0.004 -3"><span class='ocrx_word' id='word_1_2' title='bbox 1815 305 1873 361; x_wconf 84' lang='lat'><strong>3.</strong></span> <span class='ocrx_word' id='word_1_3' title='bbox 1913 302 2188 364; x_wconf 85' lang='lat' dir='ltr'><strong>EUSEBII</strong></span> <span class='ocrx_word' id='word_1_4' title='bbox 2221 301 2606 364; x_wconf 75' lang='lat' dir='ltr'><strong>ﬂlERONYMl</strong></span> 
     </span>
    </p>
   </div>
   <div class='ocr_carea' id='block_1_3' title="bbox 3780 310 3875 368">
    <p class='ocr_par' dir='ltr' id='par_1_3' title="bbox 3780 310 3875 368">
     <span class='ocr_line' id='line_1_3' title="bbox 3780 310 3875 368; baseline -0.021 0"><span class='ocrx_word' id='word_1_5' title='bbox 3780 310 3875 368; x_wconf 70' lang='grc'><strong>416</strong></span> 
     </span>
    </p>
   </div>
   <div class='ocr_carea' id='block_1_4' title="bbox 595 415 3881 495">
    <p class='ocr_par' dir='ltr' id='par_1_4' title="bbox 595 415 3881 495">
     <span class='ocr_line' id='line_1_4' title="bbox 595 415 3881 495; baseline -0.001 -12"><span class='ocrx_word' id='word_1_6' title='bbox 595 433 772 483; x_wconf 87' lang='lat' dir='ltr'><strong>autem</strong></span> <span class='ocrx_word' id='word_1_7' title='bbox 798 429 918 478; x_wconf 89' lang='lat' dir='ltr'><strong>sunt</strong></span> <span class='ocrx_word' id='word_1_8' title='bbox 957 435 1116 495; x_wconf 83' lang='lat' dir='ltr'><strong><em>opera</em></strong></span> <span class='ocrx_word' id='word_1_9' title='bbox 1141 418 1336 485; x_wconf 83' lang='lat' dir='ltr'><strong>carnis,</strong></span> <span class='ocrx_word' id='word_1_10' title='bbox 1377 416 1465 473; x_wconf 89' lang='lat' dir='ltr'><strong>vel</strong></span> <span class='ocrx_word' id='word_1_11' title='bbox 1509 415 1766 472; x_wconf 86' lang='lat' dir='ltr'><strong>omnibus</strong></span> <span class='ocrx_word' id='word_1_12' title='bbox 1796 430 1860 472; x_wconf 88' lang='lat' dir='ltr'><strong>ea</strong></span> <span class='ocrx_word' id='word_1_13' title='bbox 1907 426 2036 474; x_wconf 91' lang='lat' dir='ltr'><strong>nota</strong></span> <span class='ocrx_word' id='word_1_14' title='bbox 2066 432 2192 476; x_wconf 89' lang='lat' dir='ltr'><strong>esse</strong></span> <span class='ocrx_word' id='word_1_15' title='bbox 2217 420 2270 482; x_wconf 77' lang='grc' dir='ltr'><strong>Δ</strong></span> <span class='ocrx_word' id='word_1_16' title='bbox 2296 419 2570 486; x_wconf 86' lang='lat' dir='ltr'><strong>Quantum</strong></span> <span class='ocrx_word' id='word_1_17' title='bbox 2595 419 2740 477; x_wconf 91' lang='lat' dir='ltr'><strong>enim</strong></span> <span class='ocrx_word' id='word_1_18' title='bbox 2773 421 2826 476; x_wconf 92' lang='lat' dir='ltr'><strong>in</strong></span> <span class='ocrx_word' id='word_1_19' title='bbox 2855 420 3018 478; x_wconf 92' lang='lat' dir='ltr'><strong>nobis</strong></span> <span class='ocrx_word' id='word_1_20' title='bbox 3058 428 3165 486; x_wconf 87' lang='lat' dir='ltr'><strong>est,</strong></span> <span class='ocrx_word' id='word_1_21' title='bbox 3207 421 3410 478; x_wconf 82' lang='lat' dir='ltr'><strong>nullius</strong></span> <span class='ocrx_word' id='word_1_22' title='bbox 3465 433 3586 477; x_wconf 87' lang='lat' dir='ltr'><strong>esse</strong></span> <span class='ocrx_word' id='word_1_23' title='bbox 3631 419 3881 480; x_wconf 81' lang='lat' dir='ltr'><strong>debemus</strong></span> 
     </span>
    </p>
   </div>
   <div class='ocr_carea' id='block_1_5' title="bbox 601 509 2194 584">
    <p class='ocr_par' dir='ltr' id='par_1_5' title="bbox 601 509 2194 584">
     <span class='ocr_line' id='line_1_5' title="bbox 601 509 2194 584; baseline -0.008 -8"><span class='ocrx_word' id='word_1_24' title='bbox 601 519 939 576; x_wconf 91' lang='lat' dir='ltr'><strong>demonstrat</strong></span> <span class='ocrx_word' id='word_1_25' title='bbox 973 531 987 568; x_wconf 90' lang='lat'>:</span> <span class='ocrx_word' id='word_1_26' title='bbox 1033 513 1160 584; x_wconf 84' lang='lat' dir='ltr'><strong>quia</strong></span> <span class='ocrx_word' id='word_1_27' title='bbox 1207 525 1308 582; x_wconf 89' lang='lat' dir='ltr'><strong>per</strong></span> <span class='ocrx_word' id='word_1_28' title='bbox 1351 524 1411 566; x_wconf 92' lang='lat' dir='ltr'><strong>se</strong></span> <span class='ocrx_word' id='word_1_29' title='bbox 1439 519 1659 580; x_wconf 90' lang='lat' dir='ltr'><strong>pateant</strong></span> <span class='ocrx_word' id='word_1_30' title='bbox 1686 509 1829 566; x_wconf 88' lang='lat' dir='ltr'><strong>mala</strong></span> <span class='ocrx_word' id='word_1_31' title='bbox 1868 524 1990 566; x_wconf 90' lang='lat' dir='ltr'><strong>esse</strong></span> <span class='ocrx_word' id='word_1_32' title='bbox 2018 520 2074 566; x_wconf 92' lang='lat' dir='ltr'><strong>et</strong></span> <span class='ocrx_word' id='word_1_33' title='bbox 2111 509 2194 565; x_wconf 85' lang='lat' dir='ltr'><strong>fu-</strong></span> 
     </span>
    </p>
   </div>
   <div class='ocr_carea' id='block_1_6' title="bbox 602 601 2198 683">
    <p class='ocr_par' dir='ltr' id='par_1_6' title="bbox 602 601 2198 683">
     <span class='ocr_line' id='line_1_6' title="bbox 602 601 2198 683; baseline -0.006 -16"><span class='ocrx_word' id='word_1_34' title='bbox 602 609 821 683; x_wconf 75' lang='lat' dir='ltr'><strong>gienda,</strong></span> <span class='ocrx_word' id='word_1_35' title='bbox 872 607 1139 662; x_wconf 91' lang='lat' dir='ltr'><strong>intantum</strong></span> <span class='ocrx_word' id='word_1_36' title='bbox 1191 614 1250 658; x_wconf 94' lang='lat' dir='ltr'><strong>ut</strong></span> <span class='ocrx_word' id='word_1_37' title='bbox 1293 602 1457 658; x_wconf 90' lang='lat' dir='ltr'><strong>etiam</strong></span> <span class='ocrx_word' id='word_1_38' title='bbox 1508 602 1565 658; x_wconf 92' lang='lat' dir='ltr'><strong>hi</strong></span> <span class='ocrx_word' id='word_1_39' title='bbox 1613 602 1704 674; x_wconf 86' lang='lat' dir='ltr'><strong>qui</strong></span> <span class='ocrx_word' id='word_1_40' title='bbox 1750 617 1812 658; x_wconf 91' lang='lat' dir='ltr'><strong>ea</strong></span> <span class='ocrx_word' id='word_1_41' title='bbox 1848 601 2198 666; x_wconf 87' lang='lat' dir='ltr'><strong>faciunt,cu-</strong></span> 
     </span>
    </p>
   </div>
   <div class='ocr_carea' id='block_1_7' title="bbox 603 694 2196 775">
    <p class='ocr_par' dir='ltr' id='par_1_7' title="bbox 603 694 2196 775">
     <span class='ocr_line' id='line_1_7' title="bbox 603 694 2196 775; baseline -0.004 -18"><span class='ocrx_word' id='word_1_42' title='bbox 603 704 757 775; x_wconf 94' lang='lat' dir='ltr'><strong>piant</strong></span> <span class='ocrx_word' id='word_1_43' title='bbox 786 699 1065 756; x_wconf 83' lang='lat' dir='ltr'><strong>occultare</strong></span> <span class='ocrx_word' id='word_1_44' title='bbox 1090 695 1234 768; x_wconf 92' lang='lat' dir='ltr'><strong>quod</strong></span> <span class='ocrx_word' id='word_1_45' title='bbox 1281 695 1503 751; x_wconf 89' lang='lat' dir='ltr'><strong>faciunt.</strong></span> <span class='ocrx_word' id='word_1_46' title='bbox 1536 694 1636 752; x_wconf 70' lang='lat' dir='ltr'><strong>Vel</strong></span> <span class='ocrx_word' id='word_1_47' title='bbox 1667 705 1816 752; x_wconf 92' lang='lat' dir='ltr'><strong>certe</strong></span> <span class='ocrx_word' id='word_1_48' title='bbox 1841 695 1946 751; x_wconf 86' lang='lat' dir='ltr'><strong>his</strong></span> <span class='ocrx_word' id='word_1_49' title='bbox 1993 705 2196 752; x_wconf 89' lang='lat' dir='ltr'><strong>tantum</strong></span> 
     </span>
    </p>
   </div>
   <div class='ocr_carea' id='block_1_8' title="bbox 606 787 2199 862">
    <p class='ocr_par' dir='ltr' id='par_1_8' title="bbox 606 787 2199 862">
     <span class='ocr_line' id='line_1_8' title="bbox 606 787 2199 862; baseline -0.003 -11"><span class='ocrx_word' id='word_1_50' title='bbox 606 793 916 862; x_wconf 80' lang='lat' dir='ltr'><strong>manifesta,</strong></span> <span class='ocrx_word' id='word_1_51' title='bbox 943 791 1034 862; x_wconf 91' lang='lat' dir='ltr'><strong>qui</strong></span> <span class='ocrx_word' id='word_1_52' title='bbox 1058 792 1112 846; x_wconf 93' lang='lat' dir='ltr'><strong>in</strong></span> <span class='ocrx_word' id='word_1_53' title='bbox 1130 788 1354 846; x_wconf 88' lang='lat' dir='ltr'><strong>Cltritso</strong></span> <span class='ocrx_word' id='word_1_54' title='bbox 1375 787 1728 845; x_wconf 79' lang='lat' dir='ltr'><strong>crediderint.</strong></span> <span class='ocrx_word' id='word_1_55' title='bbox 1753 789 1976 845; x_wconf 86' lang='lat' dir='ltr'><strong>Plurimi</strong></span> <span class='ocrx_word' id='word_1_56' title='bbox 1997 791 2199 862; x_wconf 90' lang='lat' dir='ltr'><strong>quippe</strong></span> 
     </span>
    </p>
   </div>
   <div class='ocr_carea' id='block_1_9' title="bbox 605 881 2197 960">
    <p class='ocr_par' dir='ltr' id='par_1_9' title="bbox 605 881 2197 960">
     <span class='ocr_line' id='line_1_9' title="bbox 605 881 2197 960; baseline -0.005 -16"><span class='ocrx_word' id='word_1_57' title='bbox 605 885 884 960; x_wconf 72' lang='lat' dir='ltr'><strong>gentilium</strong></span> <span class='ocrx_word' id='word_1_58' title='bbox 917 885 971 940; x_wconf 93' lang='lat' dir='ltr'><strong>in</strong></span> <span class='ocrx_word' id='word_1_59' title='bbox 1003 883 1121 939; x_wconf 83' lang='lat' dir='ltr'><strong>suis</strong></span> <span class='ocrx_word' id='word_1_60' title='bbox 1151 881 1466 955; x_wconf 78' lang='lat' dir='ltr'><strong>ignominiis</strong></span> <span class='ocrx_word' id='word_1_61' title='bbox 1491 881 1814 953; x_wconf 73' lang='lat' dir='ltr'><strong>gloriantur,</strong></span> <span class='ocrx_word' id='word_1_62' title='bbox 1842 891 1898 939; x_wconf 92' lang='lat' dir='ltr'><strong>et</strong></span> <span class='ocrx_word' id='word_1_63' title='bbox 1928 892 2120 952; x_wconf 89' lang='lat' dir='ltr'><strong>putant</strong></span> <span class='ocrx_word' id='word_1_64' title='bbox 2152 883 2197 938; x_wconf 88' lang='lat' dir='ltr'><strong>si</strong></span> 
     </span>
    </p>
   </div>
   <div class='ocr_carea' id='block_1_10' title="bbox 605 972 2197 1051">
    <p class='ocr_par' dir='ltr' id='par_1_10' title="bbox 605 972 2197 1051">
     <span class='ocr_line' id='line_1_10' title="bbox 605 972 2197 1051; baseline -0.006 -13"><span class='ocrx_word' id='word_1_65' title='bbox 605 979 947 1051; x_wconf 91' lang='lat' dir='ltr'><strong>expleverint</strong></span> <span class='ocrx_word' id='word_1_66' title='bbox 992 976 1350 1047; x_wconf 89' lang='lat' dir='ltr'><strong>voluptatem,</strong></span> <span class='ocrx_word' id='word_1_67' title='bbox 1376 972 1669 1046; x_wconf 84' lang='lat' dir='ltr'><strong>quamdam</strong></span> <span class='ocrx_word' id='word_1_68' title='bbox 1697 988 1760 1030; x_wconf 88' lang='lat' dir='ltr'><strong>se</strong></span> <span class='ocrx_word' id='word_1_69' title='bbox 1801 973 2197 1044; x_wconf 89' lang='lat' dir='ltr'><strong>turpitudinum</strong></span> 
     </span>
    </p>
   </div>
   <div class='ocr_carea' id='block_1_11' title="bbox 603 1065 2201 1140">
    <p class='ocr_par' dir='ltr' id='par_1_11' title="bbox 603 1065 2201 1140">
     <span class='ocr_line' id='line_1_11' title="bbox 603 1065 2201 1140; baseline -0.004 -11"><span class='ocrx_word' id='word_1_70' title='bbox 603 1073 890 1129; x_wconf 82' lang='lat' dir='ltr'><strong>victoriam</strong></span> <span class='ocrx_word' id='word_1_71' title='bbox 921 1076 1265 1126; x_wconf 83' lang='lat' dir='ltr'><strong>consecutos.</strong></span> <span class='ocrx_word' id='word_1_72' title='bbox 1322 1065 1430 1123; x_wconf 89' lang='lat' dir='ltr'><strong>Sed</strong></span> <span class='ocrx_word' id='word_1_73' title='bbox 1458 1074 1516 1122; x_wconf 93' lang='lat' dir='ltr'><strong>et</strong></span> <span class='ocrx_word' id='word_1_74' title='bbox 1543 1065 1678 1122; x_wconf 87' lang='lat' dir='ltr'><strong>illud</strong></span> <span class='ocrx_word' id='word_1_75' title='bbox 1723 1065 2026 1139; x_wconf 81' lang='lat' dir='ltr'><strong>eleganter,</strong></span> <span class='ocrx_word' id='word_1_76' title='bbox 2055 1067 2201 1140; x_wconf 91' lang='lat' dir='ltr'><strong>quod</strong></span> 
     </span>
    </p>
   </div>
   <div class='ocr_carea' id='block_1_12' title="bbox 607 1158 2202 1233">
    <p class='ocr_par' dir='ltr' id='par_1_12' title="bbox 607 1158 2202 1233">
     <span class='ocr_line' id='line_1_12' title="bbox 607 1158 2202 1233; baseline -0.004 -10"><span class='ocrx_word' id='word_1_77' title='bbox 607 1165 663 1224; x_wconf 89' lang='lat' dir='ltr'><strong>in</strong></span> <span class='ocrx_word' id='word_1_78' title='bbox 694 1180 863 1221; x_wconf 85' lang='lat' dir='ltr'><strong>carne</strong></span> <span class='ocrx_word' id='word_1_79' title='bbox 892 1177 1058 1233; x_wconf 85' lang='lat' dir='ltr'><strong>opera</strong></span> <span class='ocrx_word' id='word_1_80' title='bbox 1101 1161 1305 1232; x_wconf 85' lang='lat' dir='ltr'><strong>posuit,</strong></span> <span class='ocrx_word' id='word_1_81' title='bbox 1354 1168 1409 1216; x_wconf 91' lang='lat' dir='ltr'><strong>et</strong></span> <span class='ocrx_word' id='word_1_82' title='bbox 1447 1158 1655 1216; x_wconf 87' lang='lat' dir='ltr'><strong>fructus</strong></span> <span class='ocrx_word' id='word_1_83' title='bbox 1700 1160 1756 1214; x_wconf 91' lang='lat' dir='ltr'><strong>in</strong></span> <span class='ocrx_word' id='word_1_84' title='bbox 1795 1159 1986 1231; x_wconf 83' lang='lat' dir='ltr'><strong>spiritu</strong></span> <span class='ocrx_word' id='word_1_85' title='bbox 2017 1177 2032 1215; x_wconf 90' lang='lat'><strong>:</strong></span> <span class='ocrx_word' id='word_1_86' title='bbox 2075 1161 2202 1232; x_wconf 92' lang='lat' dir='ltr'><strong>quia</strong></span> 
     </span>
    </p>
   </div>
   <div class='ocr_carea' id='block_1_13' title="bbox 615 1249 2205 1324">
    <p class='ocr_par' dir='ltr' id='par_1_13' title="bbox 615 1249 2205 1324">
     <span class='ocr_line' id='line_1_13' title="bbox 615 1249 2205 1324; baseline -0.004 -11"><span class='ocrx_word' id='word_1_87' title='bbox 615 1257 750 1314; x_wconf 90' lang='lat' dir='ltr'><strong>vitia</strong></span> <span class='ocrx_word' id='word_1_88' title='bbox 774 1258 826 1312; x_wconf 93' lang='lat' dir='ltr'><strong>in</strong></span> <span class='ocrx_word' id='word_1_89' title='bbox 854 1254 1153 1324; x_wconf 89' lang='lat' dir='ltr'><strong>semetipsa</strong></span> <span class='ocrx_word' id='word_1_90' title='bbox 1183 1251 1446 1308; x_wconf 90' lang='lat' dir='ltr'><strong>finiuntur</strong></span> <span class='ocrx_word' id='word_1_91' title='bbox 1476 1261 1530 1307; x_wconf 92' lang='lat' dir='ltr'><strong>et</strong></span> <span class='ocrx_word' id='word_1_92' title='bbox 1561 1258 1814 1322; x_wconf 91' lang='lat' dir='ltr'><strong>pereunt,</strong></span> <span class='ocrx_word' id='word_1_93' title='bbox 1845 1249 2074 1307; x_wconf 82' lang='lat' dir='ltr'><strong>virtutes</strong></span> <span class='ocrx_word' id='word_1_94' title='bbox 2094 1249 2205 1307; x_wconf 91' lang='lat' dir='ltr'><strong>fru-</strong></span> 
     </span>
    </p>
   </div>
   <div class='ocr_carea' id='block_1_14' title="bbox 611 1345 2206 1424">
    <p class='ocr_par' dir='ltr' id='par_1_14' title="bbox 611 1345 2206 1424">
     <span class='ocr_line' id='line_1_14' title="bbox 611 1345 2206 1424; baseline -0.003 -17"><span class='ocrx_word' id='word_1_95' title='bbox 611 1351 770 1424; x_wconf 86' lang='lat' dir='ltr'><strong>gibus</strong></span> <span class='ocrx_word' id='word_1_96' title='bbox 795 1349 1064 1420; x_wconf 87' lang='lat' dir='ltr'><strong>pullulant</strong></span> <span class='ocrx_word' id='word_1_97' title='bbox 1093 1357 1149 1405; x_wconf 91' lang='lat' dir='ltr'><strong>et</strong></span> <span class='ocrx_word' id='word_1_98' title='bbox 1188 1345 1515 1403; x_wconf 85' lang='lat' dir='ltr'><strong>redundant.</strong></span> <span class='ocrx_word' id='word_1_99' title='bbox 1558 1345 1670 1401; x_wconf 86' lang='lat' dir='ltr'><strong>Nec</strong></span> <span class='ocrx_word' id='word_1_100' title='bbox 1718 1355 1969 1416; x_wconf 87' lang='lat' dir='ltr'><strong>putemus</strong></span> <span class='ocrx_word' id='word_1_101' title='bbox 2011 1346 2206 1403; x_wconf 75' lang='lat' dir='ltr'><strong>anima:</strong></span> 
     </span>
    </p>
   </div>
   <div class='ocr_carea' id='block_1_15' title="bbox 614 1439 2207 1513">
    <p class='ocr_par' dir='ltr' id='par_1_15' title="bbox 614 1439 2207 1513">
     <span class='ocr_line' id='line_1_15' title="bbox 614 1439 2207 1513; baseline -0.003 -12"><span class='ocrx_word' id='word_1_102' title='bbox 614 1443 822 1502; x_wconf 90' lang='lat' dir='ltr'><strong>nullum</strong></span> <span class='ocrx_word' id='word_1_103' title='bbox 853 1456 978 1498; x_wconf 90' lang='lat' dir='ltr'><strong>esse</strong></span> <span class='ocrx_word' id='word_1_104' title='bbox 1006 1455 1164 1512; x_wconf 91' lang='lat' dir='ltr'><strong>opus,</strong></span> <span class='ocrx_word' id='word_1_105' title='bbox 1203 1441 1248 1497; x_wconf 91' lang='lat' dir='ltr'><strong>si</strong></span> <span class='ocrx_word' id='word_1_106' title='bbox 1297 1440 1426 1496; x_wconf 90' lang='lat' dir='ltr'><strong>vitia</strong></span> <span class='ocrx_word' id='word_1_107' title='bbox 1475 1439 1660 1505; x_wconf 88' lang='lat' dir='ltr'><strong>carni,</strong></span> <span class='ocrx_word' id='word_1_108' title='bbox 1709 1440 1944 1496; x_wconf 83' lang='lat' dir='ltr'><strong>virtutes</strong></span> <span class='ocrx_word' id='word_1_109' title='bbox 1990 1441 2207 1513; x_wconf 84' lang='lat' dir='ltr'><strong>spiritui</strong></span> 
     </span>
    </p>
   </div>
   <div class='ocr_carea' id='block_1_16' title="bbox 614 1532 2204 1608">
    <p class='ocr_par' dir='ltr' id='par_1_16' title="bbox 614 1532 2204 1608">
     <span class='ocr_line' id='line_1_16' title="bbox 614 1532 2204 1608; baseline -0.003 -13"><span class='ocrx_word' id='word_1_110' title='bbox 614 1538 968 1608; x_wconf 86' lang='lat' dir='ltr'><strong>deputentur.</strong></span> <span class='ocrx_word' id='word_1_111' title='bbox 999 1535 1134 1604; x_wconf 85' lang='lat' dir='ltr'><strong>Quia</strong></span> <span class='ocrx_word' id='word_1_112' title='bbox 1161 1536 1340 1590; x_wconf 89' lang='lat' dir='ltr'><strong>anima</strong></span> <span class='ocrx_word' id='word_1_113' title='bbox 1370 1535 1390 1607; x_wconf 95' lang='lat'><strong>(</strong></span> <span class='ocrx_word' id='word_1_114' title='bbox 1416 1543 1475 1590; x_wconf 92' lang='lat' dir='ltr'><strong>ut</strong></span> <span class='ocrx_word' id='word_1_115' title='bbox 1504 1547 1671 1605; x_wconf 87' lang='lat' dir='ltr'><strong>supra</strong></span> <span class='ocrx_word' id='word_1_116' title='bbox 1695 1532 1965 1607; x_wconf 78' lang='lat' dir='ltr'><strong>diximus)</strong></span> <span class='ocrx_word' id='word_1_117' title='bbox 1993 1537 2048 1590; x_wconf 90' lang='lat' dir='ltr'><strong>in</strong></span> <span class='ocrx_word' id='word_1_118' title='bbox 2076 1551 2204 1606; x_wconf 84' lang='lat' dir='ltr'><strong>quo-</strong></span> 
     </span>
    </p>
   </div>
   <div class='ocr_carea' id='block_1_17' title="bbox 615 1625 2210 1698">
    <p class='ocr_par' dir='ltr' id='par_1_17' title="bbox 615 1625 2210 1698">
     <span class='ocr_line' id='line_1_17' title="bbox 615 1625 2210 1698; baseline -0.002 -14"><span class='ocrx_word' id='word_1_119' title='bbox 615 1629 738 1685; x_wconf 90' lang='lat' dir='ltr'><strong>dam</strong></span> <span class='ocrx_word' id='word_1_120' title='bbox 772 1627 1073 1684; x_wconf 88' lang='lat' dir='ltr'><strong>meditullio</strong></span> <span class='ocrx_word' id='word_1_121' title='bbox 1103 1627 1304 1698; x_wconf 88' lang='lat' dir='ltr'><strong>posita,</strong></span> <span class='ocrx_word' id='word_1_122' title='bbox 1347 1625 1434 1682; x_wconf 88' lang='lat' dir='ltr'><strong>vel</strong></span> <span class='ocrx_word' id='word_1_123' title='bbox 1459 1627 1610 1682; x_wconf 90' lang='lat' dir='ltr'><strong>carni</strong></span> <span class='ocrx_word' id='word_1_124' title='bbox 1635 1626 1900 1698; x_wconf 86' lang='lat' dir='ltr'><strong>jungitur,</strong></span> <span class='ocrx_word' id='word_1_125' title='bbox 1933 1635 1988 1682; x_wconf 91' lang='lat' dir='ltr'><strong>et</strong></span> <span class='ocrx_word' id='word_1_126' title='bbox 2012 1626 2210 1681; x_wconf 92' lang='lat' dir='ltr'><strong>dicitur</strong></span> 
     </span>
    </p>
   </div>
   <div class='ocr_carea' id='block_1_18' title="bbox 612 1719 2210 1792">
    <p class='ocr_par' dir='ltr' id='par_1_18' title="bbox 612 1719 2210 1792">
     <span class='ocr_line' id='line_1_18' title="bbox 612 1719 2210 1792; baseline -0.003 -14"><span class='ocrx_word' id='word_1_127' title='bbox 612 1721 684 1778; x_wconf 91' lang='lat' dir='ltr'><strong>de</strong></span> <span class='ocrx_word' id='word_1_128' title='bbox 726 1737 788 1778; x_wconf 88' lang='lat' dir='ltr'><strong>ea</strong></span> <span class='ocrx_word' id='word_1_129' title='bbox 819 1739 834 1777; x_wconf 91' lang='lat'><strong>:</strong></span> <span class='ocrx_word' id='word_1_130' title='bbox 867 1720 991 1776; x_wconf 87' lang='lat' dir='ltr'><strong>Non</strong></span> <span class='ocrx_word' id='word_1_131' title='bbox 1028 1720 1343 1792; x_wconf 79' lang='lat' dir='ltr'><strong>permanebit</strong></span> <span class='ocrx_word' id='word_1_132' title='bbox 1378 1719 1590 1792; x_wconf 79' lang='lat' dir='ltr'><strong>spiritus</strong></span> <span class='ocrx_word' id='word_1_133' title='bbox 1636 1736 1781 1776; x_wconf 87' lang='lat' dir='ltr'><strong>meus</strong></span> <span class='ocrx_word' id='word_1_134' title='bbox 1809 1720 1862 1774; x_wconf 91' lang='lat' dir='ltr'><strong>in</strong></span> <span class='ocrx_word' id='word_1_135' title='bbox 1913 1720 2210 1774; x_wconf 85' lang='lat' dir='ltr'><strong>hominibus</strong></span> 
     </span>
    </p>
   </div>
   <div class='ocr_carea' id='block_1_19' title="bbox 2299 513 3880 587">
    <p class='ocr_par' dir='ltr' id='par_1_19' title="bbox 2299 513 3880 587">
     <span class='ocr_line' id='line_1_19' title="bbox 2299 513 3880 587; baseline 0.003 -18"><span class='ocrx_word' id='word_1_136' title='bbox 2299 513 2525 580; x_wconf 91' lang='lat' dir='ltr'><strong>inimici,</strong></span> <span class='ocrx_word' id='word_1_137' title='bbox 2557 513 2653 570; x_wconf 88' lang='lat' dir='ltr'><strong>sed</strong></span> <span class='ocrx_word' id='word_1_138' title='bbox 2693 530 2816 571; x_wconf 92' lang='lat' dir='ltr'><strong>cum</strong></span> <span class='ocrx_word' id='word_1_139' title='bbox 2849 515 3106 572; x_wconf 90' lang='lat' dir='ltr'><strong>omnibus</strong></span> <span class='ocrx_word' id='word_1_140' title='bbox 3146 515 3354 573; x_wconf 88' lang='lat' dir='ltr'><strong>habere</strong></span> <span class='ocrx_word' id='word_1_141' title='bbox 3392 531 3604 587; x_wconf 88' lang='lat' dir='ltr'><strong>pacem.</strong></span> <span class='ocrx_word' id='word_1_142' title='bbox 3654 515 3804 584; x_wconf 87' lang='lat' dir='ltr'><strong>Quod</strong></span> <span class='ocrx_word' id='word_1_143' title='bbox 3840 518 3880 574; x_wconf 87' lang='lat' dir='ltr'><strong>si</strong></span> 
     </span>
    </p>
   </div>
   <div class='ocr_carea' id='block_1_20' title="bbox 2301 607 3878 682">
    <p class='ocr_par' dir='ltr' id='par_1_20' title="bbox 2301 607 3878 682">
     <span class='ocr_line' id='line_1_20' title="bbox 2301 607 3878 682; baseline 0 -17"><span class='ocrx_word' id='word_1_144' title='bbox 2301 609 2586 680; x_wconf 82' lang='lat' dir='ltr'><strong>loquentes</strong></span> <span class='ocrx_word' id='word_1_145' title='bbox 2633 609 2954 678; x_wconf 82' lang='lat' dir='ltr'><strong>veritatem,</strong></span> <span class='ocrx_word' id='word_1_146' title='bbox 3004 609 3217 682; x_wconf 88' lang='lat' dir='ltr'><strong>aliquos</strong></span> <span class='ocrx_word' id='word_1_147' title='bbox 3268 625 3546 667; x_wconf 89' lang='lat' dir='ltr'><strong>meremur</strong></span> <span class='ocrx_word' id='word_1_148' title='bbox 3597 607 3878 666; x_wconf 87' lang='lat' dir='ltr'><strong>inimicos:</strong></span> 
     </span>
    </p>
   </div>
   <div class='ocr_carea' id='block_1_21' title="bbox 2302 700 3880 774">
    <p class='ocr_par' dir='ltr' id='par_1_21' title="bbox 2302 700 3880 774">
     <span class='ocr_line' id='line_1_21' title="bbox 2302 700 3880 774; baseline 0.001 -18"><span class='ocrx_word' id='word_1_149' title='bbox 2302 715 2410 756; x_wconf 89' lang='lat' dir='ltr'><strong>non</strong></span> <span class='ocrx_word' id='word_1_150' title='bbox 2441 711 2548 757; x_wconf 88' lang='lat' dir='ltr'><strong>tam</strong></span> <span class='ocrx_word' id='word_1_151' title='bbox 2571 717 2676 757; x_wconf 89' lang='lat' dir='ltr'><strong>nos</strong></span> <span class='ocrx_word' id='word_1_152' title='bbox 2697 701 2904 758; x_wconf 81' lang='lat' dir='ltr'><strong>inimici</strong></span> <span class='ocrx_word' id='word_1_153' title='bbox 2926 718 3116 758; x_wconf 90' lang='lat' dir='ltr'><strong>eorum</strong></span> <span class='ocrx_word' id='word_1_154' title='bbox 3149 717 3359 769; x_wconf 90' lang='lat' dir='ltr'><strong>sumus,</strong></span> <span class='ocrx_word' id='word_1_155' title='bbox 3391 717 3552 774; x_wconf 78' lang='lat' dir='ltr'><strong>quam</strong></span> <span class='ocrx_word' id='word_1_156' title='bbox 3584 701 3664 758; x_wconf 88' lang='lat' dir='ltr'><strong>illi</strong></span> <span class='ocrx_word' id='word_1_157' title='bbox 3693 700 3880 758; x_wconf 88' lang='lat' dir='ltr'><strong>inimici</strong></span> 
     </span>
    </p>
   </div>
   <div class='ocr_carea' id='block_1_22' title="bbox 2303 793 3879 867">
    <p class='ocr_par' dir='ltr' id='par_1_22' title="bbox 2303 793 3879 867">
     <span class='ocr_line' id='line_1_22' title="bbox 2303 793 3879 867; baseline 0.001 -17"><span class='ocrx_word' id='word_1_158' title='bbox 2303 802 2430 850; x_wconf 88' lang='lat' dir='ltr'><strong>sunt</strong></span> <span class='ocrx_word' id='word_1_159' title='bbox 2482 795 2746 850; x_wconf 83' lang='lat' dir='ltr'><strong>veritatis.</strong></span> <span class='ocrx_word' id='word_1_160' title='bbox 2795 795 2930 850; x_wconf 86' lang='lat' dir='ltr'><strong>Nam</strong></span> <span class='ocrx_word' id='word_1_161' title='bbox 2979 795 3125 867; x_wconf 92' lang='lat' dir='ltr'><strong>quod</strong></span> <span class='ocrx_word' id='word_1_162' title='bbox 3164 806 3219 852; x_wconf 90' lang='lat' dir='ltr'><strong>et</strong></span> <span class='ocrx_word' id='word_1_163' title='bbox 3271 796 3326 851; x_wconf 89' lang='lat' dir='ltr'><strong>in</strong></span> <span class='ocrx_word' id='word_1_164' title='bbox 3356 794 3554 852; x_wconf 85' lang='lat' dir='ltr'><strong>Genesi</strong></span> <span class='ocrx_word' id='word_1_165' title='bbox 3603 793 3797 850; x_wconf 89' lang='lat' dir='ltr'><strong>dicitur</strong></span> <span class='ocrx_word' id='word_1_166' title='bbox 3821 796 3879 851; x_wconf 84' lang='lat' dir='ltr'><strong>ad</strong></span> 
     </span>
    </p>
   </div>
   <div class='ocr_carea' id='block_1_23' title="bbox 2305 883 3880 942">
    <p class='ocr_par' dir='ltr' id='par_1_23' title="bbox 2305 883 3880 942">
     <span class='ocr_line' id='line_1_23' title="bbox 2305 883 3880 942; baseline -0.001 -1"><span class='ocrx_word' id='word_1_167' title='bbox 2305 884 2580 941; x_wconf 79' lang='lat' dir='ltr'><strong>Abraham</strong></span> <span class='ocrx_word' id='word_1_168' title='bbox 2609 903 2620 941; x_wconf 94' lang='lat'>:</span> <span class='ocrx_word' id='word_1_169' title='bbox 2652 883 2904 942; x_wconf 73' lang='lat' dir='ltr'><strong>Inimicus</strong></span> <span class='ocrx_word' id='word_1_170' title='bbox 2935 902 3022 940; x_wconf 85' lang='lat' dir='ltr'><strong>ero</strong></span> <span class='ocrx_word' id='word_1_171' title='bbox 3048 887 3274 942; x_wconf 88' lang='lat' dir='ltr'><strong>inimicis</strong></span> <span class='ocrx_word' id='word_1_172' title='bbox 3311 888 3414 941; x_wconf 90' lang='lat' dir='ltr'><strong>tuis</strong></span> <span class='ocrx_word' id='word_1_173' title='bbox 3445 903 3464 942; x_wconf 89' lang='lat'><em>:</em></span> <span class='ocrx_word' id='word_1_174' title='bbox 3495 895 3542 940; x_wconf 86' lang='lat' dir='ltr'><strong>et</strong></span> <span class='ocrx_word' id='word_1_175' title='bbox 3587 885 3880 942; x_wconf 73' lang='lat' dir='ltr'><strong>adversabor</strong></span> 
     </span>
    </p>
   </div>
   <div class='ocr_carea' id='block_1_24' title="bbox 2305 977 3881 1050">
    <p class='ocr_par' dir='ltr' id='par_1_24' title="bbox 2305 977 3881 1050">
     <span class='ocr_line' id='line_1_24' title="bbox 2305 977 3881 1050; baseline 0.001 -18"><span class='ocrx_word' id='word_1_176' title='bbox 2305 978 2695 1034; x_wconf 75' lang='lat' dir='ltr'><strong>adversantibus</strong></span> <span class='ocrx_word' id='word_1_177' title='bbox 2724 979 2839 1048; x_wconf 83' lang='lat' dir='ltr'><strong>tibi,</strong></span> <span class='ocrx_word' id='word_1_178' title='bbox 2887 979 3026 1036; x_wconf 89' lang='lat' dir='ltr'><strong>sicut</strong></span> <span class='ocrx_word' id='word_1_179' title='bbox 3072 994 3236 1050; x_wconf 89' lang='lat' dir='ltr'><strong>supra</strong></span> <span class='ocrx_word' id='word_1_180' title='bbox 3285 977 3740 1049; x_wconf 89' lang='lat' dir='ltr'><strong>intelligendum,</strong></span> <span class='ocrx_word' id='word_1_181' title='bbox 3787 994 3881 1035; x_wconf 91' lang='lat' dir='ltr'><strong>non</strong></span> 
     </span>
    </p>
   </div>
   <div class='ocr_carea' id='block_1_25' title="bbox 2307 1068 3885 1142">
    <p class='ocr_par' dir='ltr' id='par_1_25' title="bbox 2307 1068 3885 1142">
     <span class='ocr_line' id='line_1_25' title="bbox 2307 1068 3885 1142; baseline -0.001 -16"><span class='ocrx_word' id='word_1_182' title='bbox 2307 1078 2415 1126; x_wconf 87' lang='lat' dir='ltr'><strong>tam</strong></span> <span class='ocrx_word' id='word_1_183' title='bbox 2447 1068 2720 1126; x_wconf 85' lang='lat' dir='ltr'><strong>Abraham</strong></span> <span class='ocrx_word' id='word_1_184' title='bbox 2753 1070 2860 1126; x_wconf 86' lang='lat' dir='ltr'><strong>illis</strong></span> <span class='ocrx_word' id='word_1_185' title='bbox 2891 1070 3174 1126; x_wconf 91' lang='lat' dir='ltr'><strong>inimicum</strong></span> <span class='ocrx_word' id='word_1_186' title='bbox 3202 1070 3390 1140; x_wconf 90' lang='lat' dir='ltr'><strong>fuisse,</strong></span> <span class='ocrx_word' id='word_1_187' title='bbox 3437 1085 3597 1142; x_wconf 89' lang='lat' dir='ltr'><strong>quam</strong></span> <span class='ocrx_word' id='word_1_188' title='bbox 3643 1068 3766 1124; x_wconf 83' lang='lat' dir='ltr'><strong>illos</strong></span> <span class='ocrx_word' id='word_1_189' title='bbox 3790 1068 3885 1125; x_wconf 71' lang='lat' dir='ltr'><strong>Ab-</strong></span> 
     </span>
    </p>
   </div>
   <div class='ocr_carea' id='block_1_26' title="bbox 2308 1161 3885 1235">
    <p class='ocr_par' dir='ltr' id='par_1_26' title="bbox 2308 1161 3885 1235">
     <span class='ocr_line' id='line_1_26' title="bbox 2308 1161 3885 1235; baseline 0 -18"><span class='ocrx_word' id='word_1_190' title='bbox 2308 1163 2459 1218; x_wconf 71' lang='lat' dir='ltr'><strong>rahae</strong></span> <span class='ocrx_word' id='word_1_191' title='bbox 2483 1161 2777 1218; x_wconf 87' lang='lat' dir='ltr'><strong>virtutibus</strong></span> <span class='ocrx_word' id='word_1_192' title='bbox 2807 1173 2860 1218; x_wconf 92' lang='lat' dir='ltr'><strong>et</strong></span> <span class='ocrx_word' id='word_1_193' title='bbox 2887 1163 3165 1235; x_wconf 85' lang='lat' dir='ltr'><strong>religioni,</strong></span> <span class='ocrx_word' id='word_1_194' title='bbox 3193 1179 3291 1233; x_wconf 91' lang='lat' dir='ltr'><strong>per</strong></span> <span class='ocrx_word' id='word_1_195' title='bbox 3315 1178 3511 1234; x_wconf 88' lang='lat' dir='ltr'><strong>quam,</strong></span> <span class='ocrx_word' id='word_1_196' title='bbox 3538 1161 3759 1218; x_wconf 88' lang='lat' dir='ltr'><strong>calcatis</strong></span> <span class='ocrx_word' id='word_1_197' title='bbox 3784 1161 3885 1217; x_wconf 77' lang='lat' dir='ltr'><strong>ido-</strong></span> 
     </span>
    </p>
   </div>
   <div class='ocr_carea' id='block_1_27' title="bbox 2309 1253 3888 1327">
    <p class='ocr_par' dir='ltr' id='par_1_27' title="bbox 2309 1253 3888 1327">
     <span class='ocr_line' id='line_1_27' title="bbox 2309 1253 3888 1327; baseline -0.001 -17"><span class='ocrx_word' id='word_1_198' title='bbox 2309 1255 2400 1323; x_wconf 90' lang='lat' dir='ltr'><strong>lis,</strong></span> <span class='ocrx_word' id='word_1_199' title='bbox 2428 1257 2701 1327; x_wconf 91' lang='lat' dir='ltr'><strong>cognitum</strong></span> <span class='ocrx_word' id='word_1_200' title='bbox 2730 1257 3097 1312; x_wconf 88' lang='lat' dir='ltr'><strong>venerabatur</strong></span> <span class='ocrx_word' id='word_1_201' title='bbox 3122 1255 3313 1311; x_wconf 90' lang='lat' dir='ltr'><strong>Deum.</strong></span> <span class='ocrx_word' id='word_1_202' title='bbox 3347 1254 3486 1310; x_wconf 90' lang='lat' dir='ltr'><strong>lllud</strong></span> <span class='ocrx_word' id='word_1_203' title='bbox 3515 1269 3729 1326; x_wconf 86' lang='lat' dir='ltr'><strong>quoque</strong></span> <span class='ocrx_word' id='word_1_204' title='bbox 3755 1253 3888 1324; x_wconf 91' lang='lat' dir='ltr'><strong>quod</strong></span> 
     </span>
    </p>
   </div>
   <div class='ocr_carea' id='block_1_28' title="bbox 2309 1346 3891 1422">
    <p class='ocr_par' dir='ltr' id='par_1_28' title="bbox 2309 1346 3891 1422">
     <span class='ocr_line' id='line_1_28' title="bbox 2309 1346 3891 1422; baseline -0.001 -18"><span class='ocrx_word' id='word_1_205' title='bbox 2309 1349 2510 1422; x_wconf 90' lang='lat' dir='ltr'><strong>populo</strong></span> <span class='ocrx_word' id='word_1_206' title='bbox 2543 1349 2854 1420; x_wconf 58' lang='lat' dir='ltr'><strong>praecipitur</strong></span> <span class='ocrx_word' id='word_1_207' title='bbox 2899 1347 3088 1414; x_wconf 91' lang='lat' dir='ltr'><strong>lsrael,</strong></span> <span class='ocrx_word' id='word_1_208' title='bbox 3121 1357 3178 1402; x_wconf 92' lang='lat' dir='ltr'><strong>ut</strong></span> <span class='ocrx_word' id='word_1_209' title='bbox 3205 1347 3334 1404; x_wconf 92' lang='lat' dir='ltr'><strong>odio</strong></span> <span class='ocrx_word' id='word_1_210' title='bbox 3363 1348 3722 1418; x_wconf 88' lang='lat' dir='ltr'><strong>sempiterno,</strong></span> <span class='ocrx_word' id='word_1_211' title='bbox 3752 1356 3805 1401; x_wconf 91' lang='lat' dir='ltr'><strong>et</strong></span> <span class='ocrx_word' id='word_1_212' title='bbox 3844 1346 3891 1402; x_wconf 92' lang='lat' dir='ltr'><strong>in</strong></span> 
     </span>
    </p>
   </div>
   <div class='ocr_carea' id='block_1_29' title="bbox 2311 1439 3896 1513">
    <p class='ocr_par' dir='ltr' id='par_1_29' title="bbox 2311 1439 3896 1513">
     <span class='ocr_line' id='line_1_29' title="bbox 2311 1439 3896 1513; baseline -0.003 -16"><span class='ocrx_word' id='word_1_213' title='bbox 2311 1453 2562 1513; x_wconf 87' lang='lat' dir='ltr'><strong>posteros</strong></span> <span class='ocrx_word' id='word_1_214' title='bbox 2605 1443 2924 1498; x_wconf 88' lang='lat' dir='ltr'><strong>transmissa</strong></span> <span class='ocrx_word' id='word_1_215' title='bbox 2968 1441 3266 1508; x_wconf 88' lang='lat' dir='ltr'><strong>discordia,</strong></span> <span class='ocrx_word' id='word_1_216' title='bbox 3309 1440 3518 1496; x_wconf 90' lang='lat' dir='ltr'><strong>inimici</strong></span> <span class='ocrx_word' id='word_1_217' title='bbox 3562 1440 3674 1496; x_wconf 89' lang='lat' dir='ltr'><strong>sint</strong></span> <span class='ocrx_word' id='word_1_218' title='bbox 3703 1439 3896 1496; x_wconf 74' lang='lat' dir='ltr'><strong>Media-</strong></span> 
     </span>
    </p>
   </div>
   <div class='ocr_carea' id='block_1_30' title="bbox 2311 1531 3894 1607">
    <p class='ocr_par' dir='ltr' id='par_1_30' title="bbox 2311 1531 3894 1607">
     <span class='ocr_line' id='line_1_30' title="bbox 2311 1531 3894 1607; baseline -0.005 -14"><span class='ocrx_word' id='word_1_219' title='bbox 2311 1535 2431 1593; x_wconf 89' lang='lat' dir='ltr'><strong>neis</strong></span> <span class='ocrx_word' id='word_1_220' title='bbox 2463 1534 2654 1607; x_wconf 86' lang='lat' dir='ltr'><strong>(Num.</strong></span> <span class='ocrx_word' id='word_1_221' title='bbox 2697 1532 2870 1607; x_wconf 90' lang='lat' dir='ltr'><strong>xxxt),</strong></span> <span class='ocrx_word' id='word_1_222' title='bbox 2900 1536 3054 1606; x_wconf 89' lang='lat' dir='ltr'><strong>quasi</strong></span> <span class='ocrx_word' id='word_1_223' title='bbox 3088 1533 3174 1589; x_wconf 85' lang='lat' dir='ltr'><strong>bis</strong></span> <span class='ocrx_word' id='word_1_224' title='bbox 3201 1533 3418 1600; x_wconf 89' lang='lat' dir='ltr'><strong>dicitur,</strong></span> <span class='ocrx_word' id='word_1_225' title='bbox 3467 1534 3556 1605; x_wconf 91' lang='lat' dir='ltr'><strong>qui</strong></span> <span class='ocrx_word' id='word_1_226' title='bbox 3595 1532 3696 1587; x_wconf 89' lang='lat' dir='ltr'><strong>sub</strong></span> <span class='ocrx_word' id='word_1_227' title='bbox 3724 1531 3894 1602; x_wconf 65' lang='lat' dir='ltr'><strong>paeda-</strong></span> 
     </span>
    </p>
   </div>
   <div class='ocr_carea' id='block_1_31' title="bbox 2310 1623 3892 1700">
    <p class='ocr_par' dir='ltr' id='par_1_31' title="bbox 2310 1623 3892 1700">
     <span class='ocr_line' id='line_1_31' title="bbox 2310 1623 3892 1700; baseline -0.003 -18"><span class='ocrx_word' id='word_1_228' title='bbox 2310 1643 2450 1700; x_wconf 89' lang='lat' dir='ltr'><strong>gogo</strong></span> <span class='ocrx_word' id='word_1_229' title='bbox 2475 1637 2657 1695; x_wconf 92' lang='lat' dir='ltr'><strong>erant,</strong></span> <span class='ocrx_word' id='word_1_230' title='bbox 2681 1636 2738 1683; x_wconf 92' lang='lat' dir='ltr'><strong>et</strong></span> <span class='ocrx_word' id='word_1_231' title='bbox 2766 1629 2821 1683; x_wconf 93' lang='lat' dir='ltr'><strong>in</strong></span> <span class='ocrx_word' id='word_1_232' title='bbox 2851 1627 2960 1682; x_wconf 90' lang='lat' dir='ltr'><strong>alio</strong></span> <span class='ocrx_word' id='word_1_233' title='bbox 2979 1628 3102 1682; x_wconf 90' lang='lat' dir='ltr'><strong>loco</strong></span> <span class='ocrx_word' id='word_1_234' title='bbox 3130 1627 3485 1682; x_wconf 88' lang='lat' dir='ltr'><strong>merebantur</strong></span> <span class='ocrx_word' id='word_1_235' title='bbox 3507 1625 3695 1681; x_wconf 90' lang='lat' dir='ltr'><strong>audire</strong></span> <span class='ocrx_word' id='word_1_236' title='bbox 3727 1642 3742 1678; x_wconf 85' lang='lat'><strong>:</strong></span> <span class='ocrx_word' id='word_1_237' title='bbox 3769 1623 3892 1678; x_wconf 84' lang='lat' dir='ltr'><strong>Odia</strong></span> 
     </span>
    </p>
   </div>
   <div class='ocr_carea' id='block_1_32' title="bbox 2312 1717 3894 1792">
    <p class='ocr_par' dir='ltr' id='par_1_32' title="bbox 2312 1717 3894 1792">
     <span class='ocr_line' id='line_1_32' title="bbox 2312 1717 3894 1792; baseline -0.001 -19"><span class='ocrx_word' id='word_1_238' title='bbox 2312 1719 2520 1775; x_wconf 78' lang='lat' dir='ltr'><strong>habebis</strong></span> <span class='ocrx_word' id='word_1_239' title='bbox 2550 1721 2819 1775; x_wconf 81' lang='lat' dir='ltr'><strong>inimicum</strong></span> <span class='ocrx_word' id='word_1_240' title='bbox 2848 1729 2995 1774; x_wconf 88' lang='lat' dir='ltr'><strong>tuum</strong></span> <span class='ocrx_word' id='word_1_241' title='bbox 3021 1717 3242 1792; x_wconf 80' lang='lat' dir='ltr'><strong>(Matth.</strong></span> <span class='ocrx_word' id='word_1_242' title='bbox 3275 1734 3327 1785; x_wconf 92' lang='lat' dir='ltr'><strong>v,</strong></span> <span class='ocrx_word' id='word_1_243' title='bbox 3360 1717 3478 1790; x_wconf 76' lang='grc'><strong>45).</strong></span> <span class='ocrx_word' id='word_1_244' title='bbox 3507 1721 3615 1773; x_wconf 83' lang='lat' dir='ltr'><strong>Aut</strong></span> <span class='ocrx_word' id='word_1_245' title='bbox 3634 1728 3780 1774; x_wconf 88' lang='lat' dir='ltr'><strong>certe</strong></span> <span class='ocrx_word' id='word_1_246' title='bbox 3800 1731 3894 1773; x_wconf 87' lang='lat' dir='ltr'><strong>non</strong></span> 
     </span>
    </p>
   </div>
   <div class='ocr_carea' id='block_1_33' title="bbox 608 1809 3888 1886">
    <p class='ocr_par' dir='ltr' id='par_1_33' title="bbox 608 1809 3888 1886">
     <span class='ocr_line' id='line_1_33' title="bbox 608 1809 3888 1886; baseline -0.003 -15"><span class='ocrx_word' id='word_1_247' title='bbox 608 1814 744 1880; x_wconf 84' lang='lat' dir='ltr'><strong>istis,</strong></span> <span class='ocrx_word' id='word_1_248' title='bbox 777 1815 898 1886; x_wconf 83' lang='lat' dir='ltr'><strong>quia</strong></span> <span class='ocrx_word' id='word_1_249' title='bbox 923 1829 1101 1868; x_wconf 84' lang='lat' dir='ltr'><strong>carnes</strong></span> <span class='ocrx_word' id='word_1_250' title='bbox 1127 1820 1246 1867; x_wconf 89' lang='lat' dir='ltr'><strong>sunt</strong></span> <span class='ocrx_word' id='word_1_251' title='bbox 1267 1810 1421 1886; x_wconf 86' lang='lat' dir='ltr'><strong>(Gen.</strong></span> <span class='ocrx_word' id='word_1_252' title='bbox 1449 1827 1525 1879; x_wconf 82' lang='lat' dir='ltr'><strong>Vl,</strong></span> <span class='ocrx_word' id='word_1_253' title='bbox 1549 1811 1608 1885; x_wconf 76' lang='lat'><strong>3)</strong></span> <span class='ocrx_word' id='word_1_254' title='bbox 1635 1831 1649 1876; x_wconf 87' lang='lat'><strong>;</strong></span> <span class='ocrx_word' id='word_1_255' title='bbox 1679 1814 1762 1869; x_wconf 92' lang='lat' dir='ltr'><strong>vel</strong></span> <span class='ocrx_word' id='word_1_256' title='bbox 1789 1812 2002 1884; x_wconf 90' lang='lat' dir='ltr'><strong>spiritui</strong></span> <span class='ocrx_word' id='word_1_257' title='bbox 2047 1827 2212 1884; x_wconf 87' lang='lat' dir='ltr'><strong>copu-</strong></span> <span class='ocrx_word' id='word_1_258' title='bbox 2243 1817 2290 1878; x_wconf 82' lang='grc' dir='ltr'><strong>Β</strong></span> <span class='ocrx_word' id='word_1_259' title='bbox 2318 1820 2425 1868; x_wconf 92' lang='lat' dir='ltr'><strong>tam</strong></span> <span class='ocrx_word' id='word_1_260' title='bbox 2457 1827 2838 1882; x_wconf 90' lang='lat' dir='ltr'><strong>personarum,</strong></span> <span class='ocrx_word' id='word_1_261' title='bbox 2868 1826 3027 1883; x_wconf 87' lang='lat' dir='ltr'><strong>quam</strong></span> <span class='ocrx_word' id='word_1_262' title='bbox 3060 1825 3274 1866; x_wconf 92' lang='lat' dir='ltr'><strong>morum</strong></span> <span class='ocrx_word' id='word_1_263' title='bbox 3309 1818 3396 1865; x_wconf 83' lang='lat' dir='ltr'><strong>est</strong></span> <span class='ocrx_word' id='word_1_264' title='bbox 3437 1810 3573 1866; x_wconf 89' lang='lat' dir='ltr'><strong>facta</strong></span> <span class='ocrx_word' id='word_1_265' title='bbox 3599 1809 3888 1866; x_wconf 88' lang='lat' dir='ltr'><strong>dissensio:</strong></span> 
     </span>
    </p>
   </div>
   <div class='ocr_carea' id='block_1_34' title="bbox 618 1901 2211 1974">
    <p class='ocr_par' dir='ltr' id='par_1_34' title="bbox 618 1901 2211 1974">
     <span class='ocr_line' id='line_1_34' title="bbox 618 1901 2211 1974; baseline -0.003 -13"><span class='ocrx_word' id='word_1_266' title='bbox 618 1904 785 1966; x_wconf 88' lang='lat' dir='ltr'><strong>latur,</strong></span> <span class='ocrx_word' id='word_1_267' title='bbox 819 1913 874 1958; x_wconf 91' lang='lat' dir='ltr'><strong>et</strong></span> <span class='ocrx_word' id='word_1_268' title='bbox 905 1905 956 1959; x_wconf 94' lang='lat' dir='ltr'><strong>in</strong></span> <span class='ocrx_word' id='word_1_269' title='bbox 986 1903 1212 1974; x_wconf 88' lang='lat' dir='ltr'><strong>spiritus</strong></span> <span class='ocrx_word' id='word_1_270' title='bbox 1235 1901 1562 1958; x_wconf 84' lang='lat' dir='ltr'><strong>vocabulum</strong></span> <span class='ocrx_word' id='word_1_271' title='bbox 1593 1905 1810 1958; x_wconf 85' lang='lat' dir='ltr'><strong>transit.</strong></span> <span class='ocrx_word' id='word_1_272' title='bbox 1839 1902 1941 1972; x_wconf 86' lang='lat' dir='ltr'><strong>Qui</strong></span> <span class='ocrx_word' id='word_1_273' title='bbox 1964 1904 2098 1958; x_wconf 86' lang='lat' dir='ltr'><strong>enim</strong></span> <span class='ocrx_word' id='word_1_274' title='bbox 2113 1904 2211 1957; x_wconf 86' lang='lat' dir='ltr'><strong>ad-</strong></span> 
     </span>
    </p>
   </div>
   <div class='ocr_carea' id='block_1_35' title="bbox 616 1995 2209 2069">
    <p class='ocr_par' dir='ltr' id='par_1_35' title="bbox 616 1995 2209 2069">
     <span class='ocr_line' id='line_1_35' title="bbox 616 1995 2209 2069; baseline -0.003 -14"><span class='ocrx_word' id='word_1_275' title='bbox 616 1997 776 2056; x_wconf 64' lang='lat' dir='ltr'><strong>liceret</strong></span> <span class='ocrx_word' id='word_1_276' title='bbox 806 1995 1053 2064; x_wconf 87' lang='lat' dir='ltr'><strong>Domino,</strong></span> <span class='ocrx_word' id='word_1_277' title='bbox 1084 2013 1218 2052; x_wconf 88' lang='lat' dir='ltr'><strong>unus</strong></span> <span class='ocrx_word' id='word_1_278' title='bbox 1239 1997 1450 2068; x_wconf 85' lang='lat' dir='ltr'><strong>spiritus</strong></span> <span class='ocrx_word' id='word_1_279' title='bbox 1478 2004 1553 2051; x_wconf 88' lang='lat' dir='ltr'><strong>est</strong></span> <span class='ocrx_word' id='word_1_280' title='bbox 1577 1998 1596 2069; x_wconf 97' lang='lat'><strong>(</strong></span> <span class='ocrx_word' id='word_1_281' title='bbox 1621 1997 1638 2051; x_wconf 95' lang='lat' dir='ltr'><strong>l</strong></span> <span class='ocrx_word' id='word_1_282' title='bbox 1671 1996 1791 2052; x_wconf 88' lang='lat' dir='ltr'><strong>Cor.</strong></span> <span class='ocrx_word' id='word_1_283' title='bbox 1817 2013 1896 2064; x_wconf 68' lang='grc' dir='ltr'>γι,</span> <span class='ocrx_word' id='word_1_284' title='bbox 1932 1997 1996 2052; x_wconf 80' lang='lat' dir='ltr'><strong>l7</strong></span> <span class='ocrx_word' id='word_1_285' title='bbox 2019 1997 2060 2068; x_wconf 96' lang='lat'><strong>).</strong></span> <span class='ocrx_word' id='word_1_286' title='bbox 2089 1997 2209 2052; x_wconf 90' lang='lat' dir='ltr'><strong>Pri-</strong></span> 
     </span>
    </p>
   </div>
   <div class='ocr_carea' id='block_1_36' title="bbox 617 2086 2210 2161">
    <p class='ocr_par' dir='ltr' id='par_1_36' title="bbox 617 2086 2210 2161">
     <span class='ocr_line' id='line_1_36' title="bbox 617 2086 2210 2161; baseline -0.003 -13"><span class='ocrx_word' id='word_1_287' title='bbox 617 2106 763 2148; x_wconf 92' lang='lat' dir='ltr'><strong>mum</strong></span> <span class='ocrx_word' id='word_1_288' title='bbox 812 2091 994 2161; x_wconf 78' lang='lat' dir='ltr'><strong>itaque</strong></span> <span class='ocrx_word' id='word_1_289' title='bbox 1019 2090 1204 2145; x_wconf 90' lang='lat' dir='ltr'><strong>carnis</strong></span> <span class='ocrx_word' id='word_1_290' title='bbox 1232 2105 1390 2159; x_wconf 91' lang='lat' dir='ltr'><strong>opus,</strong></span> <span class='ocrx_word' id='word_1_291' title='bbox 1437 2097 1522 2145; x_wconf 91' lang='lat' dir='ltr'><strong>est</strong></span> <span class='ocrx_word' id='word_1_292' title='bbox 1563 2087 1878 2144; x_wconf 85' lang='lat' dir='ltr'><strong>fornicatio.</strong></span> <span class='ocrx_word' id='word_1_293' title='bbox 1926 2086 2210 2144; x_wconf 84' lang='lat' dir='ltr'><strong>Manifesta</strong></span> 
     </span>
    </p>
   </div>
   <div class='ocr_carea' id='block_1_37' title="bbox 616 2179 2212 2253">
    <p class='ocr_par' dir='ltr' id='par_1_37' title="bbox 616 2179 2212 2253">
     <span class='ocr_line' id='line_1_37' title="bbox 616 2179 2212 2253; baseline -0.003 -14"><span class='ocrx_word' id='word_1_294' title='bbox 616 2183 674 2240; x_wconf 92' lang='lat' dir='ltr'><strong>in</strong></span> <span class='ocrx_word' id='word_1_295' title='bbox 699 2182 931 2239; x_wconf 89' lang='lat' dir='ltr'><strong>exordio</strong></span> <span class='ocrx_word' id='word_1_296' title='bbox 971 2182 1173 2253; x_wconf 90' lang='lat' dir='ltr'><strong>posuit,</strong></span> <span class='ocrx_word' id='word_1_297' title='bbox 1199 2196 1270 2236; x_wconf 91' lang='lat' dir='ltr'><strong>tte</strong></span> <span class='ocrx_word' id='word_1_298' title='bbox 1299 2181 1368 2236; x_wconf 89' lang='lat' dir='ltr'><strong>de</strong></span> <span class='ocrx_word' id='word_1_299' title='bbox 1414 2179 1609 2235; x_wconf 88' lang='lat' dir='ltr'><strong>mediis</strong></span> <span class='ocrx_word' id='word_1_300' title='bbox 1637 2179 2000 2250; x_wconf 90' lang='lat' dir='ltr'><strong>atnbigamus.</strong></span> <span class='ocrx_word' id='word_1_301' title='bbox 2038 2179 2212 2234; x_wconf 90' lang='lat' dir='ltr'><strong>Omne</strong></span> 
     </span>
    </p>
   </div>
   <div class='ocr_carea' id='block_1_38' title="bbox 618 2269 2210 2344">
    <p class='ocr_par' dir='ltr' id='par_1_38' title="bbox 618 2269 2210 2344">
     <span class='ocr_line' id='line_1_38' title="bbox 618 2269 2210 2344; baseline -0.003 -14"><span class='ocrx_word' id='word_1_302' title='bbox 618 2273 766 2330; x_wconf 90' lang='lat' dir='ltr'><strong>enim</strong></span> <span class='ocrx_word' id='word_1_303' title='bbox 797 2274 1180 2344; x_wconf 90' lang='lat' dir='ltr'><strong>quodcumque</strong></span> <span class='ocrx_word' id='word_1_304' title='bbox 1210 2271 1401 2327; x_wconf 82' lang='lat' dir='ltr'><strong>fecerit</strong></span> <span class='ocrx_word' id='word_1_305' title='bbox 1437 2269 1622 2337; x_wconf 87' lang='lat' dir='ltr'><strong>homo,</strong></span> <span class='ocrx_word' id='word_1_306' title='bbox 1665 2280 1816 2326; x_wconf 90' lang='lat' dir='ltr'><strong>extra</strong></span> <span class='ocrx_word' id='word_1_307' title='bbox 1857 2285 2057 2342; x_wconf 89' lang='lat' dir='ltr'><strong>corpus</strong></span> <span class='ocrx_word' id='word_1_308' title='bbox 2085 2279 2210 2327; x_wconf 89' lang='lat' dir='ltr'><strong>est:</strong></span> 
     </span>
    </p>
   </div>
   <div class='ocr_carea' id='block_1_39' title="bbox 617 2363 2213 2438">
    <p class='ocr_par' dir='ltr' id='par_1_39' title="bbox 617 2363 2213 2438">
     <span class='ocr_line' id='line_1_39' title="bbox 617 2363 2213 2438; baseline -0.001 -16"><span class='ocrx_word' id='word_1_309' title='bbox 617 2368 707 2438; x_wconf 90' lang='lat' dir='ltr'><strong>qui</strong></span> <span class='ocrx_word' id='word_1_310' title='bbox 729 2376 911 2421; x_wconf 89' lang='lat' dir='ltr'><strong>autem</strong></span> <span class='ocrx_word' id='word_1_311' title='bbox 937 2365 1261 2432; x_wconf 82' lang='lat' dir='ltr'><strong>fornicatur,</strong></span> <span class='ocrx_word' id='word_1_312' title='bbox 1281 2363 1335 2418; x_wconf 91' lang='lat' dir='ltr'><strong>in</strong></span> <span class='ocrx_word' id='word_1_313' title='bbox 1364 2377 1565 2434; x_wconf 90' lang='lat' dir='ltr'><strong>corpus</strong></span> <span class='ocrx_word' id='word_1_314' title='bbox 1589 2379 1748 2420; x_wconf 90' lang='lat' dir='ltr'><strong>suum</strong></span> <span class='ocrx_word' id='word_1_315' title='bbox 1773 2373 1983 2434; x_wconf 86' lang='lat' dir='ltr'><strong>peccat.</strong></span> <span class='ocrx_word' id='word_1_316' title='bbox 2013 2364 2080 2420; x_wconf 87' lang='lat' dir='ltr'><strong>Et</strong></span> <span class='ocrx_word' id='word_1_317' title='bbox 2105 2379 2213 2421; x_wconf 89' lang='lat' dir='ltr'><strong>non</strong></span> 
     </span>
    </p>
   </div>
   <div class='ocr_carea' id='block_1_40' title="bbox 619 2457 2216 2528">
    <p class='ocr_par' dir='ltr' id='par_1_40' title="bbox 619 2457 2216 2528">
     <span class='ocr_line' id='line_1_40' title="bbox 619 2457 2216 2528; baseline -0.001 -14"><span class='ocrx_word' id='word_1_318' title='bbox 619 2472 809 2514; x_wconf 89' lang='lat' dir='ltr'><strong>sumus</strong></span> <span class='ocrx_word' id='word_1_319' title='bbox 837 2457 1009 2514; x_wconf 88' lang='lat' dir='ltr'><strong>nostri</strong></span> <span class='ocrx_word' id='word_1_320' title='bbox 1030 2458 1227 2528; x_wconf 89' lang='lat' dir='ltr'><strong>:empti</strong></span> <span class='ocrx_word' id='word_1_321' title='bbox 1244 2457 1390 2513; x_wconf 92' lang='lat' dir='ltr'><strong>enim</strong></span> <span class='ocrx_word' id='word_1_322' title='bbox 1415 2470 1604 2512; x_wconf 90' lang='lat' dir='ltr'><strong>sumus</strong></span> <span class='ocrx_word' id='word_1_323' title='bbox 1625 2457 1824 2526; x_wconf 89' lang='lat' dir='ltr'><strong>pretio,</strong></span> <span class='ocrx_word' id='word_1_324' title='bbox 1846 2457 2216 2528; x_wconf 90' lang='lat' dir='ltr'><strong>glorificemus</strong></span> 
     </span>
    </p>
   </div>
   <div class='ocr_carea' id='block_1_41' title="bbox 618 2550 2215 2621">
    <p class='ocr_par' dir='ltr' id='par_1_41' title="bbox 618 2550 2215 2621">
     <span class='ocr_line' id='line_1_41' title="bbox 618 2550 2215 2621; baseline 0 -13"><span class='ocrx_word' id='word_1_325' title='bbox 618 2558 674 2608; x_wconf 90' lang='lat' dir='ltr'><strong>et</strong></span> <span class='ocrx_word' id='word_1_326' title='bbox 704 2561 981 2621; x_wconf 88' lang='lat' dir='ltr'><strong>portemus</strong></span> <span class='ocrx_word' id='word_1_327' title='bbox 1011 2550 1180 2606; x_wconf 91' lang='lat' dir='ltr'><strong>Deum</strong></span> <span class='ocrx_word' id='word_1_328' title='bbox 1212 2552 1266 2606; x_wconf 93' lang='lat' dir='ltr'><strong>in</strong></span> <span class='ocrx_word' id='word_1_329' title='bbox 1297 2565 1532 2621; x_wconf 89' lang='lat' dir='ltr'><strong>corpore</strong></span> <span class='ocrx_word' id='word_1_330' title='bbox 1559 2559 1769 2607; x_wconf 92' lang='lat' dir='ltr'><strong>nostro.</strong></span> <span class='ocrx_word' id='word_1_331' title='bbox 1820 2551 1878 2606; x_wconf 91' lang='lat' dir='ltr'><strong>ln</strong></span> <span class='ocrx_word' id='word_1_332' title='bbox 1929 2567 1995 2606; x_wconf 89' lang='lat' dir='ltr'><strong>eo</strong></span> <span class='ocrx_word' id='word_1_333' title='bbox 2041 2551 2215 2608; x_wconf 92' lang='lat' dir='ltr'><strong>forni-</strong></span> 
     </span>
    </p>
   </div>
   <div class='ocr_carea' id='block_1_42' title="bbox 620 2643 2220 2715">
    <p class='ocr_par' dir='ltr' id='par_1_42' title="bbox 620 2643 2220 2715">
     <span class='ocr_line' id='line_1_42' title="bbox 620 2643 2220 2715; baseline -0.001 -13"><span class='ocrx_word' id='word_1_334' title='bbox 620 2653 774 2703; x_wconf 90' lang='lat' dir='ltr'><strong>cator</strong></span> <span class='ocrx_word' id='word_1_335' title='bbox 803 2643 1028 2715; x_wconf 84' lang='lat' dir='ltr'><strong>majoris</strong></span> <span class='ocrx_word' id='word_1_336' title='bbox 1053 2654 1138 2700; x_wconf 89' lang='lat' dir='ltr'><strong>est</strong></span> <span class='ocrx_word' id='word_1_337' title='bbox 1161 2643 1411 2699; x_wconf 87' lang='lat' dir='ltr'><strong>criminis</strong></span> <span class='ocrx_word' id='word_1_338' title='bbox 1433 2661 1446 2700; x_wconf 90' lang='lat'><strong>:</strong></span> <span class='ocrx_word' id='word_1_339' title='bbox 1467 2643 1591 2715; x_wconf 89' lang='lat' dir='ltr'><strong>quia</strong></span> <span class='ocrx_word' id='word_1_340' title='bbox 1627 2644 1770 2700; x_wconf 90' lang='lat' dir='ltr'><strong>tollit</strong></span> <span class='ocrx_word' id='word_1_341' title='bbox 1797 2645 2038 2702; x_wconf 88' lang='lat' dir='ltr'><strong>membra</strong></span> <span class='ocrx_word' id='word_1_342' title='bbox 2060 2643 2220 2701; x_wconf 89' lang='lat' dir='ltr'><strong>Cltri-</strong></span> 
     </span>
    </p>
   </div>
   <div class='ocr_carea' id='block_1_43' title="bbox 624 2738 2219 2810">
    <p class='ocr_par' dir='ltr' id='par_1_43' title="bbox 624 2738 2219 2810">
     <span class='ocr_line' id='line_1_43' title="bbox 624 2738 2219 2810; baseline 0 -15"><span class='ocrx_word' id='word_1_343' title='bbox 624 2740 717 2808; x_wconf 88' lang='lat' dir='ltr'><strong>sti,</strong></span> <span class='ocrx_word' id='word_1_344' title='bbox 763 2749 821 2794; x_wconf 91' lang='lat' dir='ltr'><strong>et</strong></span> <span class='ocrx_word' id='word_1_345' title='bbox 863 2739 994 2794; x_wconf 86' lang='lat' dir='ltr'><strong>facit</strong></span> <span class='ocrx_word' id='word_1_346' title='bbox 1018 2753 1082 2794; x_wconf 87' lang='lat' dir='ltr'><strong>ea</strong></span> <span class='ocrx_word' id='word_1_347' title='bbox 1129 2739 1376 2794; x_wconf 87' lang='lat' dir='ltr'><strong>membra</strong></span> <span class='ocrx_word' id='word_1_348' title='bbox 1419 2738 1749 2794; x_wconf 88' lang='lat' dir='ltr'><strong>meretricis.</strong></span> <span class='ocrx_word' id='word_1_349' title='bbox 1792 2738 1972 2793; x_wconf 89' lang='lat' dir='ltr'><strong>Erunt</strong></span> <span class='ocrx_word' id='word_1_350' title='bbox 2020 2739 2219 2810; x_wconf 82' lang='lat' dir='ltr'><strong>quippe</strong></span> 
     </span>
    </p>
   </div>
   <div class='ocr_carea' id='block_1_44' title="bbox 625 2829 2218 2900">
    <p class='ocr_par' dir='ltr' id='par_1_44' title="bbox 625 2829 2218 2900">
     <span class='ocr_line' id='line_1_44' title="bbox 625 2829 2218 2900; baseline 0 -12"><span class='ocrx_word' id='word_1_351' title='bbox 625 2833 732 2888; x_wconf 91' lang='lat' dir='ltr'><strong>duo</strong></span> <span class='ocrx_word' id='word_1_352' title='bbox 760 2833 812 2888; x_wconf 91' lang='lat' dir='ltr'><strong>in</strong></span> <span class='ocrx_word' id='word_1_353' title='bbox 843 2846 1009 2888; x_wconf 90' lang='lat' dir='ltr'><strong>carne</strong></span> <span class='ocrx_word' id='word_1_354' title='bbox 1041 2846 1164 2886; x_wconf 91' lang='lat' dir='ltr'><strong>una.</strong></span> <span class='ocrx_word' id='word_1_355' title='bbox 1197 2831 1299 2900; x_wconf 86' lang='lat' dir='ltr'><strong>Qui</strong></span> <span class='ocrx_word' id='word_1_356' title='bbox 1332 2845 1441 2886; x_wconf 92' lang='lat' dir='ltr'><strong>non</strong></span> <span class='ocrx_word' id='word_1_357' title='bbox 1464 2839 1550 2886; x_wconf 91' lang='lat' dir='ltr'><strong>est</strong></span> <span class='ocrx_word' id='word_1_358' title='bbox 1582 2829 1780 2899; x_wconf 90' lang='lat' dir='ltr'><strong>fidelis,</strong></span> <span class='ocrx_word' id='word_1_359' title='bbox 1811 2846 1913 2886; x_wconf 91' lang='lat' dir='ltr'><strong>nec</strong></span> <span class='ocrx_word' id='word_1_360' title='bbox 1951 2831 2126 2888; x_wconf 90' lang='lat' dir='ltr'><strong>credit</strong></span> <span class='ocrx_word' id='word_1_361' title='bbox 2162 2832 2218 2888; x_wconf 93' lang='lat' dir='ltr'><strong>in</strong></span> 
     </span>
    </p>
   </div>
   <div class='ocr_carea' id='block_1_45' title="bbox 626 2922 2221 2995">
    <p class='ocr_par' dir='ltr' id='par_1_45' title="bbox 626 2922 2221 2995">
     <span class='ocr_line' id='line_1_45' title="bbox 626 2922 2221 2995; baseline -0.001 -15"><span class='ocrx_word' id='word_1_362' title='bbox 626 2923 865 2993; x_wconf 70' lang='lat' dir='ltr'><strong>Christo,</strong></span> <span class='ocrx_word' id='word_1_363' title='bbox 893 2940 990 2980; x_wconf 91' lang='lat' dir='ltr'><strong>sua</strong></span> <span class='ocrx_word' id='word_1_364' title='bbox 1022 2923 1268 2980; x_wconf 90' lang='lat' dir='ltr'><strong>membra</strong></span> <span class='ocrx_word' id='word_1_365' title='bbox 1305 2922 1433 2978; x_wconf 87' lang='lat' dir='ltr'><strong>facit</strong></span> <span class='ocrx_word' id='word_1_366' title='bbox 1479 2923 1720 2980; x_wconf 88' lang='lat' dir='ltr'><strong>membra</strong></span> <span class='ocrx_word' id='word_1_367' title='bbox 1751 2925 2057 2980; x_wconf 91' lang='lat' dir='ltr'><strong>meretricis</strong></span> <span class='ocrx_word' id='word_1_368' title='bbox 2085 2942 2098 2978; x_wconf 90' lang='lat'><strong>:</strong></span> <span class='ocrx_word' id='word_1_369' title='bbox 2129 2923 2221 2995; x_wconf 92' lang='lat' dir='ltr'><strong>qui</strong></span> 
     </span>
    </p>
   </div>
   <div class='ocr_carea' id='block_1_46' title="bbox 626 3015 2220 3083">
    <p class='ocr_par' dir='ltr' id='par_1_46' title="bbox 626 3015 2220 3083">
     <span class='ocr_line' id='line_1_46' title="bbox 626 3015 2220 3083; baseline -0.001 -9"><span class='ocrx_word' id='word_1_370' title='bbox 626 3017 800 3074; x_wconf 86' lang='lat' dir='ltr'><strong>credit</strong></span> <span class='ocrx_word' id='word_1_371' title='bbox 831 3028 887 3074; x_wconf 92' lang='lat' dir='ltr'><strong>et</strong></span> <span class='ocrx_word' id='word_1_372' title='bbox 915 3017 1230 3083; x_wconf 89' lang='lat' dir='ltr'><strong>fornicatur,</strong></span> <span class='ocrx_word' id='word_1_373' title='bbox 1275 3015 1477 3072; x_wconf 82' lang='lat' dir='ltr'><strong>Christi</strong></span> <span class='ocrx_word' id='word_1_374' title='bbox 1509 3016 1752 3072; x_wconf 88' lang='lat' dir='ltr'><strong>membra</strong></span> <span class='ocrx_word' id='word_1_375' title='bbox 1798 3016 1925 3072; x_wconf 89' lang='lat' dir='ltr'><strong>facit</strong></span> <span class='ocrx_word' id='word_1_376' title='bbox 1975 3017 2220 3072; x_wconf 89' lang='lat' dir='ltr'><strong>membra</strong></span> 
     </span>
    </p>
   </div>
   <div class='ocr_carea' id='block_1_47' title="bbox 629 3107 2221 3168">
    <p class='ocr_par' dir='ltr' id='par_1_47' title="bbox 629 3107 2221 3168">
     <span class='ocr_line' id='line_1_47' title="bbox 629 3107 2221 3168; baseline -0.003 0"><span class='ocrx_word' id='word_1_377' title='bbox 629 3109 954 3168; x_wconf 82' lang='lat' dir='ltr'><strong>meretricis.</strong></span> <span class='ocrx_word' id='word_1_378' title='bbox 993 3109 1321 3165; x_wconf 87' lang='lat' dir='ltr'><strong>Eeontrario</strong></span> <span class='ocrx_word' id='word_1_379' title='bbox 1353 3107 1589 3165; x_wconf 91' lang='lat' dir='ltr'><strong>infidelis</strong></span> <span class='ocrx_word' id='word_1_380' title='bbox 1638 3109 1690 3164; x_wconf 93' lang='lat' dir='ltr'><strong>in</strong></span> <span class='ocrx_word' id='word_1_381' title='bbox 1733 3109 2096 3167; x_wconf 87' lang='lat' dir='ltr'><strong>fornicatione</strong></span> <span class='ocrx_word' id='word_1_382' title='bbox 2125 3125 2221 3165; x_wconf 86' lang='lat' dir='ltr'><strong>sua</strong></span> 
     </span>
    </p>
   </div>
   <div class='ocr_carea' id='block_1_48' title="bbox 2314 1902 3894 1978">
    <p class='ocr_par' dir='ltr' id='par_1_48' title="bbox 2314 1902 3894 1978">
     <span class='ocr_line' id='line_1_48' title="bbox 2314 1902 3894 1978; baseline -0.003 -16"><span class='ocrx_word' id='word_1_383' title='bbox 2314 1915 2374 1962; x_wconf 90' lang='lat' dir='ltr'><strong>ut</strong></span> <span class='ocrx_word' id='word_1_384' title='bbox 2399 1906 2677 1978; x_wconf 92' lang='lat' dir='ltr'><strong>quomodo</strong></span> <span class='ocrx_word' id='word_1_385' title='bbox 2710 1907 2852 1961; x_wconf 90' lang='lat' dir='ltr'><strong>Deus</strong></span> <span class='ocrx_word' id='word_1_386' title='bbox 2879 1905 3087 1961; x_wconf 90' lang='lat' dir='ltr'><strong>utiliter</strong></span> <span class='ocrx_word' id='word_1_387' title='bbox 3116 1907 3258 1960; x_wconf 90' lang='lat' dir='ltr'><strong>inter</strong></span> <span class='ocrx_word' id='word_1_388' title='bbox 3287 1914 3599 1972; x_wconf 87' lang='lat' dir='ltr'><strong>serpentem</strong></span> <span class='ocrx_word' id='word_1_389' title='bbox 3646 1913 3702 1959; x_wconf 91' lang='lat' dir='ltr'><strong>et</strong></span> <span class='ocrx_word' id='word_1_390' title='bbox 3730 1902 3894 1958; x_wconf 87' lang='lat' dir='ltr'><strong>mulie-</strong></span> 
     </span>
    </p>
   </div>
   <div class='ocr_carea' id='block_1_49' title="bbox 2315 1995 3898 2067">
    <p class='ocr_par' dir='ltr' id='par_1_49' title="bbox 2315 1995 3898 2067">
     <span class='ocr_line' id='line_1_49' title="bbox 2315 1995 3898 2067; baseline -0.003 -13"><span class='ocrx_word' id='word_1_391' title='bbox 2315 2013 2429 2054; x_wconf 89' lang='lat' dir='ltr'><strong>rem</strong></span> <span class='ocrx_word' id='word_1_392' title='bbox 2459 1997 2770 2053; x_wconf 86' lang='lat' dir='ltr'><strong>inimicitias</strong></span> <span class='ocrx_word' id='word_1_393' title='bbox 2802 1997 3006 2067; x_wconf 87' lang='lat' dir='ltr'><strong>posuit,</strong></span> <span class='ocrx_word' id='word_1_394' title='bbox 3039 2013 3109 2054; x_wconf 90' lang='lat' dir='ltr'><strong>ne</strong></span> <span class='ocrx_word' id='word_1_395' title='bbox 3153 1996 3410 2052; x_wconf 66' lang='lat' dir='ltr'><strong>amicitiai</strong></span> <span class='ocrx_word' id='word_1_396' title='bbox 3460 2009 3658 2054; x_wconf 91' lang='lat' dir='ltr'><strong>eorum</strong></span> <span class='ocrx_word' id='word_1_397' title='bbox 3699 1995 3898 2052; x_wconf 88' lang='lat' dir='ltr'><strong>inutiles</strong></span> 
     </span>
    </p>
   </div>
   <div class='ocr_carea' id='block_1_50' title="bbox 2315 2090 3895 2164">
    <p class='ocr_par' dir='ltr' id='par_1_50' title="bbox 2315 2090 3895 2164">
     <span class='ocr_line' id='line_1_50' title="bbox 2315 2090 3895 2164; baseline -0.002 -16"><span class='ocrx_word' id='word_1_398' title='bbox 2315 2099 2498 2148; x_wconf 89' lang='lat' dir='ltr'><strong>essent</strong></span> <span class='ocrx_word' id='word_1_399' title='bbox 2529 2090 2762 2156; x_wconf 88' lang='lat' dir='ltr'><strong>homini,</strong></span> <span class='ocrx_word' id='word_1_400' title='bbox 2789 2106 2887 2161; x_wconf 91' lang='lat' dir='ltr'><strong>per</strong></span> <span class='ocrx_word' id='word_1_401' title='bbox 2915 2107 3050 2163; x_wconf 86' lang='lat' dir='ltr'><strong>quas</strong></span> <span class='ocrx_word' id='word_1_402' title='bbox 3079 2092 3357 2160; x_wconf 81' lang='lat' dir='ltr'><strong>proiectus</strong></span> <span class='ocrx_word' id='word_1_403' title='bbox 3385 2100 3471 2147; x_wconf 92' lang='lat' dir='ltr'><strong>est</strong></span> <span class='ocrx_word' id='word_1_404' title='bbox 3494 2092 3566 2148; x_wconf 89' lang='lat' dir='ltr'><strong>de</strong></span> <span class='ocrx_word' id='word_1_405' title='bbox 3615 2090 3895 2164; x_wconf 85' lang='lat' dir='ltr'><strong>paradiso:</strong></span> 
     </span>
    </p>
   </div>
   <div class='ocr_carea' id='block_1_51' title="bbox 2314 2182 3897 2254">
    <p class='ocr_par' dir='ltr' id='par_1_51' title="bbox 2314 2182 3897 2254">
     <span class='ocr_line' id='line_1_51' title="bbox 2314 2182 3897 2254; baseline -0.003 -14"><span class='ocrx_word' id='word_1_406' title='bbox 2314 2185 2387 2240; x_wconf 90' lang='lat' dir='ltr'><strong>ita</strong></span> <span class='ocrx_word' id='word_1_407' title='bbox 2417 2194 2474 2239; x_wconf 90' lang='lat' dir='ltr'><strong>et</strong></span> <span class='ocrx_word' id='word_1_408' title='bbox 2497 2184 2548 2239; x_wconf 94' lang='lat' dir='ltr'><strong>in</strong></span> <span class='ocrx_word' id='word_1_409' title='bbox 2580 2183 2865 2251; x_wconf 88' lang='lat' dir='ltr'><strong>lsraelitis,</strong></span> <span class='ocrx_word' id='word_1_410' title='bbox 2889 2194 2945 2239; x_wconf 90' lang='lat' dir='ltr'><strong>et</strong></span> <span class='ocrx_word' id='word_1_411' title='bbox 2966 2183 3266 2239; x_wconf 82' lang='lat' dir='ltr'><strong>Madianeis</strong></span> <span class='ocrx_word' id='word_1_412' title='bbox 3285 2186 3393 2238; x_wconf 89' lang='lat' dir='ltr'><strong>vita</strong></span> <span class='ocrx_word' id='word_1_413' title='bbox 3418 2184 3592 2254; x_wconf 84' lang='lat' dir='ltr'><strong>magis</strong></span> <span class='ocrx_word' id='word_1_414' title='bbox 3617 2182 3897 2248; x_wconf 80' lang='lat' dir='ltr'><strong>dissimilis,</strong></span> 
     </span>
    </p>
   </div>
   <div class='ocr_carea' id='block_1_52' title="bbox 2315 2276 3903 2349">
    <p class='ocr_par' dir='ltr' id='par_1_52' title="bbox 2315 2276 3903 2349">
     <span class='ocr_line' id='line_1_52' title="bbox 2315 2276 3903 2349; baseline -0.001 -17"><span class='ocrx_word' id='word_1_415' title='bbox 2315 2293 2477 2349; x_wconf 91' lang='lat' dir='ltr'><strong>quam</strong></span> <span class='ocrx_word' id='word_1_416' title='bbox 2505 2292 2636 2348; x_wconf 89' lang='lat' dir='ltr'><strong>gens</strong></span> <span class='ocrx_word' id='word_1_417' title='bbox 2665 2291 2775 2332; x_wconf 86' lang='lat' dir='ltr'><strong>una</strong></span> <span class='ocrx_word' id='word_1_418' title='bbox 2801 2277 3056 2332; x_wconf 90' lang='lat' dir='ltr'><strong>damnata</strong></span> <span class='ocrx_word' id='word_1_419' title='bbox 3087 2284 3194 2332; x_wconf 88' lang='lat' dir='ltr'><strong>est.</strong></span> <span class='ocrx_word' id='word_1_420' title='bbox 3238 2276 3540 2348; x_wconf 90' lang='lat' dir='ltr'><strong>Septimum</strong></span> <span class='ocrx_word' id='word_1_421' title='bbox 3576 2277 3756 2332; x_wconf 93' lang='lat' dir='ltr'><strong>locum</strong></span> <span class='ocrx_word' id='word_1_422' title='bbox 3779 2276 3903 2331; x_wconf 88' lang='lat' dir='ltr'><strong>inter</strong></span> 
     </span>
    </p>
   </div>
   <div class='ocr_carea' id='block_1_53' title="bbox 2316 2370 3900 2444">
    <p class='ocr_par' dir='ltr' id='par_1_53' title="bbox 2316 2370 3900 2444">
     <span class='ocr_line' id='line_1_53' title="bbox 2316 2370 3900 2444; baseline -0.003 -16"><span class='ocrx_word' id='word_1_423' title='bbox 2316 2371 2501 2428; x_wconf 91' lang='lat' dir='ltr'><strong>carnis</strong></span> <span class='ocrx_word' id='word_1_424' title='bbox 2527 2386 2718 2442; x_wconf 88' lang='lat' dir='ltr'><strong>opera,</strong></span> <span class='ocrx_word' id='word_1_425' title='bbox 2748 2371 3027 2428; x_wconf 84' lang='lat' dir='ltr'><strong>contentio</strong></span> <span class='ocrx_word' id='word_1_426' title='bbox 3058 2370 3319 2444; x_wconf 88' lang='lat' dir='ltr'><strong>possidet,</strong></span> <span class='ocrx_word' id='word_1_427' title='bbox 3366 2371 3607 2442; x_wconf 90' lang='lat' dir='ltr'><strong>quodam</strong></span> <span class='ocrx_word' id='word_1_428' title='bbox 3643 2370 3792 2443; x_wconf 89' lang='lat' dir='ltr'><strong>quasi</strong></span> <span class='ocrx_word' id='word_1_429' title='bbox 3821 2384 3900 2424; x_wconf 85' lang='lat' dir='ltr'><strong>sa-</strong></span> 
     </span>
    </p>
   </div>
   <div class='ocr_carea' id='block_1_54' title="bbox 2317 2464 3903 2538">
    <p class='ocr_par' dir='ltr' id='par_1_54' title="bbox 2317 2464 3903 2538">
     <span class='ocr_line' id='line_1_54' title="bbox 2317 2464 3903 2538; baseline -0.003 -16"><span class='ocrx_word' id='word_1_430' title='bbox 2317 2476 2490 2532; x_wconf 89' lang='lat' dir='ltr'><strong>crato,</strong></span> <span class='ocrx_word' id='word_1_431' title='bbox 2519 2473 2576 2522; x_wconf 90' lang='lat' dir='ltr'><strong>et</strong></span> <span class='ocrx_word' id='word_1_432' title='bbox 2594 2464 2855 2522; x_wconf 90' lang='lat' dir='ltr'><strong>eminenti</strong></span> <span class='ocrx_word' id='word_1_433' title='bbox 2879 2465 3037 2538; x_wconf 81' lang='lat'><strong>507</strong></span> <span class='ocrx_word' id='word_1_434' title='bbox 3068 2469 3210 2521; x_wconf 90' lang='lat' dir='ltr'><strong>inter</strong></span> <span class='ocrx_word' id='word_1_435' title='bbox 3233 2466 3365 2520; x_wconf 89' lang='lat' dir='ltr'><strong>vitia</strong></span> <span class='ocrx_word' id='word_1_436' title='bbox 3397 2481 3631 2521; x_wconf 87' lang='lat' dir='ltr'><strong>nttmero</strong></span> <span class='ocrx_word' id='word_1_437' title='bbox 3679 2464 3903 2521; x_wconf 86' lang='lat' dir='ltr'><strong>colloca-</strong></span> 
     </span>
    </p>
   </div>
   <div class='ocr_carea' id='block_1_55' title="bbox 2319 2555 3906 2628">
    <p class='ocr_par' dir='ltr' id='par_1_55' title="bbox 2319 2555 3906 2628">
     <span class='ocr_line' id='line_1_55' title="bbox 2319 2555 3906 2628; baseline -0.003 -14"><span class='ocrx_word' id='word_1_438' title='bbox 2319 2569 2392 2614; x_wconf 92' lang='lat' dir='ltr'><strong>ta.</strong></span> <span class='ocrx_word' id='word_1_439' title='bbox 2425 2558 2647 2615; x_wconf 88' lang='lat' dir='ltr'><strong>Servum</strong></span> <span class='ocrx_word' id='word_1_440' title='bbox 2675 2567 2847 2613; x_wconf 86' lang='lat' dir='ltr'><strong>autem</strong></span> <span class='ocrx_word' id='word_1_441' title='bbox 2868 2555 3085 2612; x_wconf 86' lang='lat' dir='ltr'><strong>Domini</strong></span> <span class='ocrx_word' id='word_1_442' title='bbox 3113 2575 3217 2613; x_wconf 92' lang='lat' dir='ltr'><strong>non</strong></span> <span class='ocrx_word' id='word_1_443' title='bbox 3244 2567 3447 2628; x_wconf 87' lang='lat' dir='ltr'><strong>oportet</strong></span> <span class='ocrx_word' id='word_1_444' title='bbox 3471 2559 3672 2625; x_wconf 70' lang='lat' dir='ltr'><strong>rixari,</strong></span> <span class='ocrx_word' id='word_1_445' title='bbox 3699 2557 3786 2613; x_wconf 85' lang='lat' dir='ltr'><strong>sed</strong></span> <span class='ocrx_word' id='word_1_446' title='bbox 3810 2570 3906 2611; x_wconf 82' lang='lat' dir='ltr'><strong>esse</strong></span> 
     </span>
    </p>
   </div>
   <div class='ocr_carea' id='block_1_56' title="bbox 2319 2649 3906 2722">
    <p class='ocr_par' dir='ltr' id='par_1_56' title="bbox 2319 2649 3906 2722">
     <span class='ocr_line' id='line_1_56' title="bbox 2319 2649 3906 2722; baseline -0.003 -16"><span class='ocrx_word' id='word_1_447' title='bbox 2319 2661 2647 2706; x_wconf 88' lang='lat' dir='ltr'><strong>mansuetum</strong></span> <span class='ocrx_word' id='word_1_448' title='bbox 2690 2651 2760 2706; x_wconf 88' lang='lat' dir='ltr'><strong>ad</strong></span> <span class='ocrx_word' id='word_1_449' title='bbox 2802 2667 2996 2718; x_wconf 81' lang='lat' dir='ltr'><strong>omnes,</strong></span> <span class='ocrx_word' id='word_1_450' title='bbox 3043 2650 3332 2716; x_wconf 85' lang='lat' dir='ltr'><strong>doctorem,</strong></span> <span class='ocrx_word' id='word_1_451' title='bbox 3385 2649 3767 2722; x_wconf 87' lang='lat' dir='ltr'><strong>longanimem,</strong></span> <span class='ocrx_word' id='word_1_452' title='bbox 3806 2663 3906 2702; x_wconf 81' lang='lat' dir='ltr'><strong>cum</strong></span> 
     </span>
    </p>
   </div>
   <div class='ocr_carea' id='block_1_57' title="bbox 2321 2741 3908 2813">
    <p class='ocr_par' dir='ltr' id='par_1_57' title="bbox 2321 2741 3908 2813">
     <span class='ocr_line' id='line_1_57' title="bbox 2321 2741 3908 2813; baseline -0.002 -16"><span class='ocrx_word' id='word_1_453' title='bbox 2321 2744 2717 2798; x_wconf 82' lang='lat' dir='ltr'><strong>mansuetudine</strong></span> <span class='ocrx_word' id='word_1_454' title='bbox 2737 2743 3079 2811; x_wconf 79' lang='lat' dir='ltr'><strong>erudientem,</strong></span> <span class='ocrx_word' id='word_1_455' title='bbox 3105 2744 3262 2797; x_wconf 87' lang='lat' dir='ltr'><strong>etiam</strong></span> <span class='ocrx_word' id='word_1_456' title='bbox 3282 2758 3367 2797; x_wconf 89' lang='lat' dir='ltr'><strong>eos</strong></span> <span class='ocrx_word' id='word_1_457' title='bbox 3391 2742 3482 2813; x_wconf 85' lang='lat' dir='ltr'><strong>qui</strong></span> <span class='ocrx_word' id='word_1_458' title='bbox 3509 2752 3726 2798; x_wconf 82' lang='lat' dir='ltr'><strong>econtra</strong></span> <span class='ocrx_word' id='word_1_459' title='bbox 3755 2741 3908 2811; x_wconf 63' lang='lat' dir='ltr'><strong>dispua</strong></span> 
     </span>
    </p>
   </div>
   <div class='ocr_carea' id='block_1_58' title="bbox 2324 2833 3906 2907">
    <p class='ocr_par' dir='ltr' id='par_1_58' title="bbox 2324 2833 3906 2907">
     <span class='ocr_line' id='line_1_58' title="bbox 2324 2833 3906 2907; baseline -0.005 -16"><span class='ocrx_word' id='word_1_460' title='bbox 2324 2845 2436 2891; x_wconf 86' lang='lat' dir='ltr'><strong>tant</strong></span> <span class='ocrx_word' id='word_1_461' title='bbox 2467 2835 2530 2907; x_wconf 95' lang='lat' dir='ltr'><strong>(ll</strong></span> <span class='ocrx_word' id='word_1_462' title='bbox 2559 2834 2702 2890; x_wconf 86' lang='lat' dir='ltr'><strong>Tim.</strong></span> <span class='ocrx_word' id='word_1_463' title='bbox 2734 2851 2795 2905; x_wconf 88' lang='lat' dir='ltr'><strong>tt,</strong></span> <span class='ocrx_word' id='word_1_464' title='bbox 2827 2835 2922 2902; x_wconf 72' lang='grc'><strong>24,</strong></span> <span class='ocrx_word' id='word_1_465' title='bbox 2959 2833 3077 2906; x_wconf 75' lang='lat'><strong>9.5).</strong></span> <span class='ocrx_word' id='word_1_466' title='bbox 3106 2834 3233 2889; x_wconf 89' lang='lat' dir='ltr'><strong>Post</strong></span> <span class='ocrx_word' id='word_1_467' title='bbox 3263 2834 3702 2899; x_wconf 91' lang='lat' dir='ltr'><strong>contentionem,</strong></span> <span class='ocrx_word' id='word_1_468' title='bbox 3732 2840 3906 2887; x_wconf 87' lang='lat' dir='ltr'><strong>octava</strong></span> 
     </span>
    </p>
   </div>
   <div class='ocr_carea' id='block_1_59' title="bbox 2322 2919 3910 2999">
    <p class='ocr_par' dir='ltr' id='par_1_59' title="bbox 2322 2919 3910 2999">
     <span class='ocr_line' id='line_1_59' title="bbox 2322 2919 3910 2999; baseline -0.005 -15"><span class='ocrx_word' id='word_1_469' title='bbox 2322 2928 2570 2985; x_wconf 85' lang='lat' dir='ltr'><strong>succedit</strong></span> <span class='ocrx_word' id='word_1_470' title='bbox 2593 2928 2892 2995; x_wconf 69' lang='lat' dir='ltr'><strong>aemulatio,</strong></span> <span class='ocrx_word' id='word_1_471' title='bbox 2923 2942 3042 2999; x_wconf 66' lang='lat' dir='ltr'><strong>quae</strong></span> <span class='ocrx_word' id='word_1_472' title='bbox 3072 2925 3265 2983; x_wconf 69' lang='lat' dir='ltr'><strong>Graeco</strong></span> <span class='ocrx_word' id='word_1_473' title='bbox 3289 2939 3545 2982; x_wconf 89' lang='lat' dir='ltr'><strong>sermone</strong></span> <span class='ocrx_word' id='word_1_474' title='bbox 3575 2927 3726 2992; x_wconf 78' lang='grc' dir='ltr'><strong>ζῆλος</strong></span> <span class='ocrx_word' id='word_1_475' title='bbox 3755 2919 3910 2994; x_wconf 85' lang='lat' dir='ltr'><strong>signi-</strong></span> 
     </span>
    </p>
   </div>
   <div class='ocr_carea' id='block_1_60' title="bbox 2325 3019 3910 3093">
    <p class='ocr_par' dir='ltr' id='par_1_60' title="bbox 2325 3019 3910 3093">
     <span class='ocr_line' id='line_1_60' title="bbox 2325 3019 3910 3093; baseline -0.004 -16"><span class='ocrx_word' id='word_1_476' title='bbox 2325 3024 2580 3080; x_wconf 86' lang='lat' dir='ltr'><strong>ficantius</strong></span> <span class='ocrx_word' id='word_1_477' title='bbox 2609 3033 2663 3079; x_wconf 90' lang='lat' dir='ltr'><strong>et</strong></span> <span class='ocrx_word' id='word_1_478' title='bbox 2694 3022 2878 3078; x_wconf 82' lang='lat' dir='ltr'><strong>notius</strong></span> <span class='ocrx_word' id='word_1_479' title='bbox 2900 3022 3223 3093; x_wconf 90' lang='lat' dir='ltr'><strong>appellatur.</strong></span> <span class='ocrx_word' id='word_1_480' title='bbox 3252 3020 3370 3087; x_wconf 92' lang='lat' dir='ltr'><strong>Quo</strong></span> <span class='ocrx_word' id='word_1_481' title='bbox 3387 3020 3608 3092; x_wconf 87' lang='lat' dir='ltr'><strong>quidem</strong></span> <span class='ocrx_word' id='word_1_482' title='bbox 3634 3019 3797 3087; x_wconf 92' lang='lat' dir='ltr'><strong>malo,</strong></span> <span class='ocrx_word' id='word_1_483' title='bbox 3826 3032 3910 3071; x_wconf 87' lang='lat' dir='ltr'><strong>ne-</strong></span> 
     </span>
    </p>
   </div>
   <div class='ocr_carea' id='block_1_61' title="bbox 2325 3112 3910 3188">
    <p class='ocr_par' dir='ltr' id='par_1_61' title="bbox 2325 3112 3910 3188">
     <span class='ocr_line' id='line_1_61' title="bbox 2325 3112 3910 3188; baseline -0.007 -16"><span class='ocrx_word' id='word_1_484' title='bbox 2325 3117 2442 3173; x_wconf 90' lang='lat' dir='ltr'><strong>scio</strong></span> <span class='ocrx_word' id='word_1_485' title='bbox 2481 3117 2606 3188; x_wconf 90' lang='lat' dir='ltr'><strong>quis</strong></span> <span class='ocrx_word' id='word_1_486' title='bbox 2634 3124 2877 3172; x_wconf 90' lang='lat' dir='ltr'><strong>nostrum</strong></span> <span class='ocrx_word' id='word_1_487' title='bbox 2910 3123 3116 3173; x_wconf 91' lang='lat' dir='ltr'><strong>careat.</strong></span> <span class='ocrx_word' id='word_1_488' title='bbox 3165 3112 3340 3168; x_wconf 85' lang='lat' dir='ltr'><strong>Zelati</strong></span> <span class='ocrx_word' id='word_1_489' title='bbox 3370 3121 3498 3168; x_wconf 91' lang='lat' dir='ltr'><strong>sunt</strong></span> <span class='ocrx_word' id='word_1_490' title='bbox 3541 3112 3712 3177; x_wconf 92' lang='lat' dir='ltr'><strong>enim,</strong></span> <span class='ocrx_word' id='word_1_491' title='bbox 3746 3120 3798 3166; x_wconf 90' lang='lat' dir='ltr'><strong>et</strong></span> <span class='ocrx_word' id='word_1_492' title='bbox 3823 3122 3910 3180; x_wconf 79' lang='lat' dir='ltr'><strong>pa-</strong></span> 
     </span>
    </p>
   </div>
   <div class='ocr_carea' id='block_1_62' title="bbox 635 3202 3910 3278">
    <p class='ocr_par' dir='ltr' id='par_1_62' title="bbox 635 3202 3910 3278">
     <span class='ocr_line' id='line_1_62' title="bbox 635 3202 3910 3278; baseline -0.001 -18"><span class='ocrx_word' id='word_1_493' title='bbox 635 3213 815 3261; x_wconf 89' lang='lat' dir='ltr'><strong>utrum</strong></span> <span class='ocrx_word' id='word_1_494' title='bbox 849 3203 1036 3269; x_wconf 90' lang='lat' dir='ltr'><strong>violet,</strong></span> <span class='ocrx_word' id='word_1_495' title='bbox 1087 3220 1156 3259; x_wconf 92' lang='lat' dir='ltr'><strong>an</strong></span> <span class='ocrx_word' id='word_1_496' title='bbox 1196 3202 1428 3260; x_wconf 53' lang='lat' dir='ltr'><strong>aedificet</strong></span> <span class='ocrx_word' id='word_1_497' title='bbox 1477 3204 1736 3274; x_wconf 89' lang='lat' dir='ltr'><strong>templum</strong></span> <span class='ocrx_word' id='word_1_498' title='bbox 1789 3204 1961 3273; x_wconf 93' lang='lat' dir='ltr'><strong>idolo,</strong></span> <span class='ocrx_word' id='word_1_499' title='bbox 2014 3204 2220 3260; x_wconf 90' lang='lat' dir='ltr'><strong>nescio.</strong></span> <span class='ocrx_word' id='word_1_500' title='bbox 2251 3209 2297 3273; x_wconf 86' lang='lat' dir='ltr'>C</span> <span class='ocrx_word' id='word_1_501' title='bbox 2331 3210 2584 3266; x_wconf 72' lang='lat' dir='ltr'><strong>triarcha:</strong></span> <span class='ocrx_word' id='word_1_502' title='bbox 2610 3209 2812 3278; x_wconf 82' lang='lat' dir='ltr'><strong>Josepli</strong></span> <span class='ocrx_word' id='word_1_503' title='bbox 2846 3207 3068 3262; x_wconf 91' lang='lat' dir='ltr'><strong>fratrem</strong></span> <span class='ocrx_word' id='word_1_504' title='bbox 3112 3221 3271 3262; x_wconf 90' lang='lat' dir='ltr'><strong>suum</strong></span> <span class='ocrx_word' id='word_1_505' title='bbox 3306 3223 3320 3259; x_wconf 90' lang='lat'>:</span> <span class='ocrx_word' id='word_1_506' title='bbox 3351 3213 3405 3261; x_wconf 91' lang='lat' dir='ltr'><strong>et</strong></span> <span class='ocrx_word' id='word_1_507' title='bbox 3435 3204 3624 3270; x_wconf 85' lang='lat' dir='ltr'><strong>Maria,</strong></span> <span class='ocrx_word' id='word_1_508' title='bbox 3659 3212 3720 3260; x_wconf 92' lang='lat' dir='ltr'><strong>et</strong></span> <span class='ocrx_word' id='word_1_509' title='bbox 3743 3202 3910 3258; x_wconf 78' lang='lat' dir='ltr'><strong>Aaron</strong></span> 
     </span>
    </p>
   </div>
   <div class='ocr_carea' id='block_1_63' title="bbox 632 3297 2219 3371">
    <p class='ocr_par' dir='ltr' id='par_1_63' title="bbox 632 3297 2219 3371">
     <span class='ocr_line' id='line_1_63' title="bbox 632 3297 2219 3371; baseline -0.002 -16"><span class='ocrx_word' id='word_1_510' title='bbox 632 3298 734 3356; x_wconf 89' lang='lat' dir='ltr'><strong>Per</strong></span> <span class='ocrx_word' id='word_1_511' title='bbox 785 3300 912 3355; x_wconf 88' lang='lat' dir='ltr'><strong>vitia</strong></span> <span class='ocrx_word' id='word_1_512' title='bbox 958 3300 1156 3371; x_wconf 90' lang='lat' dir='ltr'><strong>quippe</strong></span> <span class='ocrx_word' id='word_1_513' title='bbox 1206 3298 1291 3355; x_wconf 88' lang='lat' dir='ltr'><strong>vel</strong></span> <span class='ocrx_word' id='word_1_514' title='bbox 1341 3299 1580 3354; x_wconf 87' lang='lat' dir='ltr'><strong>maxime</strong></span> <span class='ocrx_word' id='word_1_515' title='bbox 1622 3297 1904 3354; x_wconf 70' lang='lat' dir='ltr'><strong>daemones</strong></span> <span class='ocrx_word' id='word_1_516' title='bbox 1947 3299 2219 3354; x_wconf 90' lang='lat' dir='ltr'><strong>coluntur.</strong></span> 
     </span>
    </p>
   </div>
   <div class='ocr_carea' id='block_1_64' title="bbox 631 3390 2228 3464">
    <p class='ocr_par' dir='ltr' id='par_1_64' title="bbox 631 3390 2228 3464">
     <span class='ocr_line' id='line_1_64' title="bbox 631 3390 2228 3464; baseline -0.004 -13"><span class='ocrx_word' id='word_1_517' title='bbox 631 3393 748 3451; x_wconf 83' lang='lat' dir='ltr'><strong>Hoc</strong></span> <span class='ocrx_word' id='word_1_518' title='bbox 777 3411 941 3450; x_wconf 89' lang='lat' dir='ltr'><strong>ttnum</strong></span> <span class='ocrx_word' id='word_1_519' title='bbox 974 3395 1087 3448; x_wconf 74' lang='lat' dir='ltr'><strong>scio</strong></span> <span class='ocrx_word' id='word_1_520' title='bbox 1122 3411 1134 3448; x_wconf 90' lang='lat'><strong>:</strong></span> <span class='ocrx_word' id='word_1_521' title='bbox 1183 3391 1332 3462; x_wconf 87' lang='lat' dir='ltr'><strong>quod</strong></span> <span class='ocrx_word' id='word_1_522' title='bbox 1357 3394 1447 3464; x_wconf 89' lang='lat' dir='ltr'><strong>qui</strong></span> <span class='ocrx_word' id='word_1_523' title='bbox 1492 3403 1611 3462; x_wconf 88' lang='lat' dir='ltr'><strong>post</strong></span> <span class='ocrx_word' id='word_1_524' title='bbox 1642 3391 1801 3446; x_wconf 84' lang='lat' dir='ltr'><strong>fidem</strong></span> <span class='ocrx_word' id='word_1_525' title='bbox 1831 3391 2032 3446; x_wconf 78' lang='lat' dir='ltr'><strong>Christi</strong></span> <span class='ocrx_word' id='word_1_526' title='bbox 2060 3390 2228 3446; x_wconf 86' lang='lat' dir='ltr'><strong>forni-</strong></span> 
     </span>
    </p>
   </div>
   <div class='ocr_carea' id='block_1_65' title="bbox 632 3482 2220 3556">
    <p class='ocr_par' dir='ltr' id='par_1_65' title="bbox 632 3482 2220 3556">
     <span class='ocr_line' id='line_1_65' title="bbox 632 3482 2220 3556; baseline -0.006 -12"><span class='ocrx_word' id='word_1_527' title='bbox 632 3499 806 3554; x_wconf 89' lang='lat' dir='ltr'><strong>catur,</strong></span> <span class='ocrx_word' id='word_1_528' title='bbox 837 3488 1003 3544; x_wconf 90' lang='lat' dir='ltr'><strong>violat</strong></span> <span class='ocrx_word' id='word_1_529' title='bbox 1032 3487 1296 3556; x_wconf 86' lang='lat' dir='ltr'><strong>templum</strong></span> <span class='ocrx_word' id='word_1_530' title='bbox 1327 3483 1446 3541; x_wconf 89' lang='lat' dir='ltr'><strong>Dei.</strong></span> <span class='ocrx_word' id='word_1_531' title='bbox 1490 3482 1800 3540; x_wconf 90' lang='lat' dir='ltr'><strong>Secundum</strong></span> <span class='ocrx_word' id='word_1_532' title='bbox 1851 3498 1986 3554; x_wconf 81' lang='lat' dir='ltr'><strong>Opus</strong></span> <span class='ocrx_word' id='word_1_533' title='bbox 2019 3482 2220 3550; x_wconf 81' lang='lat' dir='ltr'><strong>carnis,</strong></span> 
     </span>
    </p>
   </div>
   <div class='ocr_carea' id='block_1_66' title="bbox 635 3576 2228 3648">
    <p class='ocr_par' dir='ltr' id='par_1_66' title="bbox 635 3576 2228 3648">
     <span class='ocr_line' id='line_1_66' title="bbox 635 3576 2228 3648; baseline -0.005 -10"><span class='ocrx_word' id='word_1_534' title='bbox 635 3581 978 3638; x_wconf 85' lang='lat' dir='ltr'><strong>immunditia</strong></span> <span class='ocrx_word' id='word_1_535' title='bbox 1021 3587 1396 3648; x_wconf 88' lang='lat' dir='ltr'><strong>nuncupatur,</strong></span> <span class='ocrx_word' id='word_1_536' title='bbox 1438 3585 1495 3632; x_wconf 93' lang='lat' dir='ltr'><strong>et</strong></span> <span class='ocrx_word' id='word_1_537' title='bbox 1522 3592 1641 3632; x_wconf 91' lang='lat' dir='ltr'><strong>eam</strong></span> <span class='ocrx_word' id='word_1_538' title='bbox 1673 3591 1858 3632; x_wconf 90' lang='lat' dir='ltr'><strong>comes</strong></span> <span class='ocrx_word' id='word_1_539' title='bbox 1903 3576 2111 3630; x_wconf 88' lang='lat' dir='ltr'><strong>luxttria</strong></span> <span class='ocrx_word' id='word_1_540' title='bbox 2142 3590 2228 3630; x_wconf 90' lang='lat' dir='ltr'><strong>se-</strong></span> 
     </span>
    </p>
   </div>
   <div class='ocr_carea' id='block_1_67' title="bbox 634 3665 2228 3746">
    <p class='ocr_par' dir='ltr' id='par_1_67' title="bbox 634 3665 2228 3746">
     <span class='ocr_line' id='line_1_67' title="bbox 634 3665 2228 3746; baseline -0.004 -19"><span class='ocrx_word' id='word_1_541' title='bbox 634 3674 838 3746; x_wconf 90' lang='lat' dir='ltr'><strong>quitur.</strong></span> <span class='ocrx_word' id='word_1_542' title='bbox 887 3668 1173 3738; x_wconf 90' lang='lat' dir='ltr'><strong>Quomodo</strong></span> <span class='ocrx_word' id='word_1_543' title='bbox 1220 3667 1365 3722; x_wconf 89' lang='lat' dir='ltr'><strong>enim</strong></span> <span class='ocrx_word' id='word_1_544' title='bbox 1399 3668 1453 3722; x_wconf 93' lang='lat' dir='ltr'><strong>in</strong></span> <span class='ocrx_word' id='word_1_545' title='bbox 1484 3667 1654 3721; x_wconf 91' lang='lat' dir='ltr'><strong>veteri</strong></span> <span class='ocrx_word' id='word_1_546' title='bbox 1683 3666 1826 3736; x_wconf 81' lang='lat' dir='ltr'><strong>Lege</strong></span> <span class='ocrx_word' id='word_1_547' title='bbox 1868 3665 1936 3721; x_wconf 95' lang='lat' dir='ltr'><strong>de</strong></span> <span class='ocrx_word' id='word_1_548' title='bbox 1985 3665 2228 3721; x_wconf 86' lang='lat' dir='ltr'><strong>nefandis</strong></span> 
     </span>
    </p>
   </div>
   <div class='ocr_carea' id='block_1_68' title="bbox 632 3757 2229 3830">
    <p class='ocr_par' dir='ltr' id='par_1_68' title="bbox 632 3757 2229 3830">
     <span class='ocr_line' id='line_1_68' title="bbox 632 3757 2229 3830; baseline -0.006 -10"><span class='ocrx_word' id='word_1_549' title='bbox 632 3763 976 3828; x_wconf 83' lang='lat' dir='ltr'><strong>criminibus,</strong></span> <span class='ocrx_word' id='word_1_550' title='bbox 1000 3777 1120 3830; x_wconf 70' lang='lat' dir='ltr'><strong>(tua:</strong></span> <span class='ocrx_word' id='word_1_551' title='bbox 1153 3759 1206 3814; x_wconf 91' lang='lat' dir='ltr'><strong>in</strong></span> <span class='ocrx_word' id='word_1_552' title='bbox 1240 3759 1458 3814; x_wconf 91' lang='lat' dir='ltr'><strong>occulto</strong></span> <span class='ocrx_word' id='word_1_553' title='bbox 1489 3759 1653 3830; x_wconf 74' lang='lat'><strong>506</strong></span> <span class='ocrx_word' id='word_1_554' title='bbox 1683 3757 1838 3826; x_wconf 85' lang='lat' dir='ltr'><strong>fiunt,</strong></span> <span class='ocrx_word' id='word_1_555' title='bbox 1873 3766 1926 3812; x_wconf 91' lang='lat' dir='ltr'><strong>et</strong></span> <span class='ocrx_word' id='word_1_556' title='bbox 1953 3773 2020 3812; x_wconf 92' lang='lat' dir='ltr'><strong>ea</strong></span> <span class='ocrx_word' id='word_1_557' title='bbox 2050 3757 2229 3812; x_wconf 81' lang='lat' dir='ltr'><strong>norni-</strong></span> 
     </span>
    </p>
   </div>
   <div class='ocr_carea' id='block_1_69' title="bbox 637 3849 2232 3922">
    <p class='ocr_par' dir='ltr' id='par_1_69' title="bbox 637 3849 2232 3922">
     <span class='ocr_line' id='line_1_69' title="bbox 637 3849 2232 3922; baseline -0.005 -12"><span class='ocrx_word' id='word_1_558' title='bbox 637 3869 770 3910; x_wconf 91' lang='lat' dir='ltr'><strong>nare</strong></span> <span class='ocrx_word' id='word_1_559' title='bbox 822 3851 1201 3922; x_wconf 78' lang='lat' dir='ltr'><strong>turpissimum</strong></span> <span class='ocrx_word' id='word_1_560' title='bbox 1233 3859 1317 3904; x_wconf 92' lang='lat' dir='ltr'><strong>est</strong></span> <span class='ocrx_word' id='word_1_561' title='bbox 1346 3850 1364 3920; x_wconf 95' lang='lat'><strong>(</strong></span> <span class='ocrx_word' id='word_1_562' title='bbox 1393 3864 1460 3904; x_wconf 93' lang='lat' dir='ltr'><strong>ne</strong></span> <span class='ocrx_word' id='word_1_563' title='bbox 1507 3857 1563 3903; x_wconf 90' lang='lat' dir='ltr'><strong>et</strong></span> <span class='ocrx_word' id='word_1_564' title='bbox 1609 3849 1844 3904; x_wconf 87' lang='lat' dir='ltr'><strong>dicentis</strong></span> <span class='ocrx_word' id='word_1_565' title='bbox 1871 3862 1933 3902; x_wconf 90' lang='lat' dir='ltr'><strong>os</strong></span> <span class='ocrx_word' id='word_1_566' title='bbox 1981 3858 2036 3904; x_wconf 89' lang='lat' dir='ltr'><strong>et</strong></span> <span class='ocrx_word' id='word_1_567' title='bbox 2070 3863 2232 3903; x_wconf 87' lang='lat' dir='ltr'><strong>aures</strong></span> 
     </span>
    </p>
   </div>
   <div class='ocr_carea' id='block_1_70' title="bbox 635 3941 2234 4013">
    <p class='ocr_par' dir='ltr' id='par_1_70' title="bbox 635 3941 2234 4013">
     <span class='ocr_line' id='line_1_70' title="bbox 635 3941 2234 4013; baseline -0.001 -14"><span class='ocrx_word' id='word_1_568' title='bbox 635 3945 972 4000; x_wconf 89' lang='lat' dir='ltr'><strong>audientium</strong></span> <span class='ocrx_word' id='word_1_569' title='bbox 1009 3943 1408 4012; x_wconf 85' lang='lat' dir='ltr'><strong>polluerentur)</strong></span> <span class='ocrx_word' id='word_1_570' title='bbox 1429 3943 1758 4013; x_wconf 84' lang='lat' dir='ltr'><strong>generaliter</strong></span> <span class='ocrx_word' id='word_1_571' title='bbox 1778 3941 2058 4012; x_wconf 90' lang='lat' dir='ltr'><strong>Scriptura</strong></span> <span class='ocrx_word' id='word_1_572' title='bbox 2086 3957 2234 3998; x_wconf 91' lang='lat' dir='ltr'><strong>com-</strong></span> 
     </span>
    </p>
   </div>
   <div class='ocr_carea' id='block_1_71' title="bbox 639 4035 2234 4111">
    <p class='ocr_par' dir='ltr' id='par_1_71' title="bbox 639 4035 2234 4111">
     <span class='ocr_line' id='line_1_71' title="bbox 639 4035 2234 4111; baseline -0.003 -19"><span class='ocrx_word' id='word_1_573' title='bbox 639 4039 799 4111; x_wconf 88' lang='lat' dir='ltr'><strong>plexa</strong></span> <span class='ocrx_word' id='word_1_574' title='bbox 829 4047 935 4106; x_wconf 87' lang='lat' dir='ltr'><strong>est,</strong></span> <span class='ocrx_word' id='word_1_575' title='bbox 965 4037 1155 4092; x_wconf 81' lang='lat' dir='ltr'><strong>dicens</strong></span> <span class='ocrx_word' id='word_1_576' title='bbox 1184 4055 1194 4091; x_wconf 94' lang='lat'>:</span> <span class='ocrx_word' id='word_1_577' title='bbox 1255 4035 1604 4102; x_wconf 82' lang='lat' dir='ltr'><strong>Verecundos,</strong></span> <span class='ocrx_word' id='word_1_578' title='bbox 1655 4035 1739 4090; x_wconf 86' lang='lat' dir='ltr'><strong>vel</strong></span> <span class='ocrx_word' id='word_1_579' title='bbox 1765 4045 2049 4091; x_wconf 82' lang='lat' dir='ltr'><strong>reverentes</strong></span> <span class='ocrx_word' id='word_1_580' title='bbox 2081 4037 2234 4107; x_wconf 80' lang='lat' dir='ltr'><strong>facite</strong></span> 
     </span>
    </p>
   </div>
   <div class='ocr_carea' id='block_1_72' title="bbox 638 4128 2235 4204">
    <p class='ocr_par' dir='ltr' id='par_1_72' title="bbox 638 4128 2235 4204">
     <span class='ocr_line' id='line_1_72' title="bbox 638 4128 2235 4204; baseline -0.002 -17"><span class='ocrx_word' id='word_1_581' title='bbox 638 4133 777 4204; x_wconf 81' lang='lat' dir='ltr'><strong>ﬁlios</strong></span> <span class='ocrx_word' id='word_1_582' title='bbox 800 4131 967 4187; x_wconf 84' lang='lat' dir='ltr'><strong>Israel</strong></span> <span class='ocrx_word' id='word_1_583' title='bbox 995 4131 1058 4185; x_wconf 91' lang='lat' dir='ltr'><strong>ab</strong></span> <span class='ocrx_word' id='word_1_584' title='bbox 1090 4131 1229 4185; x_wconf 87' lang='lat' dir='ltr'><strong>omni</strong></span> <span class='ocrx_word' id='word_1_585' title='bbox 1252 4131 1578 4184; x_wconf 86' lang='lat' dir='ltr'><strong>intmunditia</strong></span> <span class='ocrx_word' id='word_1_586' title='bbox 1609 4131 1626 4200; x_wconf 83' lang='lat'><strong>(</strong></span> <span class='ocrx_word' id='word_1_587' title='bbox 1654 4129 1818 4185; x_wconf 79' lang='lat' dir='ltr'><strong>Leuit.</strong></span> <span class='ocrx_word' id='word_1_588' title='bbox 1851 4145 1941 4195; x_wconf 88' lang='lat' dir='ltr'><strong>xv,</strong></span> <span class='ocrx_word' id='word_1_589' title='bbox 1973 4128 2080 4202; x_wconf 80' lang='grc'><strong>51)</strong></span> <span class='ocrx_word' id='word_1_590' title='bbox 2112 4147 2124 4184; x_wconf 91' lang='lat'>:</span> <span class='ocrx_word' id='word_1_591' title='bbox 2157 4129 2235 4185; x_wconf 86' lang='lat' dir='ltr'><strong>sic</strong></span> 
     </span>
    </p>
   </div>
   <div class='ocr_carea' id='block_1_73' title="bbox 639 4223 2234 4293">
    <p class='ocr_par' dir='ltr' id='par_1_73' title="bbox 639 4223 2234 4293">
     <span class='ocr_line' id='line_1_73' title="bbox 639 4223 2234 4293; baseline -0.005 -11"><span class='ocrx_word' id='word_1_592' title='bbox 639 4225 696 4282; x_wconf 91' lang='lat' dir='ltr'><strong>in</strong></span> <span class='ocrx_word' id='word_1_593' title='bbox 725 4225 824 4280; x_wconf 89' lang='lat' dir='ltr'><strong>ltoc</strong></span> <span class='ocrx_word' id='word_1_594' title='bbox 852 4227 971 4282; x_wconf 93' lang='lat' dir='ltr'><strong>loco</strong></span> <span class='ocrx_word' id='word_1_595' title='bbox 998 4234 1228 4280; x_wconf 85' lang='lat' dir='ltr'><strong>caeteras</strong></span> <span class='ocrx_word' id='word_1_596' title='bbox 1259 4223 1730 4279; x_wconf 89' lang='lat' dir='ltr'><strong>extraordinarias</strong></span> <span class='ocrx_word' id='word_1_597' title='bbox 1775 4223 2105 4293; x_wconf 89' lang='lat' dir='ltr'><strong>voluptates,</strong></span> <span class='ocrx_word' id='word_1_598' title='bbox 2151 4223 2234 4292; x_wconf 89' lang='lat' dir='ltr'><strong>ip-</strong></span> 
     </span>
    </p>
   </div>
   <div class='ocr_carea' id='block_1_74' title="bbox 640 4315 2231 4388">
    <p class='ocr_par' dir='ltr' id='par_1_74' title="bbox 640 4315 2231 4388">
     <span class='ocr_line' id='line_1_74' title="bbox 640 4315 2231 4388; baseline -0.001 -15"><span class='ocrx_word' id='word_1_599' title='bbox 640 4333 822 4373; x_wconf 89' lang='lat' dir='ltr'><strong>sarum</strong></span> <span class='ocrx_word' id='word_1_600' title='bbox 864 4332 1080 4388; x_wconf 91' lang='lat' dir='ltr'><strong>quoque</strong></span> <span class='ocrx_word' id='word_1_601' title='bbox 1109 4331 1275 4387; x_wconf 90' lang='lat' dir='ltr'><strong>opera</strong></span> <span class='ocrx_word' id='word_1_602' title='bbox 1307 4315 1648 4386; x_wconf 89' lang='lat' dir='ltr'><strong>nuptiarum,</strong></span> <span class='ocrx_word' id='word_1_603' title='bbox 1691 4316 1737 4370; x_wconf 89' lang='lat' dir='ltr'><strong>si</strong></span> <span class='ocrx_word' id='word_1_604' title='bbox 1773 4329 1882 4370; x_wconf 91' lang='lat' dir='ltr'><strong>non</strong></span> <span class='ocrx_word' id='word_1_605' title='bbox 1909 4315 2231 4381; x_wconf 85' lang='lat' dir='ltr'><strong>verecunde,</strong></span> 
     </span>
    </p>
   </div>
   <div class='ocr_carea' id='block_1_75' title="bbox 643 4406 2238 4479">
    <p class='ocr_par' dir='ltr' id='par_1_75' title="bbox 643 4406 2238 4479">
     <span class='ocr_line' id='line_1_75' title="bbox 643 4406 2238 4479; baseline -0.002 -14"><span class='ocrx_word' id='word_1_606' title='bbox 643 4420 700 4466; x_wconf 89' lang='lat' dir='ltr'><strong>et</strong></span> <span class='ocrx_word' id='word_1_607' title='bbox 747 4424 870 4464; x_wconf 90' lang='lat' dir='ltr'><strong>cum</strong></span> <span class='ocrx_word' id='word_1_608' title='bbox 920 4408 1230 4475; x_wconf 87' lang='lat' dir='ltr'><strong>honestate,</strong></span> <span class='ocrx_word' id='word_1_609' title='bbox 1274 4409 1428 4479; x_wconf 88' lang='lat' dir='ltr'><strong>quasi</strong></span> <span class='ocrx_word' id='word_1_610' title='bbox 1479 4408 1583 4463; x_wconf 91' lang='lat' dir='ltr'><strong>sub</strong></span> <span class='ocrx_word' id='word_1_611' title='bbox 1610 4407 1784 4464; x_wconf 90' lang='lat' dir='ltr'><strong>oculis</strong></span> <span class='ocrx_word' id='word_1_612' title='bbox 1824 4406 1918 4462; x_wconf 85' lang='lat' dir='ltr'><strong>Dei</strong></span> <span class='ocrx_word' id='word_1_613' title='bbox 1967 4408 2130 4474; x_wconf 87' lang='lat' dir='ltr'><strong>fiant,</strong></span> <span class='ocrx_word' id='word_1_614' title='bbox 2181 4416 2238 4462; x_wconf 85' lang='grc' dir='ltr'>ιιι</span> 
     </span>
    </p>
   </div>
   <div class='ocr_carea' id='block_1_76' title="bbox 647 4499 2234 4565">
    <p class='ocr_par' dir='ltr' id='par_1_76' title="bbox 647 4499 2234 4565">
     <span class='ocr_line' id='line_1_76' title="bbox 647 4499 2234 4565; baseline -0.003 -9"><span class='ocrx_word' id='word_1_615' title='bbox 647 4509 855 4556; x_wconf 90' lang='lat' dir='ltr'><strong>tantum</strong></span> <span class='ocrx_word' id='word_1_616' title='bbox 899 4500 1088 4556; x_wconf 89' lang='lat' dir='ltr'><strong>liberis</strong></span> <span class='ocrx_word' id='word_1_617' title='bbox 1138 4501 1428 4565; x_wconf 84' lang='lat' dir='ltr'><strong>serviatur,</strong></span> <span class='ocrx_word' id='word_1_618' title='bbox 1458 4499 1850 4555; x_wconf 91' lang='lat' dir='ltr'><strong>immunditiam</strong></span> <span class='ocrx_word' id='word_1_619' title='bbox 1883 4509 1936 4554; x_wconf 92' lang='lat' dir='ltr'><strong>et</strong></span> <span class='ocrx_word' id='word_1_620' title='bbox 1964 4499 2234 4555; x_wconf 87' lang='lat' dir='ltr'><strong>luxuriam</strong></span> 
     </span>
    </p>
   </div>
   <div class='ocr_carea' id='block_1_77' title="bbox 2328 3295 3914 3374">
    <p class='ocr_par' dir='ltr' id='par_1_77' title="bbox 2328 3295 3914 3374">
     <span class='ocr_line' id='line_1_77' title="bbox 2328 3295 3914 3374; baseline -0.008 -16"><span class='ocrx_word' id='word_1_621' title='bbox 2328 3302 2626 3374; x_wconf 89' lang='lat' dir='ltr'><strong>prophetes</strong></span> <span class='ocrx_word' id='word_1_622' title='bbox 2660 3301 2754 3357; x_wconf 91' lang='lat' dir='ltr'><strong>Dei</strong></span> <span class='ocrx_word' id='word_1_623' title='bbox 2787 3311 2841 3356; x_wconf 91' lang='lat' dir='ltr'><strong>et</strong></span> <span class='ocrx_word' id='word_1_624' title='bbox 2867 3299 3149 3365; x_wconf 90' lang='lat' dir='ltr'><strong>sacerdos,</strong></span> <span class='ocrx_word' id='word_1_625' title='bbox 3201 3306 3390 3352; x_wconf 91' lang='lat' dir='ltr'><strong>contra</strong></span> <span class='ocrx_word' id='word_1_626' title='bbox 3421 3296 3644 3368; x_wconf 80' lang='lat' dir='ltr'><strong>Moysen</strong></span> <span class='ocrx_word' id='word_1_627' title='bbox 3687 3295 3778 3350; x_wconf 89' lang='lat' dir='ltr'><strong>tali</strong></span> <span class='ocrx_word' id='word_1_628' title='bbox 3807 3304 3914 3365; x_wconf 82' lang='lat' dir='ltr'><strong>pas-</strong></span> 
     </span>
    </p>
   </div>
   <div class='ocr_carea' id='block_1_78' title="bbox 2327 3385 3916 3463">
    <p class='ocr_par' dir='ltr' id='par_1_78' title="bbox 2327 3385 3916 3463">
     <span class='ocr_line' id='line_1_78' title="bbox 2327 3385 3916 3463; baseline -0.009 -12"><span class='ocrx_word' id='word_1_629' title='bbox 2327 3396 2488 3451; x_wconf 86' lang='lat' dir='ltr'><strong>sione</strong></span> <span class='ocrx_word' id='word_1_630' title='bbox 2513 3392 2725 3462; x_wconf 87' lang='lat' dir='ltr'><strong>decepti</strong></span> <span class='ocrx_word' id='word_1_631' title='bbox 2755 3400 2882 3447; x_wconf 87' lang='lat' dir='ltr'><strong>sunt</strong></span> <span class='ocrx_word' id='word_1_632' title='bbox 2909 3391 2930 3463; x_wconf 93' lang='lat'><strong>(</strong></span> <span class='ocrx_word' id='word_1_633' title='bbox 2955 3389 3144 3446; x_wconf 79' lang='lat' dir='ltr'><strong>Cenes.</strong></span> <span class='ocrx_word' id='word_1_634' title='bbox 3180 3404 3397 3452; x_wconf 87' lang='lat' dir='ltr'><strong>xxxvu,</strong></span> <span class='ocrx_word' id='word_1_635' title='bbox 3432 3387 3600 3443; x_wconf 78' lang='lat' dir='ltr'><strong>Num.</strong></span> <span class='ocrx_word' id='word_1_636' title='bbox 3637 3403 3715 3443; x_wconf 73' lang='grc' dir='ltr'><strong>χιι</strong></span> <span class='ocrx_word' id='word_1_637' title='bbox 3740 3387 3799 3456; x_wconf 84' lang='grc'><strong>);</strong></span> <span class='ocrx_word' id='word_1_638' title='bbox 3848 3385 3916 3438; x_wconf 87' lang='lat' dir='ltr'><strong>in-</strong></span> 
     </span>
    </p>
   </div>
   <div class='ocr_carea' id='block_1_79' title="bbox 2329 3479 3912 3553">
    <p class='ocr_par' dir='ltr' id='par_1_79' title="bbox 2329 3479 3912 3553">
     <span class='ocr_line' id='line_1_79' title="bbox 2329 3479 3912 3553; baseline -0.008 -13"><span class='ocrx_word' id='word_1_639' title='bbox 2329 3494 2538 3540; x_wconf 89' lang='lat' dir='ltr'><strong>tantnm</strong></span> <span class='ocrx_word' id='word_1_640' title='bbox 2570 3495 2628 3539; x_wconf 90' lang='lat' dir='ltr'><strong>ut</strong></span> <span class='ocrx_word' id='word_1_641' title='bbox 2662 3483 2748 3538; x_wconf 89' lang='lat' dir='ltr'><strong>illa</strong></span> <span class='ocrx_word' id='word_1_642' title='bbox 2775 3483 2843 3538; x_wconf 90' lang='lat' dir='ltr'><strong>de</strong></span> <span class='ocrx_word' id='word_1_643' title='bbox 2872 3498 2978 3553; x_wconf 89' lang='lat' dir='ltr'><strong>qua</strong></span> <span class='ocrx_word' id='word_1_644' title='bbox 3009 3481 3290 3551; x_wconf 87' lang='lat' dir='ltr'><strong>Scriptura</strong></span> <span class='ocrx_word' id='word_1_645' title='bbox 3323 3489 3673 3544; x_wconf 86' lang='lat' dir='ltr'><strong>narraverat,</strong></span> <span class='ocrx_word' id='word_1_646' title='bbox 3702 3479 3912 3534; x_wconf 90' lang='lat' dir='ltr'><strong>dicens:</strong></span> 
     </span>
    </p>
   </div>
   <div class='ocr_carea' id='block_1_80' title="bbox 2333 3573 3913 3650">
    <p class='ocr_par' dir='ltr' id='par_1_80' title="bbox 2333 3573 3913 3650">
     <span class='ocr_line' id='line_1_80' title="bbox 2333 3573 3913 3650; baseline -0.007 -16"><span class='ocrx_word' id='word_1_647' title='bbox 2333 3577 2542 3634; x_wconf 82' lang='lat' dir='ltr'><strong>Tollens</strong></span> <span class='ocrx_word' id='word_1_648' title='bbox 2564 3587 2736 3631; x_wconf 85' lang='lat' dir='ltr'><strong>autem</strong></span> <span class='ocrx_word' id='word_1_649' title='bbox 2769 3575 2941 3631; x_wconf 81' lang='lat' dir='ltr'><strong>Maria</strong></span> <span class='ocrx_word' id='word_1_650' title='bbox 2971 3577 3244 3650; x_wconf 83' lang='lat' dir='ltr'><strong>prophetes</strong></span> <span class='ocrx_word' id='word_1_651' title='bbox 3278 3585 3581 3646; x_wconf 83' lang='lat' dir='ltr'><strong>tympanum</strong></span> <span class='ocrx_word' id='word_1_652' title='bbox 3605 3573 3807 3647; x_wconf 77' lang='lat' dir='ltr'><strong>(Exod.</strong></span> <span class='ocrx_word' id='word_1_653' title='bbox 3837 3585 3913 3624; x_wconf 87' lang='lat' dir='ltr'><strong>xv.</strong></span> 
     </span>
    </p>
   </div>
   <div class='ocr_carea' id='block_1_81' title="bbox 2331 3663 3916 3740">
    <p class='ocr_par' dir='ltr' id='par_1_81' title="bbox 2331 3663 3916 3740">
     <span class='ocr_line' id='line_1_81' title="bbox 2331 3663 3916 3740; baseline -0.008 -15"><span class='ocrx_word' id='word_1_654' title='bbox 2331 3671 2450 3740; x_wconf 74' lang='lat'><strong>20),</strong></span> <span class='ocrx_word' id='word_1_655' title='bbox 2474 3669 2502 3707; x_wconf 70' lang='grc' dir='ltr'>δ</span> <span class='ocrx_word' id='word_1_656' title='bbox 2534 3678 2590 3725; x_wconf 91' lang='lat' dir='ltr'><strong>et</strong></span> <span class='ocrx_word' id='word_1_657' title='bbox 2618 3678 2838 3738; x_wconf 65' lang='lat' dir='ltr'><strong>caetera,</strong></span> <span class='ocrx_word' id='word_1_658' title='bbox 2865 3679 3054 3740; x_wconf 87' lang='lat' dir='ltr'><strong>postea</strong></span> <span class='ocrx_word' id='word_1_659' title='bbox 3083 3679 3239 3724; x_wconf 84' lang='lat' dir='ltr'><strong>extra</strong></span> <span class='ocrx_word' id='word_1_660' title='bbox 3265 3675 3441 3722; x_wconf 87' lang='lat' dir='ltr'><strong>castra</strong></span> <span class='ocrx_word' id='word_1_661' title='bbox 3468 3665 3739 3735; x_wconf 87' lang='lat' dir='ltr'><strong>projecta,</strong></span> <span class='ocrx_word' id='word_1_662' title='bbox 3770 3663 3916 3732; x_wconf 61' lang='lat' dir='ltr'><strong>lepra:</strong></span> 
     </span>
    </p>
   </div>
   <div class='ocr_carea' id='block_1_82' title="bbox 2333 3762 3916 3834">
    <p class='ocr_par' dir='ltr' id='par_1_82' title="bbox 2333 3762 3916 3834">
     <span class='ocr_line' id='line_1_82' title="bbox 2333 3762 3916 3834; baseline -0.006 -14"><span class='ocrx_word' id='word_1_663' title='bbox 2333 3765 2465 3820; x_wconf 90' lang='lat' dir='ltr'><strong>vitio</strong></span> <span class='ocrx_word' id='word_1_664' title='bbox 2487 3763 2765 3819; x_wconf 85' lang='lat' dir='ltr'><strong>sordidata</strong></span> <span class='ocrx_word' id='word_1_665' title='bbox 2790 3765 2886 3830; x_wconf 89' lang='lat' dir='ltr'><strong>sit,</strong></span> <span class='ocrx_word' id='word_1_666' title='bbox 2911 3773 2966 3819; x_wconf 90' lang='lat' dir='ltr'><strong>et</strong></span> <span class='ocrx_word' id='word_1_667' title='bbox 2994 3762 3373 3834; x_wconf 67' lang='lat' dir='ltr'><strong>paenitentiam</strong></span> <span class='ocrx_word' id='word_1_668' title='bbox 3398 3763 3702 3830; x_wconf 78' lang='lat' dir='ltr'><strong>longiorem</strong></span> <span class='ocrx_word' id='word_1_669' title='bbox 3725 3765 3916 3828; x_wconf 89' lang='lat' dir='ltr'><strong>septem</strong></span> 
     </span>
    </p>
   </div>
   <div class='ocr_carea' id='block_1_83' title="bbox 2337 3844 3918 3926">
    <p class='ocr_par' dir='ltr' id='par_1_83' title="bbox 2337 3844 3918 3926">
     <span class='ocr_line' id='line_1_83' title="bbox 2337 3844 3918 3926; baseline -0.009 -13"><span class='ocrx_word' id='word_1_670' title='bbox 2337 3857 2550 3913; x_wconf 79' lang='lat' dir='ltr'><strong>dierum</strong></span> <span class='ocrx_word' id='word_1_671' title='bbox 2573 3846 2925 3926; x_wconf 83' lang='lat' dir='ltr'><strong>separatione</strong></span> <span class='ocrx_word' id='word_1_672' title='bbox 2949 3855 3247 3924; x_wconf 90' lang='lat' dir='ltr'><strong>signaverit</strong></span> <span class='ocrx_word' id='word_1_673' title='bbox 3276 3853 3464 3922; x_wconf 79' lang='lat' dir='ltr'><strong>(Num.</strong></span> <span class='ocrx_word' id='word_1_674' title='bbox 3488 3851 3611 3921; x_wconf 90' lang='lat' dir='ltr'><strong>xu).</strong></span> <span class='ocrx_word' id='word_1_675' title='bbox 3640 3853 3728 3908; x_wconf 88' lang='lat' dir='ltr'><strong>lra</strong></span> <span class='ocrx_word' id='word_1_676' title='bbox 3744 3844 3918 3906; x_wconf 84' lang='lat' dir='ltr'><strong>deinde</strong></span> 
     </span>
    </p>
   </div>
   <div class='ocr_carea' id='block_1_84' title="bbox 2336 3936 3914 4019">
    <p class='ocr_par' dir='ltr' id='par_1_84' title="bbox 2336 3936 3914 4019">
     <span class='ocr_line' id='line_1_84' title="bbox 2336 3936 3914 4019; baseline -0.004 -14"><span class='ocrx_word' id='word_1_677' title='bbox 2336 3947 2598 4015; x_wconf 83' lang='lat' dir='ltr'><strong>succedit,</strong></span> <span class='ocrx_word' id='word_1_678' title='bbox 2633 3963 2755 4019; x_wconf 72' lang='lat' dir='ltr'><strong>qum.</strong></span> <span class='ocrx_word' id='word_1_679' title='bbox 2773 3947 3039 4016; x_wconf 84' lang='lat' dir='ltr'><strong>justitiam</strong></span> <span class='ocrx_word' id='word_1_680' title='bbox 3073 3945 3165 4000; x_wconf 87' lang='lat' dir='ltr'><strong>Dei</strong></span> <span class='ocrx_word' id='word_1_681' title='bbox 3199 3959 3303 3998; x_wconf 89' lang='lat' dir='ltr'><strong>non</strong></span> <span class='ocrx_word' id='word_1_682' title='bbox 3335 3952 3592 4012; x_wconf 86' lang='lat' dir='ltr'><strong>operatur</strong></span> <span class='ocrx_word' id='word_1_683' title='bbox 3635 3942 3843 4014; x_wconf 74' lang='lat' dir='ltr'><strong>(Iacob.</strong></span> <span class='ocrx_word' id='word_1_684' title='bbox 3866 3936 3914 4008; x_wconf 74' lang='grc' dir='ltr'><strong>ι).</strong></span> 
     </span>
    </p>
   </div>
   <div class='ocr_carea' id='block_1_85' title="bbox 2337 4034 3914 4111">
    <p class='ocr_par' dir='ltr' id='par_1_85' title="bbox 2337 4034 3914 4111">
     <span class='ocr_line' id='line_1_85' title="bbox 2337 4034 3914 4111; baseline -0.007 -15"><span class='ocrx_word' id='word_1_685' title='bbox 2337 4051 2392 4096; x_wconf 91' lang='lat' dir='ltr'><strong>et</strong></span> <span class='ocrx_word' id='word_1_686' title='bbox 2419 4044 2630 4111; x_wconf 90' lang='lat' dir='ltr'><strong>species</strong></span> <span class='ocrx_word' id='word_1_687' title='bbox 2659 4048 2744 4094; x_wconf 86' lang='lat' dir='ltr'><strong>est</strong></span> <span class='ocrx_word' id='word_1_688' title='bbox 2791 4040 3010 4092; x_wconf 90' lang='lat' dir='ltr'><strong>furoris.</strong></span> <span class='ocrx_word' id='word_1_689' title='bbox 3064 4036 3212 4091; x_wconf 92' lang='lat' dir='ltr'><strong>Inter</strong></span> <span class='ocrx_word' id='word_1_690' title='bbox 3261 4034 3598 4089; x_wconf 88' lang='lat' dir='ltr'><strong>iracundiam</strong></span> <span class='ocrx_word' id='word_1_691' title='bbox 3643 4045 3827 4090; x_wconf 91' lang='lat' dir='ltr'><strong>autem</strong></span> <span class='ocrx_word' id='word_1_692' title='bbox 3869 4036 3914 4081; x_wconf 81' lang='lat' dir='ltr'><strong>et</strong></span> 
     </span>
    </p>
   </div>
   <div class='ocr_carea' id='block_1_86' title="bbox 2339 4119 3922 4198">
    <p class='ocr_par' dir='ltr' id='par_1_86' title="bbox 2339 4119 3922 4198">
     <span class='ocr_line' id='line_1_86' title="bbox 2339 4119 3922 4198; baseline -0.011 -9"><span class='ocrx_word' id='word_1_693' title='bbox 2339 4133 2498 4197; x_wconf 88' lang='lat' dir='ltr'><strong>iram,</strong></span> <span class='ocrx_word' id='word_1_694' title='bbox 2535 4131 2637 4185; x_wconf 88' lang='lat' dir='ltr'><strong>hoc</strong></span> <span class='ocrx_word' id='word_1_695' title='bbox 2663 4131 2887 4184; x_wconf 90' lang='lat' dir='ltr'><strong>interest</strong></span> <span class='ocrx_word' id='word_1_696' title='bbox 2921 4147 2934 4183; x_wconf 93' lang='lat'>:</span> <span class='ocrx_word' id='word_1_697' title='bbox 2979 4126 3121 4198; x_wconf 87' lang='lat' dir='ltr'><strong>quod</strong></span> <span class='ocrx_word' id='word_1_698' title='bbox 3168 4125 3464 4181; x_wconf 81' lang='lat' dir='ltr'><strong>iracundus</strong></span> <span class='ocrx_word' id='word_1_699' title='bbox 3491 4140 3711 4197; x_wconf 89' lang='lat' dir='ltr'><strong>semper</strong></span> <span class='ocrx_word' id='word_1_700' title='bbox 3757 4119 3922 4180; x_wconf 86' lang='lat' dir='ltr'><strong>irasci—</strong></span> 
     </span>
    </p>
   </div>
   <div class='ocr_carea' id='block_1_87' title="bbox 2341 4211 3920 4292">
    <p class='ocr_par' dir='ltr' id='par_1_87' title="bbox 2341 4211 3920 4292">
     <span class='ocr_line' id='line_1_87' title="bbox 2341 4211 3920 4292; baseline -0.012 -12"><span class='ocrx_word' id='word_1_701' title='bbox 2341 4234 2428 4280; x_wconf 91' lang='lat' dir='ltr'><strong>tur</strong></span> <span class='ocrx_word' id='word_1_702' title='bbox 2455 4245 2469 4280; x_wconf 88' lang='lat'><strong>:</strong></span> <span class='ocrx_word' id='word_1_703' title='bbox 2517 4225 2686 4278; x_wconf 88' lang='lat' dir='ltr'><strong>iratus</strong></span> <span class='ocrx_word' id='word_1_704' title='bbox 2729 4237 2828 4292; x_wconf 89' lang='lat' dir='ltr'><strong>pro</strong></span> <span class='ocrx_word' id='word_1_705' title='bbox 2860 4230 3108 4290; x_wconf 88' lang='lat' dir='ltr'><strong>tempore</strong></span> <span class='ocrx_word' id='word_1_706' title='bbox 3151 4218 3481 4274; x_wconf 89' lang='lat' dir='ltr'><strong>concitatur.</strong></span> <span class='ocrx_word' id='word_1_707' title='bbox 3513 4217 3584 4272; x_wconf 88' lang='lat' dir='ltr'><strong>Et</strong></span> <span class='ocrx_word' id='word_1_708' title='bbox 3606 4217 3794 4272; x_wconf 68' lang='lat' dir='ltr'><strong>nescio</strong></span> <span class='ocrx_word' id='word_1_709' title='bbox 3817 4211 3920 4282; x_wconf 87' lang='lat' dir='ltr'><strong>quis</strong></span> 
     </span>
    </p>
   </div>
   <div class='ocr_carea' id='block_1_88' title="bbox 2343 4305 3920 4386">
    <p class='ocr_par' dir='ltr' id='par_1_88' title="bbox 2343 4305 3920 4386">
     <span class='ocr_line' id='line_1_88' title="bbox 2343 4305 3920 4386; baseline -0.003 -17"><span class='ocrx_word' id='word_1_710' title='bbox 2343 4317 2516 4386; x_wconf 89' lang='lat' dir='ltr'><strong>possit</strong></span> <span class='ocrx_word' id='word_1_711' title='bbox 2546 4331 2776 4386; x_wconf 89' lang='lat' dir='ltr'><strong>regnum</strong></span> <span class='ocrx_word' id='word_1_712' title='bbox 2818 4314 2909 4370; x_wconf 92' lang='lat' dir='ltr'><strong>Dei</strong></span> <span class='ocrx_word' id='word_1_713' title='bbox 2940 4312 3223 4383; x_wconf 86' lang='lat' dir='ltr'><strong>possidere</strong></span> <span class='ocrx_word' id='word_1_714' title='bbox 3256 4329 3270 4365; x_wconf 90' lang='lat'><strong>:</strong></span> <span class='ocrx_word' id='word_1_715' title='bbox 3303 4326 3426 4365; x_wconf 89' lang='lat' dir='ltr'><strong>cum</strong></span> <span class='ocrx_word' id='word_1_716' title='bbox 3475 4310 3520 4365; x_wconf 92' lang='lat' dir='ltr'><strong>is</strong></span> <span class='ocrx_word' id='word_1_717' title='bbox 3543 4311 3635 4380; x_wconf 89' lang='lat' dir='ltr'><strong>qui</strong></span> <span class='ocrx_word' id='word_1_718' title='bbox 3668 4305 3920 4365; x_wconf 70' lang='lat' dir='ltr'><strong>irascitur.</strong></span> 
     </span>
    </p>
   </div>
   <div class='ocr_carea' id='block_1_89' title="bbox 2341 4403 3923 4481">
    <p class='ocr_par' dir='ltr' id='par_1_89' title="bbox 2341 4403 3923 4481">
     <span class='ocr_line' id='line_1_89' title="bbox 2341 4403 3923 4481; baseline -0.008 -16"><span class='ocrx_word' id='word_1_719' title='bbox 2341 4418 2624 4481; x_wconf 91' lang='lat' dir='ltr'><strong>separetur</strong></span> <span class='ocrx_word' id='word_1_720' title='bbox 2662 4424 2694 4463; x_wconf 90' lang='lat' dir='ltr'><strong>a</strong></span> <span class='ocrx_word' id='word_1_721' title='bbox 2725 4423 2897 4478; x_wconf 88' lang='lat' dir='ltr'><strong>regno</strong></span> <span class='ocrx_word' id='word_1_722' title='bbox 2926 4404 3166 4478; x_wconf 81' lang='lat' dir='ltr'><strong>(Matth.</strong></span> <span class='ocrx_word' id='word_1_723' title='bbox 3195 4420 3226 4458; x_wconf 91' lang='lat' dir='ltr'><strong>v</strong></span> <span class='ocrx_word' id='word_1_724' title='bbox 3251 4410 3292 4473; x_wconf 93' lang='lat'><strong>).</strong></span> <span class='ocrx_word' id='word_1_725' title='bbox 3341 4403 3495 4458; x_wconf 68' lang='lat' dir='ltr'><strong>nixae</strong></span> <span class='ocrx_word' id='word_1_726' title='bbox 3547 4415 3766 4473; x_wconf 88' lang='lat' dir='ltr'><strong>quoque</strong></span> <span class='ocrx_word' id='word_1_727' title='bbox 3806 4404 3923 4468; x_wconf 80' lang='lat' dir='ltr'><strong>quas</strong></span> 
     </span>
    </p>
   </div>
   <div class='ocr_carea' id='block_1_90' title="bbox 2347 4489 3921 4575">
    <p class='ocr_par' dir='ltr' id='par_1_90' title="bbox 2347 4489 3921 4575">
     <span class='ocr_line' id='line_1_90' title="bbox 2347 4489 3921 4575; baseline -0.011 -17"><span class='ocrx_word' id='word_1_728' title='bbox 2347 4503 2492 4558; x_wconf 87' lang='lat' dir='ltr'><strong>aliud</strong></span> <span class='ocrx_word' id='word_1_729' title='bbox 2520 4501 2698 4557; x_wconf 60' lang='lat' dir='ltr'><strong>Graeci</strong></span> <span class='ocrx_word' id='word_1_730' title='bbox 2727 4501 3121 4572; x_wconf 87' lang='lat' dir='ltr'><strong>significantes.</strong></span> <span class='ocrx_word' id='word_1_731' title='bbox 3157 4500 3374 4575; x_wconf 78' lang='grc' dir='ltr'><strong>ἐριθείας</strong></span> <span class='ocrx_word' id='word_1_732' title='bbox 3405 4505 3598 4551; x_wconf 88' lang='lat' dir='ltr'><strong>vocant</strong></span> <span class='ocrx_word' id='word_1_733' title='bbox 3637 4489 3921 4566; x_wconf 89' lang='lat' dir='ltr'><strong>(siquidem</strong></span> 
     </span>
    </p>
   </div>
   <div class='ocr_carea' id='block_1_91' title="bbox 645 4587 3922 4668">
    <p class='ocr_par' dir='ltr' id='par_1_91' title="bbox 645 4587 3922 4668">
     <span class='ocr_line' id='line_1_91' title="bbox 645 4587 3922 4668; baseline -0.005 -19"><span class='ocrx_word' id='word_1_734' title='bbox 645 4598 967 4649; x_wconf 78' lang='lat' dir='ltr'><strong>nominavit.</strong></span> <span class='ocrx_word' id='word_1_735' title='bbox 1010 4593 1298 4663; x_wconf 89' lang='lat' dir='ltr'><strong>Quartum,</strong></span> <span class='ocrx_word' id='word_1_736' title='bbox 1353 4594 1408 4648; x_wconf 94' lang='lat' dir='ltr'><strong>in</strong></span> <span class='ocrx_word' id='word_1_737' title='bbox 1455 4595 1704 4662; x_wconf 84' lang='lat' dir='ltr'><strong>catalogo</strong></span> <span class='ocrx_word' id='word_1_738' title='bbox 1755 4608 1984 4665; x_wconf 92' lang='lat' dir='ltr'><strong>operum</strong></span> <span class='ocrx_word' id='word_1_739' title='bbox 2031 4594 2234 4658; x_wconf 79' lang='lat' dir='ltr'><strong>carnis,</strong></span> <span class='ocrx_word' id='word_1_740' title='bbox 2265 4600 2318 4661; x_wconf 86' lang='lat'><strong>1)</strong></span> <span class='ocrx_word' id='word_1_741' title='bbox 2342 4598 2455 4652; x_wconf 76' lang='lat' dir='ltr'><strong>rixa</strong></span> <span class='ocrx_word' id='word_1_742' title='bbox 2489 4598 2641 4668; x_wconf 84' lang='grc' dir='ltr'><strong>μάχη</strong></span> <span class='ocrx_word' id='word_1_743' title='bbox 2671 4593 2893 4665; x_wconf 86' lang='lat' dir='ltr'><strong>dicitur)</strong></span> <span class='ocrx_word' id='word_1_744' title='bbox 2922 4607 2952 4647; x_wconf 89' lang='lat' dir='ltr'><strong>a</strong></span> <span class='ocrx_word' id='word_1_745' title='bbox 2977 4606 3146 4660; x_wconf 88' lang='lat' dir='ltr'><strong>regno</strong></span> <span class='ocrx_word' id='word_1_746' title='bbox 3171 4592 3262 4646; x_wconf 90' lang='lat' dir='ltr'><strong>Dei</strong></span> <span class='ocrx_word' id='word_1_747' title='bbox 3295 4589 3605 4660; x_wconf 81' lang='lat' dir='ltr'><strong>prohibent.</strong></span> <span class='ocrx_word' id='word_1_748' title='bbox 3633 4587 3735 4643; x_wconf 77' lang='lat' dir='ltr'><strong>Est</strong></span> <span class='ocrx_word' id='word_1_749' title='bbox 3761 4588 3922 4638; x_wconf 86' lang='lat' dir='ltr'><strong>autem</strong></span> 
     </span>
    </p>
   </div>
   <div class='ocr_carea' id='block_1_92' title="bbox 644 4685 2235 4756">
    <p class='ocr_par' dir='ltr' id='par_1_92' title="bbox 644 4685 2235 4756">
     <span class='ocr_line' id='line_1_92' title="bbox 644 4685 2235 4756; baseline -0.002 -12"><span class='ocrx_word' id='word_1_750' title='bbox 644 4688 946 4744; x_wconf 84' lang='lat' dir='ltr'><strong>idololatria</strong></span> <span class='ocrx_word' id='word_1_751' title='bbox 977 4688 1154 4743; x_wconf 88' lang='lat' dir='ltr'><strong>locum</strong></span> <span class='ocrx_word' id='word_1_752' title='bbox 1185 4695 1354 4742; x_wconf 89' lang='lat' dir='ltr'><strong>tenet.</strong></span> <span class='ocrx_word' id='word_1_753' title='bbox 1403 4686 1506 4756; x_wconf 88' lang='lat' dir='ltr'><strong>Qui</strong></span> <span class='ocrx_word' id='word_1_754' title='bbox 1539 4688 1684 4742; x_wconf 92' lang='lat' dir='ltr'><strong>enim</strong></span> <span class='ocrx_word' id='word_1_755' title='bbox 1714 4687 1886 4742; x_wconf 88' lang='lat' dir='ltr'><strong>semel</strong></span> <span class='ocrx_word' id='word_1_756' title='bbox 1915 4701 1975 4742; x_wconf 89' lang='lat' dir='ltr'><strong>se</strong></span> <span class='ocrx_word' id='word_1_757' title='bbox 2005 4685 2235 4741; x_wconf 65' lang='lat' dir='ltr'><strong>luxuriae</strong></span> 
     </span>
    </p>
   </div>
   <div class='ocr_carea' id='block_1_93' title="bbox 644 4779 2232 4852">
    <p class='ocr_par' dir='ltr' id='par_1_93' title="bbox 644 4779 2232 4852">
     <span class='ocr_line' id='line_1_93' title="bbox 644 4779 2232 4852; baseline 0.001 -19"><span class='ocrx_word' id='word_1_758' title='bbox 644 4781 1015 4852; x_wconf 87' lang='lat' dir='ltr'><strong>voluptatique</strong></span> <span class='ocrx_word' id='word_1_759' title='bbox 1073 4781 1412 4850; x_wconf 89' lang='lat' dir='ltr'><strong>permiserit,</strong></span> <span class='ocrx_word' id='word_1_760' title='bbox 1470 4795 1575 4835; x_wconf 94' lang='lat' dir='ltr'><strong>non</strong></span> <span class='ocrx_word' id='word_1_761' title='bbox 1626 4779 1848 4850; x_wconf 91' lang='lat' dir='ltr'><strong>respicit</strong></span> <span class='ocrx_word' id='word_1_762' title='bbox 1895 4780 2232 4836; x_wconf 84' lang='lat' dir='ltr'><strong>Creatorem.</strong></span> 
     </span>
    </p>
   </div>
   <div class='ocr_carea' id='block_1_94' title="bbox 640 4871 2241 4942">
    <p class='ocr_par' dir='ltr' id='par_1_94' title="bbox 640 4871 2241 4942">
     <span class='ocr_line' id='line_1_94' title="bbox 640 4871 2241 4942; baseline -0.003 -13"><span class='ocrx_word' id='word_1_763' title='bbox 640 4873 793 4930; x_wconf 76' lang='lat' dir='ltr'><strong>Alias</strong></span> <span class='ocrx_word' id='word_1_764' title='bbox 823 4883 1002 4928; x_wconf 90' lang='lat' dir='ltr'><strong>autem</strong></span> <span class='ocrx_word' id='word_1_765' title='bbox 1035 4873 1215 4929; x_wconf 91' lang='lat' dir='ltr'><strong>omnis</strong></span> <span class='ocrx_word' id='word_1_766' title='bbox 1241 4873 1567 4940; x_wconf 85' lang='lat' dir='ltr'><strong>idololatria,</strong></span> <span class='ocrx_word' id='word_1_767' title='bbox 1599 4871 1914 4937; x_wconf 87' lang='lat' dir='ltr'><strong>festivitate,</strong></span> <span class='ocrx_word' id='word_1_768' title='bbox 1946 4872 2092 4942; x_wconf 90' lang='lat' dir='ltr'><strong>gula,</strong></span> <span class='ocrx_word' id='word_1_769' title='bbox 2115 4887 2241 4927; x_wconf 90' lang='lat' dir='ltr'><strong>ven-</strong></span> 
     </span>
    </p>
   </div>
   <div class='ocr_carea' id='block_1_95' title="bbox 643 4964 2242 5037">
    <p class='ocr_par' dir='ltr' id='par_1_95' title="bbox 643 4964 2242 5037">
     <span class='ocr_line' id='line_1_95' title="bbox 643 4964 2242 5037; baseline -0.003 -15"><span class='ocrx_word' id='word_1_770' title='bbox 643 4975 745 5031; x_wconf 89' lang='lat' dir='ltr'><strong>tre,</strong></span> <span class='ocrx_word' id='word_1_771' title='bbox 796 4977 852 5022; x_wconf 91' lang='lat' dir='ltr'><strong>et</strong></span> <span class='ocrx_word' id='word_1_772' title='bbox 895 4966 976 5022; x_wconf 80' lang='lat' dir='ltr'><strong>liis</strong></span> <span class='ocrx_word' id='word_1_773' title='bbox 1016 4981 1139 5037; x_wconf 76' lang='lat' dir='ltr'><strong>qua:</strong></span> <span class='ocrx_word' id='word_1_774' title='bbox 1190 4965 1328 5021; x_wconf 93' lang='lat' dir='ltr'><strong>infra</strong></span> <span class='ocrx_word' id='word_1_775' title='bbox 1359 4976 1608 5021; x_wconf 86' lang='lat' dir='ltr'><strong>ventrem</strong></span> <span class='ocrx_word' id='word_1_776' title='bbox 1639 4973 1785 5032; x_wconf 89' lang='lat' dir='ltr'><strong>sunt,</strong></span> <span class='ocrx_word' id='word_1_777' title='bbox 1813 4964 2142 5020; x_wconf 89' lang='lat' dir='ltr'><strong>delectatur.</strong></span> <span class='ocrx_word' id='word_1_778' title='bbox 2181 4965 2242 5018; x_wconf 71' lang='lat' dir='ltr'><strong>lit</strong></span> 
     </span>
    </p>
   </div>
   <div class='ocr_carea' id='block_1_96' title="bbox 642 5057 2240 5123">
    <p class='ocr_par' dir='ltr' id='par_1_96' title="bbox 642 5057 2240 5123">
     <span class='ocr_line' id='line_1_96' title="bbox 642 5057 2240 5123; baseline -0.003 -7"><span class='ocrx_word' id='word_1_779' title='bbox 642 5075 712 5116; x_wconf 91' lang='lat' dir='ltr'><strong>ne</strong></span> <span class='ocrx_word' id='word_1_780' title='bbox 759 5061 982 5115; x_wconf 86' lang='lat' dir='ltr'><strong>forsitan</strong></span> <span class='ocrx_word' id='word_1_781' title='bbox 1031 5059 1316 5123; x_wconf 85' lang='lat' dir='ltr'><strong>veneficia,</strong></span> <span class='ocrx_word' id='word_1_782' title='bbox 1369 5068 1423 5113; x_wconf 95' lang='lat' dir='ltr'><strong>et</strong></span> <span class='ocrx_word' id='word_1_783' title='bbox 1451 5058 1715 5113; x_wconf 80' lang='lat' dir='ltr'><strong>maleficae</strong></span> <span class='ocrx_word' id='word_1_784' title='bbox 1762 5067 1911 5114; x_wconf 92' lang='lat' dir='ltr'><strong>artes</strong></span> <span class='ocrx_word' id='word_1_785' title='bbox 1941 5074 2047 5112; x_wconf 92' lang='lat' dir='ltr'><strong>non</strong></span> <span class='ocrx_word' id='word_1_786' title='bbox 2095 5057 2240 5112; x_wconf 89' lang='lat' dir='ltr'><strong>vide-</strong></span> 
     </span>
    </p>
   </div>
   <div class='ocr_carea' id='block_1_97' title="bbox 642 5149 2244 5220">
    <p class='ocr_par' dir='ltr' id='par_1_97' title="bbox 642 5149 2244 5220">
     <span class='ocr_line' id='line_1_97' title="bbox 642 5149 2244 5220; baseline -0.002 -13"><span class='ocrx_word' id='word_1_787' title='bbox 642 5161 832 5207; x_wconf 87' lang='lat' dir='ltr'><strong>rentur</strong></span> <span class='ocrx_word' id='word_1_788' title='bbox 860 5151 915 5206; x_wconf 91' lang='lat' dir='ltr'><strong>in</strong></span> <span class='ocrx_word' id='word_1_789' title='bbox 945 5165 1090 5204; x_wconf 90' lang='lat' dir='ltr'><strong>novo</strong></span> <span class='ocrx_word' id='word_1_790' title='bbox 1121 5149 1408 5220; x_wconf 72' lang='lat' dir='ltr'><strong>prohibitte</strong></span> <span class='ocrx_word' id='word_1_791' title='bbox 1441 5149 1829 5216; x_wconf 89' lang='lat' dir='ltr'><strong>Testamento,</strong></span> <span class='ocrx_word' id='word_1_792' title='bbox 1866 5150 1997 5218; x_wconf 75' lang='lat' dir='ltr'><strong>ipsa:</strong></span> <span class='ocrx_word' id='word_1_793' title='bbox 2025 5163 2244 5220; x_wconf 86' lang='lat' dir='ltr'><strong>quoque</strong></span> 
     </span>
    </p>
   </div>
   <div class='ocr_carea' id='block_1_98' title="bbox 645 5241 2246 5312">
    <p class='ocr_par' dir='ltr' id='par_1_98' title="bbox 645 5241 2246 5312">
     <span class='ocr_line' id='line_1_98' title="bbox 645 5241 2246 5312; baseline -0.002 -12"><span class='ocrx_word' id='word_1_794' title='bbox 645 5245 786 5300; x_wconf 90' lang='lat' dir='ltr'><strong>inter</strong></span> <span class='ocrx_word' id='word_1_795' title='bbox 826 5246 1008 5299; x_wconf 86' lang='lat' dir='ltr'><strong>carnis</strong></span> <span class='ocrx_word' id='word_1_796' title='bbox 1053 5258 1220 5312; x_wconf 92' lang='lat' dir='ltr'><strong>opera</strong></span> <span class='ocrx_word' id='word_1_797' title='bbox 1251 5242 1626 5297; x_wconf 91' lang='lat' dir='ltr'><strong>nominantur.</strong></span> <span class='ocrx_word' id='word_1_798' title='bbox 1665 5241 1801 5311; x_wconf 89' lang='lat' dir='ltr'><strong>Quia</strong></span> <span class='ocrx_word' id='word_1_799' title='bbox 1846 5257 1992 5312; x_wconf 82' lang='lat' dir='ltr'><strong>sa-pe</strong></span> <span class='ocrx_word' id='word_1_800' title='bbox 2023 5243 2246 5312; x_wconf 91' lang='lat' dir='ltr'><strong>magicis</strong></span> 
     </span>
    </p>
   </div>
   <div class='ocr_carea' id='block_1_99' title="bbox 643 5333 2246 5402">
    <p class='ocr_par' dir='ltr' id='par_1_99' title="bbox 643 5333 2246 5402">
     <span class='ocr_line' id='line_1_99' title="bbox 643 5333 2246 5402; baseline -0.004 -9"><span class='ocrx_word' id='word_1_801' title='bbox 643 5337 877 5402; x_wconf 88' lang='lat' dir='ltr'><strong>artibus,</strong></span> <span class='ocrx_word' id='word_1_802' title='bbox 901 5345 956 5392; x_wconf 91' lang='lat' dir='ltr'><strong>et</strong></span> <span class='ocrx_word' id='word_1_803' title='bbox 985 5350 1173 5390; x_wconf 89' lang='lat' dir='ltr'><strong>amare</strong></span> <span class='ocrx_word' id='word_1_804' title='bbox 1204 5335 1419 5389; x_wconf 87' lang='lat' dir='ltr'><strong>miseris</strong></span> <span class='ocrx_word' id='word_1_805' title='bbox 1451 5334 1632 5389; x_wconf 89' lang='lat' dir='ltr'><strong>evenit</strong></span> <span class='ocrx_word' id='word_1_806' title='bbox 1662 5343 1715 5389; x_wconf 91' lang='lat' dir='ltr'><strong>et</strong></span> <span class='ocrx_word' id='word_1_807' title='bbox 1742 5334 1937 5389; x_wconf 89' lang='lat' dir='ltr'><strong>amari.</strong></span> <span class='ocrx_word' id='word_1_808' title='bbox 1966 5333 2246 5388; x_wconf 90' lang='lat' dir='ltr'><strong>lnimicitia</strong></span> 
     </span>
    </p>
   </div>
   <div class='ocr_carea' id='block_1_100' title="bbox 642 5428 2251 5503">
    <p class='ocr_par' dir='ltr' id='par_1_100' title="bbox 642 5428 2251 5503">
     <span class='ocr_line' id='line_1_100' title="bbox 642 5428 2251 5503; baseline -0.001 -18"><span class='ocrx_word' id='word_1_809' title='bbox 642 5445 885 5503; x_wconf 89' lang='lat' dir='ltr'><strong>quoque,</strong></span> <span class='ocrx_word' id='word_1_810' title='bbox 916 5445 1039 5502; x_wconf 65' lang='lat' dir='ltr'><strong>quae</strong></span> <span class='ocrx_word' id='word_1_811' title='bbox 1071 5437 1192 5500; x_wconf 87' lang='lat' dir='ltr'><strong>post</strong></span> <span class='ocrx_word' id='word_1_812' title='bbox 1238 5428 1506 5485; x_wconf 87' lang='lat' dir='ltr'><strong>veneficia</strong></span> <span class='ocrx_word' id='word_1_813' title='bbox 1555 5429 1796 5498; x_wconf 89' lang='lat' dir='ltr'><strong>ponitur,</strong></span> <span class='ocrx_word' id='word_1_814' title='bbox 1845 5443 2005 5500; x_wconf 90' lang='lat' dir='ltr'><strong>quem</strong></span> <span class='ocrx_word' id='word_1_815' title='bbox 2051 5429 2251 5484; x_wconf 86' lang='lat' dir='ltr'><strong>habeat</strong></span> 
     </span>
    </p>
   </div>
   <div class='ocr_carea' id='block_1_101' title="bbox 644 5520 2244 5594">
    <p class='ocr_par' dir='ltr' id='par_1_101' title="bbox 644 5520 2244 5594">
     <span class='ocr_line' id='line_1_101' title="bbox 644 5520 2244 5594; baseline -0.001 -15"><span class='ocrx_word' id='word_1_816' title='bbox 644 5534 902 5593; x_wconf 89' lang='lat' dir='ltr'><strong>reatum,</strong></span> <span class='ocrx_word' id='word_1_817' title='bbox 954 5532 979 5561; x_wconf 74' lang='grc' dir='ltr'>α</span> <span class='ocrx_word' id='word_1_818' title='bbox 1023 5521 1298 5578; x_wconf 89' lang='lat' dir='ltr'><strong>manifesti</strong></span> <span class='ocrx_word' id='word_1_819' title='bbox 1350 5521 1600 5578; x_wconf 92' lang='lat' dir='ltr'><strong>criminis</strong></span> <span class='ocrx_word' id='word_1_820' title='bbox 1663 5521 1932 5594; x_wconf 77' lang='lat' dir='ltr'><strong>subiectio</strong></span> <span class='ocrx_word' id='word_1_821' title='bbox 1984 5520 2244 5578; x_wconf 86' lang='lat' dir='ltr'><strong>declarat.</strong></span> 
     </span>
    </p>
   </div>
   <div class='ocr_carea' id='block_1_102' title="bbox 678 5724 2237 5852">
    <p class='ocr_par' dir='ltr' id='par_1_102' title="bbox 678 5724 2237 5852">
     <span class='ocr_line' id='line_1_102' title="bbox 678 5724 2237 5852; baseline 0.003 -72"><span class='ocrx_word' id='word_1_822' title='bbox 678 5731 758 5852; x_wconf 48' lang='lat' dir='ltr'><strong>tu.&quot;</strong></span> <span class='ocrx_word' id='word_1_823' title='bbox 775 5726 950 5849; x_wconf 63' lang='lat' dir='ltr'><strong>{:enes</strong></span> <span class='ocrx_word' id='word_1_824' title='bbox 972 5724 1292 5794; x_wconf 73' lang='lat' dir='ltr'><strong>Victorium,</strong></span> <span class='ocrx_word' id='word_1_825' title='bbox 1336 5727 1612 5798; x_wconf 76' lang='lat' dir='ltr'><strong>mnifesto</strong></span> <span class='ocrx_word' id='word_1_826' title='bbox 1647 5727 1852 5784; x_wconf 80' lang='lat' dir='ltr'><strong>crimini</strong></span> <span class='ocrx_word' id='word_1_827' title='bbox 1888 5726 2120 5801; x_wconf 83' lang='lat' dir='ltr'><strong>subjecta</strong></span> <span class='ocrx_word' id='word_1_828' title='bbox 2142 5728 2237 5783; x_wconf 84' lang='lat' dir='ltr'><strong>tte-</strong></span> 
     </span>
     <span class='ocr_line' id='line_1_103' title="bbox 759 5813 835 5850; baseline -0.013 0"><span class='ocrx_word' id='word_1_829' title='bbox 759 5813 791 5850; x_wconf 79' lang='grc' dir='ltr'><em>α</em></span> <span class='ocrx_word' id='word_1_830' title='bbox 821 5834 835 5849; x_wconf 78' lang='grc' dir='ltr'><strong>ο</strong></span> 
     </span>
    </p>
   </div>
   <div class='ocr_carea' id='block_1_103' title="bbox 645 5813 835 5852">
    <p class='ocr_par' dir='ltr' id='par_1_103' title="bbox 645 5813 835 5852">
     <span class='ocr_line' id='line_1_104' title="bbox 645 5813 835 5852; baseline -0.016 0"><span class='ocrx_word' id='word_1_831' title='bbox 645 5813 835 5852; x_wconf 69' lang='grc' dir='ltr'><strong>ειαηιι.</strong></span> 
     </span>
    </p>
   </div>
   <div class='ocr_carea' id='block_1_104' title="bbox 2344 4680 3925 4767">
    <p class='ocr_par' dir='ltr' id='par_1_104' title="bbox 2344 4680 3925 4767">
     <span class='ocr_line' id='line_1_105' title="bbox 2344 4680 3925 4767; baseline -0.014 -22"><span class='ocrx_word' id='word_1_832' title='bbox 2344 4691 2550 4767; x_wconf 77' lang='grc' dir='ltr'><strong>ἐριθεία,</strong></span> <span class='ocrx_word' id='word_1_833' title='bbox 2593 4701 2715 4742; x_wconf 93' lang='lat' dir='ltr'><strong>cum</strong></span> <span class='ocrx_word' id='word_1_834' title='bbox 2763 4685 2885 4758; x_wconf 92' lang='lat' dir='ltr'><strong>quis</strong></span> <span class='ocrx_word' id='word_1_835' title='bbox 2920 4697 3135 4752; x_wconf 90' lang='lat' dir='ltr'><strong>semper</strong></span> <span class='ocrx_word' id='word_1_836' title='bbox 3163 4681 3228 4736; x_wconf 92' lang='lat' dir='ltr'><strong>ad</strong></span> <span class='ocrx_word' id='word_1_837' title='bbox 3256 4680 3745 4737; x_wconf 87' lang='lat' dir='ltr'><strong>contradicendum</strong></span> <span class='ocrx_word' id='word_1_838' title='bbox 3771 4683 3925 4767; x_wconf 7' lang='lat' dir='ltr'><strong>(para—</strong></span> 
     </span>
    </p>
   </div>
   <div class='ocr_carea' id='block_1_105' title="bbox 2345 4760 3924 4845">
    <p class='ocr_par' dir='ltr' id='par_1_105' title="bbox 2345 4760 3924 4845">
     <span class='ocr_line' id='line_1_106' title="bbox 2345 4760 3924 4845; baseline -0.013 -9"><span class='ocrx_word' id='word_1_839' title='bbox 2345 4760 2453 4845; x_wconf 82' lang='lat' dir='ltr'><strong>tus,</strong></span> <span class='ocrx_word' id='word_1_840' title='bbox 2483 4778 2767 4832; x_wconf 84' lang='lat' dir='ltr'><strong>stomacho</strong></span> <span class='ocrx_word' id='word_1_841' title='bbox 2797 4775 3102 4830; x_wconf 83' lang='lat' dir='ltr'><strong>delectatur</strong></span> <span class='ocrx_word' id='word_1_842' title='bbox 3129 4773 3310 4827; x_wconf 91' lang='lat' dir='ltr'><strong>alieno</strong></span> <span class='ocrx_word' id='word_1_843' title='bbox 3339 4787 3354 4825; x_wconf 93' lang='lat'><strong>:</strong></span> <span class='ocrx_word' id='word_1_844' title='bbox 3389 4780 3445 4826; x_wconf 92' lang='lat' dir='ltr'><strong>et</strong></span> <span class='ocrx_word' id='word_1_845' title='bbox 3487 4769 3740 4825; x_wconf 87' lang='lat' dir='ltr'><strong>muliebri</strong></span> <span class='ocrx_word' id='word_1_846' title='bbox 3761 4760 3924 4836; x_wconf 83' lang='lat' dir='ltr'><strong>jurgio</strong></span> 
     </span>
    </p>
   </div>
   <div class='ocr_carea' id='block_1_106' title="bbox 2343 4856 3926 4938">
    <p class='ocr_par' dir='ltr' id='par_1_106' title="bbox 2343 4856 3926 4938">
     <span class='ocr_line' id='line_1_107' title="bbox 2343 4856 3926 4938; baseline -0.016 -8"><span class='ocrx_word' id='word_1_847' title='bbox 2343 4870 2643 4933; x_wconf 78' lang='lat' dir='ltr'><strong>Contendit,</strong></span> <span class='ocrx_word' id='word_1_848' title='bbox 2676 4878 2731 4924; x_wconf 92' lang='lat' dir='ltr'><strong>et</strong></span> <span class='ocrx_word' id='word_1_849' title='bbox 2759 4875 3024 4938; x_wconf 91' lang='lat' dir='ltr'><strong>provocat</strong></span> <span class='ocrx_word' id='word_1_850' title='bbox 3048 4863 3497 4919; x_wconf 89' lang='lat' dir='ltr'><strong>contendentem.</strong></span> <span class='ocrx_word' id='word_1_851' title='bbox 3549 4861 3674 4916; x_wconf 68' lang='lat' dir='ltr'><strong>Haec</strong></span> <span class='ocrx_word' id='word_1_852' title='bbox 3712 4856 3814 4913; x_wconf 90' lang='lat' dir='ltr'><strong>alio</strong></span> <span class='ocrx_word' id='word_1_853' title='bbox 3843 4862 3926 4907; x_wconf 86' lang='lat' dir='ltr'><strong>no-</strong></span> 
     </span>
    </p>
   </div>
   <div class='ocr_carea' id='block_1_107' title="bbox 2348 4946 3928 5033">
    <p class='ocr_par' dir='ltr' id='par_1_107' title="bbox 2348 4946 3928 5033">
     <span class='ocr_line' id='line_1_108' title="bbox 2348 4946 3928 5033; baseline -0.014 -14"><span class='ocrx_word' id='word_1_854' title='bbox 2348 4963 2493 5019; x_wconf 90' lang='lat' dir='ltr'><strong>mine</strong></span> <span class='ocrx_word' id='word_1_855' title='bbox 2520 4964 2662 5031; x_wconf 90' lang='lat' dir='ltr'><strong>apud</strong></span> <span class='ocrx_word' id='word_1_856' title='bbox 2695 4959 2920 5016; x_wconf 67' lang='lat' dir='ltr'><strong>Graecos</strong></span> <span class='ocrx_word' id='word_1_857' title='bbox 2961 4959 3234 5033; x_wconf 74' lang='grc' dir='ltr'><strong>φιλονεικία</strong></span> <span class='ocrx_word' id='word_1_858' title='bbox 3265 4956 3596 5026; x_wconf 87' lang='lat' dir='ltr'><strong>appellatur.</strong></span> <span class='ocrx_word' id='word_1_859' title='bbox 3646 4952 3855 5010; x_wconf 82' lang='lat' dir='ltr'><strong>Necnon</strong></span> <span class='ocrx_word' id='word_1_860' title='bbox 3880 4946 3928 4994; x_wconf 82' lang='lat' dir='ltr'><strong>ct</strong></span> 
     </span>
    </p>
   </div>
   <div class='ocr_carea' id='block_1_108' title="bbox 2348 5045 3924 5120">
    <p class='ocr_par' dir='ltr' id='par_1_108' title="bbox 2348 5045 3924 5120">
     <span class='ocr_line' id='line_1_109' title="bbox 2348 5045 3924 5120; baseline -0.01 -12"><span class='ocrx_word' id='word_1_861' title='bbox 2348 5052 2714 5108; x_wconf 86' lang='lat' dir='ltr'><strong>dissensiones</strong></span> <span class='ocrx_word' id='word_1_862' title='bbox 2745 5065 2910 5120; x_wconf 89' lang='lat' dir='ltr'><strong>opera</strong></span> <span class='ocrx_word' id='word_1_863' title='bbox 2959 5049 3142 5104; x_wconf 91' lang='lat' dir='ltr'><strong>carnis</strong></span> <span class='ocrx_word' id='word_1_864' title='bbox 3185 5056 3359 5102; x_wconf 90' lang='lat' dir='ltr'><strong>sunt:</strong></span> <span class='ocrx_word' id='word_1_865' title='bbox 3409 5061 3532 5102; x_wconf 89' lang='lat' dir='ltr'><strong>cum</strong></span> <span class='ocrx_word' id='word_1_866' title='bbox 3574 5045 3694 5115; x_wconf 89' lang='lat' dir='ltr'><strong>quis</strong></span> <span class='ocrx_word' id='word_1_867' title='bbox 3741 5045 3924 5106; x_wconf 77' lang='lat' dir='ltr'><strong>nequa-</strong></span> 
     </span>
    </p>
   </div>
   <div class='ocr_carea' id='block_1_109' title="bbox 2347 5124 3921 5219">
    <p class='ocr_par' dir='ltr' id='par_1_109' title="bbox 2347 5124 3921 5219">
     <span class='ocr_line' id='line_1_110' title="bbox 2347 5124 3921 5219; baseline -0.017 -17"><span class='ocrx_word' id='word_1_868' title='bbox 2347 5161 2508 5219; x_wconf 90' lang='lat' dir='ltr'><strong>quam</strong></span> <span class='ocrx_word' id='word_1_869' title='bbox 2541 5143 2838 5215; x_wconf 87' lang='lat' dir='ltr'><strong>perfeetus,</strong></span> <span class='ocrx_word' id='word_1_870' title='bbox 2870 5140 3063 5196; x_wconf 91' lang='lat' dir='ltr'><strong>eodem</strong></span> <span class='ocrx_word' id='word_1_871' title='bbox 3095 5155 3286 5206; x_wconf 89' lang='lat' dir='ltr'><strong>sensu,</strong></span> <span class='ocrx_word' id='word_1_872' title='bbox 3334 5149 3390 5194; x_wconf 91' lang='lat' dir='ltr'><strong>et</strong></span> <span class='ocrx_word' id='word_1_873' title='bbox 3431 5137 3622 5194; x_wconf 89' lang='lat' dir='ltr'><strong>eadem</strong></span> <span class='ocrx_word' id='word_1_874' title='bbox 3667 5124 3921 5192; x_wconf 88' lang='lat' dir='ltr'><strong>sententia</strong></span> 
     </span>
    </p>
   </div>
   <div class='ocr_carea' id='block_1_110' title="bbox 2348 5219 3920 5311">
    <p class='ocr_par' dir='ltr' id='par_1_110' title="bbox 2348 5219 3920 5311">
     <span class='ocr_line' id='line_1_111' title="bbox 2348 5219 3920 5311; baseline -0.01 -16"><span class='ocrx_word' id='word_1_875' title='bbox 2348 5239 2480 5295; x_wconf 91' lang='lat' dir='ltr'><strong>dicit</strong></span> <span class='ocrx_word' id='word_1_876' title='bbox 2513 5256 2527 5292; x_wconf 89' lang='lat'><strong>:</strong></span> <span class='ocrx_word' id='word_1_877' title='bbox 2559 5237 2674 5311; x_wconf 82' lang='lat' dir='ltr'><strong>Ego</strong></span> <span class='ocrx_word' id='word_1_878' title='bbox 2709 5253 2824 5291; x_wconf 88' lang='lat' dir='ltr'><strong>sum</strong></span> <span class='ocrx_word' id='word_1_879' title='bbox 2854 5234 3034 5303; x_wconf 85' lang='lat' dir='ltr'><strong>Pauli,</strong></span> <span class='ocrx_word' id='word_1_880' title='bbox 3071 5243 3118 5288; x_wconf 88' lang='lat' dir='ltr'><strong>et</strong></span> <span class='ocrx_word' id='word_1_881' title='bbox 3148 5250 3242 5304; x_wconf 87' lang='lat' dir='ltr'><strong>ego</strong></span> <span class='ocrx_word' id='word_1_882' title='bbox 3273 5232 3488 5305; x_wconf 80' lang='lat' dir='ltr'><strong>Apollo,</strong></span> <span class='ocrx_word' id='word_1_883' title='bbox 3522 5241 3570 5286; x_wconf 88' lang='lat' dir='ltr'><strong>et</strong></span> <span class='ocrx_word' id='word_1_884' title='bbox 3611 5245 3704 5302; x_wconf 87' lang='lat' dir='ltr'><strong>ego</strong></span> <span class='ocrx_word' id='word_1_885' title='bbox 3733 5219 3920 5292; x_wconf 62' lang='lat' dir='ltr'><strong>Cephwo</strong></span> 
     </span>
    </p>
   </div>
   <div class='ocr_carea' id='block_1_111' title="bbox 2349 5319 3920 5400">
    <p class='ocr_par' dir='ltr' id='par_1_111' title="bbox 2349 5319 3920 5400">
     <span class='ocr_line' id='line_1_112' title="bbox 2349 5319 3920 5400; baseline -0.015 -14"><span class='ocrx_word' id='word_1_886' title='bbox 2349 5343 2394 5386; x_wconf 87' lang='lat' dir='ltr'><strong>et</strong></span> <span class='ocrx_word' id='word_1_887' title='bbox 2419 5347 2514 5400; x_wconf 85' lang='lat' dir='ltr'><strong>ego</strong></span> <span class='ocrx_word' id='word_1_888' title='bbox 2536 5329 2726 5384; x_wconf 86' lang='lat' dir='ltr'><strong>Christi</strong></span> <span class='ocrx_word' id='word_1_889' title='bbox 2755 5329 2803 5399; x_wconf 84' lang='grc' dir='ltr'><strong>(ι</strong></span> <span class='ocrx_word' id='word_1_890' title='bbox 2829 5327 2952 5384; x_wconf 83' lang='lat' dir='ltr'><strong>Cor.</strong></span> <span class='ocrx_word' id='word_1_891' title='bbox 2976 5343 3016 5397; x_wconf 90' lang='grc' dir='ltr'><strong>ι,</strong></span> <span class='ocrx_word' id='word_1_892' title='bbox 3050 5328 3160 5396; x_wconf 65' lang='lat' dir='ltr'><strong>li).</strong></span> <span class='ocrx_word' id='word_1_893' title='bbox 3193 5325 3308 5388; x_wconf 86' lang='lat' dir='ltr'><strong>Sed</strong></span> <span class='ocrx_word' id='word_1_894' title='bbox 3332 5335 3386 5379; x_wconf 92' lang='lat' dir='ltr'><strong>et</strong></span> <span class='ocrx_word' id='word_1_895' title='bbox 3412 5323 3697 5379; x_wconf 90' lang='lat' dir='ltr'><strong>domorum</strong></span> <span class='ocrx_word' id='word_1_896' title='bbox 3720 5319 3852 5374; x_wconf 90' lang='lat' dir='ltr'><strong>inter</strong></span> <span class='ocrx_word' id='word_1_897' title='bbox 3871 5319 3920 5400; x_wconf 69' lang='lat' dir='ltr'><strong>se</strong></span> 
     </span>
    </p>
   </div>
   <div class='ocr_carea' id='block_1_112' title="bbox 2351 5395 3919 5489">
    <p class='ocr_par' dir='ltr' id='par_1_112' title="bbox 2351 5395 3919 5489">
     <span class='ocr_line' id='line_1_113' title="bbox 2351 5395 3919 5489; baseline -0.011 -10"><span class='ocrx_word' id='word_1_898' title='bbox 2351 5423 2469 5479; x_wconf 74' lang='lat' dir='ltr'><strong>haec</strong></span> <span class='ocrx_word' id='word_1_899' title='bbox 2512 5422 2701 5479; x_wconf 91' lang='lat' dir='ltr'><strong>eadem</strong></span> <span class='ocrx_word' id='word_1_900' title='bbox 2733 5421 3004 5477; x_wconf 84' lang='lat' dir='ltr'><strong>dissensio</strong></span> <span class='ocrx_word' id='word_1_901' title='bbox 3030 5420 3300 5489; x_wconf 91' lang='lat' dir='ltr'><strong>reperitur</strong></span> <span class='ocrx_word' id='word_1_902' title='bbox 3329 5435 3343 5472; x_wconf 90' lang='lat'><strong>:</strong></span> <span class='ocrx_word' id='word_1_903' title='bbox 3380 5416 3563 5472; x_wconf 91' lang='lat' dir='ltr'><strong>mariti</strong></span> <span class='ocrx_word' id='word_1_904' title='bbox 3590 5410 3830 5471; x_wconf 89' lang='lat' dir='ltr'><strong>videlicet</strong></span> <span class='ocrx_word' id='word_1_905' title='bbox 3862 5395 3919 5454; x_wconf 79' lang='lat' dir='ltr'><strong>ad</strong></span> 
     </span>
    </p>
   </div>
   <div class='ocr_carea' id='block_1_113' title="bbox 2347 5506 3920 5588">
    <p class='ocr_par' dir='ltr' id='par_1_113' title="bbox 2347 5506 3920 5588">
     <span class='ocr_line' id='line_1_114' title="bbox 2347 5506 3920 5588; baseline -0.019 -12"><span class='ocrx_word' id='word_1_906' title='bbox 2347 5532 2596 5585; x_wconf 91' lang='lat' dir='ltr'><strong>uxorem,</strong></span> <span class='ocrx_word' id='word_1_907' title='bbox 2644 5517 2815 5588; x_wconf 86' lang='lat' dir='ltr'><strong>patris</strong></span> <span class='ocrx_word' id='word_1_908' title='bbox 2855 5514 2924 5570; x_wconf 90' lang='lat' dir='ltr'><strong>ad</strong></span> <span class='ocrx_word' id='word_1_909' title='bbox 2967 5512 3162 5580; x_wconf 88' lang='lat' dir='ltr'><strong>filium,</strong></span> <span class='ocrx_word' id='word_1_910' title='bbox 3195 5510 3382 5566; x_wconf 89' lang='lat' dir='ltr'><strong>fratris</strong></span> <span class='ocrx_word' id='word_1_911' title='bbox 3427 5509 3496 5565; x_wconf 93' lang='lat' dir='ltr'><strong>ad</strong></span> <span class='ocrx_word' id='word_1_912' title='bbox 3541 5508 3780 5570; x_wconf 88' lang='lat' dir='ltr'><strong>fratrem,</strong></span> <span class='ocrx_word' id='word_1_913' title='bbox 3808 5506 3920 5552; x_wconf 89' lang='lat' dir='ltr'><strong>con-</strong></span> 
     </span>
    </p>
   </div>
   <div class='ocr_carea' id='block_1_114' title="bbox 2416 5699 3922 5794">
    <p class='ocr_par' dir='ltr' id='par_1_114' title="bbox 2416 5699 3922 5794">
     <span class='ocr_line' id='line_1_115' title="bbox 2416 5699 3922 5794; baseline -0.016 -10"><span class='ocrx_word' id='word_1_914' title='bbox 2416 5725 2446 5767; x_wconf 72' lang='grc' dir='ltr'>δ</span> <span class='ocrx_word' id='word_1_915' title='bbox 2479 5725 2632 5783; x_wconf 88' lang='lat' dir='ltr'><strong>Unus</strong></span> <span class='ocrx_word' id='word_1_916' title='bbox 2659 5723 2917 5788; x_wconf 87' lang='lat' dir='ltr'><strong>Palatin.,</strong></span> <span class='ocrx_word' id='word_1_917' title='bbox 2946 5727 2996 5776; x_wconf 89' lang='lat' dir='ltr'><strong>et</strong></span> <span class='ocrx_word' id='word_1_918' title='bbox 3022 5721 3300 5790; x_wconf 82' lang='lat' dir='ltr'><strong>citharam,</strong></span> <span class='ocrx_word' id='word_1_919' title='bbox 3348 5733 3449 5791; x_wconf 87' lang='lat' dir='ltr'><strong>pro</strong></span> <span class='ocrx_word' id='word_1_920' title='bbox 3484 5727 3533 5776; x_wconf 88' lang='lat' dir='ltr'><strong>et</strong></span> <span class='ocrx_word' id='word_1_921' title='bbox 3553 5725 3773 5794; x_wconf 33' lang='lat' dir='ltr'><strong>-ctctet&#39;a.</strong></span> <span class='ocrx_word' id='word_1_922' title='bbox 3814 5699 3922 5762; x_wconf 74' lang='grc' dir='ltr'><strong>Μοι</strong></span> 
     </span>
    </p>
   </div>
   <div class='ocr_carea' id='block_1_115' title="bbox 2352 5795 3407 5870">
    <p class='ocr_par' dir='ltr' id='par_1_115' title="bbox 2352 5795 3407 5870">
     <span class='ocr_line' id='line_1_116' title="bbox 2352 5795 3407 5870; baseline -0.006 -18"><span class='ocrx_word' id='word_1_923' title='bbox 2352 5813 2569 5870; x_wconf 87' lang='lat' dir='ltr'><strong>quoque</strong></span> <span class='ocrx_word' id='word_1_924' title='bbox 2591 5810 2780 5854; x_wconf 89' lang='lat' dir='ltr'><strong>vocem</strong></span> <span class='ocrx_word' id='word_1_925' title='bbox 2811 5796 3141 5866; x_wconf 82' lang='lat' dir='ltr'><strong>separatione</strong></span> <span class='ocrx_word' id='word_1_926' title='bbox 3160 5795 3407 5864; x_wconf 84' lang='lat' dir='ltr'><strong>ignorat.</strong></span> 
     </span>
    </p>
   </div>
  </div>
