4056 6316
204 267 318 324 M7

732 266 1382 328 COMMENTARIORUM
1419 264 1488 325 ΙΝ
1531 263 1918 325 EPISTULAM
1958 266 2050 324 Al)
2089 262 2414 325 GALATAS
2451 267 2583 326 LIB.
2621 269 2710 327 Ill.
2749 270 2904 329 CAP.
2949 269 3016 328 V.

3407 269 3514 333 418

207 389 355 445 servi
381 389 450 444 ad
482 402 834 454 conservum,
868 389 1056 443 militis
1084 388 1150 442 ad
1181 387 1654 455 contubernalem,
1688 389 1819 441 arti-
1845 391 1894 449 Α
1923 398 2105 458 potest
2133 392 2415 457 accidere;
2447 407 2515 448 ex
2541 407 2649 462 quo
2669 400 2725 448 et
2746 391 2815 448 de
2843 400 3034 448 sancto
3062 390 3291 446 dicitur:
3321 391 3515 445 Vinum

214 482 335 537 ficis
360 482 426 536 ad
448 480 696 552 ejusdem
726 481 912 551 operis
935 480 1221 537 artificem.
1249 480 1664 552 Nonnumquam
1692 494 1818 536 eve-

211 574 294 630 nit
321 616 337 639 ,
392 586 448 629 ut
477 583 533 630 et
580 574 633 629 in
679 573 1117 644 expositionibus
1159 573 1568 642 Scripturarum
1608 573 1818 629 oriatur

213 667 524 724 dissensio:
578 682 610 723 e
652 666 848 739 quibus
892 667 1133 724 haereses
1169 682 1382 738 quoque
1427 683 1548 738 qua:
1589 683 1732 722 nunc
1763 665 1818 723 in

213 763 402 819 carnis
429 776 596 832 opere
630 771 932 834 ponuntur,
966 761 1252 816 ebulliunt.
1294 760 1353 817 Si
1383 760 1528 816 enim
1554 760 1820 830 sapientia

213 855 404 913 carnis
435 855 657 910 inimica
680 863 763 909 est
787 854 900 910 Deo
922 852 1121 926 (Rom.
1148 853 1282 924 VIII)
1327 853 1588 922 (inimica
1637 862 1818 908 autem

216 961 348 1005 sunt
375 949 556 1004 omnia
588 949 838 1019 dogmata
863 947 1113 1006 falsitatis
1147 949 1258 1004 Deo
1281 937 1658 1020 repugnantia)
1687 964 1820 1004 con-

219 1048 522 1114 sequenter
541 1051 597 1096 et
626 1043 858 1095 haereses
885 1039 1120 1096 inimicae
1151 1040 1282 1109 Deo,
1334 1040 1402 1095 ad
1450 1041 1628 1095 carnis
1659 1055 1820 1100 onera

219 1135 561 1192 referuntur.
589 1135 790 1212 Αἵρεσις
816 1143 1000 1189 autem
1030 1133 1244 1198 Graece,
1275 1133 1346 1188 ab
1367 1132 1635 1189 electione
1661 1132 1825 1205 508

221 1227 428 1284 dicitur
463 1226 656 1298 :quod
689 1229 900 1282 scilicet
937 1243 1056 1282 eam
1096 1227 1199 1282 sibi
1248 1227 1619 1298 unusquisque
1660 1227 1826 1295 eligat

220 1319 591 1392 disciplinam,
639 1335 799 1391 quam
851 1328 1003 1388 putat
1057 1334 1183 1376 esse
1228 1321 1536 1376 meliorem.
1569 1319 1826 1388 Quicum-

222 1428 329 1485 que
376 1415 538 1483 igitur
564 1413 724 1470 aliter
748 1413 1087 1484 Scripturam
1123 1414 1407 1486 intelligit,
1437 1428 1597 1484 quam
1628 1429 1826 1470 sensus

222 1507 460 1580 Spiritus
484 1510 662 1563 sancti
695 1508 920 1580 flagitat,
963 1525 1073 1580 quo
1101 1510 1412 1579 conscripta
1440 1519 1524 1564 est
1555 1526 1572 1565 :
1605 1510 1730 1564 licet
1759 1508 1826 1564 de

222 1601 472 1657 Ecclesia
499 1616 608 1656 non
656 1603 970 1667 recesserit,
1004 1614 1184 1658 tamen
1225 1601 1518 1658 barreticus
1561 1601 1826 1671 appellari

222 1702 427 1765 poteSI,
463 1701 521 1750 et
544 1694 612 1751 de
632 1695 812 1750 carnis
841 1695 1098 1763 oneribus
1125 1703 1231 1759 est,
1257 1695 1462 1765 eligens
1485 1710 1605 1765 qua:
1639 1695 1826 1766 pejora

1921 492 1969 537 et
1993 485 2208 539 siceram
2233 502 2334 540 non
2363 486 2491 541 bibet
2524 484 2675 556 (Luc.
2707 501 2745 553 ι,
2779 485 2891 557 15).
2927 484 3107 541 Sicera
3131 484 3516 554 interpretatur

1919 573 2156 631 ebrietas.
2194 576 2263 632 Et
2291 592 2358 633 ne
2379 576 2500 649 quis
2527 580 2710 631 vinum
2739 592 2847 631 non
2870 576 3084 645 bibens,
3113 575 3258 630 aliud
3286 574 3390 631 sibi
3419 590 3518 645 pu-

1923 677 2065 726 taret
2095 669 2389 726 bibendum
2419 712 2433 736 ,
2464 670 2688 726 exclusa
2715 667 2744 710 δ
2769 670 3018 726 causatio
3039 680 3156 736 est;
3200 669 3328 724 dum
3361 683 3524 724 omne

1924 762 2069 834 quod
2120 762 2397 820 inebriare
2426 772 2646 834 potest,
2692 778 2815 818 cum
2854 763 2982 818 vino
3011 761 3214 833 pariter
3244 759 3513 816 aufertur.

1923 852 2338 920 Quinladecitna
2360 898 2374 923 ,
2407 870 2530 925 quae
2564 865 2618 910 et
2664 864 2907 910 extrema
2945 856 3088 910 inter
3117 853 3298 910 carnis
3326 868 3514 924 opera,

1925 949 2308 1003 commessatio
2334 959 2442 1003 est.
2478 947 2812 1002 Manducarit
2840 949 3028 1020 quippe
3053 947 3277 1019 populus
3299 956 3349 1002 et
3374 944 3521 1012 bibit,

1925 1051 1973 1094 et
1996 1052 2333 1095 surrexerunt
2362 1042 2542 1096 ludere
2569 1040 2766 1113 (Ea-od.
2793 1056 2960 1104 xxxu,
2983 1041 3060 1111 6).
3092 1039 3323 1110 Semper
3349 1036 3520 1094 ebrieo

1928 1135 2021 1189 tati
2046 1133 2236 1203 juncta
2271 1133 2487 1188 luxuria
2519 1141 2625 1189 est.
2663 1132 2895 1188 Pulchre
2921 1130 3139 1202 quidam
3172 1147 3280 1186 non
3313 1129 3522 1200 ignobi-

1928 1226 1994 1283 lis
2025 1236 2245 1297 orator,
2289 1243 2412 1284 cum
2451 1227 2665 1283 ebrium
2695 1225 2763 1282 de
2789 1241 2984 1282 somno
3007 1224 3346 1281 describeret
3370 1223 3522 1278 exci-

1929 1330 2118 1387 tatum,
2169 1323 2244 1377 ait
2280 1339 2292 1375 :
2337 1340 2355 1373 ‹
2387 1321 2500 1377 Nec
2545 1321 2792 1376 dormire
2831 1319 3120 1383 excitatus,
3166 1333 3267 1372 nec
3298 1316 3522 1388 vigilare

1928 1415 2112 1472 ebrius
2142 1423 2416 1488 poterat.»
2460 1414 2577 1482 Qua
2606 1413 2874 1471 sententia
2900 1411 3214 1481 expressit,
3254 1409 3522 1482 quodam-

1929 1506 2092 1562 modo
2117 1521 2217 1562 nec
2249 1517 2520 1562 mortuum
2553 1522 2676 1562 eum
2707 1506 2877 1562 fuisse
2903 1519 3005 1562 nec
3029 1504 3234 1560 vivum.
3281 1503 3524 1572 Longum

1929 1612 2047 1656 erat
2087 1601 2350 1657 universa
2383 1601 2566 1656 carnis
2595 1616 2760 1672 opera
2791 1601 3062 1672 replicare
3083 1641 3098 1667 ,
3132 1608 3188 1656 et
3218 1597 3525 1669 catalogum

1931 1693 2111 1750 facere
2142 1695 2420 1750 vitiorum.
2466 1693 2590 1751 Uno
2611 1694 2778 1764 igitur
2806 1695 2988 1750 omnia
3016 1707 3276 1749 sermone
3307 1690 3527 1747 conclu-

224 1798 376 1845 sunt.
425 1790 671 1844 Htereses
693 1789 941 1859 sequitur
967 1787 1193 1852 invidia,
1237 1803 1399 1859 quam
1431 1802 1536 1843 non
1573 1796 1824 1858 putemus
1855 1788 1904 1848 B
1929 1787 2003 1843 sit
2027 1787 2246 1855 dicens,
2278 1797 2328 1842 et
2355 1789 2434 1842 his
2461 1788 2674 1842 similia.
2721 1788 2854 1856 Qua:
2883 1786 3092 1842 utinam
3124 1793 3231 1840 tam
3259 1783 3420 1840 facile
3445 1782 3527 1838 vi-

224 1881 370 1939 idem
400 1896 524 1938 esse
552 1881 697 1953 quod
724 1881 923 1938 zelum.
955 1880 1090 1948 Quia
1120 1883 1272 1937 zelus
1299 1891 1355 1937 et
1383 1882 1439 1937 in
1467 1882 1662 1937 bonam
1705 1897 1825 1953 par-

223 1979 335 2030 tem
367 1972 538 2043 accipi
573 1981 774 2042 potest,
822 1987 943 2028 cum
975 1973 1095 2043 quis
1140 1973 1330 2028 nititur
1352 1988 1414 2029 ea
1447 1988 1568 2045 quae
1601 1971 1825 2030 meliora

228 2077 379 2134 sunt,
411 2064 677 2122 aemulari.
707 2064 914 2120 Invidia
952 2078 1083 2120 vero
1118 2064 1299 2120 aliena
1326 2063 1584 2120 felicitate
1611 2073 1828 2135 torque-

227 2166 342 2227 tur,
374 2169 430 2214 et
469 2159 528 2213 in
563 2156 839 2228 duplicem
883 2156 1148 2213 scinditur
1195 2155 1503 2228 passionem
1538 2173 1552 2210 :
1582 2171 1704 2212 eum
1737 2167 1828 2214 aut

225 2251 350 2324 ipse
370 2262 454 2310 est
479 2251 682 2322 aliquid
717 2251 772 2306 in
813 2265 902 2316 eo,
927 2251 982 2305 in
1021 2266 1132 2321 quo
1175 2250 1340 2304 alium
1371 2263 1493 2306 esse
1523 2264 1633 2306 non
1665 2250 1782 2305 vult
1811 2265 1826 2304 :

228 2355 327 2402 aut
375 2345 538 2400 alium
588 2358 711 2400 esse
759 2341 953 2398 videns
999 2342 1306 2408 meliorem,
1360 2341 1512 2397 dolet
1557 2355 1617 2397 se
1645 2341 1694 2396 ei
1723 2356 1830 2398 non

229 2452 356 2494 esse
399 2437 758 2494 consimilem.
820 2434 1056 2492 Pulchre
1116 2435 1338 2506 quidam
1386 2433 1455 2490 de
1503 2433 1830 2502 neotericis,

231 2529 482 2588 Gru'cunt
513 2544 729 2585 versum
755 2527 1106 2595 transferens,
1153 2528 1401 2597 elegiaco
1431 2536 1609 2583 metro
1635 2525 1704 2582 de
1744 2527 1831 2582 in-

231 2623 379 2680 vidia
408 2622 558 2687 lusit,
588 2621 776 2678 dicens
809 2639 822 2676 :

368 2734 557 2785 Iustius
579 2734 759 2797 invidia
783 2732 902 2783 nihil
925 2741 1033 2784 est:
1056 2746 1168 2797 quae
1197 2733 1421 2797 protinus
1442 2733 1601 2796 ipsum

364 2800 631 2849 Auctorem
654 2795 802 2856 rodit,
827 2795 1187 2860 excruciatque
1200 2795 1448 2846 animum.

237 2903 472 2974 Scripsit
516 2912 571 2958 et
611 2902 801 2957 beatus
827 2899 1134 2972 Cyprianus
1165 2900 1368 2954 librum
1417 2898 1486 2954 de
1521 2896 1647 2954 Zelo
1675 2905 1730 2954 et
1756 2897 1840 2951 Li-

1931 1891 2044 1936 tare
2078 1895 2388 1951 possemus,
2431 1895 2595 1950 quam
2637 1879 2797 1936 facile
2836 1878 3211 1950 intelligimus.
3261 1874 3525 1942 Prtedico,

1930 1972 2126 2045 inquit,
2158 1973 2298 2028 vobis
2329 1975 2458 2028 sicut
2489 1973 2707 2045 prtedixi
2731 1989 2749 2027 :
2777 1973 3020 2044 quoniam
3049 1973 3136 2042 qui
3187 1970 3317 2024 talia
3342 1979 3524 2042 agunt,

1927 2083 2147 2141 regnum
2176 2066 2274 2122 Dei
2301 2082 2404 2122 non
2431 2076 2822 2138 consequentur.
2874 2063 2980 2121 Ubi
3015 2074 3141 2120 ante
3172 2062 3525 2133 praedixerat:

1934 2159 2057 2215 Non
2087 2172 2265 2233 regnet
2286 2200 2302 2224 ,
2347 2159 2557 2231 inquit,
2601 2168 2866 2230 peccatum
2899 2159 2956 2212 in
2991 2157 3198 2212 mortali
3226 2165 3389 2210 vestro
3415 2170 3530 2209 cor-

1934 2269 2093 2324 pore,
2143 2252 2211 2306 ad
2253 2251 2593 2306 obediendum
2633 2250 2901 2305 desideriis
2938 2252 3052 2322 ejus
3094 2247 3274 2320 (Rom.
3304 2263 3380 2316 vl,
3413 2246 3528 2317 12).

1933 2345 2223 2403 Peccatum
2253 2360 2449 2402 omnes
2478 2345 2610 2401 istas
2635 2343 2849 2415 species
2871 2342 3056 2409 habet,
3088 2344 3142 2398 in
3165 2342 3362 2413 quibus
3388 2354 3532 2396 nunc

1935 2437 2378 2494 discriminandis
2407 2437 2528 2508 plus
2561 2435 2791 2492 forsitan
2823 2450 2988 2506 quam
3011 2435 3290 2505 oportuit,
3337 2433 3532 2488 immo-

1937 2534 2038 2590 rati
2063 2547 2276 2588 sumus.
2306 2533 2450 2602 Ergo
2481 2531 2539 2586 in
2569 2531 2775 2596 anima,
2809 2529 2863 2584 in
2895 2543 3000 2600 qua
3031 2535 3312 2599 peccatum
3343 2539 3536 2597 regna-

1937 2627 2114 2689 verit.
2158 2640 2266 2681 non
2300 2632 2477 2696 potest
2505 2622 2604 2679 Dei
2644 2636 2876 2694 regnare
2917 2636 3172 2692 regnum.
3228 2619 3360 2687 Quae
3402 2618 3537 2672 enim

1938 2720 2267 2794 participatio
2306 2718 2531 2791 justitite
2573 2725 2620 2772 et
2659 2717 2970 2788 iniquitati?
3002 2731 3116 2785 qua:
3145 2712 3539 2769 communicatio

1940 2815 2046 2870 luci
2096 2815 2164 2868 ad
2219 2813 2494 2868 tenebras?
2541 2812 2631 2884 qui
2687 2827 2969 2866 consensus
3023 2808 3228 2866 Christo
3275 2817 3323 2864 et
3373 2804 3539 2864 Belial

1943 2905 2011 2978 (ll
2040 2905 2164 2960 Cor.
2198 2921 2272 2971 Vl,
2316 2904 2554 2976 14,15).
2610 2904 2674 2959 Ει
2728 2911 2980 2975 putamus
3029 2917 3128 2959 nos
3169 2917 3399 2973 regnum
3444 2899 3540 2956 Dei

234 3012 364 3052 vare
396 2996 552 3052 Valde
578 2996 844 3066 Optimum
877 3011 891 3048 ε
926 3010 1086 3065 quem
1137 2995 1228 3064 qui
1278 2991 1502 3063 legerit,
1535 3007 1640 3046 υοιι
1683 2989 1842 3046 ιῙυῢὶ·
1942 2999 2244 3069 consequi,
2291 2997 2337 3052 si
2367 3012 2398 3052 a
2430 2996 2822 3064 fornicatione,
2858 2994 3167 3051 idololatria
3191 3036 3207 3062 ,
3249 3003 3304 3050 et
3330 2993 3544 3050 venefi-

240 3091 388 3147 tabit
431 3106 790 3147 annumerare
833 3089 1096 3161 operibus
1137 3087 1317 3145 carnis
1355 3086 1636 3142 invidiam.
1695 3083 1843 3139 lulel‘
1944 3093 2044 3150 ciis
2066 3094 2334 3149 immunes
2354 3090 2546 3148 simus.
2583 3090 2724 3145 Ecce
2749 3088 3073 3156 inimicitiae,
3104 3085 3404 3154 contentio,
3438 3088 3540 3154 ira,

239 3186 489 3242 invidum
518 3195 699 3241 autem
729 3194 786 3240 et
830 3184 1158 3240 invidiosum
1209 3182 1318 3237 hoc
1358 3182 1590 3236 interest
1632 3195 1647 3232 :
1694 3178 1839 3250 quod
1866 3179 1914 3244 C
1947 3188 2066 3243 rixa
2094 3229 2109 3256 ,
2161 3184 2435 3241 dissensio
2460 3228 2474 3252 ,
2529 3183 2768 3240 ebrietas
2799 3196 3015 3253 quoque
3043 3223 3059 3248 ,
3099 3189 3154 3236 et
3193 3185 3388 3234 caetera
3421 3192 3545 3249 qua:

241 3277 464 3334 invidus
489 3277 722 3333 feliciori
753 3286 776 3314 ε
810 3276 1033 3332 invidet.
1075 3274 1380 3332 Invidiosus
1422 3283 1604 3330 autem
1654 3275 1699 3328 is
1736 3282 1842 3339 est,

241 3371 340 3443 qui
370 3371 437 3426 ab
474 3370 581 3426 alio
615 3370 812 3440 patitur
841 3369 1120 3424 invidiam.
1169 3366 1716 3436 Quartumdecimum
1759 3365 1844 3421 lo-

244 3477 372 3519 cum
432 3462 572 3518 inter
628 3462 808 3517 carnis
864 3477 1030 3534 opera
1089 3462 1329 3518 ebrietas
1393 3469 1564 3518 tenet.
1633 3459 1846 3516 Ebriosi

245 3554 450 3627 quippe
477 3570 702 3626 regnum
749 3555 843 3612 Dei
885 3571 990 3610 non
1041 3555 1420 3626 possidebunt.
1472 3554 1540 3609 Et
1585 3553 1848 3632 Dominus

246 3648 317 3704 ad
349 3648 652 3720 discipulos
683 3662 699 3701 :
733 3648 943 3717 Cavete,
975 3647 1072 3710 ait.
1103 3665 1165 3703 ne
1204 3651 1338 3719 forte
1375 3657 1651 3722 graventur
1691 3646 1852 3701 corda

248 3752 420 3799 vestra
448 3742 503 3795 in
531 3741 648 3796 vino
677 3749 724 3795 et
746 3743 962 3814 crapula
994 3739 1150 3810 (Luc.
1179 3756 1291 3807 XXI,
1313 3739 1428 3810 54).
1466 3739 1599 3794 Vino
1643 3738 1850 3794 homini

253 3849 452 3893 sensus
495 3835 762 3890 evertitur
795 3851 809 3888 :
857 3833 1024 3905 pedes
1050 3842 1315 3890 corruunt
1347 3849 1361 3888 :
1406 3847 1561 3889 mens
1591 3833 1807 3888 vacillat
1835 3849 1851 3890 :

255 3927 424 3985 libido
445 3925 794 3983 succenditur
819 3941 834 3980 :
869 3924 1023 3982 Unde
1038 3920 1343 3994 'Apostolus
1373 3924 1618 3981 clamitat
1642 3940 1656 3978 :
1685 3924 1753 3980 Et
1781 3925 1857 3979 ui—

258 4038 383 4077 num
408 4022 461 4076 in
484 4037 588 4094 quo
615 4029 690 4074 est
719 4019 929 4074 luxuria
956 4019 979 4090 (
1000 4017 1196 4092 Ephes.
1223 4034 1276 4086 v,
1311 4018 1424 4088 18).
1475 4017 1656 4073 Habet
1691 4033 1859 4072 unus-

255 4115 488 4188 quisque
518 4128 631 4170 suze
660 4112 943 4170 sententia:
979 4120 1323 4182 potestatem.
1368 4109 1488 4181 Ego
1530 4109 1858 4181 Apostolum

257 4222 459 4277 sequor
489 4224 504 4262 :
535 4209 585 4263 in
615 4207 742 4262 vino
781 4221 904 4262 esse
936 4204 1205 4261 luxuriam
1226 4247 1242 4272 ,
1268 4205 1321 4260 in
1351 4204 1480 4259 vino
1510 4203 1856 4259 ebrietatem.

259 4300 598 4358 Ebrietatem
641 4308 826 4357 autem
872 4306 932 4356 et
979 4299 1246 4355 luxuriam
1293 4299 1437 4355 inter
1476 4298 1656 4354 carnis
1694 4311 1862 4370 opera

258 4395 568 4461 numerari,
601 4410 704 4450 nec
750 4393 845 4450 ille
871 4401 1054 4467 potest
1084 4409 1281 4466 negare
1306 4392 1396 4465 qui
1426 4393 1631 4449 eisdem
1657 4392 1865 4464 passio-

259 4487 428 4545 nibus
452 4486 708 4543 vincitur.
737 4485 806 4542 Et
835 4486 963 4543 licet
987 4501 1074 4542 me
1099 4484 1318 4557 quidam
1346 4488 1398 4539 in
1424 4500 1490 4540 eo
1517 4483 1676 4548 libro,
1702 4500 1862 4556 quem

1950 3296 2113 3352 parva
2145 3280 2512 3345 arbitramur,
2546 3276 2845 3334 excludunt
2876 3289 2976 3331 nos
3007 3291 3034 3328 a
3067 3288 3240 3346 regno
3271 3272 3388 3328 Dei.
3435 3270 3548 3327 Nec

1948 3374 2118 3431 refert
2151 3385 2172 3414 ο
2207 3389 2317 3429 uno
2347 3372 2470 3444 quis
2503 3388 2533 3428 a
2565 3371 2902 3428 beatitudine
2939 3369 3292 3431 excludatur,
3325 3382 3393 3422 an
3425 3366 3550 3437 plu-

1950 3466 2124 3530 ribus,
2151 3482 2274 3521 cum
2304 3465 2485 3521 omnia
2517 3465 2770 3521 similiter
2793 3462 3105 3520 excludant.
3137 3458 3194 3515 lu
3227 3458 3434 3515 Latinis
3457 3473 3552 3512 co-

1951 3556 2184 3627 dicibus,
2215 3557 2540 3613 adulterium
2567 3571 2807 3628 quoque,
2840 3565 2894 3610 et
2921 3551 3282 3624 impudicitia,
3313 3558 3369 3606 et
3395 3546 3424 3588 ἀ
3452 3549 3553 3605 ho-

1952 3648 2172 3705 micidia
2201 3692 2215 3717 ,
2251 3649 2415 3721 510
2445 3647 2497 3703 in
2532 3649 2635 3704 hoc
2657 3647 2909 3718 catalogo
2934 3645 3193 3702 vitiorum
3224 3643 3431 3714 scripta
3459 3656 3552 3698 re-

1954 3742 2221 3798 feruntur.
2272 3741 2381 3798 Sed
2427 3740 2712 3798 sciendum
2755 3755 2861 3796 non
2893 3739 3014 3810 plus
3046 3753 3206 3810 quam
3238 3735 3553 3809 quindecim

1955 3835 2138 3892 carnis
2165 3849 2331 3905 opera
2365 3833 2670 3900 nominata,
2713 3831 2783 3889 de
2812 3830 3010 3904 quibus
3038 3839 3093 3887 et
3114 3827 3501 3887 disseruimus.

2029 3928 2213 3999 (Vers.
2243 3926 2361 4000 22.)
2408 3926 2635 3983 Fructus
2681 3935 2853 3982 autem
2892 3926 3106 3999 spiritus
3129 3968 3146 3994 ,
3192 3935 3266 3980 est
3305 3924 3556 3992 cbaritas,

1959 4024 2229 4098 gaudium,
2259 4039 2383 4092 pax,
2409 4021 2797 4093 longanimitas,
2822 4021 3130 4095 benignitas,
3155 4019 3379 4082 bonitas,
3400 4018 3553 4091 ﬁdes,

1960 4117 2335 4186 mansuetudo,
2371 4117 2712 4185 continentia,
2744 4116 2994 4171 adversus
3023 4113 3325 4186 hujusmodi
3354 4129 3458 4167 non
3486 4119 3562 4166 est

1961 4209 2092 4266 Lex.
2127 4211 2191 4266 Et
2213 4225 2335 4282 quae
2361 4208 2470 4265 alia
2497 4210 2642 4267 inter
2670 4207 2879 4265 fructus
2899 4207 3128 4279 spiritus
3154 4205 3341 4262 debuit
3369 4214 3561 4262 tenere

1963 4305 2252 4376 primatum
2283 4345 2299 4373 ,
2351 4303 2454 4360 nisi
2481 4302 2720 4359 cbaritas
2744 4344 2760 4370 ,
2791 4302 2912 4358 sine
2957 4315 3062 4373 qua
3089 4299 3318 4354 virtutes
3343 4305 3562 4354 caetera:

1966 4412 2075 4452 non
2110 4405 2437 4466 reputantur
2471 4410 2594 4452 esse
2631 4395 2862 4451 virtutes
2887 4437 2902 4463 ,
2951 4402 3005 4450 et
3033 4407 3099 4449 ex
3131 4407 3235 4464 qua
3263 4397 3563 4447 nascuntur

1968 4491 2218 4545 universa
2247 4505 2369 4560 quae
2396 4488 2537 4545 b0na
2567 4487 2742 4545 sunt?
2768 4485 3050 4555 Siquidem
3073 4497 3127 4541 et
3156 4485 3210 4540 in
3234 4484 3398 4554 Lege.
3429 4489 3486 4538 et
3509 4480 3563 4537 in

262 4581 337 4639 de
362 4581 628 4638 servanda
652 4580 964 4652 virginitate
994 4579 1207 4650 scripsi,
1231 4577 1739 4650 reprehendendum
1770 4594 1866 4648 puo
1891 4568 1943 4630 Ι)
1969 4581 2264 4651 Evangelio
2311 4580 2426 4652 ipsa
2465 4580 2674 4637 obtinet
2703 4578 3066 4652 principatum
3090 4594 3104 4634 :
3153 4575 3356 4649 Diliges
3383 4574 3567 4631 Domi-

264 4681 430 4730 tent:
472 4672 619 4744 quod
670 4672 900 4728 dixerim
945 4671 1380 4730 adolescentulas
1423 4671 1496 4727 ita
1539 4671 1723 4726 vinum
1763 4669 1863 4727 de-

263 4765 405 4823 bere
454 4764 644 4836 fugere
691 4774 750 4820 ut
779 4780 1048 4821 venenum
1079 4781 1094 4818 :
1129 4780 1238 4821 non
1282 4778 1371 4819 me
1418 4763 1709 4819 sententiae
1753 4777 1868 4834 pat-

265 4857 488 4915 nitebit.
518 4855 669 4926 Opus
691 4856 892 4929 quippe
919 4858 990 4914 ibi
1019 4858 1191 4930 magis
1219 4855 1352 4924 vini,
1383 4871 1544 4928 quam
1578 4856 1672 4913 Dei
1720 4873 1750 4911 a
1770 4871 1870 4911 no-

266 4953 358 5009 bis
409 4962 659 5010 creatura
710 4951 962 5008 damnata
1017 4960 1102 5009 est
1151 4969 1168 5009 :
1219 4960 1274 5008 et
1315 4951 1594 5007 licentiam
1649 4950 1870 5006 tulimus

269 5045 440 5118 5w
469 5045 666 5117 virgini
697 5046 924 5115 proprio
953 5045 1132 5100 relatis
1158 5044 1342 5101 calore
1367 5043 1632 5110 ferventi,
1677 5059 1746 5099 ne
1771 5042 1872 5098 sub

271 5140 572 5198 occasione
615 5153 806 5209 parum
847 5137 1108 5204 bibendi,
1158 5138 1280 5208 plus
1318 5136 1533 5194 biberet
1560 5145 1614 5192 et
1644 5136 1866 5205 periret.

280 5232 546 5303 Alioquin
578 5230 913 5293 sciebamus,
940 5238 995 5286 et
1021 5229 1074 5285 in
1104 5226 1308 5285 Christi
1339 5231 1659 5300 sanguinem
1691 5227 1876 5282 vinum

272 5327 633 5384 eonsecrari:
665 5335 722 5380 et
746 5323 1043 5380 Timotheo
1072 5324 1256 5379 vinum
1289 5333 1346 5378 ut
1378 5323 1613 5387 biberet,
1639 5321 1878 5391 impera-

1973 4692 2099 4732 num
2129 4673 2297 4728 Deum
2333 4681 2480 4728 tuum
2521 4690 2584 4728 ea:
2614 4681 2720 4728 toto
2747 4672 2901 4727 corde
2928 4681 3050 4740 tuo,
3092 4679 3138 4724 et
3177 4687 3240 4726 ea:
3267 4679 3372 4725 tota
3395 4670 3571 4724 anima

1976 4777 2067 4823 tua
2092 4810 2107 4836 ,
2150 4775 2200 4824 et
2225 4783 2288 4823 ea:
2312 4776 2420 4822 tota
2445 4767 2633 4820 virtute
2657 4773 2748 4820 tua
2769 4780 2789 4821 :
2818 4775 2866 4820 et
2891 4765 3073 4837 diliges
3103 4764 3397 4836 proximum
3426 4774 3572 4818 tuum

1975 4863 2108 4918 sicut
2138 4863 2360 4929 teipsum
2396 4857 2578 4933 (Deut.
2608 4875 2701 4926 vt,
2730 4857 2795 4927 5;
2827 4857 2980 4913 Matt.
3005 4872 3116 4913 xxn
3136 4901 3151 4925 ,
3185 4855 3299 4927 57).
3346 4853 3575 4922 Quantis

1977 4954 2134 5011 bonis
2181 4952 2385 5009 referta
2430 4952 2506 5008 sit
2549 4951 2818 5017 charitas.
2863 4959 2918 5006 et
2957 4965 3121 5019 supra
3165 4947 3408 5004 breviter
3453 4961 3576 5012 per-

1978 5047 2334 5114 strinximus,
2384 5056 2443 5104 et
2478 5061 2623 5101 nunc
2662 5045 2748 5101 vel
2799 5058 2990 5114 parum
3038 5041 3246 5099 dixisse
3297 5038 3572 5096 sufﬁciat:

1979 5140 2122 5213 quod
2141 5140 2359 5196 dilectio
2373 5155 2481 5195 non
2497 5137 2824 5211 quaeritqute
2846 5151 2944 5192 sua
2966 5145 3115 5204 sunt,
3140 5132 3236 5190 sed
3259 5148 3382 5203 quae
3402 5130 3577 5187 aliena

1982 5229 2026 5303 (l
2056 5231 2178 5286 Cor.
2207 5231 2349 5304 xtn).
2406 5231 2475 5286 Et
2503 5230 2753 5302 quamvis
2789 5244 2890 5286 suo
2920 5227 3044 5300 quis
3073 5225 3209 5281 vitio
3241 5223 3492 5280 inimicus
3511 5221 3584 5277 sit

1979 5325 2227 5397 diligenti
2245 5368 2260 5389 .
2299 5335 2355 5382 et
2384 5325 2833 5397 tranquillitatem
2860 5324 2981 5396 ejus
3007 5323 3077 5380 ad
3103 5322 3354 5378 odiorum
3386 5319 3580 5376 ﬂuctus

274 5431 423 5476 tum.
477 5418 728 5475 Ebrietas
757 5425 940 5473 autem
971 5423 1084 5471 tam
1114 5431 1181 5472 ex
1213 5417 1343 5471 vino
1372 5430 1537 5487 quam
1569 5430 1633 5471 ex
1665 5414 1880 5471 caeteris
1983 5420 2262 5476 concitare
2309 5419 2547 5475 nitatur:
2591 5427 2775 5475 tamen
2808 5431 3101 5490 numquam
3151 5415 3248 5471 ille
3295 5411 3583 5469 turbatur:

271 5510 504 5571 bibendi
550 5510 887 5583 generibus,
937 5524 1058 5581 quae
1093 5509 1248 5566 vario
1289 5507 1454 5565 modo
1493 5507 1878 5577 conficiuntur,

277 5710 285 5735 ί
361 5705 388 5734 ι
413 5695 561 5752 Idem
591 5710 720 5760 ms.,
757 5691 993 5764 feliciora
1015 5691 1228 5762 invidet,
1253 5707 1351 5762 pro
1381 5691 1625 5764 feliciori.

363 5764 391 5806 ι’
428 5767 600 5824 Palat.
630 5781 761 5834 ms.,
794 5764 1007 5820 exclusa
1031 5764 1203 5819 cautio
1230 5775 1325 5818 est.

1985 5528 2280 5585 numquam
2312 5520 2621 5570 creaturam
2645 5512 2742 5570 Dei
2765 5511 2894 5568 odio
2915 5510 3135 5585 dignam
3157 5509 3412 5567 aestimat.
3444 5503 3588 5562 Cha-

2075 5703 2098 5766 ξ
2127 5693 2273 5766 [ἁθιη
2300 5710 2427 5762 ms.,
2467 5708 2559 5750 nec
2583 5697 2762 5766 refert,
2790 5692 2838 5748 si
2857 5707 3004 5766 unus
3022 5693 3156 5765 quis.

2074 5762 2100 5801 ἀ
2134 5765 2250 5822 Duo
2277 5779 2407 5822 mss.
2441 5762 2696 5823 tacentet
2725 5763 3023 5822 homicidia.
