4046 6344
580 222 688 327 tts
851 294 860 303 .
1110 272 1115 279 ς
1238 317 1247 321 _
1837 232 1895 295 s.
1936 234 2210 296 susseu
2246 231 2637 295 lllERONYMl
3810 232 3920 293 reo

576 352 712 408 ritas
740 349 884 407 enim
921 348 1100 421 operit
1139 344 1541 405 multitudinem
1574 353 1918 419 peccatorum
1947 349 1995 422 (l
2027 347 2172 405 Petr.
2203 356 2252 415 Α
2279 353 2629 428 μακροθυμίαν
2673 363 2964 421 possumus
3001 347 3376 422 interpretari.
3429 346 3567 405 Huic
3614 350 3918 405 contraria

578 460 655 511 tv,
686 443 766 515 8).
812 442 945 498 Illud
976 458 1194 517 quoque
1223 441 1365 514 quod
1395 458 1423 496 a
1458 440 1742 501 Salvatore
1766 440 2005 499 dicitur:
2056 440 2179 497 Non
2281 453 2367 501 est
2402 443 2822 514 pusillanimitas
2848 488 2862 513 ,
2909 441 2979 499 de
3024 456 3132 514 qua
3167 441 3467 498 scribitur:
3525 452 3548 480 ε
3592 439 3917 497 Pusillam-

579 542 748 606 potest
783 533 938 588 arbor
970 533 1107 588 bona
1142 533 1342 607 [ructus
1373 531 1563 600 a/ferre
1590 534 1755 590 malos
1782 549 1801 589 :
1834 549 1998 605 neque
2025 533 2179 589 arbor
2280 554 2397 594 mus
2422 537 2744 594 vehementer
2772 538 3061 608 insipiens:
3085 537 3173 607 qui
3204 552 3322 592 vero
3348 535 3551 608 patiens
3576 543 3692 601 est,
3730 543 3784 590 et
3805 536 3919 590 uni-

578 626 717 681 mala
741 668 756 693 ,
786 626 986 704 fructus
1014 623 1206 693 afferre
1234 626 1390 682 bonos
1416 625 1597 702 (Matt.
1630 642 1737 695 vn,
1767 626 1857 700 18)
1882 669 1898 696 ,
1932 642 2041 685 non
2071 637 2178 684 tam
2280 645 2428 689 versa
2460 640 2714 688 sustentat
2739 671 2754 699 ,
2800 632 2879 686 uir
2908 632 3115 703 sapiens
3138 627 3332 703 (Eecli.
3364 628 3483 700 vlt).
3528 627 3595 687 Et
3626 641 3769 683 cum
3799 627 3914 683 ἔπιε

578 719 648 776 de
677 718 1013 790 hominibus,
1051 736 1213 792 quam
1242 721 1311 778 de
1334 720 1603 779 fructibus
1631 722 1818 779 carnis
1846 729 1904 780 et
1928 720 2176 793 spiritus,
2282 726 2431 795 τάσει
2478 725 2697 781 multum
2737 725 2944 798 sapiens
2978 724 3291 797 appellatur
3313 764 3329 790 ,
3378 731 3437 778 ut
3472 721 3529 777 in
3571 719 3916 779 Proverbiis

572 813 812 869 arbitror
860 816 1271 887 pronuntiatum
1308 835 1321 871 :
1355 816 1482 889 quia
1532 831 1633 876 nec
1663 817 1886 886 Spiritus
1920 832 2178 890 umquam
2280 830 2497 888 quoque
2525 817 2786 887 scriptum
2812 825 2927 873 est:
2961 814 3316 888 Longanimus
3336 814 3438 883 uir,
3470 810 3680 869 multata
3707 814 3769 867 in
3791 828 3913 883 pru-

573 913 758 977 potest
803 922 865 961 ea
909 907 1039 965 vitia
1064 949 1077 973 ,
1124 924 1247 981 quae
1297 909 1349 965 in
1382 910 1565 967 carnis
1604 908 1867 980 operibus
1894 920 2175 966 numerata
2281 905 2465 962 dentia
2491 905 2674 978 (Prov.
2705 923 2816 973 xtv,
2839 907 2956 978 29).
3010 906 3324 978 Benignitas
3360 906 3523 963 etiam
3552 905 3681 963 sive
3712 905 3911 961 suavi-

572 1007 701 1052 sunt
722 1038 735 1062 .
781 997 995 1067 facere;
1028 1012 1129 1055 nec
1153 1015 1281 1055 caro
1305 1000 1387 1057 his
1412 1000 1677 1057 fructibus
1707 1000 1801 1074 qui
1828 1001 2082 1058 oriuntur
2110 1016 2177 1057 ex
2282 1008 2365 1055 tas
2391 1040 2406 1064 ,
2456 1000 2579 1069 quia
2616 999 2760 1069 apud
2787 999 3010 1057 Graecos
3040 999 3349 1079 χρηστότης
3375 1006 3679 1069 utrumque
3710 1007 3903 1067 sonat,

574 1088 774 1167 spiritu
806 1089 1144 1150 redundare.
1185 1092 1371 1149 Potest
1397 1102 1579 1149 autem
1610 1091 1729 1150 ﬁeri
1766 1107 1867 1162 per
1894 1092 2177 1164 negligen-
2281 1090 2456 1147 virtus
2484 1101 2567 1148 est
2594 1091 2757 1158 lenis,
2789 1091 2988 1148 blanda
3008 1132 3025 1158 ,
3056 1091 3385 1163 tranquilla,
3415 1099 3474 1148 et
3501 1091 3769 1147 omnium
3801 1090 3906 1147 bo-

575 1182 707 1237 tiam
734 1182 1099 1253 possidentis,
1136 1191 1195 1240 ut
1219 1185 1443 1256 spiritus
1465 1185 1556 1260 qui
1586 1193 1839 1242 versatur
1861 1185 1912 1241 in
1933 1184 2177 1253 homine,
2282 1199 2476 1241 norum
2529 1192 2655 1258 apta
2702 1186 3020 1253 consortio,
3074 1184 3315 1242 invitans
3356 1184 3426 1241 ad
3455 1183 3903 1242 familiaritatem

573 1273 787 1331 fructus
834 1291 945 1331 non
985 1276 1186 1333 haheat
1216 1292 1382 1333 suos:
1419 1287 1476 1334 et
1503 1278 1812 1335 econtrario
1841 1292 1972 1334 caro
1998 1278 2180 1348 operi-
2281 1277 2389 1345 sui,
2419 1276 2596 1335 dulcis
2624 1278 2863 1351 alloquio
2893 1323 2907 1345 ,
2972 1278 3220 1336 moribus
3263 1285 3586 1349 temperata.
3640 1276 3905 1349 Denique

573 1365 679 1422 bus
704 1364 820 1423 suis
852 1367 1197 1425 mortiﬁcatis
1224 1411 1238 1435 ,
1280 1384 1509 1441 peccare
1541 1369 1787 1427 desistat.
1839 1369 1958 1427 Non
1995 1380 2175 1427 tamen
2279 1380 2338 1429 et
2383 1371 2524 1428 hanc
2573 1372 2742 1430 Stoici
2787 1374 2860 1429 ita
2888 1371 3195 1431 deﬁniunt:
3248 1360 3563 1443 Benignitas
3590 1378 3687 1429 est.
3719 1371 3904 1429 virtus

575 1457 677 1514 illo
705 1475 880 1532 usque
908 1460 1229 1531 procedunt,
1280 1473 1339 1517 nt
1366 1473 1420 1519 et
1451 1463 1699 1536 neglecta
1725 1463 1893 1519 arhor
1922 1463 2174 1535 spiritus,
2279 1476 2478 1539 sponte
2507 1467 2575 1522 ad
2606 1467 2748 1524 bene
2776 1467 3084 1525 iaciendum
3109 1466 3272 1541 512
3301 1467 3568 1538 exposita.
3598 1466 3732 1526 Non
3756 1467 3906 1526 mul-

575 1565 742 1623 opera
765 1553 946 1608 carnis
970 1552 1181 1625 aﬁ‘erat,
1215 1564 1272 1611 et
1301 1555 1464 1612 arbor
1488 1556 1672 1612 carnis
1699 1557 1938 1624 exculta,
1965 1557 2175 1615 fructus
2281 1567 2395 1616 tum
2426 1560 2644 1617 bonitas
2671 1575 2700 1616 a
2732 1561 3071 1633 benignitate
3098 1559 3319 1617 diversa
3350 1568 3476 1618 est:
3517 1560 3642 1632 quia
3678 1571 3740 1620 et
3774 1563 3900 1634 ipsa

572 1645 842 1716 germinet
887 1645 1221 1717 spirituales.
1267 1648 1323 1703 in
1367 1647 1610 1706 secundo
1643 1647 2015 1721 spiritualium
2056 1648 2175 1705 l‘ru-
2279 1652 2347 1709 ad
2370 1651 2820 1710 benefaciendum
2843 1653 3056 1709 videtur
3079 1651 3354 1724 exposita.
3377 1652 3483 1710 Sed
3505 1653 3559 1708 in
3584 1668 3657 1710 eo
3681 1651 3897 1721 diﬁ‘ert,

572 1743 758 1794 ctuum
790 1739 911 1795 loco
930 1785 943 1810 ,
975 1739 1231 1813 gaudium
1255 1742 1489 1814 positum
1520 1750 1639 1798 est:
1669 1741 1815 1815 quod
1838 1741 2010 1800 Stoici
2039 1756 2176 1815 quo-
2209 1746 2252 1810 Β
2280 1748 2408 1820 quia
2442 1756 2625 1820 potest
2665 1748 2883 1805 bonitas
2921 1761 3047 1805 esse
3077 1746 3290 1803 tristior
3313 1787 3330 1814 ,
3379 1754 3436 1804 et
3465 1747 3655 1804 fronte
3682 1747 3898 1805 severis

570 1845 681 1902 que
718 1832 811 1905 qui
850 1832 1194 1904 distinguunt
1243 1836 1387 1892 inter
1427 1836 1589 1892 verba
1633 1835 1888 1894 subtilius
1914 1877 1930 1905 ,
1969 1846 1995 1874 ιι
2026 1835 2177 1892 aliud
2279 1841 2527 1899 moribus
2554 1842 2796 1913 irrugala
2821 1886 2835 1910 ,
2884 1840 3023 1897 bene
3063 1839 3287 1913 quidem
3332 1839 3511 1899 facere
3537 1848 3589 1903 et
3623 1847 3898 1910 praestare

569 1924 703 1996 quid
729 1940 851 1982 esse
873 1928 1149 1983 aestimant
1171 1944 1333 2001 quam
1361 1929 1625 1986 lu'titiam.
1658 1928 1926 1987 Gaudium
1951 1931 2177 2001 quippe,
2278 1931 2428 2007 quod
2461 1931 2744 2003 poscitur:
2777 1947 2884 1988 non
2917 1941 3098 1989 tamen
3128 1931 3313 1988 suavis
3334 1946 3460 2003 esse
3482 1932 3810 1999 consortio,
3841 1938 3897 1987 et

574 2031 699 2074 esse
726 2061 740 2089 ,
794 2019 945 2073 aiunt
995 2019 1289 2077 elationem
1340 2021 1505 2077 animi
1554 2036 1715 2095 super
1759 2021 1842 2079 his
1872 2037 1996 2095 qua:
2018 2023 2180 2095 digna
2283 2038 2381 2085 sua
2407 2032 2640 2081 cunctos
2666 2024 2908 2081 invitare
2933 2023 3246 2082 dulcedine.
3281 2024 3433 2081 lianc
3458 2039 3686 2096 quoque
3716 2034 3899 2082 secta-

565 2120 697 2168 sunt
745 2112 1115 2168 exsultantis:
1143 2110 1412 2168 Lmtitiam
1464 2128 1596 2170 vero
1644 2113 1966 2171 eﬁrenatam
2010 2113 2177 2171 animi
2282 2129 2431 2175 tores
2462 2116 2695 2175 Zenonis
2729 2119 2802 2173 ita
2841 2117 3141 2174 deﬁniunt:
3175 2116 3399 2173 Bonitas
3435 2127 3521 2175 est
3550 2117 3744 2174 virtus
3775 2131 3898 2190 qua:

568 2204 891 2275 elationem,
926 2205 1087 2281 511
1118 2221 1240 2278 quae
1263 2204 1483 2261 modum
1509 2204 1737 2281 nesciat,
1771 2214 1823 2264 et
1850 2206 1903 2261 in
1934 2205 2019 2260 his
2040 2221 2173 2279 quo.
2281 2211 2543 2283 prodest:
2587 2211 2705 2268 sive
2732 2253 2750 2280 ,
2797 2211 2976 2269 virtus
3023 2227 3090 2268 ex
3140 2226 3244 2281 qua
3291 2210 3465 2266 oritur
3489 2210 3747 2268 utilitas:
3778 2218 3896 2275 aut,

573 2313 681 2372 que
730 2314 852 2370 quae
894 2297 1029 2352 vitio
1075 2300 1184 2353 sint
1216 2299 1416 2367 mixta,
1468 2286 1703 2355 laetetur.
1764 2298 1867 2354 Alii
1896 2315 1927 2354 e
1954 2299 2181 2371 regione
2280 2303 2453 2359 virtus
2484 2310 2707 2375 propter
2734 2304 3123 2373 semetipsum:
3158 2310 3253 2360 aut
3276 2302 3509 2360 affectus
3533 2304 3633 2376 qui
3670 2303 3798 2361 forts
3826 2302 3898 2360 sit

574 2390 756 2461 gaudii
781 2390 1122 2461 voluptatem
1155 2397 1397 2460 ponunt:
1428 2404 1536 2444 non
1569 2389 1711 2446 hanc
1739 2405 1858 2461 qua:
1885 2404 2087 2461 corpus
2108 2391 2177 2448 ad
2284 2394 2602 2451 utilitatum.

573 2482 860 2541 libidinem
892 2482 1178 2550 concitat,
1227 2481 1415 2537 titillat
1443 2497 1672 2553 sensus,
1717 2483 1865 2539 dulci
1903 2483 2177 2541 blanditur
2353 2488 2503 2545 Inter
2552 2489 2760 2545 fructus
2809 2489 3072 2559 spiritus,
3119 2488 3410 2559 septimum
3441 2496 3496 2544 et
3521 2488 3892 2546 sacratiorem

571 2574 800 2648 affectu;
840 2577 933 2634 sed
958 2575 1119 2632 alium
1147 2576 1271 2632 huic
1302 2576 1596 2652 ὁμώνυμον,
1625 2593 1748 2650 quae
1774 2577 1891 2635 sine
1923 2577 2176 2634 modera-
2281 2583 2458 2639 locum
2493 2582 2629 2637 ﬁdes
2659 2583 2934 2653 possidet,
2963 2598 3085 2654 quae
3111 2583 3273 2638 etiam
3305 2580 3434 2639 alibi
3468 2583 3616 2639 inter
3650 2590 3767 2639 tres
3794 2596 3897 2653 po-

574 2668 725 2725 tione
749 2710 765 2738 ,
813 2677 869 2724 ct
897 2668 1008 2723 ullo
1033 2668 1235 2726 decore
1268 2669 1500 2737 ltetitiaa,
1530 2671 1583 2726 in
1610 2672 1726 2727 risu
1755 2672 1962 2728 exaltat
1985 2686 2175 2730 vocem
2282 2676 2467 2731 nitur:
2511 2690 2637 2747 spes
2660 2716 2674 2741 .
2704 2675 2872 2744 ﬁdes,
2912 2676 3170 2733 charitas.
3219 2672 3332 2733 Nec
3362 2673 3561 2731 mirum
3596 2675 3651 2730 si
3682 2689 3814 2747 spes
3841 2671 3894 2729 in

575 2774 753 2820 suam.
806 2760 962 2832 Quod
984 2760 1029 2817 si
1058 2777 1248 2818 verum
1280 2771 1398 2831 est,
1430 2772 1486 2818 et
1513 2778 1703 2821 eorum
1729 2763 1871 2819 inter
1902 2763 2178 2837 verbagdi-
2279 2768 2388 2826 hoc
2422 2768 2672 2841 catalogo
2705 2785 2814 2824 non
2848 2768 3154 2825 referatur:
3200 2784 3328 2825 cum
3373 2769 3428 2825 in
3475 2768 3581 2824 ﬁde
3626 2770 3710 2824 sit
3752 2767 3896 2840 quod

571 2854 797 2912 stinctio
822 2870 930 2910 non
960 2852 1100 2910 fallit
1128 2863 1184 2910 et
1218 2852 1442 2923 fallitur,
1475 2855 1892 2931 consideremus
1922 2848 1989 2912 ne
2017 2856 2179 2913 forsi-
2280 2866 2571 2932 speratur:
2604 2869 2665 2931 et
2693 2861 2766 2915 ita
2797 2876 2916 2917 eam
2942 2859 3237 2931 Apostolus
3261 2859 3331 2916 ad
3356 2859 3618 2918 Hebraea
3643 2859 3900 2916 scribens

572 2956 664 3004 tan
695 2947 898 3003 idcirco
923 2950 1011 3004 -sit
1036 2948 1278 3005 dictum:
1315 2948 1438 3007 Non
1462 2960 1539 3006 est
1562 2952 1788 3024 gaudere
1820 2951 2017 3024 impiis,
2051 2950 2177 3007 dicit
2279 2954 2541 3013 deﬁniat:
2595 2953 2687 3009 Est
2723 2963 2897 3009 autem
2928 2955 3057 3025 ﬁdes
3079 2954 3459 3026 rperandarum
3484 2953 3789 3009 substantia
3816 2968 3901 3007 re-

569 3040 826 3097 Dominus
855 3040 1011 3114 (Isai.
1041 3058 1170 3110 Lvu,
1201 3041 1317 3117 2i).
1346 3042 1518 3102 Simul
1544 3054 1727 3100 autem
1750 3053 1805 3102 et
1828 3044 1957 3101 illud
1983 3052 2176 3100 notan-
2278 3066 2416 3118 rum,
2444 3058 2809 3121 argumentum
2837 3050 3053 3105 necdum
3079 3050 3439 3122 apparentium
3467 3047 3667 3122 (Hebr.
3698 3065 3782 3117 xt,
3818 3048 3895 3117 i).

573 3132 725 3208 dum,
760 3139 906 3210 quod
934 3148 1055 3210 post
1087 3138 1454 3206 dilectionem,
1489 3138 1747 3211 gaudium
1775 3140 2042 3211 sequitur.
2072 3138 2174 3209 Qui
2204 3128 2252 3191 C
2282 3140 2566 3212 Siquidem
2596 3139 2649 3196 id
2679 3140 2825 3213 quod
2855 3155 3140 3211 Speramus
3167 3154 3289 3198 esse
3313 3147 3605 3199 venturum
3626 3183 3644 3207 ,
3680 3148 3739 3198 et
3768 3154 3899 3197 nec-

572 3231 722 3291 enim
749 3232 923 3305 diligit
945 3236 1283 3306 qnctnpiam,
1326 3249 1545 3307 semper
1572 3233 1625 3289 in
1651 3233 1771 3306 ejus
1796 3232 2056 3291 felicitate
2082 3234 2174 3289 la:-
2276 3233 2402 3290 dum
2434 3244 2518 3289 est
2548 3233 2602 3289 in
2627 3232 2905 3304 praesenti,
2940 3231 3047 3290 ﬁde
3070 3232 3437 3302 possidemus,
3469 3243 3771 3304 sperantes
3798 3245 3897 3291 nos

572 3332 741 3381 tatur.
794 3324 863 3380 Et
890 3326 935 3380 si
965 3341 1090 3382 eum
1122 3325 1319 3381 viderit
1344 3326 1527 3397 aliquo
1553 3339 1739 3381 errore
1770 3324 2088 3396 deceptum,
2119 3335 2173 3382 et
2278 3334 2465 3383 tenere
2511 3324 2657 3397 quod
2708 3323 3008 3381 credimus.
3065 3324 3337 3394 Quaeritur
3358 3338 3579 3396 quoque
3599 3320 3897 3395 quomodo

572 3425 930 3489 peccatorum
975 3418 1186 3475 lubrico
1210 3418 1546 3485 concidisse,
1597 3418 1804 3474 dolebit
1831 3417 2049 3488 quidem
2073 3460 2089 3487 ,
2118 3426 2173 3473 et
2279 3416 2417 3475 ﬁdes
2445 3418 2498 3472 in
2536 3415 2803 3471 charitate
2834 3415 2904 3470 sit
2936 3416 3133 3486 posita.
3183 3417 3285 3486 Qui
3317 3416 3532 3488 diligit,
3577 3429 3891 3487 numquam

568 3525 762 3569 eruere
795 3510 1114 3569 festinabit:
1160 3512 1256 3570 sed
1305 3527 1410 3566 non
1446 3510 1928 3582 poteritgaudium
1958 3519 2173 3567 mutare
2279 3523 2342 3566 se
2386 3507 2513 3565 laedi
2543 3507 2815 3564 mstimat:
2855 3522 3151 3580 numquam
3180 3508 3328 3566 aliud
3374 3509 3481 3565 nisi
3528 3509 3680 3580 quod
3710 3507 3895 3579 diligit

567 3604 788 3662 tristitia
815 3647 830 3672 ,
881 3607 1064 3663 sciens
1113 3605 1315 3662 nullam
1347 3603 1750 3661 rationabilium
1795 3615 2171 3661 creaturarum
2274 3596 2304 3637 ἀ
2332 3608 2387 3654 et
2413 3597 2694 3669 diligitur,
2735 3598 3064 3671 suspicatur.
3114 3598 3254 3656 Cum
3285 3610 3468 3658 autem
3501 3599 3738 3660 dilectio
3770 3613 3897 3671 pro-

572 3697 719 3771 apud
766 3698 933 3754 Deum
970 3697 1153 3768 perire
1192 3707 1475 3768 perpetuo.
1523 3695 1743 3753 Tertius
1774 3694 1979 3751 fructus
2007 3695 2176 3766 spiri-
2274 3690 2365 3749 cul
2412 3690 2645 3745 abfuerit
2672 3735 2686 3759 ,
2737 3700 2792 3747 et
2828 3690 2962 3749 ﬁdes
2994 3692 3203 3765 pariter
3233 3692 3502 3751 abscedit.
3554 3692 3890 3763 Postﬁdetn

574 3799 686 3859 tus,
714 3797 798 3846 est
822 3803 948 3856 pax,
974 3803 1004 3843 a
1027 3803 1135 3860 qua
1156 3787 1415 3844 Salomon
1439 3802 1654 3859 quoque
1675 3786 1770 3859 qui
1793 3788 1848 3842 in
1870 3797 2000 3859 typo
2020 3786 2177 3846 Chri-
2277 3780 2640 3839 mansuetudo
2669 3793 3015 3852 numeratur,
3044 3800 3166 3856 qua:
3195 3783 3427 3841 adversa
3454 3794 3539 3841 est
3565 3785 3692 3853 irtn,
3727 3784 3885 3852 rixis,

568 3885 639 3940 sti
670 3880 973 3955 prmcessit,
1002 3895 1202 3936 nomen
1230 3881 1460 3952 accepit.
1498 3880 1562 3935 Et
1584 3879 1652 3937 de
1676 3878 1920 3936 Ecclesia
1945 3879 2175 3940 Psalmi-
2275 3872 2715 3955 dissensionibus
2740 3892 2753 3928 :
2803 3882 2859 3931 et
2902 3889 3199 3947 numquam
3234 3873 3318 3948 ad,
3333 3876 3416 3930 sui
3447 3879 3737 3934 contraria
3767 3890 3891 3948 pro-

569 3982 657 4030 sta
678 3973 860 4029 canit:
895 3971 1091 4028 Factus
1122 3981 1198 4026 est
1228 3974 1282 4027 in
1306 3972 1430 4047 pace
1454 3972 1601 4027 locus
1630 3975 1742 4047 ejus
1770 3971 1888 4044 (Ps.
1908 3989 2069 4040 Lxxv,
2090 3974 2171 4045 2).
2274 3976 2522 4035 vocatur,
2550 3982 2678 4025 vere
2706 3967 2779 4024 de
2805 3969 2944 4025 bona
2975 3968 3201 4041 spiritus
3224 3968 3444 4032 arbore,
3476 3968 3654 4026 bonos
3677 3971 3889 4029 fructus

566 4063 638 4123 Et
680 4064 824 4119 inter
864 4073 992 4120 octo
1040 4063 1321 4136 Evangelii
1362 4062 1391 4102 ι»
1423 4063 1835 4120 benedictiones
1865 4065 2170 4122 scribitur:
2277 4059 2644 4133 egerminaus.
2696 4059 2801 4117 Per
2846 4059 2988 4116 hanc
3025 4058 3258 4116 famulus
3289 4059 3388 4117 Dei
3415 4059 3630 4132 Moyses
3656 4103 3674 4130 ,
3735 4063 3884 4121 testi-

571 4155 724 4214 Beati
750 4157 996 4229 paciﬁci:
1018 4155 1264 4229 quoniam
1278 4157 1375 4227 ﬁlii
1391 4154 1491 4211 Dei
1504 4148 1821 4213 vocabuntur
1837 4155 2077 4226 (Mall.v,
2093 4152 2172 4229 9).
2277 4150 2521 4208 monium
2544 4150 2848 4222 Scriptura:
2870 4151 3070 4207 meruit
3085 4151 3361 4222 accipere,
3383 4152 3649 4209 dicentis:
3680 4153 3886 4226 Moyses

570 4246 632 4305 In
664 4249 843 4321 primo
872 4250 1039 4305 etiam
1070 4247 1335 4323 graduum
1372 4248 1580 4318 psalmo
1605 4257 1857 4304 cantatur
1883 4265 1896 4303 :
1936 4246 2066 4303 Cum
2093 4247 2175 4302 his
2276 4252 2575 4299 mansuetus
2601 4254 2735 4310 erat,
2767 4242 3043 4315 plusquam
3063 4258 3240 4299 omnes
3258 4243 3495 4301 homines
3515 4261 3675 4318 super
3696 4254 3883 4301 terram

570 4343 658 4414 qui
688 4341 909 4399 oderunt
941 4358 1149 4414 pacem,
1181 4358 1321 4395 erant
1348 4341 1597 4415 paciﬁcus
1627 4339 1747 4415 (Ps.
1777 4355 1923 4409 cxtx,
1954 4341 2034 4412 6).
2068 4339 2176 4398 Nec
2282 4331 2472 4409 (Num.
2498 4350 2594 4406 xtl,
2620 4334 2695 4407 5).
2730 4335 2910 4403 Super
2934 4344 3161 4404 terram,
3193 4336 3386 4408 inquit.
3419 4336 3596 4407 Super
3615 4352 3716 4395 eos
3741 4334 3882 4395 enim

571 4443 827 4505 putemus
866 4448 1052 4503 pacem
1103 4440 1308 4487 tantum
1349 4430 1405 4489 in
1453 4447 1519 4488 eo
1549 4445 1675 4488 esse
1700 4431 2048 4505 quaerendam
2071 4473 2086 4499 ,
2127 4430 2173 4487 si
2278 4429 2368 4502 qui
2399 4428 2546 4486 facie
2568 4427 2635 4485 ad
2682 4427 2879 4485 faciem
2912 4429 3080 4486 Deum
3109 4428 3403 4497 videbant,
3435 4444 3560 4487 esse
3589 4445 3698 4486 non
3729 4438 3883 4502 pote~

569 4541 695 4584 cum
730 4525 839 4582 alio
868 4541 977 4582 nou
1010 4524 1331 4598 jurgemur:
1375 4523 1470 4581 sed
1502 4533 1631 4580 tunc
1661 4539 1767 4596 pax
1792 4522 1997 4580 ChriSti
2020 4569 2035 4592 ,
2071 4523 2174 4581 hoc
2200 4518 2254 4581 D
2280 4533 2397 4580 rat:
2429 4524 2554 4596 quia
2586 4523 2757 4580 multa
2786 4538 2931 4595 saepe
2957 4524 3338 4594 compellimur
3367 4538 3464 4595 per
3491 4525 3676 4581 carnis
3707 4526 3881 4581 facem

570 4630 653 4679 est
677 4662 694 4690 ,
751 4616 1055 4677 haereditas’
1099 4627 1290 4677 nostra
1318 4619 1598 4679 nobiscum
1626 4627 1710 4674 est
1735 4660 1749 4685 .
1794 4617 1839 4675 si
1873 4617 2175 4689 tranquilla
2283 4619 2676 4676 inﬁrmitatem.
2721 4617 2796 4674 De
2837 4616 3008 4674 David
3053 4632 3308 4690 quoque,
3340 4616 3473 4680 licet
3499 4618 3653 4673 multi
3675 4617 3748 4673 de
3774 4616 3879 4672 Do-

573 4730 731 4774 mens
757 4713 921 4771 nullis
942 4714 1291 4788 passionibus
1311 4712 1678 4787 perturbetur.
1721 4712 1850 4770 Post
1880 4728 2066 4786 pacem
2091 4727 2177 4770 se-
2279 4713 2430 4770 mino
2456 4718 2645 4769 nostro
2670 4710 2945 4767 aestiment
2966 4709 3375 4789 prophetatum,
3405 4709 3550 4780 quod
3580 4724 3683 4767 nos
3709 4706 3870 4765 etiam

570 4802 1760 4887 quiturlonganintitas,sivepatientia:quia
1776 4807 2176 4882 utroquemodo
2285 4821 2391 4864 non
2421 4819 2712 4877 negamus,
2762 4800 2997 4874 Spiritus
3027 4810 3247 4861 sanctus
3294 4801 3351 4859 in
3389 4811 3520 4877 typo
3548 4800 3764 4861 venturi
3793 4811 3877 4853 ca-

644 4971 674 5002 ⁸
702 4966 1087 5027 Conferendus
1114 4964 1309 5023 Cicero
1338 5006 1352 5030 ,
1397 4964 1487 5032 qui
1530 4978 1562 5019 e
1609 4962 1922 5019 Stoicorum
1966 4973 2063 5014 ore
2093 4958 2175 5013 lo-
2279 4970 2385 5032 que
2412 4962 2633 5032 secutus
2663 4952 3380 5032 bla_rtianaeus,_rescribuut,
3406 4951 3785 5032 Beatituttiuer.
3805 4973 3873 4989 -

613 5022 771 5098 uitur
786 5022 893 5098 lib.—
916 5022 972 5098 it
986 5022 1206 5107 Quaem.
1252 5022 1549 5092 Tusculan.
1588 5034 1837 5108 idemque
1871 5033 2012 5108 inter
2036 5044 2174 5100 gau-
2283 5022 2602 5108 Erasiniana
2625 5023 3016 5108 editiqretinet
3037 5022 3333 5107 lectionem
3355 5023 3715 5108 quorumdam

613 5057 759 5098 Ιιιιιιι·
786 5057 882 5098 ιιι).
918 5057 972 5098 ιν
998 5057 1206 5107 unaSt.
1255 5057 1287 5092 ι
1302 5057 1549 5092 usumin.
1588 5057 1837 5102 ιυθιιιψω
1873 5057 2010 5087 ΙΙΙιιτΐ
2036 5057 2174 5100 δίιιι⁶
2283 5057 2602 5083 Ιῖιῐδδιυιιηκ
2625 5057 3016 5106 συηιυηηῖιιησ*
3037 5057 3333 5107 ⁸υυ⁵¹ν¹¹υ¹¹ξ
3355 5057 3711 5093 ¹Ι⁸¹νι¹¹¹¹⁸υ⁶¹¹¹
3732 5057 3869 5099 ⁸⁵⁸⁵τῖ

573 5057 728 5171 ﬂium
754 5156 769 5180 ,
803 5128 870 5169 ac
898 5111 1140 5168 laetitiam
1167 5109 1463 5165 discrimen
1494 5107 1667 5180 ponit.
1699 5104 2014 5180 [.acta‘ntius
2038 5115 2176 5180 quo-
2281 5097 2642 5180 vetustiorum
2690 5094 2941 5180 codicum
2967 5109 3269 5180 ,Anempe,
3310 5105 3442 5179 inter
3467 5090 3869 5180 cottidianisqth

573 5164 1358 5257 «infe-iiib-‘riﬁ'iviﬁ?ipsum
1389 5164 1510 5257 εειρῖ
1544 5177 1605 5231 υ
1627 5174 1945 5257 similis.»
1972 5164 2175 5257 iniu":
2285 5164 3868 5257 'Eftéff‘i‘i'lff.thilif!ﬂ-._QE"¥JEF‘19PPEEE'TE‘JE‘P932533

569 5231 812 5313 nihilne;
836 5231 1767 5325 {illa};infatuatQuaesitvath
1787 5286 1803 5313 ,
1836 5247 1883 5300 si
1911 5231 2095 5325 lubet,
2124 5231 2180 5297 et
2283 5240 2375 5325 qui
2398 5231 3867 5325 Evangegliijbeatitudittéssuntibenédictiones‘agltqi:

824 5305 1194 5395 ﬁhodligrinu'm’
1216 5305 1395 5388 libis,
1417 5334 1539 5395 cap.
1562 5320 1658 5395 '55.
1685 5305 1970 5373 Ciceronis
1999 5305 2174 5395 locus,
2284 5305 2373 5395 sto
2399 5305 2632 5392 Domino
2660 5306 2820 5395 dictae
2842 5308 3470 5395 pacilfciﬁnlugemibm
3493 5312 3548 5364 θῖ
3573 5305 3783 5364 “ﬁeri”
3816 5305 3867 5355 in

573 5379 1174 5456 Effr’t'itiaiit'ai’umu.
1215 5379 1445 5449 mouetur
1484 5379 1725 5462 placide,
1757 5398 1908 5459 atque
1932 5392 2174 5462 constan-
2280 5379 2568 5462 octonario
2589 5394 2821 5437 numero
2840 5379 3272 5462 positis._l_hnr.
3344 5450 3381 5462 _
3584 5451 3596 5462 .

577 5440 1467 5541 dicitur
1484 5440 1854 5541 {Minius}:
1881 5440 2179 5541 etinanitet:
2359 5464 2382 5491 ο
2402 5452 2659 5541 ‘Plurium
2687 5440 2916 5541 npméro
2948 5452 3120 5510 nostri
3145 5466 3303 5530 mss.,
3338 5450 3702 5511 Pusillattimea
3729 5440 3865 5501 v85?

574 5521 816 5609 iii/fit;
844 5521 1048 5594 animus
1072 5535 1321 5605 exsultat,
1355 5544 1465 5589 tum
1490 5531 1584 5589 illa
1608 5531 1816 5600 ltctitia,
1859 5530 2077 5603 gestiens
2102 5525 2179 5580 vel
2281 5532 2474 5609 menter
2492 5521 2831 5609 insipientes;
2882 5608 2893 5609 ί
2980 5608 2983 5609 ν
3030 5594 3083 5609 ’γ
3204 5601 3217 5609 _
3382 5594 3413 5609 ,Δ
3548 5589 3711 5609 μυ,ρε

577 5593 743 5683 nimia
767 5593 1091 5683 “dicipotest.
1306 5593 1320 5605 ’
1558 5682 1563 5683 γ
1596 5671 1636 5683 ﬁ
1680 5672 1731 5683 __
1804 5593 1840 5683 λ
1859 5593 1883 5603 ⁷
2012 5680 2029 5683 _
2072 5668 2085 5683 ‘
2338 5595 2384 5683 id
2413 5594 2667 5683 Fortasse
2698 5594 2901 5651 rectius
2931 5594 3095 5650 verba
3123 5634 3139 5663 ,
3171 5601 3217 5648 et
3242 5593 3480 5668 diligitur
3502 5636 3516 5651 .
3548 5593 3713 5649 nostri
3739 5595 3859 5642 mss.

646 5681 675 5721 ι»
707 5683 788 5736 Ita
818 5691 872 5736 et
894 5667 1067 5753 nostri
1094 5693 1232 5753 mss.
1255 5688 1478 5753 ptatteg.
1516 5682 1573 5733 et
1591 5670 1845 5753 naitham
1870 5668 2174 5753 exentplar,
2283 5682 2391 5726 non
2423 5667 2647 5726 habent.

582 5759 637 5812 et
666 5761 879 5808 veteres
909 5749 1109 5820 vulgati
1144 5747 1272 5809 libri
1307 5742 1629 5819 priorum.
1680 5742 1993 5808 Victorius,
2020 5753 2177 5797 eum-
