4046 6416
208 326 318 402 tat

686 325 1377 401 TCOMMENTARIORUM
1415 336 1484 393 IN
1524 320 1919 394 EPISTOLAM
1961 332 2052 391 AD
2090 316 2417 391 GALATAS
2453 316 2583 390 LIB.
2628 331 2717 389 Ill.
2757 330 2912 389 CAP.
2956 334 3023 389 ν.

3413 316 3520 391 ns

218 463 338 517 nit:
373 458 660 525 Memento,
692 457 932 522 Domine,
961 455 1165 520 David,
1192 466 1242 510 et
1272 456 1438 509 omnis
1467 450 1825 507 mansuetudi-
1849 454 1904 516 Α
1930 450 2231 524 plscentiis.
2262 448 2404 507 Caro
2430 449 2629 524 quippe
2651 448 2849 505 Christi
2884 465 2989 506 non
3034 447 3430 521 principaliter,
3465 462 3522 505 et

218 555 303 611 nis
330 556 445 629 ejus
465 552 587 625 (Ps.
603 566 697 618 ev,
719 548 796 621 l).
818 549 992 621 Cujus
1009 545 1368 605 mansuetudo
1388 545 1650 603 adversus
1664 543 1817 611 Sani,

216 646 481 713 Absalon,
513 652 571 702 et
594 642 798 710 Semei,
831 641 918 698 vel
945 641 1184 698 maxime
1203 639 1395 697 claruit
1424 637 1469 711 (ι
1494 636 1620 709 Reg.
1654 650 1816 697 xxiv:

213 739 262 796 ll
291 739 422 812 Reg.
453 736 595 810 xv)?
631 736 770 794 Cum
811 735 953 790 alius
1000 748 1125 790 eum
1167 732 1331 789 vellet
1366 730 1647 788 occidere:
1680 729 1819 784 alius

212 847 309 889 res
362 845 535 888 novas
594 828 859 893 molitus,
918 825 1175 883 “audere
1223 824 1461 896 imperio
1509 823 1816 879 niteretur:

215 924 383 997 513
412 923 551 979 alius
576 921 786 993 lapides
811 920 864 974 in
885 933 1012 975 eum
1038 918 1271 987 iaciens,
1305 926 1361 971 et
1388 916 1669 987 pulverem
1696 928 1821 969 ven-

217 1016 389 1071 tilans
409 1057 422 1080 ,
454 1014 713 1070 clamaret
744 1020 799 1068 et
828 1011 1072 1066 diceret:
1105 1008 1404 1080 Egredere,
1437 1005 1707 1079 egredere,
1743 1006 1819 1060 uir

214 1106 399 1181 inique
434 1106 600 1180 (ibid.
622 1149 638 1175 ,
672 1120 784 1173 xvt,
820 1103 899 1174 7).
949 1103 1205 1158 Extrema
1252 1100 1585 1157 continentia
1626 1099 1681 1154 in
1710 1098 1821 1153 fru-

216 1200 408 1257 ctibus
434 1200 657 1270 spiritus
682 1198 1004 1255 collocatur.
1032 1195 1204 1265 Quam
1232 1209 1339 1251 non
1364 1195 1543 1249 solum
1576 1193 1630 1247 in
1660 1192 1822 1248 casti.

222 1301 340 1348 tale
363 1292 626 1348 debemus
649 1290 920 1360 accipere,
954 1291 1049 1344 sed
1080 1289 1247 1345 etiam
1277 1287 1330 1343 in
1364 1288 1487 1343 cibo
1513 1296 1566 1341 et
1591 1294 1742 1356 potu,
1768 1286 1820 1340 in

216 1383 301 1440 ira
328 1397 544 1456 quoque
586 1392 642 1438 et
670 1381 967 1437 vexatione
996 1379 1218 1447 mentis,
1268 1387 1323 1434 et
1351 1377 1673 1434 detrahendi
1698 1376 1822 1433 libi-

216 1476 370 1533 dine.
422 1473 567 1531 Inter
611 1474 934 1532 modestiam
981 1481 1164 1529 autem
1208 1483 1266 1529 et
1293 1470 1683 1528 continentiam
1719 1470 1822 1525 hoc

215 1568 471 1634 interest,
499 1567 647 1638 quod
677 1565 944 1623 modestia
971 1565 1024 1620 in
1053 1565 1185 1621 viris
1209 1563 1471 1636 periretis
1499 1572 1603 1631 est,
1627 1576 1825 1619 consu-

216 1669 492 1733 matuque
520 1662 737 1716 virtutis
759 1704 775 1729 ,
801 1661 870 1715 de
897 1659 1094 1730 quibus
1120 1659 1374 1715 Salvator
1398 1657 1478 1713 ait
1502 1675 1514 1714 :
1547 1656 1699 1712 Beati
1719 1658 1818 1711 mi-

216 1765 320 1823 tes,
371 1754 618 1828 quoniam
660 1753 761 1827 ipsi
799 1752 1136 1827 possidebunt
1169 1762 1360 1807 terram
1405 1750 1625 1825 (Matth.
1657 1766 1710 1818 v,
1736 1748 1816 1821 4).

1922 544 2147 617 proprie
2170 543 2340 601 Filius
2365 542 2458 600 Dei
2480 553 2593 612 est,
2628 543 2724 599 sed
2752 543 2909 600 .lesus
2950 542 3239 607 Christus,
3275 544 3366 614 qui
3395 557 3521 598 cum

1922 644 2071 692 esset
2102 637 2154 691 in
2181 636 2448 711 principio
2484 636 2627 708 apud
2667 637 2884 692 Patrem
2905 677 2921 703 ,
2957 635 3192 711 Verbum
3225 636 3368 691 Deus
3393 652 3525 694 caro

1922 727 2097 787 factus
2145 739 2260 797 est,
2318 710 2376 786 et
2420 730 2663 801 seipsum
2718 710 3054 799 exinanivit,
3102 728 3334 785 formam
3383 728 3527 786 servi

1921 820 2229 892 accipiens,
2277 830 2337 877 ut
2386 820 2739 894 crucifigeret
2784 836 3039 891 carnem,
3086 828 3143 875 et
3190 819 3525 891 deSpoliaret

1923 915 2259 986 principatus
2280 924 2335 970 et
2369 923 2699 984 potestates,
2729 914 3069 986 triumphans
3100 914 3169 971 de
3193 914 3273 971 eis
3302 914 3356 969 in
3381 915 3525 986 ligno

1923 1004 2152 1080 (Philip.
2170 1005 2256 1077 ιι),
2280 1013 2338 1060 ut
2361 1006 2731 1076 complcretur
2759 1007 2891 1062 illud
2912 1006 3188 1078 Apostuli:
3217 1006 3367 1074 Quod
3390 1008 3525 1061 enim

1924 1109 2157 1155 mortuus
2184 1109 2278 1167 est,
2303 1111 2536 1172 peccato,
2554 1107 2789 1154 mortuus
2816 1108 2888 1155 est
2918 1103 3074 1155 seruet
3095 1100 3274 1172 (Rom.
3298 1115 3350 1155 vr
3370 1143 3384 1167 ,
3407 1099 3522 1171 10).

1926 1190 2093 1262 Igitur
2122 1192 2168 1245 si
2198 1205 2429 1262 corpora
2472 1202 2656 1248 nostra
2689 1191 2933 1247 membra
2982 1200 3109 1247 sunt
3137 1190 3358 1259 Christi,
3389 1208 3526 1248 con-

1922 1294 2219 1356 sequenter
2258 1296 2314 1341 et
2356 1299 2485 1340 caro
2508 1295 2691 1340 nostra
2704 1299 2835 1340 caro
2855 1284 3058 1340 Christi
3084 1295 3188 1351 est,
3209 1302 3370 1355 quam
3400 1301 3524 1341 cru-

1923 1378 2226 1449 ciﬁgimus,
2278 1379 2676 1434 tnurtiiicantes
2727 1393 2824 1448 per
2887 1392 3009 1434 eam
3068 1394 3234 1447 super
3291 1387 3522 1452 terram,

1924 1471 2371 1538 fornicationem,
2423 1470 2853 1537 immunditiam,
2905 1471 3250 1541 passionem,
3301 1470 3521 1526 deside-

1923 1563 2063 1619 rium
2116 1563 2351 1629 malum,
2382 1570 2436 1618 et
2482 1561 2770 1617 avaritiam
2824 1580 2836 1617 :
2886 1575 2940 1619 et
2973 1562 3041 1618 de
3074 1562 3229 1618 nobis
3273 1562 3323 1615 in
3370 1562 3529 1618 laude

1925 1669 2067 1711 nunc
2095 1654 2339 1725 ponitur,
2370 1654 2459 1724 qui
2484 1652 2688 1709 Christi
2719 1654 2849 1710 Jesu
2878 1670 3101 1709 carnem
3135 1653 3529 1710 cruciﬁxcrunt

1924 1763 2046 1803 cum
2075 1748 2220 1803 vitiis
2253 1757 2307 1803 et
2358 1746 2816 1816 enncupiscentiis
2837 1789 2850 1813 ,
2885 1757 2939 1802 et
2970 1730 3190 1815 semper
3237 1745 3530 1801 mortiﬁca‘

217 1846 293 1905 Et
312 1846 380 1904 de
405 1844 837 1918 seipso:Discite
859 1860 892 1900 α
916 1863 1024 1909 me,
1054 1846 1302 1913 quoniam
1332 1845 1471 1899 mitis
1493 1860 1627 1910 sum,
1646 1854 1693 1898 et
1721 1843 1819 1898 hu-
1851 1850 1899 1911 Β
1927 1839 2129 1895 tionem
2159 1837 2286 1894 Jesu
2319 1838 2760 1893 circumierimus
2790 1838 2843 1893 in
2871 1853 3104 1908 corpore
3135 1850 3354 1907 nostro,
3390 1846 3446 1891 ut
3476 1846 3530 1892 ct

216 1941 386 2007 mitis,
418 1951 467 1996 et
488 1948 791 1996 mutuetus
822 1938 975 1994 corde
1003 1937 1222 2010 (Matth.
1256 1954 1331 2003 XI,
1360 1936 1478 2010 29).
1528 1937 1821 1991 (Iuntinen-
1925 1929 2035 1985 vita
2076 1931 2192 2000 ejus
2225 1929 2600 1985 manifestatur
2630 1930 2683 1985 in
2716 1944 2880 1985 carne
2921 1939 3131 1983 nostra.
3176 1927 3294 1984 Non
3328 1929 3527 1984 modici

219 2033 298 2091 tia
320 2048 453 2090 vero
478 2033 532 2088 in
559 2034 646 2088 via
674 2031 894 2103 quidem
925 2031 1142 2087 virtutis
1172 2042 1276 2096 ρει,
1308 2030 1404 2086 sed
1437 2028 1667 2086 necdum
1699 2043 1823 2099 per—
1925 2032 2106 2079 autem
2136 2023 2341 2080 laboris
2362 2030 2478 2090 est,
2510 2022 2587 2078 sic
2610 2023 2664 2076 in
2699 2022 2953 2091 praesenti
2984 2020 3188 2076 sacculo
3219 2021 3436 2085 vivere,
3469 2030 3527 2075 ut

220 2126 378 2184 venit
411 2124 481 2181 ad
510 2123 761 2181 calcem:
794 2123 922 2195 quia
958 2123 1279 2194 cupiditates
1308 2120 1485 2177 adhuc
1515 2120 1571 2175 in
1591 2118 1711 2189 ejus
1731 2118 1824 2191 qui
1921 2115 2209 2186 jam-nunc
2235 2114 2345 2169 vita
2367 2112 2498 2170 Jesu
2532 2113 2909 2169 mauiicsletur
2940 2114 2993 2168 in
3020 2127 3188 2168 carne
3214 2123 3418 2167 nosne.
3453 2113 3528 2168 Ita

223 2235 291 2277 se
329 2218 603 2283 continet,
648 2216 981 2289 cogitatione
1021 2225 1350 2283 nascuntur,
1399 2225 1453 2271 et
1482 2213 1680 2270 mentis
1710 2211 1826 2283 pul-

218 2310 386 2368 iuunt
426 2308 761 2380 principale,
792 2308 922 2365 licet
962 2324 1072 2365 non
1113 2318 1373 2380 superent
1397 2346 1413 2373 ,
1458 2319 1560 2362 nec
1595 2304 1665 2361 ad
1690 2319 1828 2376 opus

222 2402 553 2476 pertrahant
573 2402 931 2474 cogitantem.
976 2400 1094 2457 Non
1125 2401 1302 2457 solum
1324 2407 1504 2455 autem
1535 2399 1591 2454 in
1613 2396 1829 2454 deside-

226 2496 332 2554 riis
379 2504 436 2551 et
485 2494 782 2563 cupiditate
809 2536 824 2561 ,
875 2492 1208 2549 continentia
1237 2490 1548 2549 necessaria
1578 2498 1701 2558 est,
1731 2490 1826 2546 sed

227 2589 397 2645 etiam
425 2589 479 2643 in
507 2587 682 2644 tribus
706 2586 932 2658 reliquis
957 2585 1470 2657 perturbationibus,
1505 2584 1697 2641 dolore
1722 2585 1825 2640 sci-

227 2679 392 2748 licet,
421 2679 606 2736 laatitia
634 2691 685 2735 et
713 2679 928 2735 timore.
969 2676 1252 2735 Adversus
1284 2675 1593 2747 huiusmodi
1621 2675 1831 2733 fructus

226 2772 457 2845 spiritus
474 2816 490 2843 ,
530 2787 639 2829 non
667 2783 756 2830 est
802 2770 933 2829 Lex.
980 2768 1136 2829 Iusto
1163 2770 1358 2841 quippe
1384 2768 1495 2826 Lex
1513 2784 1617 2825 non
1638 2777 1713 2825 est
1738 2786 1832 2841 po-

226 2867 361 2923 sita:
391 2865 582 2934 iniquis
607 2874 781 2921 autem
804 2873 852 2923 et
876 2880 980 2920 non
1011 2862 1259 2936 subjectis
1277 2904 1292 2929 ,
1326 2862 1500 2935 impiis
1526 2870 1574 2917 et
1607 2870 1831 2929 peccato-

231 2957 379 3013 ribus
401 2957 444 3030 (l
470 2955 610 3014 Tim.
645 2972 682 3026 t,
712 2956 794 3030 9).
828 2955 939 3012 Lex
969 2954 1103 3010 mihi
1131 2955 1296 3011 dicit:
1334 2952 1459 3009 Non
1477 2954 1830 3011 adulterabis:

230 3068 337 3107 non
370 3050 568 3107 occides
590 3088 607 3116 ,
637 3065 743 3106 non
769 3049 963 3120 falsum
984 3047 1332 3103 testimonium
1357 3047 1534 3104 dices:
1564 3064 1666 3103 non
1685 3051 1834 3118 frau—

231 3143 425 3199 dabis:
465 3159 569 3197 non
609 3139 929 3198 desiderabis
965 3139 1179 3196 aliena:
1220 3154 1326 3194 non
1368 3139 1702 3212 perjurabis:
1732 3155 1834 3195 non

1926 2210 2073 2265 enim
2105 2208 2527 2263 viviﬁcabuntur
2554 2216 2610 2263 et
2654 2206 2903 2263 mortalia
2941 2219 3170 2275 corpora
3203 2214 3389 2262 nostra
3434 2219 3530 2275 per

1930 2299 2325 2356 inhabitantem
2351 2298 2403 2354 in
2430 2299 2586 2355 nobis
2607 2298 2884 2370 spiritum.
2902 2298 3002 2355 Ubi
3018 2298 3242 2354 Latinus
3263 2298 3532 2367 interpres

1928 2396 2055 2451 vitia
2086 2396 2300 2466 posuit,
2332 2393 2388 2452 in
2436 2394 2630 2451 Graeco
2660 2396 2973 2466 παθήματα,
3020 2394 3071 2447 id
3114 2401 3226 2462 est,
3268 2393 3531 2462 passiones

1930 2488 2206 2560 leguntur.
2242 2488 2308 2542 Et
2337 2488 2464 2557 quia
2498 2487 2679 2557 passio
2711 2494 2887 2557 potest
2909 2496 2962 2540 et
2990 2485 3263 2549 dolorem,
3289 2494 3340 2539 et
3368 2493 3565 2538 οευιεοι

1933 2597 2021 2639 ras
2063 2581 2420 2637 necessitates
2447 2579 2762 2651 signiﬁcare
2792 2578 3135 2647 corpusculi,
3166 2586 3327 2632 caute
3382 2578 3530 2644 Apo-

1932 2675 2103 2731 stolus
2154 2674 2629 2730 intulildesideria
2670 2690 2690 2729 :
2721 2681 2779 2730 ut
2832 2690 2939 2728 non
2989 2682 3237 2728 naturam
3287 2671 3536 2741 corporis

1934 2768 2212 2825 videretur
2241 2769 2294 2825 in
2317 2768 2692 2838 spiritualibus
2731 2769 2865 2824 viris
2891 2782 3120 2840 negare,
3154 2766 3251 2823 sed
3279 2766 3434 2821 vitia.
3471 2769 3536 2822 Et

1937 2865 2041 2920 hoc
2071 2864 2146 2919 ita
2185 2862 2526 2920 admonitum
2573 2865 2676 2926 sit,
2709 2862 2753 2917 si
2788 2862 3070 2933 Vulgatam
3112 2860 3413 2916 editionem
3452 2878 3543 2917 se»

1936 2956 2177 3027 quimur,
2226 2956 2519 3026 legentes:
2553 2953 2659 3020 Qui
2706 2963 2877 3011 autem
2925 2964 3045 3009 sunt
3093 2954 3287 3010 Christi
3336 2968 3539 3009 cantent

1936 3047 1966 3090 ιδ
1995 3049 2367 3120 cruci/iurant
2398 3064 2512 3103 cum
2540 3048 2680 3103 uitiis
2724 3055 2771 3101 et
2802 3049 3232 3119 concupiscentiis
3274 3063 3292 3101 :
3338 3057 3397 3102 ut
3427 3064 3537 3103 non

1936 3156 2157 3197 carnem
2186 3139 2389 3197 Christi
2410 3184 2424 3210 ,
2458 3138 2554 3196 sed
2583 3152 2740 3195 suam
2763 3153 2859 3195 eos
2886 3139 3231 3195 cruciﬁxisse
3266 3139 3536 3197 dicamus.

231 3232 496 3305 {uraberis
526 3230 726 3304 (Exod.
751 3247 843 3295 xx.
878 3231 943 3285 12
971 3230 1138 3303 seqq.)
1164 3246 1179 3285 :
1212 3230 1259 3288 si
1284 3232 1399 3287 llaec
1425 3234 1630 3298 omnia,
1653 3230 1833 3288 fructu
1859 3241 1904 3305 (ε
1938 3236 2083 3292 Pone
2127 3235 2328 3292 oblitus
2357 3249 2479 3290 sum
2524 3233 2994 3305 interpretationis
3024 3234 3297 3289 secundae.
3338 3235 3535 3290 Predi-

230 3327 292 3387 in
335 3340 422 3382 me
453 3326 676 3396 spiritus
701 3326 971 3382 charitate
1004 3333 1286 3395 regnante,
1321 3340 1431 3382 non
1452 3323 1615 3392 facio,
1643 3340 1836 3396 supcr-

230 3422 346 3480 llua
378 3419 509 3475 mihi
532 3427 661 3479 sunt
689 3427 955 3490 praecepta
977 3417 1159 3489 Legis.
1210 3417 1455 3489 Denique
1483 3427 1539 3476 et
1562 3418 1835 3489 sapientes

231 3511 431 3574 mundi
452 3512 521 3569 de
553 3510 896 3582 philosophia
919 3511 1001 3567 sic
1030 3510 1242 3581 opinati
1266 3519 1416 3577 sunt,
1447 3520 1504 3566 ut
1523 3511 1666 3582 quod
1690 3510 1837 3581 leges

230 3604 471 3679 publicae
501 3603 681 3660 facere
714 3603 967 3661 homines
994 3603 1319 3660 necessitate.
1346 3605 1700 3674 compellunt,
1736 3604 1839 3663 hoc

231 3698 333 3757 illa
358 3696 686 3768 persuadeat
717 3697 831 3753 ﬁeri
863 3696 1162 3753 voluntate.

314 3786 501 3862 (Vers.
520 3786 641 3860 24.)
657 3787 759 3856 Qui
785 3796 954 3843 autem
970 3797 1087 3843 sunt
1105 3784 1321 3853 Christi,
1339 3802 1548 3843 carnem
1568 3786 1841 3856 cruci/iu-

234 3894 363 3941 runt
385 3899 505 3937 cum
527 3883 663 3937 uitiis
677 3891 723 3936 et
746 3881 1196 3954 concupiscentiis.
1215 3879 1481 3952 Origenes
1494 3879 1638 3936 hunc
1660 3881 1840 3939 locum

234 3976 620 4047 superioribus
644 3987 903 4043 nectens,
935 3975 1010 4033 ita
1034 3975 1169 4047 legit
1196 3990 1210 4029 :
1239 3975 1500 4031 Aduersus
1539 3974 1844 4048 hujusmodi

235 4086 343 4127 non
374 4078 451 4126 est
499 4068 640 4133 Lex,
683 4069 773 4141 qui
817 4078 842 4108 α
872 4068 1066 4124 Christi
1090 4084 1299 4125 carnem
1321 4068 1699 4137 cruci/iceram
1726 4084 1843 4124 cum

238 4163 377 4219 vitiis
395 4173 446 4219 et
464 4161 897 4235 concupiscentiis
921 4177 939 4215 :
973 4170 1031 4217 ut
1057 4176 1165 4219 non
1186 4160 1327 4218 sicut
1354 4159 1412 4215 in
1444 4159 1637 4216 Latino
1662 4169 1841 4227 sonat,

240 4268 339 4313 eos
365 4254 455 4327 qui
479 4254 681 4311 Christi
706 4262 864 4322 sunt,
893 4268 1118 4311 carnem
1145 4268 1302 4310 suam
1334 4252 1477 4310 dicat
1506 4253 1847 4312 crucilixisse

240 4363 369 4405 cum
399 4347 543 4403 vitiis
589 4356 645 4405 et
684 4347 1180 4423 concupiscentiis;
1231 4347 1327 4405 sed
1377 4346 1581 4404 Christi
1625 4363 1845 4406 carnem

240 4440 316 4498 ab
342 4439 430 4496 bis
458 4454 583 4497 cum
630 4441 781 4498 vitiis
807 4450 863 4497 et
906 4440 1366 4513 concupiscentiis
1406 4441 1743 4500 cruciﬁxum.
1780 4442 1850 4501 Et

242 4533 442 4606 quaerit
466 4534 746 4605 quomodo
774 4533 831 4591 in
864 4535 950 4591 his
968 4536 1062 4607 qui
1089 4536 1300 4593 fructus
1323 4536 1549 4604 spiritus
1581 4537 1845 4607 habeant,

1938 3345 2127 3387 xeram
2157 3330 2304 3387 enim
2336 3329 2521 3384 omnia
2542 3344 2665 3401 quae
2692 3337 2999 3397 sequuntur
3028 3328 3093 3383 ad
3120 3327 3353 3400 Legem,
3387 3338 3443 3385 et
3470 3328 3538 3385 ad

1936 3422 2417 3480 circumcisiouem
2465 3436 2589 3478 esse
2629 3420 2939 3478 referenda.
2973 3421 3179 3478 Sensus
3224 3422 3407 3494 itaque
3437 3423 3541 3481 iste

1938 3525 2024 3574 est
2048 3533 2062 3570 :
2083 3512 2141 3572 In
2171 3512 2368 3587 quibus
2393 3523 2481 3571 est
2500 3514 2709 3570 fructus
2731 3514 3540 3586 spiritus.eharitas,gaudium,

1940 3615 1999 3665 et
2032 3607 2278 3678 reliqua,
2313 3606 2367 3661 hi
2399 3620 2725 3677 corpoream
2755 3605 3057 3678 Scriptura:
3086 3605 3496 3677 intelligentiam
3521 3648 3537 3674 ,

1940 3716 2063 3772 quas
2085 3715 2231 3755 nunc
2256 3713 2388 3755 caro
2406 3696 2618 3754 Christi
2650 3698 2981 3769 appellatur,
3006 3692 3392 3754 crucillxeruut
3417 3712 3540 3753 cum

1942 3794 2106 3869 διε
2138 3792 2488 3864 passionibus
2513 3792 2632 3862 ejus
2678 3799 2735 3846 et
2777 3792 3099 3862 desideriis,
3133 3804 3255 3863 quae
3277 3800 3548 3864 generant

1942 3886 2191 3958 parvulis
2227 3894 2390 3955 atque
2423 3883 2750 3940 lactentibus
2775 3884 3012 3941 fomenta
3040 3885 3321 3941 vitiorum.
3352 3882 3544 3942 Cruci;

1944 3982 2097 4039 iixite
2120 3982 2326 4038 Christi
2355 3996 2602 4051 carnem,
2623 3981 2716 4052 qui
2745 3996 2851 4036 non
2873 3982 3029 4052 juxta
3051 3995 3269 4037 carnem
3302 3978 3547 4035 historiae

1945 4076 2178 4140 militat,
2208 4074 2304 4131 sed
2321 4074 2571 4145 spiritum
2601 4074 2876 4147 allegoriae
2899 4074 3145 4145 sequitur
3172 4073 3547 4143 praeviantem.

2017 4167 2203 4241 (Vers.
2232 4165 2353 4240 25.)
2394 4168 2456 4223 Si
2485 4167 2513 4207 ἀ
2542 4168 2734 4239 spiritu
2776 4167 3021 4234 vivimus,
3069 4168 3258 4237 spiritu
3282 4173 3331 4220 et
3368 4164 3549 4219 ambu—

1950 4259 2135 4315 lemus.
2165 4258 2395 4317 Utamur
2445 4259 2552 4315 hoc
2597 4259 2916 4317 testimonio
2961 4259 3276 4315 adversum.
3309 4272 3411 4315 eos
3457 4258 3550 4328 qui

1948 4352 2142 4409 nolunt
2179 4352 2493 4423 Scripturas
2536 4351 2904 4423 spiritualiter
2930 4351 3258 4423 intelligere.
3290 4351 3422 4418 Quis
3464 4357 3552 4407 est

1947 4454 2130 4503 autem
2157 4447 2251 4517 qui
2284 4446 2417 4501 vivit
2439 4446 2641 4517 spiritu
2661 4487 2677 4513 ,
2713 4446 2818 4502 nisi
2858 4444 3215 4502 absconditus
3246 4443 3410 4501 homo
3440 4458 3543 4499 no-

1951 4545 2085 4602 ster,
2114 4538 2206 4607 qui
2224 4547 2278 4593 et
2293 4539 2449 4607 juxta
2477 4552 2699 4595 carnem
2725 4538 2997 4595 interdum
3027 4538 3170 4594 solet
3188 4535 3551 4595 vivere?Sed

242 4634 301 4684 et
352 4624 644 4683 adversum
694 4641 834 4698 quos
886 4625 1002 4685 Lex
1054 4641 1178 4684 esse
1227 4628 1510 4695 cessavit,
1570 4624 2079 4687 crucliixioDcum
2108 4631 2301 4701 spiritu
2334 4629 2570 4697 vixerit,
2598 4631 2796 4701 spiritu
2839 4630 3105 4687 ambulat.
3127 4631 3260 4686 Cum
3304 4632 3357 4686 in
3388 4646 3560 4688 carne

243 4717 428 4775 carnis
459 4717 761 4776 Dominicaa
788 4727 1020 4791 ponatur
1043 4721 1097 4777 in
1120 4720 1313 4787 laude,
1344 4737 1468 4777 eum
1495 4721 1563 4777 ad
1593 4721 1848 4779 Hebraeos

241 4812 301 4870 in
329 4813 729 4886 vituperatione
759 4815 832 4870 sit
854 4815 1091 4885 positum
1117 4832 1129 4869 :
1152 4814 1386 4871 Rursum
1414 4815 1771 4886 cruciﬁgentes
1795 4817 1850 4873 in

246 4907 536 4979 semetipsis
556 4905 759 4962 Filium
777 4906 903 4973 Dei,
922 4918 971 4963 et
993 4910 1216 4964 ostentui
1228 4907 1643 4984 slﬁhabentes
1660 4909 1847 4985 (Hebr.

244 4999 421 5071 vi,6).
448 4998 557 5054 Pro
588 5015 769 5056 rursus
798 5000 1187 5077 cruciﬁgentes,
1216 5001 1409 5057 melius
1438 5019 1601 5059 unum
1623 5003 1853 5061 verbum

246 5092 614 5164 compositum
651 5092 703 5147 in
729 5090 919 5151 Graeco
948 5103 1064 5164 est,
1093 5096 1575 5173 ἁναστανροῦντις,
1596 5096 1739 5167 quod
1759 5113 1859 5154 nos

246 5184 603 5255 interpretari
635 5199 959 5257 possumus,
993 5187 1424 5258 recraci/igeutes.
1457 5187 1699 5247 Primum
1729 5203 1859 5261 ergo

258 5276 560 5333 notandum
591 5276 736 5348 quod
777 5276 923 5334 aliud
953 5276 1023 5332 sit
1048 5276 1387 5351 crucifigere,
1420 5278 1562 5334 aliud
1588 5280 1861 5336 recruciii-

250 5380 410 5442 gere.
433 5366 640 5425 Deinde
661 5368 783 5441 quia
802 5384 909 5425 nun
926 5368 1162 5443 idipsum
1177 5371 1247 5427 sit
1269 5371 1653 5443 recruciﬂgere
1668 5369 1862 5428 Filium

251 5460 379 5529 Dei,
406 5470 465 5519 et
485 5460 811 5533 cruciﬁgere
832 5478 1055 5521 carnem
1068 5462 1272 5521 Christi
1288 5479 1411 5521 cum
1430 5464 1578 5521 vitiis
1601 5476 1653 5521 et
1668 5479 1867 5525 concu-

327 5635 354 5664 ο
388 5624 548 5682 Unus
579 5622 809 5679 Palatin.
834 5624 1032 5682 Christi
1056 5644 1254 5687 nomen
1288 5629 1374 5687 hic
1406 5636 1567 5686 tacet.

327 5694 359 5736 δ
383 5696 609 5773 yuigati
628 5695 722 5749 alii
739 5696 893 5773 libri,
919 5714 1124 5773 carnem
1144 5716 1294 5773 suam
1312 5702 1724 5773 feraci/icerant,
1755 5708 1859 5758 etc.

260 5738 527 5898 “ﬁgo”
546 5738 685 5820 m'ss.
708 5738 1124 5839 isi'iiiiiiiiiiiis":
1144 5738 1867 5843 ”ὓῖέὶἑίῖἕίῖ’¹ἱὲἱὲιί”ἃλῗίὶῖἒ

1954 4722 2190 4780 voluerit
2232 4722 2543 4790 ambulare,
2596 4722 2789 4779 vivens
2835 4732 3083 4780 mortuus
3128 4734 3232 4780 est.
3287 4723 3383 4780 Vir
3428 4734 3556 4795 peri

1955 4814 2133 4873 iectus
2159 4815 2212 4871 in
2240 4812 2499 4883 Christo,
2534 4828 2756 4886 semper
2804 4815 2939 4873 vivit
2985 4814 3041 4872 in
3079 4817 3275 4887 spiritu
3306 4834 3318 4872 :
3344 4816 3561 4889 spiritui

1958 4908 2174 4975 obedit,
2207 4924 2502 4980 numquam
2536 4909 2669 4965 vivit
2692 4912 2744 4965 in
2773 4926 2961 4967 carne.
2995 4911 3063 4967 Et
3093 4923 3286 4968 eontra
3318 4928 3334 4970 :
3365 4910 3468 4981 Qui
3496 4927 3558 4967 se

1957 5009 2133 5059 totum
2158 4998 2311 5057 cerni
2339 4998 2590 5068 dederit,
2618 5010 2676 5059 et
2704 5001 3053 5074 passionibus
3074 5001 3380 5071 dcputarit,
3408 5014 3564 5059 nume

1959 5110 2123 5167 quam
2145 5096 2279 5151 vivit
2299 5095 2353 5151 in
2381 5094 2605 5167 spiritu.
2633 5094 2781 5152 inter
2804 5094 2907 5153 hos
2929 5095 3094 5151 medii
3121 5107 3243 5151 sunt
3264 5137 3278 5163 ,
3304 5109 3443 5166 quos
3463 5112 3565 5152 nec

1962 5186 2272 5258 spirituales
2302 5201 2597 5258 possumus
2625 5185 2940 5260 appellare,
2997 5201 3098 5243 nec
3148 5202 3411 5255 cuneos;
3469 5189 3565 5245 sed

1962 5278 2057 5349 qui
2105 5280 2246 5335 inter
2274 5282 2505 5335 virtutes
2536 5289 2591 5336 et
2616 5281 2744 5339 vitia
2776 5281 3138 5349 ﬂuctuantes,
3173 5297 3319 5339 nunc
3355 5281 3423 5339 ad
3454 5299 3568 5339 me-

1966 5371 2103 5431 liora
2148 5372 2525 5439 retrahuntur,
2556 5387 2614 5430 et
2639 5375 2864 5447 spiritus
2887 5383 3017 5432 sunt
3044 5392 3060 5430 :
3092 5390 3238 5431 nunc
3261 5377 3447 5432 carnis
3481 5376 3566 5451 lu-

1970 5465 2122 5524 brico
2148 5468 2590 5539 supplantantur,
2623 5478 2678 5526 et
2706 5485 2837 5526 caro
2866 5479 3018 5527 sunt.

2036 5630 2300 5711 §_Palati_n
2349 5651 2453 5693 ms.
2511 5650 2635 5692 cum
2680 5636 2951 5711 Y‘iclorio,
2995 5638 3039 5694 si
3089 5638 3304 5711 eirimus
3353 5626 3572 5711 spiritu,

1964 5706 2168 5791 spiritui
2213 5705 2631 5791 obtemperantis.
2687 5706 2928 5791 Utantur,
2961 5717 3068 5768 etc.
3102 5708 3309 5778 Quibus
3354 5705 3407 5769 et
3448 5705 3575 5770 sub;

1968 5790 2107 5857 nexa
2142 5785 2315 5852 ntagis
2345 5785 2616 5838 consonat
2639 5785 2928 5855 expositio.
