4046 6334
575 204 682 261 425

1812 193 1872 252 5.
1915 193 2189 252 EUSEBII
2227 191 2609 250 HIERONYMI

3775 193 3878 252 ἆυ

648 317 829 390 (Vcrs.
873 311 992 384 26.)
1043 311 1170 367 Non
1199 311 1488 381 efﬁciamur
1515 307 1689 363 inanis
1723 306 1908 381 gloria:
1956 307 2169 377 cupidi,
2200 309 2249 370 Α
2279 307 2534 378 ﬁngenda
2561 315 2690 362 sunt
2729 306 3000 362 nomina:
3029 305 3154 378 quia
3205 303 3293 362 hic
3317 305 3520 362 dictum
3563 315 3656 362 est
3703 322 3718 361 :
3768 307 3883 364 Non

579 411 796 466 inuicem
842 414 1210 479 provocantes,
1255 403 1472 457 invicem
1516 401 1821 455 invidentes.
1856 397 2030 454 Unum
2056 413 2179 453 ver-

581 504 710 561 bum
755 500 897 571 apud
944 499 1167 555 Graecos
1209 494 1491 562 κενόδοξοι,
1528 494 1692 548 trium
1745 491 2040 547 verborum
2069 490 2176 544 cir-

578 597 729 654 cuitu
780 594 1051 663 interpres
1099 588 1330 646 Latinus
1376 586 1666 658 expressit.
1713 583 1950 653 Quantas
1997 591 2175 637 autem

582 687 777 744 habeat
803 682 1184 749 deﬁnitiones,
1212 691 1266 738 et
1296 679 1696 752 signiﬁcantias
1737 676 1941 746 gloria,
1971 684 2026 730 et
2057 672 2177 744 phi-

576 777 929 847 losOphorum
981 773 1417 830 innumerabiles
1449 771 1605 839 libri,
1662 779 1716 826 et
1757 769 2041 826 Ciceronis
2070 767 2180 822 duo

578 873 895 941 volumina,
951 885 1077 942 qua:
1130 870 1194 923 de
1248 867 1417 939 gloria
1469 866 1722 936 scripsit,
1784 863 1978 919 inditio
2031 870 2176 916 sunt.

577 967 781 1024 Verum
834 980 934 1021 nos
980 965 1106 1036 quia
1138 979 1244 1019 non
1289 961 1588 1019 verborum
1641 958 2033 1031 etymologias,
2083 955 2178 1011 sed

581 1061 886 1132 Scriptura:
915 1074 1136 1116 sensum
1183 1055 1460 1112 disserere
1490 1068 1774 1120 conamur,
1817 1051 1889 1107 ita
1922 1049 2066 1104 hunc
2095 1048 2181 1102 lo-

578 1169 702 1211 cum
748 1168 870 1210 cum
917 1149 1298 1222 superioribus
1350 1146 1730 1218 copulabimus
1773 1142 1872 1199 :Si
1916 1152 1941 1178 λ
1983 1141 2178 1212 spiritu

579 1247 844 1313 vivimus,
887 1244 1106 1316 spiritui
1160 1243 1634 1312 ohtemperemus,
1691 1251 2032 1308 nequaquam
2085 1251 2182 1304 per

581 1337 783 1410 Legem
803 1379 817 1404 ,
839 1337 934 1392 sed
961 1351 1058 1407 per
1077 1334 1400 1391 charitatem
1426 1331 1581 1388 nobis
1603 1328 1833 1386 invicem
1857 1328 2176 1384 servientes.

581 1431 702 1487 Non
723 1429 987 1485 debemus
1018 1427 1088 1484 de
1111 1426 1522 1497 Scripturarum
1552 1422 2006 1493 interpretatione
2051 1434 2182 1476 con-

580 1522 808 1580 tendere
838 1530 894 1578 et
939 1521 1125 1578 dicere
1173 1537 1186 1574 :
1227 1516 1590 1574 Circumcisio
1635 1516 1832 1572 melior
1879 1526 1962 1570 est
1996 1530 2008 1565 ;
2038 1528 2176 1578 non,

579 1615 678 1674 sed
707 1615 1055 1687 praeputium.
1083 1610 1494 1669 Contemnenda
1520 1608 1751 1666 historia
1773 1650 1788 1676 ,
1825 1617 1881 1664 et
1920 1605 2178 1678 allegoria

2281 401 2574 473 efﬁciamur
2617 401 2808 467 inanis,
2850 401 2936 456 vel
2985 416 3161 456 vacute
3189 401 3376 472 gloria:
3402 401 3578 474 cupidi
3611 417 3629 455 :
3660 417 3764 457 nos
3792 417 3882 460 eos

2281 510 2592 550 asset-anius
2635 495 2810 567 plena:
2849 495 3039 564 gloria:
3070 509 3195 552 esse
3222 495 3484 565 cupidos,
3513 497 3607 566 qui
3653 497 3881 568 gloriam

2281 587 2376 642 Dei
2433 587 2782 654 desiderant,
2828 595 2888 644 et
2931 587 3148 644 laudem
3181 586 3386 644 virtute
3429 588 3793 660 condignam,
3830 597 3880 644 et

2283 689 2562 749 aspectum
2595 679 2835 735 divinius
2863 679 3071 752 aliquid
3125 680 3527 737 ostendentem.
3555 679 3721 738 Unde
3750 690 3805 736 et
3832 682 3880 736 in

2284 771 2560 842 plerisque
2597 772 2751 828 locis.
2788 771 2971 828 Nostri
3001 773 3322 844 majestatem
3356 787 3456 842 pro
3484 771 3659 842 gloria
3709 781 3880 829 trans-

2284 864 2545 919 tulerunt.
2578 863 2697 920 Jam
2727 863 2930 919 dudum
2977 865 3142 935 cupio
3196 865 3248 920 in
3279 863 3446 921 verba
3493 880 3877 936 prorumpere,

2283 955 2379 1012 scd
2405 965 2598 1012 teneor
2629 960 2825 1014 timore
2854 956 3093 1014 dicendi.
3123 957 3307 1012 Dicam
3337 968 3513 1014 tamen
3534 998 3547 1024 ,
3579 973 3682 1013 nec
3701 957 3880 1014 tacebo

2282 1052 2594 1122 passionem
2624 1067 2798 1110 meam
2819 1093 2835 1118 ,
2865 1053 3170 1123 passionem
3195 1068 3335 1124 pene
3355 1068 3712 1110 communem
3736 1095 3752 1121 ,
3779 1069 3880 1110 non

2285 1142 2352 1198 de
2382 1143 2621 1212 divitiis,
2647 1160 2755 1200 non
2783 1143 2850 1199 de
2880 1144 3121 1214 potentia
3140 1185 3155 1210 ,
3188 1158 3295 1200 non
3342 1143 3412 1200 de
3440 1144 3879 1215 pulchritudine,

2285 1244 2340 1292 ct
2365 1251 2656 1306 corporum
2688 1244 3014 1304 venustate;
3064 1240 3180 1293 haec
3225 1238 3374 1294 enim
3417 1237 3708 1295 manifeste
3751 1239 3884 1294 inter

2285 1333 2468 1388 carnis
2511 1348 2678 1402 opera
2709 1343 2731 1372 ε
2769 1333 3144 1388 nominantur.
3183 1331 3550 1404 Eleemosyna
3579 1333 3624 1388 si
3669 1332 3740 1389 ob
3771 1333 3883 1389 lau-

2284 1425 2407 1482 dem
2437 1426 2562 1492 ﬁat,
2605 1426 2782 1482 inanis
2805 1437 2888 1482 est
2929 1427 3100 1498 gloria
3136 1445 3148 1480 :
3183 1427 3341 1498 longa
3367 1427 3578 1496 oratio,
3615 1427 3790 1496 pallor
3817 1442 3881 1483 ex

2279 1519 2490 1590 jejunio
2508 1534 2764 1591 sequens.
2798 1519 2914 1575 Non
2948 1535 3068 1576 mea
3094 1530 3222 1575 sunt
3249 1519 3416 1576 verba
3432 1560 3448 1585 ,
3470 1520 3563 1576 sed
3584 1519 3882 1575 Salvatoris

2287 1612 2338 1666 in
2374 1613 2668 1684 Evangelio
2687 1613 3022 1684 pertonantis
3047 1611 3265 1684 (Matth.
3297 1610 3398 1683 γι).
3421 1612 3540 1684 Ipsa
3566 1627 3787 1685 quoque
3804 1625 3885 1668 ca-

578 1709 857 1782 sequenda
896 1708 1066 1764 immo
1094 1706 1354 1778 allegoria
1386 1720 1521 1761 vana
1549 1712 1634 1759 est
1659 1713 1714 1758 et
1743 1701 2055 1756 umbratica
2077 1740 2093 1766 ,
2126 1708 2181 1754 et
2213 1699 2258 1760 B
2284 1705 2444 1761 stitas
2473 1705 2633 1777 517
2660 1706 2714 1761 in
2760 1704 3112 1763 matrimonio
3138 1747 3154 1772 ,
3187 1705 3453 1762 viduitate
3478 1746 3495 1773 ,
3536 1704 3844 1776 virginibus
3867 1745 3881 1770 ,

585 1803 752 1860 nullis
774 1803 1024 1860 veritatis
1072 1801 1176 1856 ﬁxa
1205 1799 1500 1855 radicibus.
1533 1795 1684 1854 Unde
1727 1795 1938 1862 evenit,
1963 1804 2020 1848 ut
2046 1791 2182 1847 invi-

583 1913 702 1954 cem
748 1905 1044 1954 nascantur
1085 1893 1328 1950 invidiae.
1384 1890 1678 1946 Excludere
1727 1889 1899 1959 enim,
1948 1888 2054 1956 ait,
2097 1902 2183 1941 vos

583 1993 763 2048 uolunt
781 2033 796 2058 ,
831 2001 885 2046 ut
913 1989 1037 2046 illos
1066 1989 1381 2046 atmulemini
1402 2004 1420 2043 :
1443 2003 1552 2044 non
1585 1998 1693 2043 tam
1711 1988 2001 2042 veritatem
2024 1981 2184 2055 Legis

583 2087 831 2144 volentes
861 2084 1094 2154 docere,
1135 2100 1297 2156 quam
1339 2085 1583 2140 vincere.
1631 2080 1708 2137 Ne
1752 2089 1934 2136 autem
1968 2078 2186 2148 penitus

582 2179 812 2236 verbum
844 2177 1034 2250 gloriae
1064 2176 1547 2247 praetermittamus
1574 2174 1836 2230 intactum
1857 2213 1872 2238 ,
1905 2185 2036 2225 suas
2066 2169 2188 2239 phi-

580 2272 828 2342 losophis
877 2269 1112 2341 ineptias
1139 2270 1550 2339 relinquentes,
1575 2266 1645 2322 de
1683 2265 1847 2336 516
1887 2261 2186 2334 Scripturis

585 2367 770 2438 aliqua
822 2374 1206 2421 retractemus.
1267 2361 1594 2430 Opinionem
1648 2362 1818 2430 vulgi,
1868 2368 1922 2414 et
1969 2357 2184 2413 laudem

587 2459 870 2514 hominum
922 2457 1108 2512 favore
1135 2456 1458 2527 quaesitam,
1503 2453 1698 2526 gloria:
1747 2467 1946 2508 nomen
1993 2459 2182 2515 sonat,

585 2550 676 2605 ubi
708 2548 913 2605 dicitur
944 2565 959 2602 :
997 2548 1188 2603 Omnia
1215 2559 1386 2602 autem
1417 2547 1656 2619 faciunt,
1691 2555 1746 2599 ut
1785 2545 1848 2599 ab
1891 2542 2185 2598 hominibus

582 2643 944 2718 gloriﬁcentur
984 2640 1166 2713 (Matt.
1221 2656 1389 2708 xxnt,
1438 2641 1518 2710 5).
1553 2639 1622 2694 Et
1673 2637 1804 2694 alibi
1853 2655 1866 2691 :
1909 2637 2184 2706 Quomodo

586 2738 801 2810 potestis
827 2736 1036 2790 credere
1055 2779 1070 2805 ,
1104 2733 1326 2811 gloriam
1354 2734 1419 2788 ab
1439 2733 1653 2788 invicem
1676 2741 1958 2804 quaerentes
1989 2729 2181 2803 (Joan.

584 2844 653 2898 v,
692 2828 822 2902 44)?
863 2830 1035 2885 Porro
1065 2830 1120 2886 in
1152 2829 1349 2884 bonam
1381 2837 1592 2899 partem
1623 2826 1675 2881 in
1703 2825 1896 2882 eodem
1929 2826 2051 2881 loco
2075 2842 2088 2878 :
2116 2823 2188 2879 Et

583 2921 809 2994 gloriam
839 2921 903 2976 ab
934 2939 992 2978 eo
1040 2923 1130 2994 qui
1169 2922 1316 2978 solus
1346 2930 1446 2988 est,
1488 2936 1592 2975 non
1633 2928 1936 2989 querentes.
1973 2918 2051 2973 Ex
2076 2933 2185 2989 quo

585 3014 936 3087 intelligimus
962 3014 1102 3072 idem
1128 3016 1354 3071 verbum
1373 3058 1387 3082 ,
1411 3029 1556 3068 nunc
1576 3013 1834 3069 virtutem
1853 3012 2182 3082 signiﬁcare,

2287 1820 2434 1876 saepe
2449 1805 2695 1876 plausum
2720 1805 3222 1876 qurerithumanum
3243 1821 3255 1858 :
3275 1811 3333 1860 et
3345 1803 3487 1874 quod
3502 1803 3709 1859 dudum
3725 1802 3884 1857 timeo

2290 1898 2497 1964 dicere,
2530 1897 2625 1954 sed
2649 1897 2938 1954 dicendum
2973 1905 3077 1965 est,
3101 1895 3424 1970 martyrium
3456 1895 3659 1968 ipsum,
3694 1895 3740 1950 si
3769 1892 3883 1949 ideo

2290 1996 2386 2051 ﬁat
2413 2004 2474 2051 ut
2496 1994 2847 2051 admirationi
2892 2003 2948 2050 et
3002 1993 3149 2050 laudi
3199 1993 3500 2048 habeamur
3543 2007 3574 2046 a
3605 1991 3878 2056 fratribus,

2291 2087 2495 2145 frustra
2513 2086 2736 2158 sanguis
2757 2086 2977 2142 effusus
3005 2095 3112 2142 est.
3143 2086 3424 2156 Loquatur
3447 2082 3748 2157 Apostolus
3765 2122 3779 2147 ,
3808 2081 3882 2137 lo-

2291 2191 2488 2255 quatur
2513 2183 2803 2240 electionis
2831 2198 2927 2239 vas
2951 2198 2965 2236 :
2999 2181 3062 2238 Si
3081 2179 3350 2235 tradidero
3381 2195 3572 2251 corpus
3620 2195 3812 2246 meum,
3835 2186 3884 2231 ut

2289 2277 2502 2350 glorier,
2534 2274 2842 2330 charitatem
2881 2283 3054 2328 autent
3082 2289 3188 2328 non
3208 2273 3448 2340 habeam,
3478 2271 3615 2326 nihil
3631 2270 3759 2326 mihi
3774 2285 3888 2342 pro—

2291 2369 2403 2424 dest
2436 2368 2481 2440 (l
2512 2366 2637 2423 Cor.
2677 2383 2796 2434 xttt,
2821 2367 2855 2422 '5
2875 2368 2916 2438 ).
2951 2365 3033 2421 Illi
3065 2365 3160 2438 qui
3188 2364 3406 2421 dixerat
3437 2382 3452 2420 :
3484 2362 3610 2420 Scio
3640 2363 3888 2417 hominem

2289 2465 2346 2518 in
2371 2461 2604 2529 Christo,
2635 2473 2753 2516 ante
2773 2477 2943 2515 annos
2976 2458 3374 2531 quatuordecim
3394 2503 3408 2527 ,
3440 2459 3547 2512 sive
3572 2458 3629 2513 in
3659 2470 3886 2527 corpore,

2291 2559 2464 2614 nescio
2483 2599 2498 2624 ,
2530 2555 2635 2613 sive
2664 2567 2812 2612 extra
2848 2572 3038 2628 corpus
3056 2597 3073 2622 ,
3103 2555 3276 2610 nescio
3296 2595 3312 2620 ,
3343 2553 3486 2608 Deus
3515 2552 3614 2608 scit
3637 2591 3655 2620 ,
3688 2558 3887 2615 raptum

2291 2667 2454 2723 usque
2481 2649 2551 2704 ad
2582 2651 2785 2705 tertium
2813 2649 2999 2704 caelum
3027 2647 3097 2718 (ll
3127 2646 3250 2703 Cor.
3283 2661 3384 2715 ιιι,
3409 2645 3491 2717 2).
3527 2645 3592 2700 Et
3625 2653 3748 2714 post
3778 2654 3887 2696 mo-

2291 2745 2473 2801 dicum
2505 2762 2518 2799 :
2557 2744 2760 2813 Raptus
2787 2743 2842 2797 in
2879 2741 3222 2814 paradisum,
3257 2737 3456 2795 audivit
3487 2753 3688 2794 arcana
3717 2735 3884 2798 verba,

2292 2858 2408 2914 qua
2433 2857 2536 2896 non
2567 2838 2686 2894 licet
2707 2837 2906 2892 homini
2935 2836 3074 2908 loqui
3102 2853 3120 2890 :
3143 2833 3252 2902 illi,
3276 2833 3495 2904 inquam
3513 2831 3606 2905 qui
3641 2831 3758 2901 plus
3779 2842 3883 2884 om-

2294 2936 2456 2992 nibus
2484 2932 2753 2988 laboravit
2779 2973 2794 2998 ,
2818 2945 2889 2987 ne
2933 2927 3256 3000 magnitudo
3288 2925 3692 2982 revelationnm
3723 2919 3888 2977 extol-

2293 3026 2432 3082 leret
2460 3039 2614 3088 eum,
2639 3022 2800 3079 datus
2828 3031 2914 3078 est
2952 3020 3209 3077 stimulus
3247 3016 3428 3074 carnis
3473 3016 3590 3088 ejus
3619 3058 3637 3083 ,
3671 3014 3888 3085 angelus

585 3125 732 3166 nunc
760 3111 970 3166 vitium.
1002 3109 1061 3167 Si
1085 3109 1152 3166 ab
1174 3108 1490 3165 hominibus
1511 3123 1696 3178 quaero
1715 3107 1972 3178 gloriam,
1999 3106 2183 3161 vitium

2294 3117 2535 3185 Satanae,
2567 3117 2656 3189 qui
2685 3131 2806 3172 eum
2836 3113 3231 3187 colaphizaret,
3262 3123 3324 3167 ut
3354 3126 3464 3166 non
3491 3109 3802 3166 tolleretur.
3828 3105 3889 3160 Et

585 3214 667 3260 εει
685 3203 758 3259 :si
790 3218 819 3257 a
846 3203 977 3270 Deo,
1004 3202 1172 3258 virtus
1203 3212 1304 3266 est,
1329 3201 1424 3274 qui
1447 3209 1504 3258 et
1523 3199 1590 3256 ad
1615 3215 1800 3256 veram
1829 3215 1927 3256 nos
1951 3199 2183 3272 gloriam

586 3296 926 3369 cohortatur,
947 3295 1136 3354 dicens
1151 3315 1166 3351 2
1181 3295 1289 3350 Eos
1306 3306 1477 3350 autem
1491 3295 1578 3362 qui
1593 3310 1672 3349 me
1693 3295 2007 3366 gloriﬁcent,
2027 3295 2188 3366 glori-

586 3391 772 3462 ﬁcabo.
798 3391 1077 3464 Signiﬁcat
1106 3400 1164 3448 et
1192 3389 1340 3446 aliud
1364 3390 1417 3445 in
1445 3389 1743 3460 Scripturis
1771 3389 1968 3446 divinis
1991 3390 2184 3460 gloria,

585 3503 707 3544 cum
723 3488 1004 3559 augustius
1025 3487 1251 3558 aliquid,
1270 3495 1326 3541 et
1340 3483 1584 3540 divinius
1605 3483 1888 3540 hominum
1910 3498 1971 3539 se
1985 3483 2188 3552 praebet

587 3581 889 3638 obtutibus.
921 3580 1054 3636 Visa
1078 3591 1162 3635 est
1188 3578 1240 3634 in
1271 3577 1628 3634 tabernaculo
1653 3576 1827 3648 gloria
1857 3575 2108 3642 Domini,
2133 3585 2188 3631 et

588 3675 642 3730 in
673 3674 878 3742 templo
907 3671 1052 3744 quod
1085 3685 1114 3725 a
1145 3670 1439 3727 Salomone
1460 3678 1837 3726 constructum
1867 3679 1986 3736 est,
2012 3669 2184 3741 gloria

589 3775 707 3825 erat
737 3767 780 3838 (Ι
805 3766 935 3836 Reg.
958 3766 1100 3834 vni),
1131 3773 1186 3820 et
1212 3763 1267 3819 in
1298 3755 1436 3820 facie
1457 3761 1888 3835 Moysi,quando
1908 3763 2187 3820 nesciebat

587 3861 731 3933 quod
779 3859 1118 3930 gloriﬁcatus
1141 3866 1288 3915 esset
1323 3857 1509 3914 vultus
1537 3857 1656 3926 ejus
1707 3855 1905 3927 (Exod.
1960 3860 2073 3928 XL),
2118 3859 2188 3916 de

587 3966 694 4024 qua
719 3951 904 4006 vultus
927 3951 1133 4022 gloria,
1177 3960 1306 4021 puto
1353 3959 1409 4006 et
1449 3949 1772 4019 Apostolum
1805 3949 1988 4007 dicere
2025 3967 2045 4006 :
2075 3949 2186 4006 Nos

586 4052 760 4100 autem
789 4059 964 4099 omnes
1013 4044 1236 4098 revelata
1282 4044 1415 4115 facie
1441 4043 1668 4116 gloriam
1705 4042 1920 4097 Domini
1965 4054 2188 4100 contem-

590 4136 796 4207 plantes
820 4177 836 4202 ,
869 4137 926 4190 in
954 4135 1184 4191 eamdem
1205 4136 1487 4206 imaginem
1513 4135 1947 4207 transformamur
1968 4154 2001 4191 a
2020 4137 2190 4211 gloria

588 4231 644 4286 in
671 4230 913 4302 gloriam,
937 4231 1072 4286 sicut
1097 4249 1130 4286 a
1156 4229 1255 4286 Dei
1274 4230 1463 4302 spiritu
1492 4230 1557 4303 (ll
1583 4231 1705 4286 Cor.
1731 4247 1811 4296 ιιι,
1840 4230 1950 4302 id).
1983 4231 2048 4288 Et
2073 4233 2188 4305 ipse

587 4323 860 4392 Salvator,
905 4325 1165 4394 splendor
1202 4325 1395 4397 gloria:
1441 4335 1494 4382 et
1540 4325 1714 4397 ﬁgura
1744 4325 2063 4383 substantiae
2095 4327 2188 4383 Dei

589 4417 766 4475 dictus
791 4427 872 4474 est
903 4416 1093 4487 (Hebr.
1117 4422 1173 4488 I).
1208 4418 1354 4474 Vidit
1378 4427 1435 4476 et
1460 4419 1776 4491 Stephanus
1800 4420 2027 4491 gloriam
2057 4420 2181 4488 Dei,

2292 3223 2445 3270 certe
2468 3222 2554 3268 ter
2584 3211 2874 3267 Dominum
2901 3208 3123 3281 rogavit
3151 3214 3210 3263 ut
3239 3203 3542 3262 discederet
3563 3202 3638 3259 ab
3670 3217 3736 3258 eo
3760 3217 3774 3268 ε
3797 3197 3887 3256 sed

2291 3305 2494 3362 dictum
2526 3311 2610 3359 est
2637 3303 2687 3360 ei
2724 3320 2738 3358 :
2781 3301 2997 3372 Sufﬁcit
3027 3301 3120 3356 tibi
3145 3300 3316 3375 gratia
3345 3291 3462 3352 mea'
3491 3313 3510 3352 :
3538 3297 3708 3351 uirtus
3759 3292 3887 3349 enim

2290 3402 2342 3454 in
2368 3399 2666 3468 inﬁrmitate
2695 3396 2985 3468 perﬁcitur.
3008 3394 3150 3462 Quid
3174 3404 3282 3450 tam
3312 3392 3409 3449 Dei
3431 3406 3569 3464 opus
3593 3401 3706 3457 est,
3729 3399 3885 3460 quam

2291 3490 2606 3562 Scripturas
2634 3490 2824 3560 legere
2850 3530 2865 3556 ,
2899 3488 2953 3544 in
2985 3488 3231 3546 Ecclesia
3262 3485 3566 3559 praedicare
3589 3526 3606 3553 ,
3632 3481 3886 3541 sacerdo-

2293 3583 2426 3638 tium
2458 3597 2694 3652 cupere,
2727 3589 2856 3638 ante
2885 3581 3063 3639 altare
3101 3581 3317 3638 Domini
3361 3580 3679 3637 ministrare
3721 3578 3745 3633 ?
3785 3573 3885 3633 Sed

2291 3681 2348 3731 et
2377 3672 2516 3739 haec,
2541 3674 2648 3729 nisi
2677 3671 2873 3744 aliquis
2899 3673 3051 3729 omni
3092 3671 3378 3743 diligentia
3424 3671 3754 3728 custodierit
3797 3681 3888 3724 eor

2290 3781 2451 3822 suum
2471 3806 2486 3831 ,
2512 3764 2581 3821 de
2605 3765 2904 3836 cupiditate
2931 3765 3110 3821 laudis
3135 3764 3412 3820 oriuntur.
3443 3762 3649 3819 Videas
3683 3762 3888 3836 pleros-

2290 3874 2396 3930 que
2417 3858 2585 3931 (quod
2611 3859 2777 3914 etiam
2805 3857 3023 3914 Tullius
3049 3856 3149 3930 ait)
3180 3857 3349 3912 libros
3388 3871 3518 3912 suos
3546 3857 3616 3912 de
3645 3865 3885 3914 contem-

2293 3951 2469 4008 nenda
2505 3951 2681 4022 gloria
2718 3951 3023 4008 inscribere
3046 3993 3062 4018 ,
3093 3950 3119 3987 ά
3144 3961 3198 4006 et
3227 3963 3392 4005 causa
3442 3949 3654 4019 gloriae,
3688 3945 3884 4022 proprii

2293 4045 2528 4102 nominis
2543 4045 2732 4101 titulos
2749 4053 3077 4116 praenotare.
3095 4044 3529 4112 lnterpretamur
3541 4043 3764 4114 Suriptu
3774 4056 3880 4100 ras:

2291 4153 2438 4209 saepe
2486 4136 2751 4194 vertimus
2804 4137 3008 4206 stylum
3051 4154 3065 4192 :
3102 4152 3224 4208 qua:
3253 4136 3418 4207 digna
3451 4137 3688 4196 lectione
3736 4145 3878 4201 sunt,

2291 4231 2622 4297 scribimus;
2647 4239 2702 4287 et
2736 4229 2842 4286 nisi
2867 4227 3070 4287 Christi
3101 4244 3268 4285 causa
3297 4228 3451 4298 ﬁant,
3480 4229 3576 4286 sed
3607 4228 3880 4288 memoria:

2293 4325 2348 4381 in
2374 4336 2648 4395 posteros,
2677 4332 2734 4381 et
2762 4322 2920 4379 fama
2948 4322 3002 4378 in
3035 4321 3304 4394 populos,
3336 4330 3484 4378 totus
3516 4321 3670 4379 labor
3698 4323 3878 4379 irritus

2294 4419 2387 4475 ﬁet
2415 4437 2427 4472 :
2460 4428 2516 4476 et
2545 4419 2752 4475 erimus
2777 4418 2934 4489 quasi
2966 4425 3284 4490 tympanum
3316 4431 3546 4483 sonans,
3579 4425 3637 4474 et
3666 4415 3879 4490 cymba-

587 4519 644 4569 et
662 4510 849 4567 Jcsum
871 4484 1107 4568 stantem
1133 4484 1163 4566 a
1185 4510 1399 4568 dextris
1421 4512 1544 4582 ejus
1561 4484 1712 4584 (Act.
1751 4484 1869 4583 vn).
1902 4511 1972 4569 Ut
1999 4484 2181 4570 autem
2213 4484 2264 4546 Β
2291 4514 2398 4570 lum
2429 4527 2770 4584 concrepans
2796 4484 2859 4586 ξι
2895 4484 3019 4568 σον..
3050 4484 3146 4567 stu
3174 4510 3219 4582 ).
3250 4509 3451 4567 Videas
3481 4484 3776 4582 plerosque
3814 4504 3876 4561 de

587 4612 644 4661 et
662 4617 763 4660 nos
784 4602 941 4661 nobis
962 4603 1341 4676 ﬁngendorum
1365 4603 1647 4661 nominum
1679 4605 1956 4662 licentiam
1982 4621 2184 4675 praesn-

2284 4607 2582 4679 Scripturis
2606 4607 2748 4664 inter
2767 4621 2828 4663 se
2847 4603 3222 4662 contendere:
3249 4619 3282 4661 e
3309 4602 3626 4659 atbleticum
3657 4614 3679 4642 ο
3709 4613 3876 4657 scam-

582 4711 799 4754 mamus
821 4736 838 4764 ,
870 4697 1034 4753 rebus
1058 4696 1261 4770 quippe
1287 4697 1444 4754 novis
1469 4696 1570 4770 (ut
1593 4695 1716 4753 aitb
1749 4697 2011 4770 quidam)
2041 4715 2181 4756 nova
2284 4717 2373 4758 ma
2404 4700 2500 4757 Dei
2531 4699 2715 4758 facere
2743 4712 3054 4756 sermonem
3089 4714 3103 4752 :
3135 4696 3371 4753 invicem
3402 4703 3738 4768 provocant,
3765 4689 3874 4749 etsi

662 4847 690 4910 ει
719 4838 893 4910 Penes
918 4835 1219 4894 Victorium
1239 4879 1254 4905 ,
1281 4836 1342 4893 Si
1364 4852 1396 4910 a
1421 4836 1606 4910 spiritu
1633 4836 1865 4910 uiuimus.

661 4909 690 4950 ι’
716 4908 974 4979 Scilicet,
999 4925 1162 4980 quem
1187 4920 1246 4980 et
1268 4909 1430 4979 paulo
1449 4908 1457 4910 “
1474 4908 1726 4978 superius
1757 4909 1938 4964 laudat
1955 4957 1968 4978 ,
2001 4909 2192 4967 Cicero

591 4982 686 5038 lib.
744 4999 763 5038 1
796 4979 1172 5037 Academicar.
1222 4979 1426 5048 Qua-st.
1481 4995 1550 5036 cx
1577 4980 1744 5036 Attici
1790 4982 1858 5035 ad
1891 4980 2190 5037 Varronem

592 5068 825 5125 persona
856 5073 870 5108 :
899 5055 1002 5106 Aut
1027 5055 1199 5120 enim,
1224 5050 1586 5125 inquit_,_uora
1610 5061 1728 5125 sunt
1755 5068 1926 5106 rerum
1947 5070 2193 5108 norarum

599 5123 844 5198 facienda
868 5125 1112 5198 nomina,
1141 5130 1232 5176 aut
1261 5138 1325 5177 ea:
1353 5123 1473 5176 aliis
1500 5123 1857 5193 transferenda
1876 5165 1892 5192 ,
1922 5135 2030 5181 etc.

669 5208 692 5237 ο
726 5195 900 5253 Aliter
927 5195 1035 5249 duo
1058 5208 1190 5249 mss.
1219 5203 1574 5248 numerantur.

665 5265 691 5305 ἀ
719 5267 779 5323 In
825 5265 1054 5322 Palatin.
1083 5279 1188 5320 ms.
1208 5305 1224 5333 ,
1259 5275 1307 5319 et
1341 5275 1552 5336 propter
1580 5263 1804 5338 gloriam
1848 5267 2071 5322 nominis
2103 5267 2186 5321 sui

596 5339 774 5412 titulos
799 5347 1108 5412 pramature.

673 5420 696 5447 ο
726 5407 936 5480 Vitiose
967 5408 1166 5480 lectum
1193 5416 1277 5480 est
1308 5407 1601 5480 hactenus,
1629 5425 1858 5463 scomma
1884 5452 1898 5477 ,
1958 5425 2059 5480 pro
2086 5425 2192 5480 quo

597 5497 826 5552 scamma
870 5478 938 5536 ad
967 5495 1099 5552 mss.
1134 5479 1294 5552 ﬁdem
1321 5519 1343 5552 ,γ
1371 5478 1492 5551 ipso
1531 5491 1762 5552 cogente
1811 5478 1974 5552 recto“
1998 5478 2184 5552 sensu,

595 5551 957 5608 restituimus.
1002 5551 1131 5606 Erat
1159 5551 1478 5606 atlileticum
1523 5551 1767 5607 scamma
1815 5551 1989 5618 locus,
2013 5551 2180 5620 fossa,

593 5625 712 5678 sive
753 5621 1405 5694 lineacircumscriptus,
1437 5638 1603 5694 quem
1643 5623 1787 5694 ultra
1798 5622 2182 5694 ‘praztergredi

601 5702 875 5749 certantes
907 5693 960 5748 in
986 5708 1052 5747 eo
1081 5691 1301 5751 athletae
1327 5708 1436 5751 non
1457 5691 1742 5766 poterant.
1770 5691 1980 5752 Nomen
2007 5691 2183 5754 θ’σκά·

2293 4863 2407 4898 πτω
2435 4839 2626 4894 Graeco
2651 4838 2854 4910 verbo,
2867 4837 3020 4910 quod
3058 4847 3145 4894 est
3168 4839 3332 4908 fodio,
3361 4838 3598 4910 accepit.
3633 4837 3874 4906 Satisque

2295 4911 2603 4966 luculenter
2651 4911 2768 4976 ipse
2842 4909 3206 4980 Hieronymus
3279 4909 3626 4976 alibi,libro
3694 4915 3872 4966 contra

2293 4982 2558 5038 Joannem
2588 4981 2964 5053 Jerosolymit.
2992 4978 3098 5035 cur
3139 4990 3217 5045 tu,
3249 4981 3466 5052 inquit,
3497 4983 3701 5037 omissis
3725 4988 3872 5044 super

2295 5053 2478 5125 quibus
2505 5069 2679 5125 pugna
2699 5061 2794 5125 est,
2810 5050 2889 5106 'de
2911 5061 3191 5125 scammate
3214 5061 3262 5107 et
3287 5050 3402 5108 loco
3427 5054 3721 5108 certaminis
3747 5061 3873 5125 egre-

2297 5120 2443 5179 diens
2466 5164 2483 5190 ,
2505 5120 2614 5180 etc.
2644 5123 2852 5178 Passim
2902 5138 3031 5196 vero
3083 5123 3245 5179 latius
3290 5125 3554 5196 proiipso
3583 5120 3871 5196 certamine

2297 5187 2527 5266 sumitur
2550 5236 2569 5266 ν.
2599 5204 2658 5249 ιιι
2681 5203 2976 5266 et_noster
3005 5192 3109 5266 hoc
3160 5196 3276 5266 ipso
3292 5187 3360 5252 'in
3401 5187 3522 5252 loco
3548 5237 3566 5266 ,ν
3587 5206 3641 5252 et
3669 5187 3870 5266 Tertul—

2297 5265 2476 5321 lianus
2502 5258 2599 5339 lib.
2633 5263 2699 5321 ad
2724 5264 3031 5339 Martyres):
3061 5258 3321 5339 Epis'tates
3349 5279 3511 5322 uester
3531 5265 3761 5339 Christus
3788 5258 3869 5339 Ic-

2291 5355 2402 5409 sus,
2437 5337 2523 5407 qui
2549 5353 2637 5392 vos
2666 5337 2856 5409 spiritu
2868 5332 3050 5409 unxit,
3079 5332 3126 5393 et
3154 5339 3223 5409 ad
3241 5337 3338 5393 hoc
3361 5354 3590 5393 scamma
3614 5332 3861 5409 perduxit.

2289 5407 2348 5464 S.
2374 5398 2590 5482 quoque
2619 5398 2942 5464 Ambrosius
2969 5398 3071 5463 lib.
3096 5424 3114 5464 ι
3137 5408 3403 5482 Ofﬁcium,
3429 5425 3553 5482 cap.
3585 5398 3708 5482 1'6;
3739 5398 3867 5471 Quid

2290 5481 2490 5552 epulari
2513 5482 2690 5553 gestis,
2718 5488 2998 5552 antequam
3025 5480 3261 5535 studium
3289 5479 3518 5536 solvatur
3539 5483 3563 5536 ?
3587 5479 3755 5535 adhuc
3754 5490 3862 5602 (po-

2290 5552 2444 5602 nulus
2468 5562 2682 5602 spectat-
2714 5553 2888 5602 adhuc
2923 5551 3129 5602 athleta:
3155 5552 3210 5602 in
3253 5561 3531 5602 scammate
3557 5561 3698 5602 sunt.
3730 5549 3749 5602 I
3786 5556 3862 5600 em

2289 5549 2444 5677 pultis
2468 5549 2682 5636 spectat,
2714 5549 2888 5636 adhuc
2905 5551 3129 5636 .athleta:
3155 5552 3210 5606 in
3253 5561 3531 5607 scammate
3557 5549 3863 5634 suntaldetn

2311 5623 2384 5677 tb.
2417 5624 2485 5677 de
2513 5624 2628 5677 Elia
2659 5633 2715 5677 et
2738 5623 2958 5677 Jetunto
2989 5639 3110 5677 can.
3134 5623 3170 5677 5
3199 5641 3214 5677 :
3239 5620 3307 5677 In
3351 5631 3628 5677 scantmate
3671 5639 3716 5677 st
3757 5629 3861 5677 ait“

2311 5623 2384 5679 ib.
2417 5620 2628 5680 de'Elia
2659 5633 2715 5680 et
2738 5623 2958 5694 Jejunio
2989 5639 3110 5694 cap.
3134 5623 3170 5679 5
3199 5620 3307 5694 ειη
3351 5631 3628 5678 scammate
3671 5623 3716 5677 si
3757 5620 3861 5689 qui!

2289 5704 2337 5751 te
2365 5712 2519 5751 manu
2565 5694 2714 5752 levat.
2753 5693 2824 5750 Et
2865 5710 2987 5766 cap.
3030 5693 3096 5752 21
3149 5713 3162 5749 ;
3207 5693 3521 5768 Pragressus
3547 5696 3602 5751 in
3629 5701 3856 5751 stemma:
