4056 6304
189 289 308 347 ιὲιε

672 282 1327 345 (ΣΟΜΜΙΤΝΤΜΗἈΗΙῘΜ
1376 288 1440 342 IN’
1486 289 1804 344 EPISTULA

1915 288 2005 345 AD
2047 289 2368 346 C.\L.\TAS
2415 289 2542 347 LIB.
2589 290 2674 346 Ill.
2719 289 2869 347 CAP.
2922 290 3010 346 \"|.

3400 295 3506 354 ‘26

192 405 329 460 victi
372 403 606 468 fuerint,
644 403 893 458 invident
924 421 938 455 :
972 403 1148 456 inanis
1167 403 1365 472 quippe
1393 401 1582 472 gloriae
1611 401 1794 471 cupidi
1826 403 1877 465 Α
1903 411 2031 457 cato
2060 403 2321 470 praeventi
2350 402 2579 471 fuerint,
2615 419 2721 458 non
2754 405 2960 474 virgam
2993 405 3238 473 adhibet,
3269 407 3368 463 sed
3397 410 3508 478 spi-

193 510 348 572 suut.
372 496 498 552 Scio
523 497 575 550 in
606 495 819 550 Latinis
853 495 1132 550 codicibus
1157 496 1207 548 in
1229 510 1295 548 eo
1321 495 1637 549 teSIimonio
1660 494 1805 563 quod

195 605 366 660 supra
399 590 562 661 518
591 589 878 658 posuimus
910 606 921 641 :
951 587 1012 643 Si
1039 589 1306 641 tradidero
1337 604 1526 654 corpus
1556 603 1720 640 meum
1751 595 1806 640 ut

198 686 412 758 glorier,
447 694 474 722 ει
505 686 716 739 ardeam
749 684 953 738 habere
984 699 1087 754 pro
1119 684 1312 754 glorier
1339 698 1359 746 ;
1383 681 1477 737 sed
1507 683 1576 735 oh
1607 682 1803 737 simili-

198 776 444 832 tudinem
467 775 618 832 verbi
639 819 654 841 ,
681 793 785 846 qua
818 776 960 845 apud
984 775 1226 841 Gra‘cos,
1250 776 1480 841 ardeam,
1509 784 1564 829 et
1590 776 1800 847 glorier,

200 870 256 926 id
279 883 396 936 est,
431 871 757 942 καυθήσομαι
785 878 839 924 et
870 874 1233 940 καυχήσομαι,
1262 884 1365 922 una
1415 870 1612 922 littera:
1653 878 1803 936 parte

200 963 561 1034 distinguitur
587 1009 601 1032 ,
656 963 794 1033 apud
835 974 1056 1017 nostros
1109 978 1268 1018 error
1298 963 1549 1017 inolevit.
1581 962 1689 1017 Sed
1747 972 1800 1016 et

199 1054 349 1127 apud
403 1058 550 1125 ipsos
572 1055 795 1110 Graecos
826 1055 1158 1124 exemplaria
1189 1063 1319 1109 sunt
1349 1056 1588 1110 diversa.

279 1146 436 1218 (Cap.
467 1145 550 1202 Vl.
585 1175 655 1186 —
685 1145 836 1200 Vers.
877 1147 962 1214 l.)
992 1143 1231 1213 Fratres,
1261 1155 1310 1199 et
1337 1146 1384 1199 si
1409 1155 1804 1217 praeoccupatus

201 1240 365 1311 fuerit
387 1241 537 1292 homo
564 1240 616 1292 in
646 1241 820 1309 aliqua
852 1239 1069 1303 delicto,
1105 1255 1195 1293 vos
1217 1240 1305 1309 qui
1334 1241 1633 1308 spirituales
1655 1242 1798 1306 estis,

199 1332 441 1386 instruite
473 1331 776 1402 Itujusmodi
814 1333 868 1386 in
906 1333 1090 1403 spiritu
1137 1334 1555 1387 mansuetudinis
1585 1350 1602 1387 :
1630 1335 1801 1386 consi-

201 1428 386 1480 derans
418 1427 660 1497 teipsum,
691 1441 752 1478 ne
771 1435 819 1478 et
853 1435 906 1478 tu
935 1425 1171 1478 tenteris.
1202 1423 1396 1479 Sciens
1429 1425 1628 1480 Paulus
1683 1426 1801 1494 ejus

202 1518 296 1572 Dei
323 1533 382 1572 se
414 1532 536 1572 esse
563 1518 856 1581 cultorem,
884 1516 975 1584 qui
1009 1515 1180 1570 nollet
1210 1523 1441 1571 mortem
1477 1517 1800 1585 peccatoris,

201 1608 295 1662 sed
327 1607 702 1678 paenitentiam
732 1607 752 1680 (
780 1605 970 1661 Ezeclt.
997 1623 1150 1675 xvut,
1184 1623 1351 1661 χχχιιι
1375 1605 1395 1676 )
1423 1624 1436 1661 :
1469 1616 1525 1662 et
1573 1615 1803 1677 excepta

198 1700 490 1768 Triuitate,
525 1716 742 1756 omneut
773 1711 1109 1766 creaturam,
1143 1700 1275 1754 licet
1307 1715 1415 1756 non
1452 1711 1664 1769 peccet,
1721 1709 1800 1754 ta-

1909 496 2071 550 ritutn
2103 498 2538 552 mansuetudinis
2565 499 2585 551 ?
2614 497 2812 553 Verum
2842 499 2912 552 ihi
2945 499 3011 552 ad
3035 515 3132 554 eos
3162 500 3385 566 dicitur,
3415 501 3508 572 qui

1908 599 2031 658 post
2063 599 2343 658 peccatum
2377 607 2487 646 non
2513 593 2822 646 sentiemes
2853 606 3104 647 errorem
3137 608 3318 659 suum,
3351 596 3509 650 nole-

1906 681 2041 736 bant
2072 684 2376 751 majoribus
2419 685 2535 739 suis
2579 683 2786 751 subdi,
2819 694 2874 740 et
2917 685 3240 753 pmnitentia
3285 686 3511 756 corrigi.

1908 771 2010 828 Ubi
2044 789 2172 828 vero
2205 786 2461 845 peccator
2509 777 2824 846 intelligens
2877 777 3077 831 vulnus
3105 793 3266 833 suum
3299 818 3314 843 ,
3347 779 3516 832 tradit

1908 865 2123 918 medico
2150 881 2210 920 se
2249 866 2579 933 curandum,
2613 866 2686 920 ibi
2725 883 2831 921 non
2859 878 2942 921 est
2985 869 3137 938 virga
3171 868 3508 935 necessaria,

1905 955 2002 1009 sed
2035 955 2264 1025 spiritus
2317 956 2586 1011 lenitatis.
2633 955 2742 1012 Sed
2784 966 2839 1012 et
2869 957 3002 1012 illud
3037 957 3179 1012 forte
3208 970 3508 1028 quzeratur,

1905 1047 2051 1118 quod
2081 1049 2126 1102 si
2161 1059 2449 1118 propterea
2473 1050 2750 1105 instruere
2777 1050 2903 1120 quis
2932 1049 3130 1106 debeat
3159 1063 3504 1120 peccatorem

1906 1142 1960 1196 in
1994 1143 2196 1214 Spiritu
2226 1143 2512 1199 lenitatis:
2555 1144 2681 1213 quia
2717 1143 3033 1200 consideret
3060 1161 3119 1200 se
3141 1187 3155 1210 ,
3188 1161 3260 1200 ne
3289 1155 3346 1202 et
3397 1148 3517 1217 ipse

1906 1242 2153 1289 tentetur
2177 1251 2191 1300 ;
2227 1250 2357 1306 ergo
2381 1235 2590 1305 justus,
2623 1237 2716 1307 qui
2746 1236 2815 1292 de
2843 1253 2939 1292 sua
2964 1247 3152 1292 certus
3181 1247 3267 1294 est
3297 1249 3504 1306 mente,

1905 1328 1997 1398 qui
2038 1329 2140 1383 scit
2173 1344 2278 1382 non
2315 1343 2473 1398 posse
2517 1345 2578 1385 se
2609 1329 2760 1396 labi,
2799 1341 2820 1369 ο
2871 1345 2981 1384 non
3023 1329 3187 1386 debet
3236 1331 3512 1388 instruere

1903 1431 2254 1491 peccatorem
2287 1425 2340 1478 in
2372 1423 2571 1494 spiritu
2602 1424 2847 1479 lenitatis
2895 1425 2921 1478 ‘l
2950 1424 3032 1479 Ad
3063 1424 3207 1495 quod
3236 1426 3510 1493 dicemus,

1905 1513 2116 1568 etiamsi
2147 1513 2343 1569 vicerit
2369 1514 2572 1584 justus,
2604 1515 2784 1571 sciens
2812 1524 3026 1586 quanto
3061 1516 3252 1572 labore
3284 1531 3517 1589 supera-

1903 1609 2066 1674 verit,
2103 1610 2274 1677 magis
2301 1610 2551 1680 peccanti
2575 1610 2791 1666 veniam
2826 1609 3112 1681 largietur.
3144 1610 3280 1667 Nam
3306 1621 3362 1668 et
3392 1611 3512 1669 Sal-

1905 1713 2058 1754 vator
2081 1712 2371 1771 prepterea
2397 1710 2636 1757 tentatus
2658 1713 2765 1769 est,
2786 1705 2938 1772 juxta
2965 1705 3149 1760 omnia
3175 1705 3334 1762 nobis
3357 1705 3511 1760 simi-

199 1809 323 1850 men
358 1807 522 1864 posse
544 1807 776 1864 peccare
807 1810 820 1845 :
846 1807 968 1848 eum
998 1807 1214 1862 quoque
1241 1792 1333 1862 qtti
1359 1791 1664 1860 spiritualis
1693 1800 1798 1857 est,
1828 1792 1878 1854 B
1907 1791 2030 1847 liter
2056 1794 2263 1864 absque
2305 1803 2537 1865 peccato
2565 1812 2580 1850 :
2611 1805 2669 1848 ttt
2699 1796 2877 1864 possit
2921 1796 3186 1865 compati,
3219 1806 3276 1852 et
3305 1795 3512 1852 condo-

197 1889 520 1940 cohortatur
549 1886 628 1940 sui
673 1885 871 1939 timore
902 1899 970 1939 ne
997 1893 1190 1952 peccet
1217 1927 1231 1947 ,
1264 1899 1490 1938 manum
1522 1884 1804 1954 porr-igere

199 1979 504 2034 corruenti.
539 1978 603 2031 Et
635 1977 864 2048 pulchre
890 1985 1334 2046 praeoccupatum
1370 1977 1421 2030 iu
1452 1977 1672 2041 delicto,
1705 1976 1803 2031 ho-

200 2075 402 2130 minem
426 2081 608 2142 vocat,
640 2075 729 2144 qui
765 2075 904 2128 mori
936 2074 1106 2143 possit
1139 2088 1243 2129 :ex
1293 2074 1414 2142 ipso
1445 2073 1664 2127 nomine
1696 2073 1803 2128 fra-

200 2168 465 2235 gilitatem
498 2166 830 2221 conditionis
858 2168 1195 2230 oswndens;
1223 2179 1281 2220 ut
1299 2165 1495 2236 dignus
1517 2167 1586 2221 sit
1618 2167 1800 2233 venia,

201 2259 292 2329 qui
327 2261 477 2314 velut
507 2257 674 2312 homo
701 2273 892 2313 errore
923 2257 1205 2327 deceptus,
1231 2267 1284 2312 et
1315 2272 1530 2313 mersus
1560 2257 1615 2312 in
1647 2273 1805 2313 vora-

199 2353 405 2421 ginem,
427 2350 668 2420 seipsum
699 2351 818 2404 sine
848 2350 1073 2418 auxilio,
1097 2361 1152 2404 et
1179 2351 1430 2416 adjutore
1459 2353 1671 2421 erigere
1696 2365 1802 2405 non

201 2443 395 2511 possit.
441 2441 720 2512 Spiritnali
779 2449 958 2496 autem
1017 2458 1124 2496 non
1173 2441 1392 2497 additur
1445 2443 1655 2497 homo:
1706 2442 1802 2497 sed

199 2539 350 2603 quasi
383 2537 496 2590 Deo
525 2535 880 2607 prmcipitur,
918 2546 976 2589 ιιι
1031 2533 1310 2590 hominem
1362 2546 1801 2606 praeoccupatum

200 2631 256 2685 in
305 2631 508 2686 delicto
559 2630 837 2684 instruat:
884 2629 1001 2683 sive
1052 2628 1164 2701 (ut
1219 2628 1416 2684 melius
1463 2628 1700 2683 habetur
1746 2631 1803 2682 in

200 2722 417 2794 Cra-eo)
449 2721 696 2790 perﬁciat
721 2723 774 2776 in
807 2722 1006 2792 spiritu
1039 2720 1305 2776 lenitatis.
1337 2719 1442 2789 Qui
1463 2731 1646 2776 autem
1682 2736 1805 2791 per-

201 2819 401 2882 ticitnr,
428 2831 536 2870 non
569 2816 617 2869 ei
650 2815 844 2870 desunt
876 2814 1159 2879 universa,
1184 2814 1281 2870 sed
1320 2816 1522 2882 aliqua.
1557 2814 1803 2883 Denique

201 2904 229 2946 δ
257 2912 302 2962 si
337 2925 440 2962 non
474 2908 713 2978 peccatis
741 2907 986 2976 pluribus
1013 2947 1030 2972 ,
1063 2906 1157 2960 sed
1188 2907 1325 2960 vitio
1365 2905 1551 2974 aliquo
1597 2919 1804 2976 praeoc-

199 3012 428 3068 cupatus
456 3002 663 3054 erravit
692 3018 703 3052 :
732 3000 974 3053 lenitatis
1001 2998 1250 3069 spiritum
1283 3008 1338 3053 et
1369 2997 1803 3052 mansuetudinis

202 3094 256 3147 in
287 3091 625 3148 correctione
670 3093 948 3162 peccantis
979 3091 1284 3162 spiritualis
1307 3091 1590 3159 adhibeat,
1627 3106 1692 3146 ne
1724 3091 1800 3146 ri-

1907 1884 2028 1939 lere
2060 1884 2467 1940 inﬁrmitatibus
2515 1886 2760 1951 nostris,
2792 1901 2896 1941 suo
2917 1882 2946 1924 ά
2981 1888 3178 1942 doctus
3225 1889 3504 1959 exemplo,

1905 1993 2068 2048 quam
2100 1976 2342 2033 difﬁcilis
2369 1979 2438 2033 sit
2470 1979 2524 2032 in
2553 1993 2722 2034 carne
2753 1979 3002 2034 victoria.
3033 1979 3089 2034 Si
3117 1980 3240 2050 quis
3261 1979 3417 2050 virgo
3437 1979 3508 2036 ad

1905 2083 2180 2127 senectam
2230 2087 2404 2143 usque
2436 2073 2802 2144 permanserit
2838 2090 2854 2137 ;
2888 2075 3134 2144 ignoscat
3171 2075 3222 2130 ei
3251 2075 3343 2146 qui
3370 2074 3507 2131 ado-

1905 2165 2182 2220 lescenti-.e
2223 2175 2246 2202 ο
2297 2166 2573 2234 quondam
2625 2166 2812 2221 calore
2859 2165 3126 2235 deceptus
3170 2166 3508 2232 est,sciens

1905 2259 2123 2329 quantis
2150 2257 2561 2313 dilﬁcultatibus
2590 2259 2740 2313 illam
2759 2260 3289 2316 transieritaetalem.
3311 2260 3508 2331 Siquis

1906 2365 2005 2419 pro
2034 2349 2236 2404 Christi
2269 2349 2505 2403 nominis
2535 2349 2882 2405 confessione
2911 2351 3222 2422 cruciatus“,
3253 2349 3418 2405 alium
3451 2352 3509 2407 in

1908 2444 2198 2498 tormentis
2227 2442 2426 2498 viderit
2457 2442 2730 2507 denegare
2751 2482 2768 2507 ,
2798 2443 3164 2512 compatiatur
3187 2443 3511 2501 vulneribus

1905 2533 2207 2601 negatoris,
2233 2543 2284 2586 et
2317 2547 2422 2586 non
2449 2541 2556 2586 tam
2583 2531 2733 2587 illum
2756 2533 2987 2601 victum,
3010 2547 3174 2604 quam
3200 2549 3259 2589 se
3282 2534 3505 2600 vicisse.

1907 2627 2154 2680 miretur.
2188 2624 2470 2680 Cantelam
2500 2639 2720 2696 quoque
2749 2626 3046 2681 scribentis
3077 2625 3514 2696 attenditc,quia

1907 2735 2012 2773 nui
2047 2718 2284 2772 dixerit:
2313 2716 2662 2772 Considerans
2694 2727 2761 2784 te,
2788 2726 2925 2772 netu
2953 2718 3136 2786 cadas;
3157 2717 3276 2783 sed,
3303 2735 3368 2774 tte
3387 2726 3434 2773 et
3455 2727 3513 2774 ιιι

1905 2811 2137 2864 teuteris.
2173 2808 2328 2864 Vinci
2349 2809 2553 2878 quippe
2582 2809 2667 2863 vel
2712 2810 2936 2864 vincere
2963 2849 2979 2875 ,
3009 2825 3420 2880 nonnumquam
3453 2811 3512 2866 in

1907 2913 2093 2959 nostra
2116 2912 2203 2957 est
2231 2909 2508 2971 potestate
2535 2919 2549 2956 :
2578 2901 2741 2975 520
2766 2912 3023 2957 cauerunt
3057 2903 3254 2958 tentari
3281 2947 3295 2970 ,
3328 2904 3382 2959 in
3412 2919 3509 2972 po-

1906 3003 2103 3048 tcstate
2135 2993 2400 3047 tcntantis
2427 3001 2535 3046 est.
2567 2994 2622 3047 St
2655 2993 2803 3046 enim
2835 2990 3090 3049 Salvator
3122 3003 3360 3050 tentatus
3397 3003 3508 3064 est,

1907 3086 2027 3157 quis
2061 3094 2239 3154 potest
2269 3099 2390 3139 esse
2427 3098 2660 3138 securus
2692 3083 3018 3140 intentatum
3065 3101 3125 3142 se
3163 3087 3290 3143 vita:
3339 3087 3505 3157 hujus

198 3185 381 3256 gidns,
411 3201 476 3240 ne
509 3186 679 3238 iratus
700 3195 755 3238 et
781 3183 950 3238 tristis
978 3183 1256 3254 corrigere
1279 3183 1462 3252 cupiat
1493 3192 1800 3247 errantem;
1832 3179 1878 3244 C
1911 3183 2082 3234 maria
2133 3178 2365 3233 transire
2403 3178 2426 3231 τ
2453 3177 2554 3243 Qui
2590 3184 2783 3246 putant
2837 3178 3066 3233 Paulum
3093 3179 3253 3246 juxta
3286 3178 3508 3235 humili-

199 3283 297 3337 sed
329 3294 584 3350 provocet
609 3297 754 3345 eum,
779 3280 1058 3348 spondens
1079 3281 1346 3342 salutem;
1373 3277 1587 3332 veniam
1615 3291 1805 3347 repro-

203 3378 429 3430 mittens
459 3392 472 3428 :
506 3374 710 3428 Christi
746 3374 1118 3428 testimonium
1148 3373 1388 3442 proterat
1419 3390 1432 3426 :
1467 3373 1611 3442 quod
1655 3373 1804 3441 gravi

200 3467 339 3537 legis
398 3478 453 3522 et
508 3479 854 3535 peccatorum
913 3482 1083 3520 onere
1133 3465 1471 3535 depressos,
1501 3465 1566 3518 ad
1611 3463 1802 3534 iugum

202 3576 361 3615 suum
392 3576 578 3622 suave,
609 3573 663 3616 et
693 3559 813 3612 leve
840 3559 1035 3612 invitet
1067 3574 1204 3613 Onus
1258 3575 1271 3612 :
1325 3568 1382 3612 ttt
1408 3558 1647 3621 discant,
1680 3560 1802 3628 quia

204 3655 430 3710 humilis
457 3656 528 3708 sit
551 3663 608 3710 et
630 3653 794 3718 mitis,
823 3663 876 3706 et
911 3663 1230 3706 mansuetus
1260 3651 1431 3707 corde
1455 3649 1672 3712 (Matth.
1699 3657 1804 3718 ιι),

203 3758 262 3803 et
311 3749 589 3802 inveniant
634 3751 878 3816 requiem
911 3744 1201 3799 animabus
1246 3747 1382 3798 suis.
1415 3743 1645 3800 Utantur
1704 3744 1806 3797 hoc

205 3841 519 3896 testimonio
537 3840 832 3893 adversum
850 3836 1137 3892 lia-retices
1154 3854 1166 3890 :
1183 3837 1273 3907 qui
1288 3836 1626 3890 diversarum
1644 3836 1808 3907 519

205 3938 474 4007 ﬁngentes
505 3935 717 3989 tabulas
744 3943 1086 3996 naturarum,
1123 3931 1277 3986 aiunt
1303 3929 1682 4000 splritualem,
1710 3929 1805 3982 bo-

205 4045 327 4084 nam
359 4044 481 4082 esse
511 4029 786 4092 arborem,
815 4036 871 4080 et
914 4039 1211 4094 numquam
1263 4026 1437 4076 malos
1468 4021 1664 4074 aﬂ'erre
1699 4021 1808 4073 l‘ru-

204 4136 346 4176 czus.
375 4121 518 4177 Ecce
551 4121 866 4190 Apostolus,
889 4118 1044 4187 cujus
1077 4125 1132 4172 et
1163 4115 1268 4183 ipsi
1297 4114 1685 4168 auctoritatem
1717 4127 1808 4167 se-

204 4228 468 4284 quuntur,
485 4214 725 4266 dicitcos
746 4211 834 4281 qui
862 4209 1182 4279 spirituales
1205 4217 1351 4264 sunt.
1373 4220 1535 4276 posse
1556 4218 1805 4274 peccare,

205 4306 252 4359 si
282 4322 378 4371 per
413 4303 756 4358 altitudinem
794 4300 978 4356 cordis
1027 4299 1110 4354 sui
1149 4298 1406 4352 inﬂentur
1429 4305 1485 4352 et
1519 4304 1804 4350 corruant.

203 4401 360 4463 Quod
401 4408 457 4453 et
489 4415 586 4451 nos
614 4412 830 4466 quoque
862 4394 1132 4457 fatemur;
1171 4401 1223 4447 et
1261 4394 1472 4464 xor-ms.-
1501 4387 1802 4462 (terrenos),

202 4493 523 4563 splritualcs
563 4493 677 4545 ﬁeri
700 4534 715 4558 ,
751 4491 794 4542 si
826 4489 894 4543 ad
931 4488 1162 4542 meliora
1197 4495 1566 4540 rexertantttr.
1591 4482 1806 4551 Oppoui

1908 3284 2096 3341 latent,
2127 3284 2181 3327 ct
2209 3289 2312 3326 non
2344 3287 2470 3326 vere
2493 3271 2700 3326 dixisse
2725 3286 2742 3323 :
2763 3268 2833 3324 Et
2864 3272 2910 3324 si
2938 3272 3214 3340 imperitus
3243 3289 3502 3340 sermone,

1905 3386 2010 3423 non
2042 3381 2210 3422 tamen
2241 3367 2477 3432 scicntia,
2507 3364 2810 3419 delentlant
2843 3364 3003 3434 hujus
3032 3364 3136 3420 loci
3164 3379 3509 3437 consequen~

1904 3462 2056 3516 tiam.
2115 3460 2313 3513 Dohuit
2360 3460 2560 3528 quippe
2609 3457 2909 3512 secundum
2962 3457 3213 3514 ordinem
3274 3459 3506 3516 dicere:

1912 3552 2041 3619 Vos,
2061 3553 2150 3621 qui
2171 3551 2474 3623 spirituales
2497 3551 2639 3613 estis,
2666 3550 2906 3603 instruite
2921 3549 3222 3620 hujusntodi
3237 3551 3291 3606 in
3319 3551 3508 3620 spiritu

1907 3646 2155 3712 lettitatis,
2187 3644 2571 3697 considerantes
2588 3643 2946 3711 vosmetipsos,
2967 3660 3031 3699 ne
3054 3654 3102 3700 et
3117 3647 3508 3713 vostentemini;

1907 3751 1960 3795 et
2002 3753 2107 3794 non
2149 3736 2342 3806 plurali
2398 3735 2603 3790 inferre
2653 3750 2945 3791 numerum
2995 3737 3350 3807 singularem.
3396 3738 3510 3796 Ile-

1910 3831 2090 3885 brreus
2126 3830 2291 3900 igitur
2320 3845 2389 3882 ex
2423 3827 2668 3883 Hebraeis
2693 3867 2708 3894 ,
2739 3836 2795 3881 et
2823 3827 2913 3898 qui
2946 3837 3095 3884 esset
3124 3829 3178 3884 in
3212 3829 3510 3887 vernaculo

1907 3937 2159 3977 sermone
2176 3919 2553 3986 doctissimus,
2581 3918 2879 3986 profundos
2905 3935 3104 3978 sensus
3125 3921 3300 3978 aliena
3325 3921 3510 3993 lingua

1909 4013 2218 4078 crtprimere
2251 4026 2355 4065 non
2388 4010 2604 4065 valebat
2639 4028 2650 4064 :
2687 4025 2788 4066 nec
2816 4010 3052 4067 curabat
3082 4028 3414 4085 magnopere
3439 4015 3512 4073 de

1909 4103 2115 4166 verbis,
2149 4117 2269 4156 cum
2297 4115 2517 4154 sensum
2551 4100 2784 4156 haberet
2808 4101 2860 4154 in
2888 4111 3029 4157 tuto.
3054 4102 3183 4158 Haec
3204 4104 3509 4162 secundum

1909 4198 2215 4265 simplicem
2249 4195 2692 4265 intelligentiam.
2727 4195 2998 4251 (Steterunt
3025 4238 3040 4262 ,
3075 4207 3133 4252 ιιι
3163 4207 3218 4254 et
3246 4201 3514 4256 secunda:

1910 4291 2268 4360 expositionis
2315 4289 2568 4342 ordinem
2616 4303 3050 4358 prosequamur,
3081 4288 3239 4346 locus
3284 4292 3389 4347 iste
3436 4290 3508 4348 de

1913 4383 2174 4451 Epistula:
2219 4381 2285 4435 ad
2349 4381 2626 4434 Romanos
2688 4381 2794 4434 ﬁne
2871 4380 3197 4450 pandcndus
3255 4392 3363 4439 est.
3431 4383 3511 4440 lbi

1911 4478 2058 4530 enint
2092 4491 2213 4528 cunt
2247 4474 2508 4528 similiter
2539 4474 2607 4527 de
2635 4475 2776 4527 escis
2799 4483 2854 4526 et
2876 4473 3355 4531 observationibus
3375 4478 3511 4533 scri-

201 4578 1303 4652 nnhispotestilludquotladtlorinthios
1325 4578 1630 4632 scribitur:
1667 4574 1806 4639 Quid
1833 4563 1888 4622 Ι)
1915 4571 2066 4623 heret
2117 4566 2460 4629 Jndmorum,
2497 4573 2553 4619 et
2591 4579 2688 4619 eos
2717 4564 2806 4634 qui
2851 4565 3014 4635 Legis
3053 4565 3215 4636 juxta
3267 4567 3512 4625 litteram

203 4681 358 4735 uultis
387 4682 411 4735 .9
437 4678 503 4732 In
534 4680 676 4750 virga
702 4679 896 4732 veniant
925 4673 994 4727 ad
1017 4690 1127 4740 vos,
1153 4690 1218 4726 an
1254 4674 1304 4724 in
1328 4670 1603 4735 charitate,
1630 4678 1676 4721 et
1704 4668 1812 4738 spi-

201 4772 744 4830 ritumausuetudiuis
768 4770 946 4842 (lCnr.
966 4785 1041 4833 tv,
1061 4768 1182 4835 2i)?
1204 4766 1261 4820 Si
1280 4765 1424 4820 enim
1443 4764 1517 4818 ibi
1536 4762 1602 4818 ad
1625 4779 1815 4832 pecca~

203 4881 374 4932 tores.
414 4883 523 4922 I|0.t
575 4869 630 4921 in
676 4866 874 4933 Spiritu
910 4861 1392 4927 mansuetudinis,
1424 4858 1520 4914 sed
1564 4857 1618 4914 in
1665 4858 1813 4926 virga

201 4961 397 5020 venire
426 4977 485 5015 se
515 4960 650 5015 dicit
675 4977 686 5012 :
719 4955 999 5029 quomodo
1029 4956 1118 5010 hic
1152 4955 1240 5008 his
1268 4953 1358 5025 qui
1387 4953 1441 5007 in
1474 4951 1658 5023 aliquo
1689 4965 1814 5022 pec-

201 5163 410 5203 uecesse
435 5155 508 5200 est
535 5154 587 5198 ut
617 5143 844 5212 excipias
877 5140 1155 5216 pulverem.
1183 5136 1251 5192 Et
1277 5149 1526 5216 rursum;
1560 5132 1809 5216 buctatar

197 5222 254 5274 in
284 5227 594 5282 seammate,
622 5206 759 5280 etcf,
791 5227 850 5267 ut
878 5206 1017 5266 alios
1045 5222 1372 5281 prastercam
1402 5206 1808 5261 ecclesiasticos

196 5303 550 5348 [fziClaIOI‘CS.
1158 5353 1168 5356 _
1345 5351 1358 5356 ,
1457 5349 1468 5356 .
1615 5346 1626 5356 .
1695 5345 1705 5356 .

275 5374 300 5400 ί·
327 5363 501 5425 Hanc,
531 5373 655 5431 qua:
687 5356 1023 5431 Hieronymo
1055 5353 1318 5421 probatur
1345 5346 1764 5431 leetio_,.glorier
1788 5384 1806 5411 ,

197 5451 306 5503 pro
334 5423 574 5492 ardeam:
607 5431 691 5484 vix
717 5430 770 5482 in
791 5423 912 5503 uno:
940 5423 1521 5503 alteroveexemplari
1555 5423 1807 5503 invenire

196 5491 308 5561 cst.
338 5515 463 5572 puta
480 5491 674 5557 Graeco
697 5516 761 5553 rx
790 5497 1050 5551 Ver-hellii
1073 5496 1335 5552 editione.
1361 5505 1415 5545 et
1437 5491 1668 5572 CoptoO:
1687 5500 1807 5572 pro-

198 5570 385 5631 Iratam
416 5591 552 5629 vero
591 5572 828 5640 cuipiam
856 5584 953 5640 seu
982 5576 1225 5640 veterum
1257 5607 1271 5629 ,
1302 5580 1398 5640 seu
1433 5570 1810 5640 recentiorum.

194 5627 593 5715 insaniam.
616 5627 794 5697 ne'vix
817 5639 1034 5715 quidem
1050 5637 1224 5715 Grazf‘i
1246 5627 1614 5715 sgv?ft6_~tm~_
1635 5627 1813 5715 IT}???

193 5698 437 5781 ἇὶξιρέᾶήι,
460 5698 592 5789 ῥαινῖ
611 5698 884 5770 consensu
914 5709 1127 5774 Patres,
1157 5698 1572 5773 Paulinianique
1594 5698 1814 5754 codices

195 5792 418 5863 legunt.

720 5877 993 5938 Ριιτιιοι.
1035 5869 1272 5956 XXVI.

1919 4671 2193 4732 praecepta
2222 4669 2666 4720 contemnerent,
2695 4658 2877 4712 (irtnos
2904 4671 3069 4728 atque
3099 4658 3370 4728 perfectos
3399 4679 3413 4718 :
3450 4663 3518 4718 il-

1917 4757 1996 4810 los
2021 4770 2170 4818 vero,
2188 4752 2276 4822 qui
2294 4750 2470 4803 adhuc
2492 4750 2710 4816 antiqua
2724 4750 3124 4806 consuetudine
3147 4752 3515 4824 ducebantur,

1917 4848 2166 4905 inﬁrmos
2212 4842 2579 4914 parvulosquc
2621 4851 2910 4907 narraret,
2938 4852 2992 4898 et
3020 4843 3236 4899 videret
3274 4845 3518 4917 jurgium

1917 4954 2043 4997 esse
2075 4942 2220 4995 inter
2265 4933 2579 5008 spirituales
2606 4943 2664 4990 et
2699 4948 2930 4990 carneos
2966 4951 2979 4988 :
3013 4934 3300 4992 admonuit
3345 4938 3517 5010 spiri-

1985 5124 2016 5163 δ
2041 5123 2117 5178 Ex
2151 5119 2363 5190 pridem
2409 5117 2646 5190 vulgatis
2673 5156 2688 5181 ,
2718 5115 2762 5168 si
2789 5156 2803 5180 ,
2827 5113 3076 5190 voculam
3102 5155 3117 5180 ,
3151 5131 3310 5185 quam
3353 5118 3514 5174 Mart.

1914 5185 2269 5267 prmtcrmisit
2291 5235 2304 5254 ,
2332 5185 2686 5254 suitecimus,
2718 5197 2772 5240 et
2805 5202 2926 5257 qua:
2967 5185 3378 5256 subsequuntur
3406 5205 3516 5244 uno

1915 5264 2080 5324 settsu
2099 5264 2399 5332 junximtts.

1993 5349 2014 5376 ο
2046 5328 2282 5390 Palatiu.
2310 5348 2412 5388 ms.
2433 5375 2447 5400 ,
2482 5347 2585 5386 non
2612 5345 2764 5401 posse
2793 5328 2896 5382 labi
2919 5373 2934 5398 ,
2957 5345 3063 5385 non
3091 5331 3312 5385 instruet
3338 5345 3527 5402 pecca-

1914 5420 2190 5533 mtf'i'dem
2237 5491 2340 5532 ms.
2373 5487 2497 5528 cum
2527 5473 2884 5529 Cisterciensi
2937 5477 3113 5535 altero
3138 5515 3153 5542 ,
3181 5490 3278 5528 suo
3325 5475 3514 5531 άοεεηε

1919 5549 2222 5749 εωίῖέξιῖὲει
2251 5626 2387 5686 erat,
2419 5617 2644 5689 quodam
2669 5632 2687 5673 :
2716 5615 2881 5674 nobis
2905 5617 3024 5676 lucc
3045 5617 3240 5678 melior
3267 5619 3380 5679 visa
3410 5636 3522 5684 ms.

1920 5702 2005 5749 est
2049 5702 2210 5749 ectto.
3046 5747 3052 5749 .

1920 5702 2005 5750 est
2030 5702 2210 5751 lectio.

2884 5851 2960 5924 ιιι
