4056 6310
594 289 702 347 ιη

1834 271 1893 329 S.
1937 266 2203 327 EUSEBI]
2239 269 2629 335 HIERONYMI

592 407 772 465 tuales
814 419 887 461 ne
914 400 1324 459 contemnerent
1361 400 1594 446 carneos
1618 427 1635 455 ,
1662 392 1718 442 et
1746 383 1824 440 ait
1855 402 1872 440 :
1900 382 2182 453 Infirmata
2209 381 2268 444 Δ
2289 405 2393 442 non
2435 388 2745 463 superbire),
2780 405 2941 461 neque
2980 387 3196 463 sperare
3220 390 3277 446 in
3320 391 3516 448 incerto
3558 392 3884 468 divitiarum,

596 511 770 557 autem
794 500 851 552 in
881 497 986 565 ﬁde
1005 490 1272 551 assumite,
1296 500 1399 538 non
1419 483 1478 536 in
1502 478 1962 552 disceptationibus
1982 479 2185 549 cogita-

592 592 820 647 tionum.
841 585 991 639 Alius
1017 580 1156 636 enim
1182 576 1346 630 credit
1374 572 1691 627 manducare
1717 569 1890 623 omnia
1927 584 1946 623 :
1974 568 2064 638 qui
2093 584 2192 621 au-

598 694 699 739 tem
723 681 962 751 inﬁmus
993 682 1096 737 est,
1128 672 1246 725 olus
1287 680 1311 705 ⁸
1345 667 1641 720 manducet.
1677 662 1735 718 Is
1765 665 1856 735 qui
1882 661 2186 729 manducat,

598 790 700 829 non
721 770 1121 825 manducantem
1150 779 1255 816 non
1276 770 1487 833 spernat
1516 773 1535 810 :
1564 768 1611 811 et
1636 757 1726 825 qui
1756 772 1856 808 non
1880 754 2188 817 manducet,

601 863 998 919 manducantem
1020 873 1120 911 non
1142 853 1369 927 judicet,
1390 851 1529 905 Deus
1546 851 1681 904 enim
1710 847 1863 903 illum
1889 846 2189 917 assumpsit.

598 956 681 1012 Tu
714 955 829 1027 quis
855 969 911 1008 es
949 951 1039 1022 qui
1059 947 1267 1023 judices
1295 945 1525 1000 alienum
1564 941 1813 996 servum?
1847 940 1960 995 Suo
1982 938 2194 992 domino

594 1058 719 1119 stat,
743 1057 833 1104 aut
855 1048 1017 1102 cadit.
1048 1044 1222 1100 Stabit
1245 1049 1417 1096 autent
1436 1055 1454 1093 :
1476 1048 1657 1112 potens
1669 1046 1744 1090 est
1763 1035 1903 1090 enim
1920 1033 2063 1088 Deus
2089 1040 2195 1087 sta-

596 1139 1094 1210 tuereillumUiom.
1112 1151 1224 1201 xw,
1242 1135 1294 1201 ι,
1315 1131 1504 1203 seqq.).
1532 1129 1782 1185 Etmulta
1809 1127 1862 1182 in
1887 1126 2072 1181 medio
2101 1140 2192 1179 su-

598 1251 699 1303 per
721 1237 827 1288 hoc
843 1245 1011 1287 sensu
1039 1229 1319 1284 disserens
1336 1266 1351 1291 ,
1371 1222 1573 1293 adjecit
1605 1221 1657 1277 in
1673 1220 1813 1275 ﬁne:
1832 1217 1960 1272 Noli
1982 1225 2195 1287 propter

594 1344 767 1384 escam
805 1327 1072 1381 destruere
1092 1338 1223 1391 opus
1248 1319 1365 1373 Dei.
1381 1318 1450 1373 Et
1472 1319 1670 1373 iterum
1697 1333 1710 1370 :
1736 1312 1992 1370 Debemus
2020 1322 2194 1367 autem

601 1436 694 1474 nos
739 1417 1029 1488 ﬁrmiores,
1059 1411 1439 1467 imbecillitates
1467 1409 1801 1475 infirmorum
1840 1406 2123 1469 sustinere,
2146 1410 2196 1457 et

602 1525 707 1564 non
747 1508 890 1562 nobis
919 1506 1144 1577 placere.
1179 1502 1545 1572 Unusquisque
1571 1510 1798 1554 oestrum
1834 1498 2072 1570 proximo
2101 1512 2195 1550 suo

520 1580 525 1586 ’
604 1602 808 1674 placeat
827 1599 899 1655 ad
928 1597 1113 1653 bonam
1135 1595 1535 1666 (ediﬁcatianem
1556 1592 1737 1666 (Rom.
1765 1592 1921 1662 ΠΛ,
1944 1590 2025 1661 2).

671 1694 855 1771 (Vera.
884 1692 970 1765 2.)
997 1692 1144 1747 Alter
1172 1690 1391 1744 alterius
1415 1704 1576 1744 onera
1606 1697 1823 1756 portate,
1856 1696 1903 1741 et
1925 1686 2001 1741 sic
2026 1684 2194 1738 adim—

2291 480 2383 533 sed
2409 481 2467 535 in
2511 480 2623 536 Deo
2653 482 2743 549 qui
2774 490 2988 552 prwstat
3015 483 3191 537 omnia
3218 484 3423 539 abunde
3466 485 3537 539 ad
3564 488 3846 558 fruendam:
3864 505 3888 547 .'

2293 572 2418 627 bene
2444 590 2617 647 agere,
2651 576 2835 630 divites
2863 592 2975 630 esse
3004 576 3059 631 in
3107 576 3348 648 operibus
3388 576 3558 644 bonis,
3610 580 3766 650 facile
3792 581 3887 636 tri-

2293 664 2467 730 buere,
2510 670 2914 738 communicare,
2957 668 3315 726 thesaurizare
3355 672 3457 726 sibi
3490 672 3887 743 fundamentum

2292 756 2484 811 bonum
2527 760 2583 812 in
2628 760 2887 832 futurum,
2918 771 2978 816 ut
3019 762 3413 835 apprchendant
3450 780 3625 820 veram
3663 767 3819 821 vitam
3846 766 3887 840 (l

2295 847 2432 903 Tim.
2466 867 2540 918 Vl,
2592 855 2616 908 i
2658 853 2846 928 seqq.).
2887 854 2991 924 Qui
3038 872 3221 910 veram
3253 858 3418 912 vitam
3449 858 3812 928 apprehendit
3835 856 3885 929 δ,

2293 956 2417 996 eum
2442 943 2695 1001 videlicet
2720 949 2809 1017 qui
2844 947 3084 1016 loquitur
3114 964 3129 1001 :
3161 947 3274 1019 Ego
3294 964 3411 1002 sum
3433 949 3537 1004 vita
3559 948 3747 1022 (Joan.
3774 966 3884 1021 xxv,

2296 1033 2375 1106 6),
2416 1035 2664 1104 implevit
2709 1037 2883 1108 legem
2914 1037 3148 1106 Christi,
3171 1056 3295 1111 qua:
3327 1040 3498 1096 tendit
3521 1041 3589 1096 ad
3618 1041 3809 1098 vitam.

2366 1127 2554 1199 (Vers.
2602 1129 2684 1202 5.)
2717 1132 2881 1204 522
2925 1132 3067 1187 Nam
3117 1135 3163 1187 si
3206 1134 3322 1202 quis
3367 1134 3633 1189 existimat
3688 1151 3744 1191 se
3785 1152 3890 1192 esse

2297 1223 2519 1294 aliquid,
2551 1242 2669 1279 cum
2700 1227 2833 1281 nihil
2868 1227 2956 1293 sit,
3004 1228 3231 1297 seipsum
3258 1227 3481 1282 seducit.
3525 1228 3583 1284 Si
3612 1229 3737 1300 quis
3782 1245 3891 1287 non

2301 1316 2416 1371 vult
2440 1333 2607 1373 onera
2634 1319 2814 1374 aliena
2854 1330 3093 1389 portare,
3137 1333 3192 1377 et
3221 1321 3615 1379 itnmisericors
3637 1339 3737 1380 suo
3770 1334 3891 1382 tan-

2299 1417 2414 1463 tum
2461 1424 2634 1478 opere
2683 1420 2740 1467 et
2783 1414 2991 1469 virtute
3040 1423 3334 1470 contentus
3364 1426 3472 1479 est,
3504 1433 3608 1472 non
3639 1433 3893 1485 qnn'rens

2298 1516 2417 1569 quae
2448 1502 2629 1557 aliena
2664 1513 2812 1565 sunt,
2860 1506 2958 1559 sed
2991 1521 3112 1576 quae
3140 1521 3260 1571 sua,
3294 1507 3399 1563 hoc
3439 1521 3540 1576 est,
3568 1512 3649 1564 sui
3681 1523 3891 1566 tantum

2297 1600 2532 1660 amator,
2562 1604 2618 1651 et
2646 1612 2753 1651 non
2783 1597 2951 1652 etiam
2985 1598 3104 1667 Dei,
3149 1601 3265 1669 ipse
3304 1615 3364 1655 se
3394 1602 3615 1658 seducit.
3648 1602 3891 1673 Duplici-

2299 1695 2387 1741 ter
2412 1698 2594 1744 autem
2642 1690 2747 1761 legi
2794 1700 2973 1759 potext
3002 1702 3168 1762 atque
3196 1692 3458 1764 distingui
3498 1713 3512 1748 :
3558 1694 3677 1761 Vel,
3708 1696 3756 1750 si
3782 1697 3894 1768 quis

593 1790 806 1864 plebitis
852 1788 1017 1861 legem
1056 1786 1271 1841 Christi.
1304 1784 1442 1851 Quia
1494 1791 1775 1852 peccatum
1822 1796 1957 1837 onus
1997 1781 2113 1847 sit,
2139 1787 2191 1834 et
2223 1779 2274 1842 Β
2300 1779 2559 1834 existimat
2586 1797 2694 1835 esse
2723 1799 2777 1836 se
2804 1782 3024 1853 aliquid,
3053 1800 3171 1838 cum
3212 1787 3281 1839 sit
3330 1786 3459 1840 nihil
3488 1803 3507 1840 :
3536 1798 3630 1841 aut
3675 1787 3793 1843 ita:
3835 1786 3896 1844 Si

601 1880 889 1939 Psalmista
941 1889 1174 1936 testatur
1218 1878 1405 1933 dicens
1438 1894 1452 1931 :
1482 1874 1789 1945 lniquitates
1829 1889 1959 1929 mea:
1988 1872 2195 1927 elevatae

596 1984 715 2033 sunt
754 1990 914 2044 super
954 1981 1117 2043 caput
1165 1969 1528 2039 meum,quasi
1584 1984 1715 2023 onus
1762 1982 1919 2038 grave
1968 1971 2197 2040 gravata:

596 2079 890 2137 suntsuper
910 2082 990 2120 me
1010 2063 1183 2136 (Psal.
1202 2077 1408 2129 xxxvu,
1424 2061 1504 2125 5).
1524 2060 1918 2125 EtZaeharias,
1932 2058 1985 2112 in
2014 2056 2197 2124 specie

597 2161 758 2233 521
791 2159 1054 2223 mulieris,
1084 2157 1224 2211 vidit
1253 2171 1419 2225 super
1448 2154 1711 2209 talentum
1761 2152 1966 2222 plumbi
2004 2151 2199 2207 sedere

591 2253 934 2324 iniquitatem
963 2249 1157 2321 (Zach.
1183 2250 1257 2319 v).
1293 2250 1404 2302 Hoc
1431 2262 1568 2301 onus
1592 2245 1845 2301 Salvator
1889 2259 1988 2313 pro
2040 2242 2199 2298 nobis

596 2347 755 2411 tulit,
781 2360 882 2400 suo
911 2359 1011 2398 nos
1042 2342 1303 2410 exemplo
1345 2340 1547 2394 docens
1579 2336 1707 2408 quid
1750 2336 1929 2393 facere
1972 2336 2199 2392 debere-

596 2452 741 2494 mus.
786 2439 908 2508 Ipse
936 2438 1136 2506 quippe
1186 2432 1505 2504 iniquitates
1534 2441 1751 2487 nostras
1782 2440 1984 2501 portat,
2014 2440 2071 2484 et
2101 2445 2198 2500 pro

597 2533 759 2589 nobis
787 2530 941 2586 dolet
988 2528 1149 2601 (lsai.
1194 2526 1335 2598 uti),
1371 2537 1430 2583 et
1471 2542 1568 2581 eos
1611 2524 1705 2597 qui
1755 2533 2103 2595 peccatorum
2135 2540 2199 2580 ac

594 2625 760 2697 Legis
788 2639 956 2680 onere
985 2633 1111 2678 sunt
1142 2622 1411 2691 depressi,
1444 2620 1511 2674 ad
1540 2620 1659 2675 leve
1686 2633 1824 2674 onus
1866 2618 2081 2674 virtutis
2110 2618 2195 2672 in-

595 2723 753 2787 vitat,
784 2720 974 2774 dicens
1002 2737 1017 2773 :
1050 2716 1253 2791 Iugum
1284 2732 1453 2769 meum
1479 2730 1637 2769 suave
1665 2725 1763 2780 est,
1795 2723 1844 2768 et
1872 2731 2006 2767 onus
2029 2728 2197 2767 meum

594 2817 703 2872 leve
731 2811 948 2887 (Matth.
979 2828 1060 2877 ιι,
1089 2811 1203 2882 30).
1235 2810 1336 2878 Qui
1376 2809 1543 2879 igitur
1589 2808 1774 2864 fratris
1800 2824 1911 2863 non
1942 2808 2200 2876 deSperat

594 2907 859 2974 salutem,
892 2904 990 2960 sed
1024 2919 1240 2959 manum
1277 2901 1508 2972 porrigit
1550 2900 1896 2971 deprecanti,
1928 2910 1984 2954 et
2027 2915 2197 2970 quan-

598 3008 709 3053 tum
741 2999 881 3053 inse
908 3006 1017 3063 est,
1048 2996 1142 3052 ﬂet
1168 3010 1292 3050 cum
1332 2993 1522 3061 ﬂente,
1554 2993 1805 3049 inﬁrmus
1843 3002 1927 3047 est
1960 3008 2081 3047 cum
2115 2992 2197 3046 in-

592 3090 776 3152 ﬁrmo.
804 3104 1018 3158 suaque
1041 3088 1247 3159 judicat
1290 3087 1471 3143 aliena
1502 3096 1746 3157 peccata,
1792 3087 1895 3143 iste
1940 3101 2037 3157 per
2066 3087 2197 3141 cha-

2297 1873 2415 1941 quis
2443 1874 2703 1927 existimat
2734 1892 2787 1929 se
2815 1892 2924 1929 esse
2961 1875 3182 1946 aliquid,
3229 1887 3289 1932 ut
3341 1886 3529 1947 postea
3580 1877 3894 1946 inferamus,

2299 1985 2415 2023 cum
2443 1970 2510 2024 sit
2550 1969 2707 2037 nihil,
2759 1988 2814 2025 se
2853 1974 2965 2039 ipse
3007 1972 3226 2026 seducit.
3276 1971 3349 2027 Et
3393 1974 3569 2044 magis
3616 1973 3671 2028 in
3712 1971 3897 2029 Gram)

2298 2076 2459 2132 quam
2489 2063 2543 2117 in
2588 2062 2784 2118 Latino
2830 2073 3057 2119 resonat
3086 2065 3190 2119 ista
3220 2063 3502 2118 distantia.
3550 2065 3769 2122 Prioris
3817 2065 3897 2120 dio

2300 2156 2609 2210 stinctionis
2638 2155 2729 2211 hic
2756 2171 2954 2212 sensus
2984 2164 3070 2212 est
3098 2175 3111 2211 :
3145 2157 3251 2225 Qui
3296 2173 3357 2213 se
3386 2146 3589 2227 aliquid
3631 2159 3901 2215 existimat

2298 2261 2443 2313 e~se,
2490 2256 2546 2302 et
2591 2247 2729 2302 nihil
2761 2256 2868 2316 est,
2905 2250 3021 2318 ipse
3050 2265 3110 2304 se
3141 2249 3364 2319 decipit.
3396 2249 3688 2306 Secundus
3714 2264 3902 2308 sensus

2300 2338 2465 2393 altior
2490 2349 2596 2403 est,
2629 2350 2681 2395 et
2710 2340 2799 2411 qui
2829 2342 2987 2397 nobis
3017 2344 3187 2413 magis
3217 2345 3391 2412 placet
3421 2361 3436 2398 :
3468 2344 3521 2400 Si
3549 2350 3672 2415 quis
3702 2346 3894 2400 existi-

2299 2442 2414 2487 mat
2456 2448 2517 2488 se
2564 2448 2687 2489 esse
2738 2435 2966 2505 aliquid,
2999 2436 3052 2490 in
3082 2453 3149 2492 eo
3190 2439 3338 2508 quod
3371 2453 3431 2494 se
3477 2448 3628 2509 putat
3657 2455 3787 2496 esse
3813 2440 3903 2496 ali-

2298 2525 2453 2595 quid.
2486 2534 2544 2582 et
2568 2541 2675 2582 non
2702 2543 2769 2582 ex
2796 2528 3086 2584 clementia
3123 2532 3176 2585 in
3211 2534 3556 2603 proximum;
3584 2533 3681 2589 sed
3712 2551 3782 2590 ex
3809 2548 3904 2591 suo

2299 2631 2469 2688 opere
2492 2629 2546 2672 et
2573 2617 2766 2674 labore
2793 2632 2854 2674 se
2882 2620 3113 2689 iudicat,
3143 2638 3239 2677 sua
3276 2633 3483 2677 tantum
3527 2626 3731 2681 virtute
3780 2642 3905 2683 cun-

2300 2719 2506 2778 tentus,
2535 2711 2640 2768 iste
2671 2729 2736 2767 ex
2768 2711 2868 2768 hac
2898 2714 3010 2783 ipsa
3044 2715 3357 2785 arrogantia
3403 2716 3539 2772 nihil
3589 2717 3672 2785 ﬁt,
3703 2728 3769 2775 et
3796 2719 3904 2786 ipso

2298 2821 2359 2861 se
2379 2805 2586 2876 decipit
2613 2822 2627 2860 :
2656 2807 2801 2877 quod
2834 2809 3026 2862 melius
3051 2808 3107 2863 in
3138 2808 3335 2864 Grteco
3359 2809 3562 2866 dicitur
3583 2818 3901 2889 φρεναπατᾷ,

2300 2898 2403 2955 hoc
2424 2908 2529 2964 est,
2563 2908 2803 2955 mentem
2853 2914 3009 2956 suam
3058 2900 3267 2971 decipit
3313 2920 3326 2956 :
3377 2918 3474 2973 pro
3517 2919 3627 2972 quo
3656 2892 3902 2960 'Latinus

2299 2992 2481 3061 posuit
2534 2991 2837 3063 lnterpres,
2892 3010 2948 3048 se
2999 2994 3112 3066 ipse
3156 2996 3376 3049 seducit.
3430 2996 3664 3053 Mentem
3719 3008 3900 3056 autem

2298 3096 2452 3137 suam
2485 3083 2713 3152 decipit,
2743 3085 2925 3155 quise
2966 3094 3120 3156 putat
3150 3100 3275 3143 esse
3319 3087 3652 3159 sapientem,
3704 3099 3770 3147 et
3812 3105 3897 3147 se-

584 3184 802 3239 ritatem
853 3155 1116 3250 adimplet
1161 3181 1334 3252 legem
1386 3155 1610 3235 Christi.
1660 3178 1791 3248 Qum
1845 3155 2045 3233 Christi
2097 3179 2185 3233 les
2218 3155 2265 3222 Ο
2298 3175 2534 3231 cundum
2564 3176 2788 3246 Isaiam,
2822 3177 3042 3249 sapiens
3084 3180 3136 3234 in
3167 3196 3227 3235 se
3270 3155 3463 3249 est,vet
3490 3183 3547 3236 in
3593 3192 3896 3254 conspectu

584 3275 709 3331 est?
755 3272 873 3329 Hoc
916 3282 994 3327 est
1045 3274 1352 3327 mandatum
1402 3289 1593 3342 meum,
1626 3280 1683 3325 ut
1714 3272 1946 3341 diligatis
1975 3271 2190 3324 invicem

583 3365 766 3441 (Iona.
800 3382 917 3434 xm,
947 3364 1066 3439 54.)
1095 3366 1227 3434 Quae
1258 3366 1346 3420 lex
1374 3363 1496 3419 Filii
1528 3365 1623 3420 Dei
1647 3364 1766 3420 est?
1788 3363 2004 3436 Diligite
2031 3365 2189 3419 alter-

584 3469 783 3526 utrum,
832 3460 971 3514 sicut
1009 3469 1056 3513 et
1088 3476 1183 3531 ego
1225 3459 1388 3512 dilexi
1418 3473 1530 3513 vos.
1574 3458 1862 3526 Quomodo
1890 3458 1984 3514 Dei
2018 3457 2187 3514 Filius

578 3564 680 3608 nos
706 3552 943 3607 dilexit?
986 3550 1166 3623 Major
1195 3549 1293 3603 hac
1322 3549 1602 3604 dilectione
1649 3567 1754 3604 non
1802 3562 1896 3618 est,
1946 3568 2104 3622 quant
2131 3562 2187 3606 ut

580 3642 695 3715 quis
717 3643 947 3697 animum
983 3657 1135 3695 suam
1159 3649 1322 3713 ponat
1353 3657 1450 3711 pro
1497 3642 1677 3695 amicis
1722 3643 1833 3697 suis
1867 3643 2049 3714 (Joan.
2083 3660 2182 3712 xv,

586 3732 700 3804 15).
748 3734 853 3800 Qui
901 3732 1252 3788 clementiam
1305 3749 1410 3789 non
1459 3732 1644 3799 habet,
1691 3749 1792 3789 nec
1838 3735 2057 3791 indutus
2101 3746 2187 3793 ert

579 3823 798 3879 viscera
831 3822 1225 3879 misericordiae
1254 3831 1310 3878 et
1356 3823 1749 3895 lacrymarum,
1798 3829 2042 3893 quamvis
2072 3832 2183 3898 spi-

581 3915 799 3971 ritualis
824 3917 919 3979 sit,
955 3929 1061 3969 non
1112 3914 1430 3985 adimplebit
1472 3915 1646 3986 legem
1691 3916 1913 3973 Christi.
1970 3919 2075 3975 Sed
2127 3930 2183 3977 ct

586 4007 737 4062 hunc
760 4006 939 4062 locum
974 4021 1097 4061 cum
1125 4006 1496 4077 superioribus
1522 4009 1866 4078 copulemus.
1898 4012 2179 4082 Duplicem

582 4102 728 4157 enim
757 4102 1042 4173 sequimur
1081 4101 1521 4173 intelligentiam.
1554 4101 1612 4159 Si
1657 4105 1777 4174 quis
1829 4104 2075 4162 inﬁrmus
2122 4109 2179 4163 in

582 4194 690 4251 ﬁde
719 4204 827 4262 est,
869 4203 926 4251 et
951 4194 1126 4250 adhuc
1175 4195 1314 4251 lacte
1353 4196 1592 4251 nutritur
1624 4196 1882 4264 infantize,
1936 4216 2035 4256 nec
2084 4219 2180 4271 po-

579 4298 686 4344 test
720 4297 832 4342 tant
882 4288 994 4343 cito
1038 4302 1069 4342 a
1121 4287 1285 4358 legali
1327 4276 1717 4346 observatione
1760 4292 1827 4346 ad
1872 4294 2174 4363 spiritualia

576 4388 921 4436 sacramenta
950 4379 1191 4435 transire
1220 4397 1234 4435 :
1264 4397 1362 4435 vos
1390 4382 1483 4451 qui
1509 4382 1848 4439 robustiores
1873 4387 2024 4456 estis,
2058 4387 2178 4456 ejus

571 4487 745 4529 onera
770 4479 1024 4544 portate:
1057 4489 1124 4527 ne
1147 4487 1244 4543 per
1275 4472 1557 4528 scientiam
1590 4484 1826 4531 vestram
1851 4479 2018 4535 frater
2045 4497 2170 4548 ιιι-ι’·

2295 3283 2396 3323 suo
2448 3270 2763 3341 intelligens
2817 3270 2976 3345 (Isai.
3028 3270 3108 3345 v).
3166 3271 3248 3328 Ad
3308 3272 3793 3331 circumcisionem
3844 3285 3895 3331 et

2294 3360 2519 3432 Legem,
2554 3364 2627 3417 ita
2655 3364 2760 3419 loci
2808 3363 2968 3436 hujus
3014 3367 3360 3422 connectitur
3405 3367 3767 3424 intellectus:
3799 3366 3895 3435 Qui

2293 3454 2591 3523 spiritualis
2623 3468 2728 3522 est,
2772 3467 2828 3512 et
2869 3457 3300 3513 misericordiam
3343 3458 3395 3513 in
3436 3461 3758 3531 proximum
3789 3476 3893 3517 non

2294 3544 2479 3611 habet,
2525 3557 2883 3604 contemnens
2934 3549 3221 3618 humilem,
3256 3550 3382 3621 quia
3432 3551 3557 3621 ipse
3601 3552 3895 3609 sublimior

2290 3645 2395 3703 est,
2427 3638 2545 3708 ipse
2572 3653 2631 3695 se
2675 3640 2904 3710 decipit,
2949 3642 3199 3698 nesciens
3245 3643 3383 3699 hanc
3412 3643 3637 3714 spiritus
3667 3660 3795 3702 esse
3816 3645 3890 3702 le-

2288 3746 2437 3804 gem,
2472 3745 2529 3788 ut
2556 3748 2656 3789 nos
2684 3736 2917 3792 invicem
2949 3737 3263 3809 diligamus.

2365 3822 2546 3894 (Vers.
2572 3823 2659 3897 4.)
2695 3826 2844 3898 Opus
2870 3836 3045 3882 autem
3083 3846 3235 3883 suum
3280 3829 3460 3899 probet
3487 3833 3842 3905 unusquisque
3864 3848 3884 3887 :

2288 3926 2336 3971 et
2361 3918 2437 3971 sic
2466 3919 2520 3971 in
2544 3920 2822 3990 semetipso
2852 3930 3055 3976 tantunt
3077 3923 3301 3993 gloriam
3345 3922 3571 3991 habebit,
3596 3934 3649 3978 et
3691 3943 3795 3981 non
3831 3927 3881 3981 in

2287 4009 2473 4064 altero.
2506 4010 2714 4068 Sensus
2748 4013 2849 4070 iste
2873 4023 2955 4070 est
2981 4032 2995 4070 :
3026 4013 3108 4071 Tu
3137 4019 3227 4086 qui
3260 4026 3312 4072 te
3332 4016 3574 4072 testimas
3617 4018 3880 4088 spiritua-

2287 4101 2419 4169 lem,
2448 4102 2599 4159 etde
2640 4106 2869 4161 alterius
2898 4117 2921 4145 ε
2956 4107 3278 4165 inﬁrmitate
3307 4108 3591 4164 robustior
3638 4125 3725 4178 es,
3775 4127 3878 4167 non

2284 4194 2453 4250 debes
2481 4196 2910 4254 imbecillitatem
2953 4199 3209 4271 jacentis,
3258 4202 3357 4257 sed
3409 4213 3554 4257 tuam
3600 4203 3876 4259 fortitudi-

2285 4301 2410 4341 nem
2441 4289 2813 4346 considerarc.
2848 4292 3037 4364 Neque
3066 4295 3213 4349 enim
3257 4296 3300 4349 si
3334 4296 3469 4350 alius
3488 4298 3745 4367 perfecte
3775 4312 3877 4352 non

2282 4391 2463 4451 potest
2493 4385 2559 4438 ad
2588 4384 3070 4443 Christianismum
3113 4404 3144 4444 a
3184 4389 3468 4445 Judaismo
3502 4394 3764 4461 transire,
3801 4392 3877 4445 id-

2280 4476 2434 4530 circo
2461 4487 2516 4531 tu
2557 4479 2835 4548 perfecms
2860 4497 2921 4537 es
2946 4480 3290 4538 Christianus
3321 4502 3336 4540 :
3369 4484 3464 4540 sed
3495 4484 3541 4539 si
3576 4496 3626 4540 te
3657 4486 3873 4555 pum-ria

572 4571 695 4631 eat,
727 4579 827 4636 pro
853 4580 962 4636 quo
995 4563 1246 4620 Christus
1287 4572 1372 4620 est
1417 4578 1686 4622 mortuus.
1732 4567 1920 4624 Portat
1956 4552 2175 4643 quoque
2204 4555 2259 4617 D
2280 4570 2616 4626 conscientia
2645 4588 2754 4627 non
2789 4575 3093 4641 remordet,
3127 4575 3298 4632 babes
3327 4576 3383 4631 in
3412 4552 3705 4647 temetipso
3753 4552 3872 4647 glo-

568 4655 757 4713 fratris
783 4657 1189 4721 necessitatem,
1224 4657 1317 4727 qui
1350 4668 1631 4727 gravatum
1666 4677 1957 4731 pauperem
1999 4682 2171 4724 ornere

563 4750 826 4821 egestatis
874 4749 1115 4819 adjuvat,
1174 4756 1230 4803 et
1268 4748 1396 4804 facit
1450 4752 1552 4807 sibi
1600 4752 1806 4833 amicos
1856 4752 1926 4808 de
1981 4756 2167 4828 iniquo

563 4857 873 4900 mammona
936 4840 1087 4913 (Luc.
1136 4842 1273 4912 ιγι),
1315 4857 1479 4912 quem
1528 4851 1650 4913 post
1702 4851 2165 4907 resurrectiom-m

561 4932 817 4992 Christus
866 4932 1065 4988 aﬁ'atur
1109 4949 1123 4989 :
1166 4931 1352 4987 Venite
1397 4933 1467 4986 ad
1518 4950 1619 5003 me,
1676 4935 1928 4993 benedicti
1980 4939 2163 4997 Patris

556 5028 657 5083 mei
679 5044 709 5082 :'
728 5027 982 5100 possidete
1026 5034 1383 5098 praeparatum
1408 5025 1548 5079 vobis
1577 5043 1793 5099 regnum
1833 5047 1865 5083 a
1905 5036 2159 5087 constitit-

550 5120 689 5176 tione
716 5119 918 5173 mundi.
966 5117 1182 5172 Esuriri
1218 5117 1379 5183 enim,
1410 5128 1458 5171 et
1504 5118 1718 5173 dedistis
1765 5123 1891 5175 mihi
1936 5127 2160 5180 mandu-

550 5225 669 5266 care
700 5228 719 5265 :
761 5209 919 5277 sitiai,
961 5219 1006 5262 et
1036 5208 1256 5262 dedistis
1300 5206 1428 5261 mihi
1458 5207 1625 5262 bibere
1654 5208 1870 5281 (Matth.
1903 5231 2027 5284 xxv,
2062 5219 2153 5288 I34,

549 5299 666 5373 35).
692 5300 863 5358 Juxta
893 5300 1040 5356 hunc
1076 5314 1301 5356 sensum
1331 5300 1497 5355 etiam
1526 5301 1580 5356 in
1610 5304 1718 5359 alia
1745 5306 1990 5375 Epistola
2013 5311 2156 5368 Pan-

548 5390 635 5449 lus
681 5391 1032 5447 Timotheum
1083 5389 1309 5458 docens,
1365 5391 1573 5449 addidit
1622 5411 1636 5449 :
1684 5394 1943 5456 Divitibus
1992 5403 2156 5471 huius

550 5481 731 5537 seculi
760 5482 983 5551 praecipe
1009 5496 1118 5537 non
1144 5482 1367 5536 sublime
1402 5500 1584 5555 sapere
1629 5486 1754 5559 (pro
1782 5505 1849 5546 eo
1872 5495 2014 5563 quod
2041 5510 2148 5567 est,

619 5629 646 5657 ι
672 5619 952 5700 Rescribit
988 5618 1267 5676 Victorius
1307 5635 1376 5676 ex
1430 5621 1648 5695 Vulgati
1701 5626 2022 5700 interpretis
2072 5641 2151 5698 le-

551 5688 737 5744 ctione
760 5688 1054 5743 manducat.

616 5753 645 5795 ιν
674 5754 946 5826 “rerum,
976 5758 1344 5829 apprehendit,
1391 5760 1478 5816 hic
1526 5762 1637 5821 duo
1686 5781 1718 5823 e
1766 5772 1967 5830 nostris
2013 5795 2143 5843 mss.

2276 4664 2410 4719 riam
2442 4676 2498 4721 et
2539 4682 2646 4721 non
2680 4668 2732 4723 in
2784 4668 2985 4725 altero.
3015 4670 3237 4725 Athletn
3292 4686 3398 4726 non
3428 4669 3553 4727 ideo
3576 4669 3738 4726 fortis
3767 4679 3869 4739 cst,

2272 4758 2397 4827 quia
2428 4758 2561 4815 vicit
2589 4762 2884 4827 inﬁrmum,
2935 4773 2991 4818 et
3037 4762 3296 4834 languida
3343 4764 3647 4820 adversarii
3701 4780 3872 4819 mem-

2273 4849 2369 4904 bra
2400 4854 2679 4921 superavit
2710 4872 2724 4908 :
2753 4854 2851 4910 sed
2880 4854 2927 4910 si
2954 4856 3214 4911 robustus
3240 4866 3347 4924 est,
3370 4865 3427 4912 et
3450 4857 3505 4912 in
3531 4873 3631 4912 sua
3653 4854 3873 4911 fortitu-

2269 4942 2420 5012 dine,
2447 4961 2554 5001 non
2584 4947 2637 5003 in
2667 4949 2984 5003 infirmitate
3011 4950 3238 5005 alterius
3264 4950 3556 5021 gloriatur.
3589 4949 3754 5024 523
3784 4947 3870 5004 Ιη-

2271 5039 2443 5109 telligi
2495 5051 2675 5110 potest
2730 5052 2786 5098 et
2835 5044 3045 5099 aliter:
3101 5044 3204 5112 Qui
3259 5045 3653 5101 conscientiam
3704 5045 3867 5098 habet

2266 5134 2451 5201 cperis
2497 5133 2648 5203 horti,
2701 5148 2756 5192 et
2802 5137 3042 5207 seipsum
3083 5137 3466 5204 considerans,
3520 5153 3661 5208 opus
3706 5151 3865 5192 suum

2266 5240 2378 5279 non
2413 5229 2793 5297 reprehendit,
2825 5245 2937 5285 non
2970 5230 3133 5285 debet
3160 5230 3229 5284 de
3259 5232 3363 5284 hoc
3386 5228 3529 5299 apud
3558 5230 3727 5284 alium
3747 5226 3867 5300 glo-

2263 5318 2419 5385 riari,
2451 5326 2509 5374 et
2532 5320 2750 5377 laudem
2798 5337 2952 5379 suam
2980 5323 3127 5378 foras
3160 5325 3411 5391 fundere,
3464 5332 3525 5380 et
3550 5323 3862 5379 communi-

2259 5425 2389 5466 care
2430 5427 2554 5466 cum
2599 5416 2831 5482 cunctis,
2876 5422 3023 5471 etes
3072 5414 3353 5470 hominum
3396 5428 3645 5485 (interere
3675 5413 3864 5469 favore

2252 5505 2571 5576 iactantiam
2616 5526 2631 5565 :

2686 5510 2785 5566 sed
2822 5510 2879 5566 in
2925 5512 3224 5582 semetipso
3270 5509 3472 5566 habeat
3509 5510 3769 5581 gloriam,
3809 5513 3863 5563 et

2262 5649 2618 5704 inlerserunt.

2336 5732 2356 5755 π
2390 5720 2674 5773 Contraria
2720 5733 2888 5781 sensu
2929 5734 3070 5777 unus
3094 5718 3328 5777 Palatia.
3371 5733 3501 5786 ms.,
3534 5718 3599 5774 de
3636 5717 3858 5777 alterius

2260 5790 2522 5859 ﬁrmitate.
