4046 6382
186 336 299 396 429

684 328 1334 393 COMMENTARIORUM
1372 329 1440 389 IN
1478 323 1876 388 EPISTOLAM
1914 327 2010 387 AD
2046 326 2369 390 GALATAS
2405 329 2539 389 LIB.
2582 329 2674 390 Ill.
2713 330 2870 391 CAP.
2910 332 3002 393 Vl.

3393 337 3502 401 ιω

189 451 388 508 dicat:
423 444 559 506 Mihi
599 459 771 504 autem
814 449 947 503 absit
975 448 1217 521 gloriari,
1269 449 1372 503 nisi
1413 449 1469 503 in
1516 464 1667 503 cruce
1700 446 1805 502 Do-
1830 446 2293 515 Aascenderant,
2351 450 2446 509 sed
2497 451 2673 508 adhuc
2729 451 2990 509 humilius
3040 452 3400 521 incedebant,
3447 463 3509 516 et

192 545 325 600 mini
353 544 521 598 nostri
561 538 692 596 Jesu
723 539 937 610 Christi,
967 556 1058 611 per
1078 557 1230 612 quem
1256 542 1385 595 mihi
1429 541 1651 596 mundus
1677 557 1797 596 cru-

194 639 385 707 cifixus
415 645 509 706 est,
541 644 592 690 et
617 651 712 708 ego
740 634 955 689 mundo.
995 634 1096 703 Qui
1127 634 1355 704 gloriam
1397 636 1595 705 quaerit
1625 633 1694 688 ab
1725 634 1804 689 al-

195 741 341 792 tero.
376 730 505 785 huic
533 743 635 785 nec
659 727 894 783 mundus
915 727 1211 782 cruciﬁxus
1240 736 1348 795 est,
1381 743 1482 783 nec
1511 728 1802 783 cruciﬁxus

197 837 285 882 εει
316 826 436 894 ipse
456 837 582 877 cum
612 820 856 875 Christo.
891 819 1122 890 Recepit
1150 820 1377 890 quippe,
1421 818 1565 890 quod
1587 834 1803 890 qurere-

200 917 298 972 bat
329 917 400 970 ab
427 913 759 977 hominibus,
792 910 1102 967 mercedem
1122 926 1300 967 suam.

280 1010 467 1085 (Vers.
492 1007 576 1076 5.)
611 1005 971 1077 Unusquisque
1019 1007 1158 1060 enim
1201 1021 1334 1061 onus
1379 1020 1530 1061 suum
1559 1003 1803 1071 portabit.

210 1104 443 1159 Videtur
463 1102 840 1173 superioribus
884 1102 1187 1165 contraire,
1233 1098 1326 1155 ubi
1357 1098 1434 1153 ait
1461 1114 1477 1154 :
1511 1097 1652 1153 Alter
1679 1095 1810 1152 alte-

206 1199 322 1253 rius
345 1213 503 1252 onera
531 1204 773 1268 portate:
815 1194 859 1249 si
893 1194 1038 1248 enim
1072 1207 1211 1247 onus
1239 1206 1397 1246 suum
1436 1188 1810 1261 unusquisque

207 1288 473 1358 portabit,
502 1288 644 1342 alter
683 1284 907 1339 alterius
953 1300 1121 1339 onera
1174 1291 1390 1354 portare
1431 1297 1538 1338 non
1589 1283 1809 1353 pulerit.

208 1383 316 1440 Sed
348 1382 664 1446 videndum,
694 1378 837 1447 quod
863 1378 936 1433 ibi
968 1378 1291 1447 praeceperit
1315 1384 1374 1431 ut
1420 1383 1714 1445 peccantes
1759 1375 1810 1429 in

211 1478 313 1533 hac
344 1478 448 1531 vita
484 1490 584 1529 nos
630 1471 868 1528 invicem
909 1478 1306 1536 sustentemus,
1359 1475 1417 1525 et
1457 1468 1512 1524 in
1557 1469 1813 1539 praesenti

209 1571 415 1626 saecqu
440 1569 767 1623 alterutrum
792 1565 1001 1620 auxilio
1030 1563 1199 1619 simus
1228 1581 1242 1618 :
1278 1561 1365 1617 hic
1396 1569 1578 1617 autem
1616 1561 1683 1616 de
1715 1561 1817 1614 Do-

213 1664 347 1720 mini
378 1662 521 1719 dicat
553 1658 661 1734 [ΑΙ.
690 1657 930 1731 dicebat]
961 1659 1012 1711 in
1036 1673 1136 1712 nos
1164 1656 1389 1726 judicio,
1428 1655 1573 1726 quod
1604 1670 1712 1708 non
1751 1669 1813 1708 es

215 1760 446 1816 alterius
494 1767 717 1828 peccatu
767 1761 826 1810 et
871 1753 1286 1821 comparatione
1334 1748 1660 1814 deterioris;
1717 1747 1817 1803 sed

1903 541 2003 595 sibi
2032 542 2155 597 addi
2196 544 2491 613 poscebant
2528 545 2711 611 tidem,
2743 545 2943 601 diserit
2976 563 2988 599 :
3022 547 3083 601 Si
3109 564 3230 619 ergo
3270 565 3357 605 vos
3385 565 3507 606 cum

1905 632 2031 687 mali
2073 633 2210 698 sitis,
2241 634 2387 688 scitis
2434 635 2566 689 bona
2590 635 2718 691 data
2756 639 2882 690 dare
2908 637 3032 706 ﬁliis
3055 640 3238 692 vestris
3264 656 3281 692 :
3311 648 3509 712 quanto

1906 727 2073 798 magis
2102 726 2264 781 Pater
2301 736 2465 783 vester
2494 729 2712 784 cmlestis
2756 729 2901 784 dabit
2939 730 3072 785 bona
3122 733 3409 803 petentibus
3452 747 3512 790 se

1908 816 2127 890 (Matth.
2159 835 2258 884 vu,
2293 816 2418 891 il)!
2449 820 2561 890 Ego
2590 830 2721 892 puto
2752 832 2804 877 et
2828 821 2952 887 Job,
2997 838 3117 876 cum
3160 824 3225 878 ad
3254 840 3510 895 uxorem,

1907 911 2059 981 quasi
2105 928 2271 967 unam
2299 912 2369 968 de
2398 912 2780 983 insipientibus
2810 917 3129 972 mulieribus
3170 920 3510 992 loqueretur,

1910 1013 2158 1073 respectu
2205 1004 2348 1073 ejus,
2391 1020 2513 1076 quae
2544 1008 2617 1058 ita
2651 1007 2897 1076 putabat,
2930 1009 2997 1065 de
3022 1013 3398 1080 corporalibus
3425 1014 3514 1071 di-

1912 1094 2063 1148 vitiis
2104 1093 2342 1151 locutum
2375 1111 2390 1150 :
2437 1097 2498 1152 Si
2528 1096 2661 1152 bona
2687 1099 2981 1166 accepimus
3007 1104 3069 1155 de
3096 1119 3256 1158 manu
3288 1104 3513 1162 Domini

1916 1184 2060 1257 (Job.
2091 1202 2152 1253 ιι,
2184 1186 2311 1260 10);
2363 1198 2417 1243 et
2461 1204 2680 1244 rursum
2727 1191 2798 1247 de
2826 1195 3091 1262 angustiis
3134 1205 3191 1251 et
3220 1200 3515 1268 pressuris,

1913 1289 1965 1334 et
1997 1280 2318 1346 tentatione,
2348 1295 2471 1352 qua:
2498 1283 2783 1337 victoriam
2814 1283 3043 1341 aﬂ'erant
3069 1305 3080 1341 :
3118 1288 3290 1356 Quare
3318 1293 3521 1348 malum

1914 1388 2017 1427 non
2057 1374 2448 1429 sustineamus?
2492 1374 2627 1430 Cum
2663 1377 2848 1446 utique
2881 1378 3019 1432 mala
3060 1389 3118 1435 et
3145 1381 3284 1435 bona
3315 1400 3420 1437 non
3462 1386 3523 1442 iu

1916 1464 2129 1520 divitiis
2155 1475 2212 1521 et
2255 1468 2554 1536 pressaris,
2604 1467 2698 1524 sed
2737 1469 2790 1524 in
2832 1470 3124 1526 virtutibus
3164 1482 3438 1541 ponantur
3465 1482 3525 1533 et

1918 1556 2091 1623 vitiis,
2122 1566 2181 1612 ut
2203 1558 2389 1628 justus
2415 1559 2663 1631 loquitur
2707 1561 2758 1615 in
2800 1563 3053 1633 psalmo:
3085 1563 3213 1631 Quis
3254 1576 3328 1621 est
3367 1566 3525 1624 homo

1919 1655 2009 1726 qui
2038 1655 2147 1710 vult
2190 1658 2374 1724 vitam,
2403 1661 2547 1728 cupit
2576 1660 2752 1715 videre
2798 1662 2908 1717 dies
2934 1663 3140 1720 bonos?
3164 1664 3393 1722 Prohibe
3422 1669 3530 1724 lino

1923 1765 2080 1818 guam
2101 1757 2245 1804 tuam
2274 1767 2306 1804 a
2327 1750 2486 1818 malo,
2518 1762 2567 1807 et
2593 1764 2615 1793 ε
2646 1753 2786 1808 labia
2809 1765 2898 1809 tua
2923 1774 2988 1812 ne
3013 1758 3295 1829 loquantur
3322 1761 3524 1820 dolum.

209 1856 365 1926 juxta
415 1861 663 1908 nostrum
713 1863 873 1921 opus,
918 1857 1011 1902 aut
1056 1856 1367 1917 peccatores
1395 1845 1465 1898 ab
1505 1857 1574 1898 eo
1602 1841 1812 1912 judicc-
1843 1838 1893 1900 B
1920 1840 2138 1898 Declina
2161 1861 2193 1897 a
2217 1846 2379 1909 malo,
2407 1856 2454 1899 et
2477 1848 2562 1917 {ac
2603 1848 2790 1903 bonum
2816 1849 2934 1921 (Ps.
2965 1868 3154 1916 χχχιιι,
3194 1855 3261 1909 15
3287 1872 3452 1927 scqq.,
3477 1860 3534 1913 et

218 1964 365 2011 ntur,
408 1956 501 2001 aut
544 1943 737 2009 sancti,
789 1941 1086 2009 recipiente
1134 1951 1469 2009 unoquoque
1514 1934 1816 1991 secundum

218 2055 361 2109 Opus
403 2052 585 2092 suum.
633 2035 875 2091 Obscura
926 2035 1052 2088 licet
1102 2032 1365 2086 docemur
1396 2045 1494 2099 per
1523 2029 1665 2083 hanc
1690 2042 1820 2082 sen-

222 2133 531 2198 tentiolam,
558 2145 758 2186 novum
802 2128 1000 2197 dogma
1031 2126 1174 2196 quod
1206 2126 1415 2178 latitat:
1446 2122 1573 2177 dum
1602 2123 1654 2175 in
1684 2135 1821 2190 prte-

219 2231 365 2284 senti
396 2227 595 2281 szeculo
619 2238 840 2287 sumus,
873 2223 993 2277 sive
1016 2219 1377 2287 orationibus,
1407 2218 1527 2272 sive
1554 2213 1820 2281 consiliis,

225 2321 470 2377 invicem
499 2334 659 2390 posse
698 2331 798 2371 nos
825 2315 1160 2384 cuadjuvari.
1195 2313 1328 2366 Cum
1355 2318 1536 2365 autem
1566 2318 1695 2362 ante
1724 2306 1823 2361 tri-

230 2412 396 2469 bunal
426 2411 623 2466 Christi
656 2408 1000 2470 venerimus,
1029 2420 1134 2460 non
1165 2404 1292 2470 Job,
1331 2418 1437 2457 non
1482 2400 1691 2466 Daniel,
1726 2410 1827 2453 nec

228 2504 348 2560 Noe
378 2518 569 2574 rogare
599 2516 760 2572 posse
792 2514 890 2569 pro
918 2512 1215 2570 quoquam.
1263 2494 1361 2550 sed
1390 2505 1827 2564 unumquemque

232 2607 460 2668 portare
486 2604 512 2633 ⁸
541 2607 680 2664 Opus
712 2608 869 2647 suum
902 2590 1119 2662 (Ezeclt.
1150 2586 1284 2659 stv).

304 2684 495 2755 (Vers.
521 2683 599 2751 6.)
634 2680 986 2736 Commtmicet
1026 2687 1202 2734 autent
1244 2679 1289 2730 is
1338 2677 1427 2748 qui
1477 2675 1832 2731 catechiaatur

231 2774 469 2838 verbum,
497 2775 544 2828 ei
582 2773 671 2844 qui
713 2789 764 2828 se
811 2771 1093 2826 catecltizat
1140 2771 1196 2824 in
1225 2769 1460 2824 erunibus
1486 2768 1653 2822 bonis.
1683 2768 1830 2822 Mar-

232 2869 362 2925 cion
394 2867 542 2922 lumc
568 2866 747 2920 locum
800 2865 871 2919 ita
922 2863 1310 2930 interpretatus
1355 2868 1460 2930 est,
1512 2869 1571 2914 ut
1619 2868 1835 2928 putaret

234 2946 457 3029 ﬁdeles,
502 2968 558 3016 et
613 2957 1042 3014 catechumenos
1088 2956 1249 3012 sirnul
1297 2969 1456 3010 orare
1503 2954 1733 3018 debere,
1779 2961 1836 3010 et

233 3057 561 3126 magistrum
593 3053 998 3109 communicare
1037 3053 1093 3106 in
1123 3050 1376 3105 oratione
1400 3048 1716 3118 discipulis;
1743 3048 1835 3103 illo

232 3149 324 3204 vel
352 3145 588 3203 maxime
611 3146 809 3211 elatus,
841 3144 982 3216 quod
1006 3152 1290 3215 sequatur,
1321 3142 1373 3196 in
1401 3142 1636 3196 omnibus
1664 3140 1832 3197 bonis.

1924 1950 2103 2000 xxxvi,
2134 1935 2252 2006 27).
2290 1936 2516 2007 Proprie
2547 1940 2746 1994 malum
2774 1941 2997 2010 dicitur,
3050 1946 3196 2013 quod
3240 1949 3527 2007 vitandum

1922 2036 2007 2082 est
2034 2043 2047 2080 :
2079 2026 2306 2095 bonum,
2324 2030 2467 2098 quod
2491 2028 2671 2087 facere
2692 2031 2976 2089 debemus.
3002 2035 3164 2091 Dives
3184 2054 3402 2110 quoque
3427 2041 3526 2098 ille

1924 2116 1978 2173 in
2007 2118 2330 2189 Evangelio,
2362 2122 2454 2190 qui
2485 2122 2613 2178 mali
2636 2133 2690 2177 et
2722 2124 2850 2179 boni
2881 2129 3162 2183 scientiam
3206 2146 3313 2186 non
3362 2133 3533 2191 liabe-

1926 2210 2042 2276 bat,
2104 2220 2258 2267 recte
2300 2228 2553 2284 agrorum
2598 2216 2902 2275 ubertatem
2951 2222 3088 2275 bona
3137 2225 3533 2299 arbitrabatur,

1928 2305 2118 2361 dicens
2148 2322 2164 2360 :
2196 2308 2405 2371 Anima,
2440 2308 2596 2364 habes
2626 2310 2762 2366 bona
2793 2314 2963 2382 posita
2989 2317 3040 2371 in
3083 2337 3246 2375 annos
3290 2323 3481 2380 multos
3506 2338 3534 2381 .‘

1927 2400 2149 2470 quiesce,
2193 2400 2422 2467 comede,
2472 2401 2604 2467 bibe,
2638 2414 2686 2458 et
2730 2405 2909 2461 leare
2955 2408 3108 2479 (Luc.
3160 2427 3260 2479 xu,
3310 2414 3425 2485 19).
3468 2414 3541 2475 Et

1929 2493 2068 2549 alius
2113 2495 2208 2561 qui
2252 2496 2474 2563 jacrbat
2519 2498 2571 2551 in
2615 2513 2873 2569 purpura,
2914 2512 2970 2557 et
3009 2504 3219 2559 dvliciis
3248 2507 3536 2583 attinebat,

1932 2588 2082 2643 audit
2106 2588 2247 2659 apud
2279 2589 2486 2646 inferos
2537 2592 2605 2648 ab
2656 2593 2932 2650 Abraham
2963 2614 2976 2650 :
3004 2595 3267 2672 Recepisti
3308 2603 3438 2657 bona
3482 2606 3541 2659 in

1931 2682 2037 2736 vita
2079 2691 2168 2736 tua
2211 2681 2365 2753 (Luc.
2407 2700 2517 2750 xw,
2548 2686 2665 2756 25).
2702 2686 2841 2742 Illud
2883 2706 3102 2763 quoque
3140 2696 3537 2755 attendendum

1935 2773 2096 2847 525
2126 2788 2195 2830 ne
2225 2775 2362 2830 forte
2390 2785 2443 2833 et
2467 2776 2575 2832 hoc
2599 2780 2778 2847 possit
2810 2781 3065 2855 intelligi,
3102 2786 3222 2842 dari
3248 2788 3540 2859 discipulis

1938 2866 2277 2936 tuandalum,
2304 2876 2363 2922 ut
2389 2868 2467 2923 eis
2491 2870 2583 2939 qui
2616 2885 2675 2926 se
2696 2870 2995 2940 instruunt,
3025 2878 3251 2934 verbum
3283 2896 3533 2939 commu-

1937 2959 2139 3022 nicent,
2160 2959 2554 3031 obsequantur,
2580 2961 2808 3030 dociles,
2832 2964 3129 3038 facilesque
3151 2986 3210 3026 se
3233 2974 3535 3042 praebeant.

1938 3048 1995 3104 In
2028 3049 2113 3104 bis
2142 3059 2324 3105 tamen
2349 3066 2472 3123 qua:
2500 3052 2642 3108 bona
2667 3064 2821 3121 sunt,
2849 3073 2967 3126 qua!
2990 3061 3318 3133 spiritualia,
3347 3079 3395 3122 et
3430 3083 3539 3126 non

1940 3141 2219 3212 hmretica,
2248 3145 2331 3199 vel
2355 3145 2576 3202 Judaica
2610 3151 2883 3216 pravitate
2914 3168 3196 3222 perversa.

234 3242 374 3297 Cum
407 3241 595 3312 utique
625 3240 669 3294 si
705 3242 773 3296 Pe
801 3240 1051 3293 oratione
1100 3249 1284 3293 sermo
1330 3234 1544 3300 luisset,
1577 3250 1684 3290 non
1732 3234 1829 3290 de-
1857 3209 1906 3276 Ο
2008 3209 2300 3309 (νει-επ.)
2356 3238 2536 3295 Nolite
2555 3209 2748 3308 errare,
2780 3209 2928 3298 Deus
2944 3262 3046 3301 non
3078 3209 3325 3305 irridetur
3363 3271 3381 3309 :
3422 3271 3543 3325 qm:

236 3333 416 3391 buerit
464 3334 515 3388 ei
560 3335 773 3401 praecipi
821 3332 911 3402 qui
957 3328 1345 3398 catcchiaatur,
1387 3326 1488 3384 sed
1517 3326 1569 3383 ei
1593 3325 1687 3398 qui
1713 3326 1742 3366 δ
1775 3340 1836 3383 se

235 3429 568 3495 catechizat,
616 3427 667 3482 id
719 3437 826 3493 est,
880 3440 987 3481 non
1049 3424 1338 3496 discipulo,
1403 3422 1499 3479 sed
1552 3424 1833 3494 magistro.

241 3521 452 3580 Deinde
475 3520 642 3577 etiam
670 3527 866 3575 caetera
909 3533 1031 3589 qua),
1070 3527 1403 3589 sequuntur,
1437 3529 1558 3572 eum
1586 3515 1703 3587 ejus
1744 3529 1838 3571 ex-

238 3615 515 3690 positione
565 3628 669 3668 non
717 3619 1083 3681 congruunt:
1134 3611 1263 3678 Qui:
1307 3609 1630 3665 seminaverit
1658 3607 1835 3677 homo,

240 3710 354 3765 lttzc
380 3718 426 3763 et
454 3716 629 3762 metet.
680 3706 747 3760 Et
775 3723 790 3760 :
821 3703 1027 3759 Bonum
1070 3715 1242 3759 autem
1284 3703 1550 3772 facientes,
1579 3716 1683 3756 non
1709 3700 1842 3769 deﬁ-

238 3808 326 3861 cia
381 3820 441 3858 us
469 3818 489 3858 :
518 3812 743 3874 tempore
768 3801 910 3857 enim
948 3814 1045 3855 suo
1075 3807 1338 3859 metemus,
1389 3813 1493 3850 non
1522 3795 1838 3866 deﬁcientes.

242 3895 411 3971 εει
437 3895 648 3952 Sensus
694 3895 878 3965 itaque
921 3893 1024 3947 iste
1052 3900 1174 3945 est:
1223 3889 1358 3958 Quia
1388 3888 1638 3958 superius
1679 3885 1845 3956 spiri-

244 3990 482 4046 tualibus
509 3995 870 4060 praeceperat,
894 3992 953 4040 ut
984 3999 1081 4040 eos
1116 3983 1206 4054 qui
1241 3982 1599 4052 praoccupati
1632 3978 1845 4035 fuerant

244 4086 300 4140 in
328 4084 510 4155 aliquo
538 4081 758 4145 delicto,
805 4079 1130 4134 instruerent
1163 4076 1216 4129 in
1262 4072 1450 4143 spiritu
1500 4071 1759 4135 lenitatis,
1790 4081 1845 4126 ct

244 4177 386 4231 alter
432 4175 661 4229 alterius
696 4186 869 4227 onera
913 4175 1213 4238 portarent,
1263 4164 1621 4233 adimplcntes
1666 4162 1840 4233 legem

246 4269 447 4326 Christi
479 4284 493 4322 :
527 4282 671 4323 nunc
700 4264 1012 4322 econtrario
1053 4262 1138 4316 bis
1167 4262 1257 4331 qtti
1305 4259 1479 4315 adhuc
1521 4257 1847 4314 imbecillio-

246 4382 354 4431 res,
381 4374 443 4421 et
468 4362 738 4431 discipuli,
771 4370 825 4415 et
848 4360 1095 4417 carnales
1122 4366 1299 4421 erant,
1328 4355 1600 4425 przrcipit,
1634 4363 1689 4407 ut
1712 4367 1847 4423 quo-

249 4459 415 4513 modo
446 4457 547 4526 ipsi
578 4473 606 4508 a
640 4454 914 4522 magistris
955 4449 1255 4520 Spiritualia
1305 4459 1513 4504 metunt
1546 4465 1557 4501 :
1610 4447 1688 4501 sic
1733 4461 1841 4501 ma-

246 4552 434 4624 gistris
457 4548 697 4605 carnalia
731 4545 1007 4616 prmbeant
1040 4560 1052 4595 :
1086 4542 1175 4612 qui
1214 4550 1356 4596 totus
1393 4555 1453 4594 se
1479 4539 1674 4594 divina:
1720 4553 1844 4592 cru-

1938 3329 2073 3383 enim
2092 3329 2416 3383 seminaverit
2442 3329 2616 3398 homo,
2649 3330 2760 3386 hac
2802 3342 2850 3388 et
2890 3343 3060 3392 metet.
3091 3338 3399 3398 Prmvidens
3425 3348 3543 3413 spi-

1941 3419 2074 3487 ritu,
2102 3435 2202 3476 eos
2230 3422 2323 3491 qui
2355 3422 2643 3492 docentur,
2674 3435 2724 3480 et
2753 3424 2952 3482 debent
2985 3431 3260 3499 magistris
3290 3449 3543 3506 sumptu.

1941 3522 1997 3570 et
2016 3517 2145 3570 vitae
2172 3516 2480 3571 necessaria
2512 3517 2851 3590 ministrare,
2897 3536 3060 3591 posse
3087 3524 3383 3583 obtendere
3410 3547 3543 3597 pall-

1943 3613 2231 3677 pertatem,
2260 3614 2316 3662 et
2349 3606 2569 3665 dicere:
2595 3610 2741 3681 Ager
2768 3625 2924 3667 meus
2947 3613 3050 3670 hoc
3081 3631 3224 3673 anno
3252 3622 3397 3675 aruit
3430 3622 3541 3678 sic-

1941 3698 2145 3754 citate:
2175 3698 2390 3756 vineam
2436 3703 2647 3772 grando
2694 3703 2991 3760 contrivit:
3021 3708 3271 3766 redditus
3298 3720 3388 3782 qui
3422 3730 3550 3775 esi-0

1940 3801 2238 3865 potuerunt
2284 3790 2406 3865 [ΑΙ.
2450 3794 2765 3870 poterunt],
2816 3797 3017 3855 tributa
3049 3814 3351 3873 rapuerunt
3384 3825 3398 3863 :
3432 3825 3544 3867 non

1946 3886 2121 3970 habeo
2167 3883 2309 3941 unde
2333 3886 2564 3942 tribuam
2613 3888 2758 3958 quod
2799 3890 3041 3959 jubetur,
3087 3894 3287 3966 adjecit
3320 3917 3332 3952 :
3365 3900 3549 3961 Nolite

1945 3994 2139 4043 errare,
2166 3975 2307 4033 Deus
2332 3994 2438 4033 non
2465 3979 2735 4035 irridetur.
2768 3980 2904 4050 Scit,
2934 3984 3129 4055 inquit,
3154 3990 3315 4046 corda
3340 4002 3548 4064 vestra,

1947 4088 2053 4127 non
2078 4073 2292 4143 ignorat
2321 4071 2632 4130 facultates.
2660 4073 2957 4131 Excusatio
2985 4082 3303 4138 verisimilis
3371 4084 3548 4143 Ιιυηιί-

1942 4182 2071 4257 nem
2118 4174 2304 4237 potest
2358 4174 2653 4238 utcumque
2702 4169 2951 4242 placare,
2999 4172 3172 4230 Deum
3215 4192 3325 4232 non
3372 4187 3552 4249 potest

1946 4262 2159 4318 fallere.
2191 4260 2261 4316 Et
2289 4261 2447 4316 simul
2477 4261 2797 4317 cohortatur
2825 4264 2889 4319 ad
2933 4265 2985 4321 id
3029 4269 3171 4336 quod
3206 4285 3545 4341 praeceptum

1947 4362 2030 4409 est
2053 4352 2444 4419 exhibendum,
2486 4367 2675 4409 semen
2718 4356 3028 4427 nominans,
3074 4376 3143 4415 ne
3181 4373 3338 4433 putet
3359 4367 3550 4436 perdi.

1948 4456 2086 4511 tum,
2115 4446 2258 4516 quod
2307 4446 2664 4516 multiplicato
2717 4448 2908 4505 fenore
2953 4464 3274 4519 recepturus
3312 4472 3414 4513 est
3472 4459 3550 4517 id

1949 4537 2263 4594 Corinthios
2304 4551 2521 4606 quoque
2568 4539 2833 4594 rationem
2881 4542 2994 4597 dati
3024 4553 3077 4599 et
3117 4548 3350 4617 accepti,
3381 4550 3555 4608 simili

248 4604 440 4698 ditioni
490 4652 541 4695 et
587 4638 766 4694 studio
814 4634 1110 4701 tradentes,
1154 4632 1280 4687 vita:
1322 4630 1483 4701 hujus
1521 4632 1845 4685 necessariis
1873 4604 1927 4665 Ῑ)
1951 4631 2137 4686 docuit
2162 4604 2415 4697 exemplo
2436 4604 2463 4681 με
2498 4629 2600 4697 Qui
2631 4648 2786 4699 parce
2808 4634 3053 4704 seminat,
3096 4604 3558 4707 parce'etmrt‘ei;

250 4737 560 4806 iudigcant;
591 4741 644 4786 et
670 4731 764 4786 ﬁat
786 4730 912 4784 illud
938 4728 1083 4797 quod
1115 4726 1181 4782 de
1206 4739 1398 4779 manna
1429 4722 1689 4792 scriptum
1722 4730 1843 4776 est:

253 4830 355 4897 Qui
402 4823 651 4887 multum,
696 4840 803 4876 non
851 4822 1167 4886 abundavit;
1199 4829 1247 4875 et
1293 4819 1382 4889 qui
1412 4816 1695 4881 modicum,
1743 4832 1847 4871 non

250 4920 533 4977 minoraviz
568 4917 636 4989 (ll
669 4915 791 4972 Cor.
829 4931 945 4980 \‘lll,
978 4914 1087 4984 l5).
1121 4913 1264 4967 Bona
1296 4919 1475 4966 autem
1508 4911 1560 4966 in
1595 4908 1848 4981 praesenti

248 5018 373 5073 loco
395 5014 550 5086 juxta
576 5013 719 5084 vulgi
750 5009 1222 5078 consuetudinem,
1254 5022 1572 5077 moremque
1599 5021 1848 5062 commu-

249 5124 400 5175 nem,
447 5108 650 5163 victum
696 5114 751 5161 et
794 5104 1078 5168 vestitum,
1123 5112 1176 5159 et
1223 5110 1421 5157 cmtera
1455 5115 1576 5171 quae
1602 5099 1853 5158 homines

249 5202 396 5258 inter
439 5200 577 5256 bona
626 5206 939 5265 numerant,
975 5194 1289 5266 appellavit.
1320 5193 1584 5249 Habentes
1611 5195 1750 5248 enim
1777 5194 1856 5249 vi—

251 5303 392 5350 ctum
437 5302 488 5347 et
527 5292 793 5361 vestitum,
828 5289 909 5343 Itis
946 5288 1171 5343 contenti
1210 5301 1387 5340 sumus
1431 5285 1474 5357 (l
1510 5283 1645 5339 Tim.
1675 5301 1750 5351 vn,
1773 5284 1854 5357 8).

249 5384 367 5443 Nec
414 5387 621 5441 mirum
668 5383 713 5438 si
763 5381 965 5436 Paulus
1000 5393 1062 5434 ea
1094 5393 1215 5446 qua:
1242 5385 1403 5432 erant
1426 5378 1638 5446 corpori
1667 5391 1858 5432 ncces-

252 5479 397 5534 Saria
444 5476 573 5531 boni
605 5473 972 5545 appellatione
998 5470 1236 5541 signavit
1269 5488 1283 5524 :
1314 5484 1437 5524 cum
1469 5470 1633 5525 etiam
1677 5469 1865 5525 Salva-

254 5583 342 5631 tor
371 5581 568 5631 noster
614 5568 680 5623 ad
723 5582 818 5625 eos
849 5567 939 5639 qui
986 5564 1219 5621 necdum
1262 5563 1330 5619 ad
1362 5563 1619 5619 virtutum
1649 5564 1865 5619 culmen

328 5720 354 5749 ι
384 5706 730 5779 Reponimus
773 5706 841 5761 ad
881 5719 1013 5779 mss.
1050 5703 1236 5770 tidem,
1288 5701 1631 5759 concinniori
1682 5702 1867 5776 utique

252 5797 453 5849 sensu,
478 5777 649 5846 'opus,
673 5793 770 5847 pro
796 5794 905 5848 quo
933 5777 1528 5849 lectum‘autea,‘onus.

324 5850 356 5895 δ
390 5844 533 5919 Hie,
563 5863 644 5918 se,
676 5844 936 5905 ‘voctilam
988 5844 1222 5923 Palatia.
1254 5852 1309 5905 et
1335 5845 1569 5905 Cisterc.
1619 5859 1756 5909 mss.
1792 5853 1877 5907 ιι.

1949 4732 2005 4779 et
2031 4723 2119 4794 qui
2146 4721 2363 4775 seminat
2403 4723 2454 4774 in
2485 4721 2853 4790 benedictione,
2884 4725 2949 4780 de
2974 4728 3323 4787 benedictione
3368 4747 3416 4789 et
3443 4753 3557 4791 meo

1951 4825 2039 4873 tet.
2072 4813 2407 4885 Unusquiquc
2443 4813 2575 4867 sicut
2618 4817 2940 4885 prepositum
2970 4820 3120 4875 habet
3151 4825 3207 4875 in
3236 4826 3408 4891 corde,
3450 4844 3560 4884 non

1953 4927 2015 4966 ea:
2045 4908 2271 4970 tristitia,
2298 4916 2387 4960 aut
2415 4906 2712 4960 necessitate
2740 4923 2758 4961 :
2783 4907 2999 4964 hilarem
3030 4914 3170 4966 enim
3209 4914 3441 4972 datorem
3472 4921 3561 4976 di-

1951 5004 2065 5077 ligit
2094 5002 2226 5057 Deus
2250 5000 2297 5075 (Ι
2318 5000 2439 5055 Cor.
2469 5014 2549 5059 ts.
2580 5002 2635 5065 6,
2660 4999 2740 5070 7).

2027 5096 2207 5171 (Vers.
2243 5095 2323 5165 8.)
2369 5092 2629 5162 Quoniam
2662 5092 2752 5165 qui
2794 5095 3012 5151 seminat
3042 5098 3095 5151 in
3127 5114 3285 5154 carne
3322 5119 3440 5171 sua,
3483 5104 3556 5160 de

1958 5204 2116 5247 carne
2152 5194 2201 5242 et
2245 5194 2395 5242 metet
2439 5185 2848 5256 corruptionem.
2886 5186 2988 5253 Qui
3032 5198 3204 5244 autem
3241 5193 3459 5248 seminat
3500 5198 3561 5253 in

1960 5284 2172 5356 spiritu,
2216 5276 2280 5332 de
2321 5278 2509 5348 spiritu
2543 5285 2693 5331 metet
2718 5277 2871 5331 vitam
2907 5289 3174 5334 (sternam.
3205 5281 3380 5341 Omne
3408 5288 3562 5357 quod

1964 5375 2264 5448 loquimur,
2294 5371 2527 5442 agimus,
2557 5370 2732 5440 cogita
2745 5386 2883 5438 mus,
2926 5371 2976 5425 in
3011 5373 3229 5428 duobus
3257 5379 3565 5437 seminatur

1967 5468 2134 5540 agris,
2169 5477 2335 5522 carne
2357 5469 2414 5518 et
2442 5460 2656 5530 spiritu.
2678 5460 2732 5516 Si
2766 5460 2906 5516 bona
2937 5473 3086 5529 sunt,
3119 5480 3244 5535 quae
3264 5468 3336 5523 de
3370 5485 3561 5539 manu,

1970 5578 2089 5632 ore,
2145 5558 2314 5615 corde
2368 5561 2713 5627 promuntur,
2761 5558 3033 5612 seminata
3074 5557 3127 5613 in
3168 5561 3392 5632 spiritu,
3437 5564 3569 5626 vita

1972 5712 2118 5767 cent,
2152 5698 2387 5755 fortasse
2416 5693 2636 5750 rectius.

2053 5784 2075 5815 ο
2104 5765 2270 5829 Iidem
2297 5783 2458 5837 mss.,
2483 5774 2534 5822 et
2560 5780 2616 5822 os
2642 5774 2784 5820 tuum
2814 5780 2879 5822 ns
2908 5765 3150 5840 loquatur
3176 5772 3376 5835 dolum.
