4046 6332
560 321 664 382 451

1810 294 1868 352 S.
1910 290 2184 350 EUSEBII
2224 288 2607 348 lllERONYMl

3747 289 3843 354 43?.

557 442 788 491 mternze
841 422 1109 480 fructibus
1167 414 1568 470 redundabunt.
1607 410 1665 467 Si
1713 409 1876 472 mala,
1910 407 1979 461 ab
2028 419 2158 476 agro
2186 405 2402 466 Abuna
2455 407 2710 469 seminat,
2764 422 2870 461 non
2929 406 2984 460 in
3038 420 3138 461 suo
3181 406 3488 478 quippiam,
3523 408 3619 464 sed
3664 410 3714 466 in
3756 413 3842 469 Dei

559 526 742 582 carnis
769 525 1021 586 excepta,
1057 508 1428 577 corruptionis
1461 504 1616 558 nobis
1647 511 1886 571 segetem
1919 497 2155 568 pullula-

555 616 713 671 bunt.
743 611 955 665 Aliter:
991 603 1090 671 Qtti
1118 603 1291 670 legem
1321 597 1613 652 carnaliter
1645 592 1924 660 intelligit,
1960 604 2155 656 repro-

555 707 848 764 missiones
921 709 1140 766 quoque
1199 691 1473 752 carnales,
1519 697 1575 744 ct
1621 702 1742 756 Qum
1791 686 1843 738 in
1902 681 2156 753 prmsenli

552 796 757 856 sa‘culo
804 795 1255 856 corrumpuntur,
1293 791 1602 851 ex5pecmt.
1637 779 1738 846 Qui
1783 785 1965 830 autem
1997 771 2159 845 526

556 885 862 958 spiritualis
884 881 1102 936 auditor
1130 886 1236 942 est,
1270 877 1509 931 seminat
1541 871 1594 926 in
1628 870 1848 940 spiritu,
1872 879 1927 922 et
1957 869 2022 922 de
2047 865 2157 936 spi-

549 980 658 1036 ritu
687 986 852 1032 metet
877 977 1046 1028 vitam
1075 969 1492 1039 sempiternam.
1516 964 1693 1021 Simul
1719 976 1968 1018 timemus
1992 969 2018 996 ιι
2043 975 2155 1015 ser-

554 1071 736 1126 monis
792 1065 1266 1133 consequentiam,
1306 1071 1360 1114 et
1427 1076 1545 1112 eam
1604 1073 1726 1112 cum
1778 1053 2158 1125 superioribus

544 1162 862 1231 cepulemus
888 1177 900 1212 :
938 1158 1217 1210 hominem
1247 1153 1427 1207 vocari
1457 1152 1510 1206 in
1540 1149 1738 1219 spiritu
1762 1148 2152 1210 setninantetn,

548 1256 643 1326 qui
674 1253 891 1326 quando
921 1249 1153 1320 coeperit
1186 1250 1355 1301 vitam
1389 1254 1593 1300 metere
1618 1243 2034 1313 sempiternam,
2059 1238 2159 1292 ho-

546 1367 641 1407 mo
662 1350 892 1403 fortasse
913 1361 1035 1400 esse
1054 1343 1292 1397 desistit.
1327 1339 1352 1378 ι)
1381 1338 1707 1403 Cassianus,
1733 1335 1827 1406 qui
1857 1333 2154 1404 putativam

549 1439 759 1495 Christi
786 1452 1005 1491 carnem
1034 1433 1417 1499 introdueens,
1452 1444 1670 1484 onmem
1708 1425 2154 1496 conjunctionem

549 1531 782 1588 masculi
814 1530 881 1583 ad
918 1527 1181 1583 feminam
1223 1522 1561 1578 immundam
1599 1522 1920 1583 arbitratur,
1950 1519 2159 1573 Encra-

549 1625 774 1681 titarum
806 1621 894 1676 vel
933 1618 1239 1674 acerrimus
1273 1614 1696 1678 hzeresiarehes,
1733 1613 1823 1666 tali
1860 1612 2153 1665 adversum

549 1731 652 1771 nos
678 1715 783 1770 sub
809 1713 1100 1769 occasione
1130 1707 1420 1780 pra-sentis
1452 1706 1748 1762 testimonii
1793 1720 1924 1758 usus
1954 1713 2039 1758 est
2067 1719 2155 1756 ar-

2257 499 2452 568 Spiritu
2483 499 2741 567 seminat,
2774 499 2842 556 de
2871 514 2978 570 quo
3001 509 3053 554 et
3087 502 3248 554 vitam
3273 511 3355 556 cst
3386 517 3660 557 messurus
3693 517 3843 560 teter-

2257 609 2404 648 nam.

2333 683 2519 752 (Vers.
2553 685 2636 754 9.)
2665 683 2869 738 Bonum
2895 695 3064 739 autem
3091 689 3361 758 facientes,
3389 703 3489 742 non
3513 688 3844 753 deﬁciamus:

2259 787 2484 850 tempore
2503 780 2636 832 enint
2656 795 2748 833 suo
2773 791 3042 846 metemus,
3059 798 3160 835 non
3183 782 3503 851 deﬁcientes.
3531 782 3843 839 Cohortatur

2258 884 2352 924 eos
2379 869 2445 924 ad
2469 870 2708 924 studium
2741 872 3186 940 perseverantim,
3217 875 3310 943 qui
3351 874 3402 927 in
3436 873 3538 929 hac
3568 877 3675 929 vita
3708 891 3837 930 mer-

2257 960 2444 1014 cedem
2475 961 2602 1016 boni
2630 967 2814 1031 operis
2843 973 3186 1033 exspectant,
3225 968 3539 1021 nescientes
3565 970 3688 1036 quia
3717 973 3844 1023 sit-ut

2259 1053 2311 1106 in
2344 1055 2559 1110 semine
2596 1055 2742 1109 alntd
2783 1056 3033 1122 Sationis,
3067 1059 3210 1113 aliud
3244 1065 3442 1113 messis
3473 1071 3560 1115 est
3596 1070 3802 1130 tempus
3831 1078 3842 1114 :

2255 1146 2336 1199 sic
2363 1155 2418 1200 et
2452 1147 2502 1200 in
2539 1150 2798 1215 przesenti
2834 1159 2971 1216 Vita,
3006 1160 3310 1204 sementem
3346 1167 3470 1206 es~e
3512 1167 3675 1223 opera
3709 1155 3844 1224 (qum

2257 1236 2343 1290 vel
2371 1239 2424 1290 in
2458 1239 2686 1308 spiritu,
2715 1240 2803 1294 vel
2835 1245 2888 1295 in
2917 1257 3084 1296 carne
3117 1241 3436 1314 metantur),
3473 1260 3700 1300 messem
3728 1263 3848 1301 vero

2257 1327 2497 1383 futurutn
2534 1331 2831 1400 judicium,
2875 1343 2928 1387 et
2969 1349 3066 1402 pro
3106 1336 3371 1403 qualitate
3412 1337 3494 1390 vel
3538 1335 3843 1392 diiersitate

2257 1421 2544 1488 sementis,
2569 1423 2820 1480 diversas
2842 1441 2940 1480 nos
2965 1425 3144 1480 facere
3170 1442 3470 1494 mes~'uras,
3494 1431 3841 1494 centesinunn

2259 1524 2311 1568 et
2341 1516 2766 1585 sex:tgesimutn,
2797 1527 2852 1572 et
2879 1517 3215 1572 tricesimum
3254 1518 3513 1586 fructum,
3559 1537 3714 1590 quam
3764 1538 3848 1576 se-

2255 1617 2434 1675 getem
2467 1623 2629 1660 nemo
2661 1616 2840 1677 potest
2867 1617 3074 1664 metere
3107 1609 3394 1668 deficiens.
3439 1611 3536 1677 Qui
3563 1615 3695 1666 enim
3728 1629 3840 1684 per-

2256 1699 2561 1752 severaverit
2583 1715 2740 1768 usque
2758 1701 2812 1754 in
2838 1700 3017 1767 ﬁnem,
3041 1702 3125 1754 Inc
3141 1702 3314 1756 salvus
3342 1705 3438 1756 erit
3464 1703 3638 1774 (Matt.
3664 1721 3716 1773 ι,
3738 1704 3844 1775 22).

553 1816 814 1879 gumento
842 1823 854 1859 :
891 1805 947 1860 Si
977 1803 1098 1874 quis
1127 1801 1365 1858 seminat
1391 1801 1444 1855 in
1473 1815 1660 1864 carne,
1691 1798 1760 1853 de
1791 1812 1959 1852 carne
1992 1805 2161 1852 metet
2191 1789 2236 1850 Β
2265 1789 2413 1846 Sicut
2445 1802 2496 1844 et
2531 1789 2584 1844 iu
2615 1791 2726 1846 alto
2761 1795 2882 1847 loco
2927 1795 3242 1864 pra-cipitur
3268 1814 3280 1849 :
3315 1794 3440 1849 Esto
3480 1813 3583 1852 non
3615 1797 3846 1866 deﬁciens

546 1901 957 1969 corruptionem
985 1915 999 1952 :
1036 1898 1087 1950 iu
1113 1911 1279 1950 carne
1310 1904 1491 1949 autem
1521 1892 1776 1954 seminat,
1807 1892 1900 1961 qui
1935 1889 2154 1944 mulieri

544 1992 838 2064 jungitur:
867 2005 999 2061 ergo
1032 1999 1087 2044 et
1125 1989 1170 2043 is
1202 1989 1297 2059 qui
1331 2003 1504 2042 uxore
1527 1986 1723 2049 utitur,
1748 1995 1804 2040 et
1831 1982 2070 2040 seminat
2098 1983 2151 2037 itt

549 2102 716 2144 carne
756 2086 898 2155 ejus,
924 2085 991 2138 de
1022 2099 1188 2138 carne
1230 2091 1394 2137 metet
1425 2080 1863 2150 corruptionem.
1901 2079 2144 2149 Respon-

541 2178 763 2233 debitur
784 2178 855 2242 ei,
885 2177 1121 2246 primum
1149 2190 1255 2228 non
1284 2174 1498 2227 dixisse
1523 2172 1774 2238 Paulum,
1798 2171 1888 2239 qui
1918 2171 2153 2224 seminat

541 2271 599 2328 in
628 2286 830 2336 carne;
861 2269 978 2334 sed,
1004 2268 1057 2321 in
1085 2283 1240 2320 carne
1267 2282 1384 2320 sua.
1412 2264 1584 2319 Nemo
1613 2275 1794 2318 autem
1817 2278 2003 2318 secum
2034 2263 2151 2332 ipse

548 2362 887 2425 concumbit,
923 2368 978 2414 et
1027 2360 1078 2413 in
1125 2373 1221 2412 sua
1254 2372 1419 2412 carne
1448 2357 1702 2412 seminat.
1732 2355 1936 2411 Deinde
1966 2366 2024 2412 ut
2053 2357 2149 2412 ob-

545 2454 921 2510 servationem
960 2451 1098 2504 hauc
1129 2465 1290 2518 quam
1314 2448 1724 2513 annotavimus,
1754 2448 1808 2500 in
1842 2463 1998 2502 carne
2026 2465 2144 2516 sua,

545 2559 615 2603 ex
662 2543 959 2597 abundanti
1019 2542 1068 2596 ei
1114 2540 1503 2607 concedamus,
1552 2539 1858 2595 addendum
1912 2550 1998 2595 est
2048 2555 2145 2596 eos

543 2651 784 2709 quoque,
818 2635 908 2704 qui
935 2633 1226 2688 cmnedant
1248 2644 1302 2687 et
1327 2633 1538 2699 bibant,
1571 2643 1625 2686 et
1659 2633 1937 2688 dormiant
1963 2643 2020 2688 et
2043 2634 2144 2688 ali-

545 2731 674 2801 quid
719 2728 923 2783 faciant
967 2725 1037 2781 ob
1081 2725 1422 2796 refrigerium
1478 2725 1932 2796 co:-poris.juxta
1986 2726 2139 2780 illum

542 2822 820 2878 seminare
849 2822 901 2874 in
945 2834 1134 2885 carne,
1169 2828 1224 2873 et
1261 2820 1329 2873 de
1359 2833 1421 2873 ea
1461 2826 1666 2873 metere
1706 2820 2137 2887 corruptionem.

539 2917 699 2988 Quod
730 2917 772 2972 si
803 2915 871 2970 ad
913 2915 1014 2970 hoc
1067 2913 1404 2985 confugerit,
1433 2921 1492 2968 ut
1535 2914 1682 2968 dicat
1710 2927 1806 2968 eos
1861 2913 1974 2983 qui,
2023 2914 2142 2968 sive

540 3011 755 3077 bibant,
788 3011 904 3065 sive
959 3010 1306 3074 manducent,
1351 3011 1466 3064 sive
1514 3009 1807 3072 dormiant,
1833 3009 1886 3062 in
1920 3010 2138 3064 nomine

544 3114 728 3161 tamen
787 3105 1004 3160 Domini
1052 3105 1232 3159 omnia
1267 3121 1390 3160 cum
1425 3105 1640 3160 ratione
1680 3104 1982 3174 perficiant,
2027 3119 2134 3158 non

2258 1882 2415 1954 (Isai.
2446 1883 2523 1955 v).
2555 1883 2730 1952 Quale
2761 1897 2848 1941 est
2870 1894 3078 1954 autem,
3113 1900 3171 1941 ut
3209 1903 3331 1942 eum
3365 1899 3685 1959 peccatores
3723 1905 3848 1960 quo-

2259 1975 2391 2031 tidie
2413 1974 2465 2029 iu
2488 1977 2646 2032 malis
2672 1978 2936 2048 Ope-ribus
2957 1988 3288 2049 augeantur,
3309 1995 3410 2036 nos
3434 1980 3488 2036 in
3514 1981 3658 2037 bono
3688 1997 3844 2052 opere

2254 2069 2563 2126 lassemur?

2326 2164 2506 2236 (Vers.
2546 2163 2660 2236 10.)
2690 2164 2862 2239 Ergo,
2889 2166 3013 2221 dum
3045 2177 3248 2238 tempus
3283 2167 3554 2230 habemus,
3591 2185 3848 2237 apercmur

2253 2258 2444 2311 bonum
2473 2259 2542 2312 ad
2574 2277 2774 2328 omnes,
2805 2263 3031 2317 maxime
3059 2273 3231 2317 assient
3273 2264 3342 2318 ad
3377 2265 3685 2318 domesticos
3713 2265 3846 2334 ﬁdei.

2249 2349 2491 2421 Tempus
2527 2355 2812 2422 sementis,
2846 2363 2904 2409 ut
2929 2355 3190 2422 diximus,
3228 2365 3444 2427 tempus
3473 2367 3560 2412 est
3587 2372 3849 2428 prae-ens,

2245 2454 2300 2498 et
2335 2444 2442 2498 vita
2476 2461 2636 2515 quam
2668 2447 2973 2502 currimus.
3014 2447 3072 2502 ιιι
3111 2447 3212 2502 hac
3242 2448 3372 2504 licet
3399 2449 3556 2503 nobis
3587 2449 3730 2517 quod
3764 2465 3850 2501 vo-

2247 2537 2426 2595 lumus
2461 2539 2774 2606 seminare;
2809 2555 2934 2596 eum
2966 2540 3071 2595 ista
3110 2542 3218 2594 vita
3258 2542 3555 2608 transierit,
3590 2540 3846 2612 opt-randi

2249 2643 2464 2702 tempus
2508 2631 2773 2688 aufertur.
2826 2632 2979 2688 Unde
3021 2645 3076 2689 et
3123 2633 3373 2689 Salvator
3397 2635 3516 2690 ait:
3555 2634 3849 2706 Uperamini

2249 2729 2374 2778 dum
2406 2724 2516 2778 dies
2550 2734 2623 2778 est
2650 2740 2668 2778 :
2697 2725 2857 2778 veniet
2887 2740 3009 2788 nox,
3039 2725 3246 2793 quando
3277 2728 3395 2797 jam
3440 2726 3620 2779 nullus
3665 2725 3846 2798 poterit

2243 2818 2449 2882 aperari
2476 2815 2660 2888 (Joan.
2695 2832 2770 2880 lx,
2802 2817 2888 2888 4.)
2920 2816 3086 2872 Ortus
3113 2827 3196 2872 est
3227 2819 3386 2872 nobis
3419 2819 3512 2874 Dei
3536 2835 3740 2883 sermo,
3770 2819 3846 2872 Sol

2244 2925 2425 2977 verus,
2450 2919 2506 2964 et
2525 2920 2867 2980 congregatae
2884 2920 3011 2964 sunt
3033 2910 3220 2965 beStize
3237 2910 3560 2966 reCedentt-s
3576 2913 3632 2967 in
3655 2911 3847 2967 cubilia

2241 3019 2337 3057 sua
2365 3021 2378 3059 :
2409 3003 2762 3073 procedamus
2811 3014 2868 3056 ut
2920 3002 3170 3061 homines
3203 3003 3266 3057 ad
3296 3019 3436 3074 Opus
3477 3014 3750 3070 nostrum,
3798 3013 3850 3059 el

2242 3108 2414 3164 usque
2454 3093 2520 3148 ad
2549 3109 2837 3164 vesperam
2886 3095 3218 3163 laboremus,
3266 3097 3401 3150 sicut
3444 3098 3683 3168 mystice
3729 3113 3850 3152 ean-

541 3205 599 3259 in
625 3217 788 3256 carne
815 3199 1111 3264 seminare,
1141 3199 1234 3254 sed
1269 3209 1320 3252 tu
1350 3197 1649 3265 spiritu;el
1677 3215 1775 3253 nos
1805 3199 1855 3252 υἱ
1883 3199 2136 3252 similiter
2163 3181 2208 3244 C
2243 3196 2386 3242 tatur
2416 3189 2467 3242 in
2512 3189 2758 3258 psalmo:
2796 3188 3032 3243 Posuisti
3061 3191 3319 3258 tenebras.
3351 3201 3397 3245 et
3429 3191 3568 3262 facta
3603 3201 3680 3246 est
3729 3207 3844 3246 nos.

541 3292 1022 3362 respondebimus,
1046 3306 1142 3348 eos
1171 3307 1384 3362 quoque
1411 3292 1503 3362 qui
1529 3291 1624 3346 Dei
1655 3293 1884 3361 primam
1913 3298 2135 3345 senten-

533 3386 666 3440 tiam
715 3395 1018 3455 sequantur
1058 3398 1179 3438 cum
1232 3383 1442 3438 ratione
1489 3384 1788 3437 facientes:
1821 3380 2044 3436 Crescite
2082 3391 2132 3436 et

533 3476 986 3548 multiplicamini,
1019 3483 1064 3529 et
1095 3475 1288 3542 replete
1335 3482 1524 3527 terram
1574 3471 1780 3541 (Cenes.
1812 3489 1850 3538 t,
1877 3473 1993 3542 εἰ),
2018 3486 2128 3526 non

529 3571 584 3623 in
610 3584 801 3633 carne,
827 3569 923 3623 sed
952 3569 1003 3620 in
1029 3567 1222 3634 spiritu
1241 3566 1530 3618 seminare.
1557 3564 1920 3634 Syllogismus
1943 3564 2128 3632 itaque

533 3661 657 3729 cjus
705 3659 875 3714 futilis
920 3668 973 3712 et
1012 3655 1272 3718 caducus,
1297 3655 1632 3724 scphismate
1660 3655 1891 3722 primum
1923 3654 2129 3723 decipit

525 3753 866 3807 audientem.
923 3748 1198 3802 Catterum
1267 3748 1558 3815 diligenter
1611 3748 1914 3817 inspectus,
1973 3747 2135 3804 facile

529 3846 800 3899 solvitur:
831 3843 1019 3911 Neque
1061 3841 1206 3894 enim
1251 3855 1541 3908 possumus
1579 3839 1784 3906 dicere,
1829 3841 2128 3909 Abraham,

521 3938 673 3992 lsaac
703 3946 758 3989 et
783 3936 976 3995 Jacob,
1002 3941 1058 3988 et
1089 3933 1226 3986 alios
1255 3941 1481 3986 sanctos
1511 3933 1680 3996 viros,
1710 3931 1801 4002 qui
1831 3931 1900 3988 de
1933 3948 2127 4004 repro-

529 4025 795 4080 missione
849 4024 961 4076 nati
1009 4030 1156 4087 sunt,
1193 4022 1370 4090 ipsum
1404 4039 1620 4092 quoque
1650 4023 1865 4078 Domini
1893 4039 2132 4094 praecur-

523 4133 729 4182 sorem,
756 4117 916 4188 527
940 4115 1063 4185 quia
1083 4115 1134 4170 in
1168 4131 1333 4171 carne
1361 4126 1519 4170 natus
1541 4127 1646 4185 est,
1668 4117 1738 4172 de
1759 4120 2130 4189 corruptionis

523 4209 768 4279 germine
794 4208 1117 4278 pullulasse,
1149 4207 1279 4262 illud
1310 4209 1514 4278 pariter
1537 4210 1963 4278 observandum,
1989 4213 2134 4283 quod

521 4301 614 4368 qui
655 4299 894 4355 seminat
924 4300 977 4353 in
1008 4313 1200 4366 carne,
1233 4315 1356 4353 cum
1389 4299 1771 4357 additamento
1809 4318 1922 4357 suae
1951 4306 2136 4359 carnis

520 4393 782 4460 ponitur:
817 4392 912 4464 qui
951 4401 1132 4446 autem
1173 4392 1412 4446 seminat
1448 4391 1500 4446 in
1535 4393 1754 4462 spiritu,
1793 4410 1898 4448 non
1931 4395 2132 4451 dicitur

2239 3278 2308 3333 In
2344 3281 2459 3351 ipsa
2489 3281 2880 3350 pertransibunt
2907 3281 3084 3336 bestia?
3119 3283 3284 3350 silvce,
3330 3283 3493 3337 catuli
3522 3285 3736 3338 leonum
3762 3301 3848 3338 ru-

2237 3374 2453 3444 gientes,
2478 3384 2537 3428 ut
2563 3374 2794 3442 rapiant,
2828 3385 2876 3428 et
2906 3386 3143 3443 quazrant
3160 3393 3192 3429 a
3215 3374 3325 3430 Deo
3347 3392 3516 3430 escam
3543 3376 3665 3430 sibi.
3697 3376 3849 3429 Ortus

2232 3477 2308 3521 est
2341 3468 2442 3531 sol,
2486 3476 2531 3519 et
2573 3478 2903 3538 congregata
2931 3479 3072 3539 sunt,
3101 3479 3149 3523 et
3191 3471 3247 3524 in
3278 3470 3533 3525 cubilibus
3561 3473 3676 3525 suis
3721 3473 3847 3524 dor-

2234 3560 2476 3612 mierunt.
2512 3557 2824 3629 Egredietur
2847 3559 3003 3615 homo
3024 3563 3094 3614 ad
3125 3579 3254 3633 Opus
3283 3579 3459 3628 suum,
3489 3574 3536 3617 et
3569 3565 3640 3616 ad
3668 3580 3849 3636 opera-

2229 3653 2576 3705 tionemsuam
2591 3667 2752 3718 usque
2773 3654 2840 3706 ad
2857 3669 3118 3723 vesperam
3132 3656 3252 3728 (Ps.
3267 3671 3383 3722 cm,
3407 3656 3478 3712 20
3506 3658 3697 3728 seqq.).
3719 3657 3850 3714 Sive

2235 3756 2584 3813 aegrotamus,
2609 3745 2734 3801 sive
2761 3746 2880 3801 sani
2913 3763 3123 3813 sumus,
3151 3747 3410 3812 humiles,
3444 3750 3529 3803 vel
3563 3760 3844 3820 potentes,

2234 3853 2507 3908 pauperes
2530 3879 2544 3902 ,
2579 3837 2809 3905 divites,
2841 3839 3144 3908 ignobiles,
3188 3842 3468 3904 honorati,
3501 3843 3844 3907 esurientes,

2235 3932 2400 4006 528
2425 3932 2541 3987 sive
2566 3943 2876 3998 vescentes,
2907 3935 3090 3986 omnia
3129 3933 3182 3986 in
3210 3931 3434 3986 nomine
3470 3934 3689 3989 Domini
3722 3953 3842 3991 cum

2234 4024 2495 4094 patientia
2525 4032 2579 4078 et
2627 4023 3031 4093 aequanimitate
3058 4023 3342 4086 faciamus,
3371 4033 3427 4077 et
3450 4024 3772 4093 implebitur
3795 4027 3843 4080 in

2235 4116 2393 4170 nobis
2440 4114 2570 4169 illud
2617 4113 2763 4184 qttod
2799 4116 3060 4182 scriptum
3110 4125 3194 4170 est
3235 4131 3249 4168 :
3282 4112 3632 4184 Diligentiam
3661 4128 3837 4172 autem

2238 4207 2543 4272 Dominum,
2581 4207 2756 4260 omnia
2795 4217 3146 4276 cooperantur
3185 4207 3240 4260 in
3277 4207 3488 4260 bonum.
3527 4208 3606 4261 Ira
3645 4209 3764 4278 ip~a
3793 4217 3843 4262 et

2237 4301 2426 4366 libido,
2483 4309 2538 4356 et
2597 4299 2791 4370 injuria
2844 4315 2967 4368 qua:
3015 4299 3295 4355 desiderat
3341 4301 3623 4371 ultionem,
3667 4301 3714 4356 si
3760 4318 3840 4354 tne

2236 4395 2512 4452 refrenem
2543 4415 2555 4448 :
2587 4395 2632 4450 si
2656 4405 2880 4465 propter
2911 4394 3081 4449 Deum
3115 4405 3324 4450 taceam
3352 4412 3365 4448 :
3391 4396 3436 4449 si
3466 4411 3564 4465 per
3594 4396 3839 4463 singulos

521 4487 579 4543 in
607 4486 804 4557 spiritu
831 4497 851 4524 ο
880 4501 1014 4554 suo,
1049 4484 1150 4541 sed
1173 4485 1498 4556 simpliciter
1528 4486 1582 4541 in
1610 4487 1828 4559 spiritu.
1855 4488 1955 4556 Qui
1987 4491 2130 4545 enim
2163 4483 2210 4543 D
2237 4490 2622 4546 eommotionis
2681 4492 2934 4554 aculeos,
2984 4498 3041 4545 et
3090 4489 3361 4546 incentiva
3415 4489 3696 4557 vitiorum,
3745 4487 3836 4544 Dei

597 4673 624 4701 ι
651 4663 840 4724 Aliter,
873 4677 939 4716 ac
958 4661 1140 4716 verius
1185 4660 1441 4726 fortasse,
1486 4661 1716 4716 Palatiu.
1753 4678 1911 4731 mss.,
1951 4664 2125 4719 Simul

521 4735 784 4788 notandus
807 4733 936 4787 ordo
962 4733 1234 4795 sermonis,
1267 4742 1314 4785 et
1337 4749 1453 4786 cum
1476 4734 1846 4804 superioribus.
1874 4736 2126 4804 copulan-

521 4808 648 4873 dus,
703 4805 841 4878 quod
894 4807 1045 4878 homo
1103 4813 1313 4857 vocatur
1362 4807 1414 4857 in
1465 4806 1654 4874 spiritu
1681 4808 1966 4875 seminans,
2005 4808 2128 4876 quia

519 4879 735 4950 quando
764 4877 989 4950 rteperit,
1019 4885 1124 4930 etc.

589 4949 615 4986 ι)
656 4944 863 5017 Vulgaii
911 4950 1178 5001 hactenus
1208 4945 1363 5018 libri,
1389 4944 1690 5012 Tatianum,
1739 4950 1826 5002 hic
1858 4963 1958 5018 pro
1997 4947 2126 5002 Cas-

513 5020 662 5074 siano
687 5019 988 5073 obtruduut
1017 5035 1028 5070 :
1060 5022 1188 5090 quin
1214 5017 1558 5090 Martianazus
1595 5017 1869 5090 refragari
1890 5036 2114 5074 suorum

515 5092 825 5144 auctoritati
879 5089 1274 5161 exemplarium
1337 5103 1444 5140 non
1498 5089 1790 5155 dubitavit,
1837 5091 2121 5161 impressa:

515 5161 766 5214 lectionis
798 5160 1113 5226 prmjutlteio
1141 5159 1423 5226 deceptus,
1467 5168 1523 5212 et
1559 5175 1682 5214 cum
1731 5159 1934 5218 laudati
1961 5162 2030 5216 ab
2057 5177 2122 5217 eo

515 5233 736 5286 codices
763 5228 1146 5302 Cluniacensis
1185 5244 1247 5302 ac
1297 5229 1496 5297 ltegius
1525 5230 1845 5288 Cassianum
1896 5234 2120 5302 praefer

515 5316 639 5356 rent
673 5321 684 5355 :
739 5303 925 5368 Error,
962 5301 1157 5368 inquit,
1188 5300 1274 5352 hic
1305 5306 1390 5351 est
1414 5302 1813 5369 exscriptorum
1850 5300 2118 5368 veterum,

517 5373 716 5441 quibus
740 5373 920 5426 netior
957 5373 1052 5425 fuit
1093 5369 1405 5441 Cassianus,
1439 5387 1597 5438 quam
1641 5373 1926 5428 Tatianus.
1955 5376 2120 5428 Immo

515 5439 638 5497 erat
681 5443 1048 5513 colligendum
1084 5439 1316 5513 (pepitus
1353 5445 1692 5513 econtrario.
1742 5445 1923 5499 Julius
1974 5447 2120 5500 enim

513 5510 897 5568 Cassianus'ex
923 5512 1127 5566 nefaria
1152 5510 1657 5567 Valentinianorum
1679 5518 1913 5569 colluvie
1945 5518 2116 5572 ferme

516 5584 756 5658 ignotigr
781 5583 1013 5658 'l‘atiano
1041 5590 1146 5642 est.
1179 5598 1412 5658 cumque
1445 5585 1694 5658 absolute
1727 5591 1811 5638 leie
1846 5586 2114 5658 Ilierouy-

512 5669 636 5726 Inus
696 5654 1007 5726 Eucratitas
1047 5653 1418 5721 perstringat,
1475 5657 1815 5726 notissimum
1871 5653 2106 5726 Taliatii,

510 5722 632 5790 ejus
657 5732 819 5777 secta:
841 5724 1099 5790 principis
1120 5739 1314 5775 nomen
1347 5725 1587 5787 proclive
1615 5726 1714 5780 fuit
1739 5726 1925 5782 sciolis
1953 5722 2110 5781 ama;

503 5793 806 5852 nuensibus
834 5807 933 5862 pro
955 5793 1202 5849 Cassiano
1235 5808 1493 5862 perquam
1538 5795 1700 5852 simili
1731 5801 2102 5859 comminisci.

2231 4667 2303 4722 Et
2357 4682 2526 4733 vero,
2575 4666 2654 4720 uti
2706 4665 2978 4730 fecimus,
3026 4667 3401 4736 reponendum
3431 4707 3445 4730 ,
3512 4666 3831 4728 Cassianus.

2231 4741 2472 4792 omnium
2504 4751 2633 4806 quot
2662 4738 2915 4802 vidimus,
2947 4742 3192 4793 codicum
3222 4755 3350 4793 tnss.
3385 4739 3436 4791 in
3471 4737 3572 4792 hac
3603 4738 3834 4792 lectione

2233 4823 2535 4862 ('Otts‘cttsus
2570 4812 2879 4875 persuadet.
2919 4812 3036 4878 lpse
3061 4818 3223 4864 etiam
3257 4819 3566 4870 contextus,
3593 4821 3642 4862 et
3669 4824 3828 4873 quam

2235 4880 2602 4949 Hieronymus
2635 4882 2938 4946 impugnat,
2975 4881 3096 4948 ejus
3126 4882 3330 4936 evincit
3363 4880 3636 4933 lia-resi-m
3662 4881 3832 4930 histu-

2235 4952 2343 5014 ria;
2399 4951 2489 5017 qui
2521 4952 2666 5002 enim
2707 4953 2995 5020 putativam
3023 4951 3218 5006 Christi
3271 4967 3478 5004 carnem
3517 4950 3824 5015 introduxit,

2234 5022 2349 5075 sive
2380 5020 2471 5088 qui
2509 5023 2713 5087 primus
2735 5025 3054 5076 ementitum
3092 5024 3321 5076 Domino
3355 5038 3556 5088 corpus
3585 5021 3821 5083 aftiuxit,

2231 5107 2337 5146 non
2387 5092 2674 5156 'I'at'tanns,
2711 5093 2804 5145 sed
2836 5093 3014 5146 Julius
3054 5090 3349 5148 Cassianus
3400 5093 3518 5157 fu”,
3553 5092 3640 5159 qui
3689 5091 3826 5143 adeo

2227 5163 2426 5218 dicitur
2453 5165 2505 5212 S.
2531 5162 2806 5216 Clementi
2830 5163 3206 5218 Alexandrino
3247 5166 3342 5218 ιιι».
3367 5179 3422 5217 ttt
3465 5163 3824 5222 Stromatum,

2227 5243 2320 5309 ςτῆς
2350 5233 2611 5294 δοκήσεως
2641 5234 2900 5309 ἐξάρχων,
2937 5235 3242 5289 Docetarum
3293 5237 3552 5304 princeps.
3588 5235 3726 5300 Quin
3772 5243 3825 5282 et

2223 5304 2450 5366 librum,
2496 5321 2562 5376 es
2631 5304 3036 5371 quo‘sitbnexa
3092 5317 3406 5376 :tt'glltltt'llL'l
3466 5309 3825 5376 Hieronymus

2225 5376 2494 5441 confutat,
2529 5374 2689 5429 farile
2733 5380 2990 5431 existimo
3033 5374 3178 5432 eunr
3212 5381 3406 5446 ipsum,
3452 5393 3611 5444 quem
3666 5375 3824 5426 modo

2227 5447 2480 5500 laudatus
2529 5447 2786 5502 Clemens
2826 5450 3132 5503 Alexantlr.
3178 5467 3204 5500 a
3257 5449 3519 5502 Cassiano
3561 5453 3822 5499 m'tnorat

2217 5518 2590 5594 luruhratum,
2631 5520 2701 5573 ab
2731 5537 2906 5590 eoque
2935 5521 3279 5590 inscriptum,
3312 5521 3432 5594 περὶ
3471 5518 3764 5592 ἐγκρατείας
3792 5512 3822 5572 ἧ

2214 5593 2335 5664 περὶ
2355 5591 2508 5664 etiam)
2515 5591 2659 5660 χίας.

2297 5672 2316 5698 c
2355 5651 2784 5734 llruus'l‘alatin.
2821 5676 2947 5729 ms.,
2993 5677 3097 5716 non
3139 5662 3351 5722 dicitur.
3395 5661 3448 5713 in
3496 5659 3706 5729 spiritu,
3734 5651 3822 5734 sed

2223 5730 2556 5799 simpliciter,
2598 5732 2786 5798 spiritu
2821 5748 2838 5784 :
2869 5749 2975 5786 non
3020 5743 3089 5788 tta
3135 5733 3296 5790 bene.
3331 5735 3396 5788 Et
3440 5745 3589 5798 mox,
3634 5741 3734 5782 non
3769 5730 3822 5780 in

2220 5819 2317 5856 suo
2351 5801 2675 5874 q‘tiapipiam,
2708 5816 2829 5875 pro,
2853 5805 3146 5883 quippiam.
