4046 6332
221 243 339 304 455

717 247 1375 315 COMMENTARIORUM
1412 256 1482 313 IN
1519 256 1913 315 EPISTOLAM
1954 258 2046 318 AD
2083 263 2405 327 GAL-VI‘AS
2444 272 2575 327 LIB.
2622 275 2707 331 Ill.
2749 275 2903 332 CAP.
2950 278 3043 335 VI.

3422 290 3531 352 454

224 362 469 435 desuper
517 379 607 421 me
654 365 891 424 videntis
943 373 1220 439 recorder,
1262 375 1399 429 liunt
1437 376 1569 431 mihi
1611 375 1829 433 occasio
1855 379 1903 440 Α
1933 377 2143 437 litteras
2175 399 2553 456 reprtesenlat.
2587 391 2658 447 Et
2684 409 2753 449 ne
2784 394 2959 466 aliqua
2992 399 3289 470 suppositae
3316 402 3536 473 Episto-

224 455 657 526 triumpborum.
715 458 797 515 Ne
845 461 1096 520 dicamus
1143 465 1197 519 in
1253 467 1531 532 largiendo
1561 485 1574 521 :
1622 466 1718 521 Ille
1744 477 1830 523 est
1928 470 1998 525 Ite
2021 455 2260 547 suspicio
2294 496 2635 552 nasceretur,
2661 490 2730 541 ab
2761 455 3015 544 hoc-loco
3041 455 3209 561 usque
3240 496 3305 551 ad
3338 455 3528 572 linem,

224 549 435 572 -..ε-..-
495 549 636 572 Ι.....Α
669 554 851 572 _-..-f_
899 570 906 572 Α
951 556 1001 572 ι·
1085 557 1095 572 ι
1137 559 1149 572 1
1212 568 1221 572 -
1357 560 1370 572 ο
1563 561 1574 572 ι
1620 570 1626 572 Α

220 549 459 615 amicus,
493 549 639 607 hunc
669 554 861 607 nescio
895 570 912 611 :
951 556 1038 610 hic
1064 557 1229 614 debet
1258 560 1528 628 accipere,
1562 561 1666 617 iste
1696 576 1827 616 con-

218 641 421 695 temni.
454 641 736 698 Imitemur
766 644 984 702 Patrem
1016 661 1285 717 nostrum,
1312 653 1403 722 qui
1447 653 1620 708 solem
1665 668 1823 710 suum

216 732 354 787 oriri
381 731 514 787 facit
532 749 698 802 super
724 736 899 794 bonos
923 748 978 794 et
1002 743 1200 809 malos,
1228 754 1283 797 et
1300 744 1437 814 pluit
1456 759 1622 815 super
1640 744 1823 815 justos

214 831 275 875 et
304 823 536 894 iniustos
565 825 748 896 (Matt.
774 830 853 893 ν).
886 829 1034 887 Fons
1069 833 1330 890 bonitatis
1357 837 1618 891 omnibus
1647 846 1815 907 patet.

215 915 430 973 Servus
452 926 509 972 et
531 919 689 980 liber.
719 920 970 991 plebeius
1000 934 1055 980 et
1086 942 1209 992 rex,
1240 927 1393 985 dives
1418 937 1474 985 et
1499 944 1725 1001 pauper,
1749 946 1818 987 ex

214 1022 289 1059 eo
316 1006 572 1064 similiter
601 1010 807 1067 bibunt.
839 1012 1092 1070 Lucerna
1122 1034 1247 1074 cum
1283 1035 1515 1076 accensa
1557 1020 1721 1077 fuerit
1760 1023 1815 1079 in

216 1100 414 1168 domn,
440 1104 697 1159 omnibus
727 1105 872 1162 lucet
897 1111 1208 1178 :equaliter.
1240 1114 1395 1181 Quod
1423 1116 1472 1171 si
1500 1116 1554 1171 in
1586 1128 1817 1173 cunctos

212 1192 598 1252 indill‘erentcr
670 1199 1010 1259 liberalitatis
1064 1205 1215 1262 l'reua
1276 1208 1557 1275 laxantur,
1608 1223 1815 1282 quanto

210 1286 389 1357 magis
436 1288 493 1343 in
543 1289 875 1348 domesticos
931 1295 1080 1361 fidei,
1121 1299 1266 1354 etin
1312 1301 1673 1371 Christianos,
1719 1303 1812 1372 qui

208 1378 463 1434 enimdrm
508 1378 713 1439 habent
755 1383 998 1456 Patrem,
1024 1389 1254 1461 ejusque
1292 1394 1539 1460 magistri
1570 1395 1813 1465 appella-

204 1466 355 1523 tione
404 1475 735 1530 censentur!
794 1476 1024 1533 Videtur
1077 1493 1259 1538 autem
1305 1483 1441 1539 mihi
1502 1485 1652 1541 locus
1707 1487 1810 1545 iste

203 1576 369 1632 posse
389 1574 442 1617 et
469 1567 854 1636 superioribus
880 1571 1188 1642 coltzerere,
1214 1585 1269 1629 ut
1298 1574 1634 1632 domesticos
1657 1578 1805 1646 lidei,

202 1656 503 1724 magistros
534 1660 801 1726 nominet,
830 1664 1029 1733 quibus
1052 1679 1217 1734 supra
1249 1668 1436 1723 omnia
1459 1684 1579 1739 quze
1604 1680 1803 1739 putan-

199 1754 293 1800 tur
329 1747 493 1813 bona,
518 1748 588 1803 ab
637 1752 979 1811 auditoribus
1029 1757 1144 1812 suis
1185 1759 1430 1827 iusserat
1476 1761 1794 1819 ministrari.
1834 1763 1885 1821 Β

200 1838 377 1896 Breve
408 1846 496 1895 est
532 1842 663 1898 vita:
707 1844 866 1902 iSIins
903 1848 1257 1905 enrticulum.
1294 1851 1409 1908 Iloc
1438 1854 1614 1923 ipsum
1655 1854 1800 1926 quod

197 1938 417 2010 loquor,
445 1941 592 2020 quod
627 1941 797 2009 dicto,
830 1940 976 2011 quod
1008 1948 1037 1978 ι
1066 1947 1276 2013 scribo,
1350 1948 1496 2019 quod
1541 1951 1797 2015 emendo,

193 2031 345 2101 quod
377 2033 580 2102 reb-go,
612 2034 681 2090 de
710 2044 959 2104 tempore
1009 2054 1133 2093 meo
1164 2040 1299 2096 mibi
1328 2051 1423 2096 aut
1451 2043 1802 2108 crescit,aut

193 2122 431 2194 deperit.
481 2126 655 2196 Titus,
702 2127 847 2184 lilius
886 2128 1227 2200 VeSpasiani,
1277 2137 1370 2205 qui
1429 2136 1482 2191 in
1531 2136 1796 2191 ultionem

196 2217 464 2275 lloniinici
493 2221 805 2291 sanguinis,
834 2224 1125 2280 subversis
1154 2226 1540 2302 Jerosolyinis,
1568 2230 1794 2285 Romam

192 2307 372 2365 victor
404 2312 684 2383 ingressus
723 2324 830 2380 est,
862 2325 1030 2371 tanta:
1060 2318 1261 2373 dieitur
1288 2318 1463 2377 fuisse
1508 2321 1792 2391 bonitatis,

190 2413 393 2458 utcum
424 2404 661 2475 quadam
694 2415 855 2463 nocte
885 2406 912 2447 δ
941 2424 1068 2465 sero
1094 2413 1501 2482 recordaretur,
1527 2414 1582 2468 in
1610 2430 1791 2482 coma,

188 2496 337 2567 quod
381 2496 514 2552 nihil
560 2499 686 2554 boni
718 2500 809 2557 die
862 2500 954 2556 illa
1002 2503 1249 2568 iecisset,
1294 2504 1503 2561 dixerit
1554 2506 1792 2563 amicis:

190 2587 367 2644 Ilodie
395 2590 538 2646 diem
572 2591 808 2660 perdidi.
839 2593 950 2650 Nos
995 2605 1250 2666 putamus
1288 2614 1395 2653 non
1427 2600 1606 2670 perire
1639 2600 1795 2656 nobis

187 2679 406 2747 horam,
437 2681 612 2748 diem,
640 2694 939 2755 momenta,
984 2694 1220 2759 tempus,
1259 2699 1473 2757 aetates,
1502 2706 1624 2746 cum
1654 2692 1796 2746 otio-

186 2786 313 2826 sum
356 2774 585 2829 verbum
641 2775 937 2846 loquimur,
983 2794 1085 2850 pro
1127 2796 1237 2851 quo
1277 2781 1551 2837 reddituri
1604 2797 1794 2841 sumus

184 2864 461 2920 rationein
495 2867 547 2919 in
589 2867 676 2922 die
702 2868 898 2937 judicii
929 2869 1112 2942 (Matt.
1139 2872 1276 2943 ut)?
1306 2872 1465 2941 Quod
1492 2875 1540 2929 si
1574 2877 1676 2931 hoc
1701 2876 1794 2932 ille

183 2956 310 3011 sine
333 2954 498 3027 Lege,
522 2957 642 3015 sine
664 2959 983 3030 Evangelia,
1006 2963 1130 3019 sine
1153 2964 1475 3029 Salvatoris,
1499 2976 1554 3021 et
1574 2978 1794 3038 aposto-

181 3047 366 3102 lorum
397 3050 672 3117 doctrina,
707 3053 1039 3109 naturaliter
1064 3063 1121 3110 et
1164 3055 1332 3121 dixit,
1363 3069 1418 3113 et
1450 3057 1578 3113 fecit
1614 3076 1627 3111 :
1661 3059 1790 3128 quid

1929 582 2089 625 manu
2137 586 2233 626 sua
2280 574 2397 645 ipse
2430 581 2766 651 perscripsit,
2800 584 3098 640 ostendens
3131 590 3415 657 superiora
3460 594 3531 649 ab

1924 658 2034 714 alio
2060 674 2303 719 exarata.
2350 667 2505 735 Quod
2552 680 2732 727 autem
2762 674 2865 727 sub
2897 678 3122 731 nomine
3165 680 3285 748 ejus
3315 697 3343 734 a
3376 682 3530 738 falsis

1922 748 2237 809 doctoribus
2291 756 2550 828 Epistulae
2581 764 2947 833 mitterentur,
2983 767 3048 821 ad
3075 767 3532 828 Thessalonicen-

1920 860 2009 900 ses
2054 862 2268 917 quoque
2297 851 2638 910 demonstrat
2686 858 2977 914 scribens:
3034 861 3300 932 Rogamus
3353 876 3527 921 autem

1919 949 2028 996 vos,
2059 936 2270 1007 fratres,
2298 958 2392 1011 per
2418 944 2697 1000 adventum
2722 945 2937 1002 Domini
2963 953 3129 1005 nostri
3152 952 3280 1007 Jesu
3313 953 3532 1026 Christi,

1918 1039 1965 1083 et
1990 1038 2182 1086 nostrte
2203 1038 2623 1107 congregationis
2645 1041 2699 1094 in
2724 1043 2916 1114 ipsum,
2952 1053 3008 1098 ut
3051 1061 3156 1100 non
3192 1048 3294 1102 cito
3323 1067 3529 1105 mouea-

1916 1122 2046 1177 mini
2066 1140 2098 1177 a
2122 1136 2289 1180 vestro
2307 1145 2480 1198 sensu,
2505 1148 2595 1186 nec
2617 1138 2935 1202 lerreamini,
2968 1155 3129 1210 neque
3148 1158 3241 1213 per
3260 1146 3527 1215 spiritum,

1915 1230 2075 1287 neque
2098 1235 2192 1290 per
2216 1236 2527 1290 sermonem,
2572 1243 2734 1297 neque
2777 1247 2868 1302 per
2918 1229 3209 1302 Epistolam
3264 1245 3524 1309 tamquam

1910 1326 2005 1381 per
2027 1329 2119 1365 nos
2146 1314 2379 1377 missam.
2412 1305 2562 1388 quasi
2587 1320 2739 1374 instet
2773 1323 2883 1377 dies
2911 1322 3148 1395 Domini,
3182 1343 3245 1380 ne
3271 1331 3386 1399 quis
3430 1348 3521 1387 vos

1909 1404 2126 1460 seducat
2168 1408 2277 1462 ullo
2309 1411 2461 1466 modo
2494 1412 2555 1483 (ll
2588 1412 2773 1471 Thess.
2802 1432 2859 1483 ll,
2886 1416 2915 1472 1
2943 1419 3132 1489 seqq.).
3167 1419 3234 1475 Et
3261 1431 3316 1476 ut
3349 1432 3517 1480 totam

1913 1496 2208 1568 Epistohm
2232 1519 2392 1572 quam
2420 1506 2692 1573 mittebat,
2721 1510 3038 1579 suSpicione
3063 1524 3279 1567 erueret
3309 1513 3522 1571 falsita-

1911 1590 1999 1656 tis,
2039 1608 2202 1649 manu
2240 1612 2336 1651 sua
2384 1597 2438 1652 in
2479 1600 2586 1655 line
2614 1601 2957 1671 subscripsit,
2992 1604 3222 1661 dicens:
3253 1605 3519 1665 Salutatio

1908 1698 2021 1737 mea
2040 1701 2202 1741 manu
2234 1686 2416 1759 Pauli,
2439 1694 2584 1764 quod
2613 1705 2686 1749 est
2710 1696 2917 1769 signum
2956 1698 3011 1775 in
3048 1701 3190 1753 omni
3213 1698 3460 1771 Epistula
3492 1721 3517 1758 :

1906 1774 1979 1828 ita
2015 1786 2038 1815 ε
2071 1779 2237 1832 scribo
2263 1796 2281 1833 :
2315 1781 2495 1837 Gratia
2526 1781 2743 1841 Domini
2791 1774 3129 1845 nostriCJesu
3167 1790 3362 1847 Christi
3398 1810 3517 1849 cum
3614 1788 3621 1794 ’

1902 1866 2141 1922 omnibus
2167 1870 2308 1925 vobis
2349 1872 2413 1939 (ll
2452 1873 2633 1931 Thess.
2664 1892 2745 1944 tu,
2781 1879 2869 1945 17,
2903 1880 3017 1950 18).
3046 1879 3129 1936 Ad
3157 1882 3516 1941 Colossenses

1899 1961 2064 2016 etiam
2095 1980 2230 2036 quas
2258 1967 2564 2024 dictaverat
2616 1972 2848 2042 litteras,
2897 1990 3062 2030 mantt
3115 1993 3211 2031 sua
3262 1979 3517 2034 similiter

1899 2055 2263 2113 subnotavit:
2313 2060 2581 2118 Salutatio
2628 2082 2743 2120 mea
2794 2085 2949 2123 manu
2990 2068 3147 2125 Pauli
3189 2087 3208 2125 :
3254 2071 3516 2128 Memores

1897 2155 2058 2200 estote
2080 2149 2409 2205 vinculorum
2431 2170 2683 2219 meorum.
2714 2156 2780 2212 Et
2808 2158 3140 2231 ubicumque
3169 2161 3375 2218 sciebat
3404 2163 3514 2218 lal-

1897 2248 1992 2291 sos
2014 2237 2211 2294 adesse
2235 2241 2513 2310 doctores,
2544 2246 2639 2315 qui
2669 2257 2897 2317 possent
2925 2267 3020 2320 per
3043 2253 3295 2321 Apostoli
3325 2267 3514 2312 auctos-

1896 2328 2116 2386 ritatem
2151 2348 2288 2389 nova
2338 2336 2597 2408 dogmata
2647 2345 2945 2407 seminare,
2998 2345 3297 2413 Epistolam
3346 2365 3514 2407 manu
3562 2346 3572 2357 ’

1897 2428 2121 2492 prepria
2140 2426 2545 2485 subscribebat.
2577 2431 2824 2504 Denique
2844 2444 2899 2490 et
2921 2437 2985 2489 ad
3016 2438 3335 2494 Corinthios
3365 2443 3510 2497 seri-

1899 2515 2057 2580 bcns,
2089 2518 2142 2572 in
2166 2520 2364 2589 quibus
2388 2529 2544 2577 erant
2568 2525 2868 2579 schismata
2896 2537 2951 2582 ct
2974 2527 3234 2594 ltmrescs,
3263 2547 3511 2602 unoquo-

1896 2623 2003 2679 que
2032 2610 2586 2686 530dicentezEgo
2612 2634 2729 2670 sum
2754 2617 2939 2688 Pauli,
2981 2628 3029 2674 et
3057 2638 3151 2692 ego
3175 2623 3384 2694 Apollo,
3410 2642 3508 2695 ego

1894 2713 2067 2758 autem
2092 2704 2281 2772 Cephte
2303 2706 2344 2776 (l
2368 2706 2490 2762 Cor.
2522 2724 2564 2772 ι,
2587 2709 2702 2781 12),
2723 2711 3009 2779 epistolam
3032 2727 3184 2767 suam
3216 2714 3311 2768 tali
3329 2730 3507 2771 anno-

1897 2795 2105 2851 tatiooe
2130 2798 2405 2866 signavit:
2440 2799 2708 2856 Salutatio
2734 2818 2850 2856 mea
2879 2820 3038 2857 manu
3066 2803 3231 2859 Pauli
3257 2823 3275 2860 :
3305 2806 3365 2861 Si
3385 2808 3510 2878 quia

1897 2903 2004 2951 non,
2030 2899 2171 2942 amat
2202 2887 2486 2944 Dominum
2531 2893 2715 2947 Iesum
2762 2894 3051 2961 Christum,
3091 2901 3369 2953 anathema
3410 2899 3503 2967 sit,

1896 2981 2227 3049 maranatha,
2260 2992 2314 3039 et
2335 2995 2559 3041 caetera.
2588 2985 2823 3057 Propter
2846 2989 2949 3044 hoc
2970 2989 3138 3059 igitur
3170 2990 3363 3046 volens
3388 3006 3508 3046 om-

1895 3087 2020 3127 nem
2074 3076 2425 3130 occasionem
2475 3078 2627 3132 falsis
2655 3078 2882 3135 auferre
2931 3081 3267 3148 doctoribus,
3309 3081 3399 3153 qui
3448 3088 3510 3139 oe

183 3157 292 3198 nos
348 3154 565 3213 oportet
620 3143 833 3213 facere,
886 3149 941 3203 in
995 3164 1226 3216 quorttm
1275 3152 1789 3208 condemnationem
1819 3142 1863 3209 C
1895 3165 2115 3223 Galatas
2147 3184 2174 3221 ει
2205 3171 2440 3227 veritate
2472 3171 2750 3243 Evangelii
2782 3173 3168 3244 depravarunt,
3195 3178 3357 3231 linem
3387 3176 3514 3246 epiz-

185 3234 355 3291 habet
399 3245 457 3291 et
496 3237 643 3294 Juno
694 3240 964 3308 univiras,
993 3252 1050 3298 et
1093 3242 1256 3299 Vesta
1299 3244 1573 3316 virgines,
1592 3256 1649 3302 et
1683 3246 1789 3302 alia

186 3329 335 3385 idola
364 3334 747 3407 continentes?
784 3335 985 3390 Beatus
1011 3335 1253 3393 Joannes
1297 3340 1636 3409 evangelista
1662 3355 1787 3395 cunt

184 3421 392 3489 Ephesi
426 3437 733 3479 moraretur
768 3443 939 3496 usque
968 3438 990 3467 ο
1013 3428 1082 3482 ad
1118 3429 1371 3485 ultimam
1426 3433 1591 3504 529
1627 3447 1792 3488 sene-

182 3524 483 3582 cuitcm,et
502 3519 590 3570 vix
616 3519 804 3574 iuterd
818 3519 1172 3587 iscipulurum
1191 3537 1385 3578 manus
1403 3526 1469 3578 ad
1498 3526 1786 3581 ecclesiam

183 3605 525 3672 deferretur,
560 3626 660 3666 nec
702 3622 885 3679 posset
928 3615 982 3667 in
1022 3614 1173 3683 plura
1212 3630 1404 3673 vocem
1448 3619 1611 3673 verba
1648 3635 1791 3675 .cou-

189 3708 413 3764 texere,
445 3699 577 3755 t-ihil
608 3702 780 3759 aliud
828 3718 926 3775 per
970 3705 1221 3775 singulas
1277 3707 1494 3763 Solebat
1539 3708 1790 3778 proferre

183 3793 479 3860 collectas,
507 3794 613 3849 nisi
637 3794 773 3850 hoc:
802 3795 1010 3860 Filioli,
1043 3797 1254 3868 diligite
1274 3799 1621 3856 alterutrum.
1640 3801 1788 3856 Tan-

184 3887 313 3943 dem
340 3888 599 3959 discipuli
631 3898 691 3946 ct
725 3891 924 3948 fratres
963 3893 1058 3964 qui
1097 3895 1349 3965 aderant,
1384 3895 1545 3950 tredio
1578 3895 1787 3963 allecti,

183 3981 335 4051 quod
370 3982 564 4037 eadem
593 3997 813 4054 semper
841 3986 1123 4052 audirent,
1152 3987 1422 4042 dixerunt
1454 4004 1468 4041 :
1503 3987 1783 4056 Magister,

178 4090 358 4145 quare
386 4088 611 4144 semper
641 4076 745 4131 hoc
775 4077 1056 4149 loqueris?
1087 4078 1192 4148 Qui
1232 4080 1526 4149 rcSpondit
1568 4082 1788 4152 dignam

180 4168 407 4224 J0anne
460 4170 792 4225 sententiam
827 4188 842 4227 :
880 4173 1022 4241 Quia
1064 4184 1397 4245 praeceptum
1430 4174 1647 4230 Domini
1678 4184 1785 4243 est,

182 4259 317 4315 etsi
344 4261 520 4315 solum
548 4261 663 4327 llat,
692 4262 912 4318 sufﬁcit.
941 4265 1056 4319 lloe
1085 4276 1311 4335 propter
1349 4282 1593 4337 praasens
1639 4270 1790 4336 Apo-

180 4353 314 4408 stoli
346 4355 695 4413 mandatum:
725 4357 1011 4429 Operemur
1032 4359 1222 4415 bonum
1241 4363 1311 4415 ad
1333 4379 1509 4418 omnes
1532 4367 1789 4419 :maxime

178 4456 363 4501 autem
392 4448 461 4500 ad
489 4447 794 4504 domesticos
814 4450 961 4518 ﬁdei.

253 4538 445 4607 (Vers.
481 4542 504 4594 t
518 4544 538 4619 l
554 4546 598 4608 .)
634 4539 811 4595 Videte
828 4543 1065 4610 qualibus
1093 4542 1278 4599 litteris
1304 4545 1491 4612 scripsi
1515 4545 1655 4600 vobis
1676 4562 1789 4600 mea
1815 4529 1863 4587 υ

176 4647 371 4686 manu.
402 4630 462 4684 lli
500 4632 591 4702 qui
634 4632 951 4690 circumcidi
982 4634 1200 4692 Galatas
1225 4636 1503 4703 volebant,
1536 4637 1792 4693 dissemi-

177 4733 462 4779 uaverant
490 4726 595 4779 alia
615 4726 845 4782 Paulum
873 4727 1075 4795 facere,
1100 4728 1206 4784 alia
1230 4729 1552 4800 praedicare,
1574 4741 1631 4785 et
1646 4730 1672 4767 ά
1692 4746 1792 4787 suo

175 4834 356 4889 opere
385 4818 675 4876 destruere
702 4836 1040 4892 sermonem,
1095 4824 1239 4891 quod
1287 4825 1376 4892 qui
1402 4822 1603 4894 Legem
1635 4840 1790 4881 asse-

178 4920 341 4967 reret
370 4910 652 4979 abulitam,
694 4913 814 4983 ipse
843 4913 1185 4970 inveniretur
1215 4916 1266 4969 in
1297 4914 1460 4985 Lege.
1495 4915 1646 4973 llauc
1673 4920 1792 4988 opi-

178 5004 437 5071 nionem,
465 5005 591 5075 quia
622 5022 729 5062 uon
760 5019 979 5079 poterat
1006 5008 1204 5065 Paulus
1246 5011 1389 5079 apud
1419 5027 1613 5068 omnes
1655 5029 1796 5083 prte-

178 5109 320 5152 sens
345 5095 465 5167 ipse
495 5098 816 5156 subvertere
854 5099 1284 5172 (prohibebatur
1311 5101 1514 5172 quippe
1539 5102 1795 5171 vinculis,

176 5202 314 5261 qua:
339 5189 412 5245 ob
437 5186 642 5246 Christi
670 5194 996 5265 martyrium
1019 5192 1380 5266 sustinebat),
1423 5196 1664 5266 seipsum
1696 5211 1793 5267 per

179 5396 200 5453 ι
256 5333 286 5362 ⁸
318 5323 466 5379 Idem
517 5339 648 5393 ms.,
704 5326 843 5398 quod
894 5328 1160 5394 scribitur,
1187 5328 1326 5400 quod
1376 5327 1611 5395 emendo,
1652 5329 1790 5398 quod

202 5412 322 5453 eao.

202 5412 322 5452 εαο.

231 5413 560 5533 9:.Vocem,
591 5484 727 5532 sero,
772 5484 907 5525 mss.
952 5471 1126 5526 nostri
1159 5488 1267 5527 non
1307 5480 1634 5539 agnoscunt.
1668 5470 1788 5525 Mox

178 5553 408 5611 quoque
440 5538 865 5613 legunt,Amici,
895 5540 1050 5597 hodie
1079 5543 1215 5597 diem
1238 5543 1461 5613 perdidi.

261 5621 285 5649 ο
323 5615 545 5693 Annum
587 5612 806 5693 scilicet
832 5617 1034 5693 agebat
1058 5614 1474 5693 nonagesimum
1508 5620 1784 5693 quartum,

176 5682 342 5753 iusta
376 5679 668 5764 Epiphanii
700 5679 943 5764 rationes
978 5684 1162 5764 lib.__t_,
1188 5679 1334 5764 enim
1381 5686 1470 5764 ηε
1503 5679 1700 5738 Confer
1734 5694 1790 5764 et

181 5751 445 5809 nostrqu
464 5751 852 5825 Hieronymum
877 5754 971 5811 lib.
997 5755 1066 5813 de
1092 5756 1231 5813 Viris
1253 5751 1578 5824 lllustnbus,
1601 5756 1788 5826 cap.9.

1891 3259 2047 3313 stola:
2080 3275 2273 3314 manus
2318 3276 2431 3316 suae
2483 3264 2837 3318 annotatione
2886 3267 3207 3333 complevit,
3257 3268 3449 3324 dicen!
3480 3278 3509 3301 "

1899 3351 2082 3408 Videte
2103 3354 2345 3425 qualibus
2370 3356 2556 3410 litteris
2572 3358 2758 3427 scripsi
2778 3360 2944 3424 vobis;
2961 3374 3075 3413 non
3096 3360 3240 3429 quod
3264 3360 3500 3422 grandes

1893 3443 2090 3500 litterae
2122 3436 2320 3501 fuerint
2348 3448 2489 3519 (.boc
2510 3450 2712 3518 quippe
2734 3449 2787 3503 in
2816 3449 3013 3505 Gran
3036 3451 3494 3522 εοιιθιπηλὶκοις),

1892 3537 1987 3592 sed
2015 3538 2155 3606 quod
2183 3555 2296 3593 sua:
2328 3555 2518 3594 manus
2548 3553 2733 3596 essent
2764 3544 2841 3596 eis
2866 3551 2992 3596 nota
3018 3544 3266 3614 vestigia,
3289 3554 3346 3598 ut
3366 3546 3496 3599 dum

1892 3628 2194 3684 litterarum
2239 3631 2428 3699 apiccs
2456 3646 2876 3701 recognoscuut,
2936 3635 3112 3705 ipsum
3145 3651 3204 3690 se
3243 3644 3501 3705 putarent

1895 3720 2102 3789 videre,
2149 3721 2241 3792 qtti
2273 3721 2595 3792 scripserat.
2629 3724 2685 3778 In
2715 3724 2823 3779 hoc
2849 3726 2971 3782 loco
3010 3728 3097 3780 vir
3125 3727 3371 3797 apprime
3400 3744 3501 3783 no-

1890 3812 2021 3867 stris
2051 3815 2393 3882 temporibns
2420 3814 2437 3852 ί’
2471 3816 2743 3882 eruditus,
2768 3819 2941 3873 miror
2971 3819 3251 3890 quomodo
3270 3835 3391 3875 rem
3425 3822 3499 3874 ri—

1891 3902 2128 3959 diculam
2154 3905 2370 3961 locutus
2392 3907 2484 3963 sit.
2511 3907 2738 3973 Paulus,
2763 3909 2961 3980 inquit,
2991 3910 3255 3966 Hebrteus
3278 3920 3416 3977 erat,
3444 3923 3502 3968 et

1891 3993 2111 4051 Graecas
2137 3996 2355 4052 litteras
2377 4000 2676 4058 nesciebat.
2705 4002 2769 4056 Et
2796 4003 2923 4073 quia
2954 4004 3255 4059 necessitas
3276 4016 3502 4075 expete-

1890 4084 2000 4151 bat,
2033 4096 2093 4142 ut
2146 4104 2309 4143 manu
2356 4105 2451 4145 sua
2507 4092 2796 4161 epistolam
2851 4095 3244 4162 subscriberet,
3304 4106 3498 4151 contra

1888 4179 2343 4236 causuettnlincm
2384 4198 2583 4236 curvos
2616 4183 2861 4239 tramites
2896 4186 3226 4251 litterarum,
3263 4187 3345 4239 \ix
3380 4202 3496 4239 ina-

1890 4274 2016 4341 gnis
2044 4274 2293 4343 apicibus
2329 4277 2674 4346 exprimebat
2707 4295 2720 4331 :
2746 4279 2910 4333 etiam
2945 4279 2998 4333 in
3033 4280 3136 4334 hoc
3162 4294 3273 4335 suae
3300 4281 3365 4333 ad
3390 4279 3498 4335 Ca-

1889 4362 2027 4417 latas
2051 4364 2247 4419 indicia
2280 4365 2563 4421 charitatis
2585 4368 2903 4435 ostendens,
2933 4372 3076 4442 quod
3113 4378 3336 4441 propter
3365 4370 3494 4428 illos

1892 4456 1944 4511 id
1971 4473 2186 4527 quoque
2210 4460 2354 4527 quod
2389 4475 2493 4515 n0n
2519 4472 2754 4530 poterat,
2783 4463 2965 4519 facere
2986 4474 3296 4519 conaretur.
3322 4463 3499 4519 Grau-

1892 4548 2051 4604 dibus
2080 4564 2214 4618 ergo
2265 4550 2465 4605 Paulus
2494 4552 2694 4608 litteris
2742 4554 2966 4623 scripsit
3009 4555 3323 4625 epistolam,
3369 4556 3499 4625 quia

1893 4655 2090 4695 sensus
2118 4651 2237 4696 erat
2266 4642 2487 4707 grandis
2516 4644 2567 4698 in
2615 4644 2836 4712 litteris,
2881 4656 2936 4701 et
2980 4646 3175 4717 spiritu
3211 4646 3305 4701 Dei
3359 4645 3494 4712 vivi,

1893 4747 1999 4787 non
2031 4741 2358 4800 atramento,
2398 4748 2498 4788 nec
2546 4736 2756 4790 calamo
2810 4737 2983 4791 fuerat
3011 4746 3290 4794 exaratus.
3338 4738 3494 4805 Quod

1890 4837 2070 4880 autem
2102 4828 2380 4895 apposuit,
2431 4842 2543 4879 mea
2594 4844 2776 4892 manu,
2810 4843 2977 4897 Opera
3027 4831 3393 4898 intelligamus
3440 4831 3495 4882 in

1892 4921 2162 4976 manibus.
2208 4921 2380 4987 Quam
2412 4919 2483 4974 ob
2513 4935 2736 4975 causam
2767 4921 2965 4976 crebro
3011 4931 3068 4975 ct
3116 4922 3169 4975 in
3215 4921 3496 4989 prophetis

1888 5012 2146 5069 scribitur
2171 5032 2183 5065 :
2214 5011 2398 5068 Sermo
2425 5011 2518 5067 Dei
2548 5013 2637 5083 qui
2664 5014 2835 5084 factus
2864 5022 2939 5068 est
2960 5014 3014 5066 in
3040 5030 3199 5067 manu
3227 5011 3490 5077 Jercmiw,

1891 5107 2005 5161 sive
2032 5108 2232 5178 Aggwi,
2283 5119 2342 5161 ut
2392 5123 2490 5176 per
2522 5106 2663 5163 banc
2709 5123 2926 5177 quoque
2972 5106 3385 5162 similitudinem
3436 5107 3493 5161 in

1894 5217 2057 5256 manu
2088 5200 2240 5254 Pauli
2296 5200 2538 5255 sciamus
2586 5200 2787 5257 factum
2833 5199 2931 5256 Dei
2981 5215 3104 5256 esse
3151 5214 3489 5256 sermonem.

1903 5330 2067 5384 Paulo
2102 5339 2222 5401 post
2253 5345 2385 5385 mss.
2434 5330 2697 5402 sullragio
2725 5330 3091 5395 restituimus,
3127 5330 3182 5384 in
3215 5329 3370 5402 plura
3406 5344 3499 5381 vo-

1898 5418 2005 5471 cem
2034 5402 2187 5456 verba
2216 5413 2507 5465 contexere,
2541 5400 2637 5471 pro
2668 5418 2776 5468 quo
2803 5413 2942 5465 erat,
2974 5416 3156 5454 vocum
3180 5400 3355 5462 verba,
3386 5408 3495 5452 cte.

1970 5470 1995 5510 ά
2024 5472 2606 5537 RescribitViclorius,
2638 5484 2686 5527 et
2712 5490 2862 5527 suum
2892 5487 3044 5541 apere
3075 5474 3356 5537 destruere,
3384 5481 3493 5526 etc.

1970 5554 1994 5622 (ξ
2022 5545 2256 5599 Palatiu.
2292 5560 2433 5622 ms.,_
2449 5546 2522 5598 ita
2546 5544 2844 5622 subscribi)".
3038 5618 3047 5622 Α
3353 5609 3385 5622 Α

1972 5612 1991 5653 τ
2039 5616 2374 5685 Quamquam
2418 5615 2521 5669 hoc
2573 5615 2742 5692 ferme
2786 5612 3450 5692 Clirysosto‘mussrntiat
3477 5654 3492 5681 ,

1893 5686 2035 5757 quod
2071 5688 2292 5743 llierou.
2326 5690 2632 5758 impugnat,
2673 5687 2824 5742 illum
2871 5697 3053 5740 tamen
3085 5687 3175 5740 hic
3205 5685 3453 5741 denatari
3481 5723 3498 5749 ,

1894 5770 2181 5833 tmttputo.
2377 5783 2412 5830 ε,
2500 5822 2505 5826 ,
2608 5820 2615 5825 λ
