  <div class='ocr_page' id='page_1' title='image "/cluster/home/n/w/nwhite01/storage/ocr_20150623/26/uva.x000826568/225.png"; bbox 0 0 4046 6340; ppageno 0'>
   <div class='ocr_carea' id='block_1_1' title="bbox 556 231 664 292">
    <p class='ocr_par' dir='ltr' id='par_1_1' title="bbox 556 231 664 292">
     <span class='ocr_line' id='line_1_1' title="bbox 556 231 664 292; baseline -0.019 0"><span class='ocrx_word' id='word_1_1' title='bbox 556 231 664 292; x_wconf 72' lang='grc' dir='ltr'><strong>ιὸὄ</strong></span> 
     </span>
    </p>
   </div>
   <div class='ocr_carea' id='block_1_2' title="bbox 1806 227 3843 288">
    <p class='ocr_par' dir='ltr' id='par_1_2' title="bbox 1806 227 3843 288">
     <span class='ocr_line' id='line_1_2' title="bbox 1806 227 3843 288; baseline 0 -2"><span class='ocrx_word' id='word_1_2' title='bbox 1806 229 1866 286; x_wconf 89' lang='lat' dir='ltr'><strong>S.</strong></span> <span class='ocrx_word' id='word_1_3' title='bbox 1909 227 2180 288; x_wconf 85' lang='lat' dir='ltr'><strong>EUSEBII</strong></span> <span class='ocrx_word' id='word_1_4' title='bbox 2217 227 2602 288; x_wconf 69' lang='lat' dir='ltr'><strong>HIERONYMI</strong></span> <span class='ocrx_word' id='word_1_5' title='bbox 3747 229 3843 288; x_wconf 63' lang='lat'><strong>4&#39;56</strong></span> 
     </span>
    </p>
   </div>
   <div class='ocr_carea' id='block_1_3' title="bbox 555 342 3846 419">
    <p class='ocr_par' dir='ltr' id='par_1_3' title="bbox 555 342 3846 419">
     <span class='ocr_line' id='line_1_3' title="bbox 555 342 3846 419; baseline -0 -15"><span class='ocrx_word' id='word_1_6' title='bbox 555 345 806 408; x_wconf 80' lang='lat' dir='ltr'><strong>Grandes</strong></span> <span class='ocrx_word' id='word_1_7' title='bbox 826 348 1029 403; x_wconf 85' lang='lat' dir='ltr'><strong>Paulus</strong></span> <span class='ocrx_word' id='word_1_8' title='bbox 1053 348 1267 402; x_wconf 74' lang='lat' dir='ltr'><strong>litteras</strong></span> <span class='ocrx_word' id='word_1_9' title='bbox 1305 360 1412 401; x_wconf 91' lang='lat' dir='ltr'><strong>non</strong></span> <span class='ocrx_word' id='word_1_10' title='bbox 1444 346 1624 401; x_wconf 89' lang='lat' dir='ltr'><strong>solum</strong></span> <span class='ocrx_word' id='word_1_11' title='bbox 1658 354 1788 400; x_wconf 90' lang='lat' dir='ltr'><strong>tunc</strong></span> <span class='ocrx_word' id='word_1_12' title='bbox 1817 345 1886 400; x_wconf 91' lang='lat' dir='ltr'><strong>ad</strong></span> <span class='ocrx_word' id='word_1_13' title='bbox 1913 344 2156 410; x_wconf 77' lang='lat' dir='ltr'><strong>Galatas,</strong></span> <span class='ocrx_word' id='word_1_14' title='bbox 2184 348 2239 408; x_wconf 77' lang='grc' dir='ltr'>Α</span> <span class='ocrx_word' id='word_1_15' title='bbox 2263 342 2412 403; x_wconf 86' lang='lat' dir='ltr'><strong>canit</strong></span> <span class='ocrx_word' id='word_1_16' title='bbox 2438 350 2714 404; x_wconf 74' lang='lat' dir='ltr'><strong>canticum</strong></span> <span class='ocrx_word' id='word_1_17' title='bbox 2733 363 2957 415; x_wconf 86' lang='lat' dir='ltr'><strong>novum,</strong></span> <span class='ocrx_word' id='word_1_18' title='bbox 2974 355 3029 404; x_wconf 89' lang='lat' dir='ltr'><strong>et</strong></span> <span class='ocrx_word' id='word_1_19' title='bbox 3053 349 3257 419; x_wconf 85' lang='lat' dir='ltr'><strong>accipit</strong></span> <span class='ocrx_word' id='word_1_20' title='bbox 3281 362 3479 404; x_wconf 84' lang='lat' dir='ltr'><strong>nomen</strong></span> <span class='ocrx_word' id='word_1_21' title='bbox 3505 363 3701 404; x_wconf 89' lang='lat' dir='ltr'><strong>novum</strong></span> <span class='ocrx_word' id='word_1_22' title='bbox 3724 347 3846 403; x_wconf 88' lang='lat' dir='ltr'><strong>scri-</strong></span> 
     </span>
    </p>
   </div>
   <div class='ocr_carea' id='block_1_4' title="bbox 557 438 2157 510">
    <p class='ocr_par' dir='ltr' id='par_1_4' title="bbox 557 438 2157 510">
     <span class='ocr_line' id='line_1_4' title="bbox 557 438 2157 510; baseline -0.002 -12"><span class='ocrx_word' id='word_1_23' title='bbox 557 444 655 498; x_wconf 81' lang='lat' dir='ltr'><strong>sed</strong></span> <span class='ocrx_word' id='word_1_24' title='bbox 685 443 847 498; x_wconf 88' lang='lat' dir='ltr'><strong>etiam</strong></span> <span class='ocrx_word' id='word_1_25' title='bbox 879 442 1037 497; x_wconf 85' lang='lat' dir='ltr'><strong>hodie</strong></span> <span class='ocrx_word' id='word_1_26' title='bbox 1069 442 1252 497; x_wconf 90' lang='lat' dir='ltr'><strong>scribit</strong></span> <span class='ocrx_word' id='word_1_27' title='bbox 1278 442 1342 494; x_wconf 85' lang='lat' dir='ltr'><strong>ad</strong></span> <span class='ocrx_word' id='word_1_28' title='bbox 1371 448 1620 505; x_wconf 84' lang='lat' dir='ltr'><strong>cunctos,</strong></span> <span class='ocrx_word' id='word_1_29' title='bbox 1645 452 1699 495; x_wconf 91' lang='lat' dir='ltr'><strong>ct</strong></span> <span class='ocrx_word' id='word_1_30' title='bbox 1726 441 1977 510; x_wconf 80' lang='lat' dir='ltr'><strong>quamvis</strong></span> <span class='ocrx_word' id='word_1_31' title='bbox 2006 438 2157 509; x_wconf 87' lang='lat' dir='ltr'><strong>parvi</strong></span> 
     </span>
    </p>
   </div>
   <div class='ocr_carea' id='block_1_5' title="bbox 559 532 2158 604">
    <p class='ocr_par' dir='ltr' id='par_1_5' title="bbox 559 532 2158 604">
     <span class='ocr_line' id='line_1_5' title="bbox 559 532 2158 604; baseline -0.002 -15"><span class='ocrx_word' id='word_1_32' title='bbox 559 535 668 594; x_wconf 88' lang='lat' dir='ltr'><strong>sint</strong></span> <span class='ocrx_word' id='word_1_33' title='bbox 713 534 895 604; x_wconf 86' lang='lat' dir='ltr'><strong>apices</strong></span> <span class='ocrx_word' id='word_1_34' title='bbox 942 533 1138 603; x_wconf 85' lang='lat' dir='ltr'><strong>quibus</strong></span> <span class='ocrx_word' id='word_1_35' title='bbox 1165 534 1283 601; x_wconf 75' lang='lat' dir='ltr'><strong>ejus</strong></span> <span class='ocrx_word' id='word_1_36' title='bbox 1320 533 1580 602; x_wconf 74' lang='lat' dir='ltr'><strong>Epistola:</strong></span> <span class='ocrx_word' id='word_1_37' title='bbox 1609 532 2046 598; x_wconf 72' lang='lat' dir='ltr'><strong>conscribuntur,</strong></span> <span class='ocrx_word' id='word_1_38' title='bbox 2079 544 2158 587; x_wconf 88' lang='lat' dir='ltr'><strong>ta-</strong></span> 
     </span>
    </p>
   </div>
   <div class='ocr_carea' id='block_1_6' title="bbox 563 626 2159 698">
    <p class='ocr_par' dir='ltr' id='par_1_6' title="bbox 563 626 2159 698">
     <span class='ocr_line' id='line_1_6' title="bbox 563 626 2159 698; baseline -0.001 -15"><span class='ocrx_word' id='word_1_39' title='bbox 563 645 687 683; x_wconf 74' lang='grc' dir='ltr'>ιιιριι</span> <span class='ocrx_word' id='word_1_40' title='bbox 720 644 928 698; x_wconf 79' lang='lat' dir='ltr'><strong>tttagnu:</strong></span> <span class='ocrx_word' id='word_1_41' title='bbox 954 638 1084 682; x_wconf 88' lang='lat' dir='ltr'><strong>sunt</strong></span> <span class='ocrx_word' id='word_1_42' title='bbox 1121 627 1340 694; x_wconf 72' lang='lat' dir='ltr'><strong>litteru‘,</strong></span> <span class='ocrx_word' id='word_1_43' title='bbox 1373 628 1499 697; x_wconf 85' lang='lat' dir='ltr'><strong>quia</strong></span> <span class='ocrx_word' id='word_1_44' title='bbox 1530 627 1584 682; x_wconf 89' lang='lat' dir='ltr'><strong>in</strong></span> <span class='ocrx_word' id='word_1_45' title='bbox 1611 626 1806 682; x_wconf 89' lang='lat' dir='ltr'><strong>litteris</strong></span> <span class='ocrx_word' id='word_1_46' title='bbox 1829 642 2053 698; x_wconf 84' lang='lat' dir='ltr'><strong>magnus</strong></span> <span class='ocrx_word' id='word_1_47' title='bbox 2073 634 2159 681; x_wconf 89' lang='lat' dir='ltr'><strong>est</strong></span> 
     </span>
    </p>
   </div>
   <div class='ocr_carea' id='block_1_7' title="bbox 557 736 773 776">
    <p class='ocr_par' dir='ltr' id='par_1_7' title="bbox 557 736 773 776">
     <span class='ocr_line' id='line_1_7' title="bbox 557 736 773 776; baseline -0.009 0"><span class='ocrx_word' id='word_1_48' title='bbox 557 736 773 776; x_wconf 73' lang='lat' dir='ltr'><strong>SCIISUS.</strong></span> 
     </span>
    </p>
   </div>
   <div class='ocr_carea' id='block_1_8' title="bbox 630 810 2157 886">
    <p class='ocr_par' dir='ltr' id='par_1_8' title="bbox 630 810 2157 886">
     <span class='ocr_line' id='line_1_8' title="bbox 630 810 2157 886; baseline -0.001 -17"><span class='ocrx_word' id='word_1_49' title='bbox 630 819 812 886; x_wconf 81' lang='lat' dir='ltr'><strong>(\‘ers.</strong></span> <span class='ocrx_word' id='word_1_50' title='bbox 839 810 981 886; x_wconf 65' lang='grc'><strong>⁸12.)</strong></span> <span class='ocrx_word' id='word_1_51' title='bbox 1013 819 1341 885; x_wconf 76' lang='lat' dir='ltr'><strong>Quicumque</strong></span> <span class='ocrx_word' id='word_1_52' title='bbox 1370 817 1551 872; x_wconf 79' lang='lat' dir='ltr'><strong>uolunt</strong></span> <span class='ocrx_word' id='word_1_53' title='bbox 1579 816 1782 884; x_wconf 82' lang='lat' dir='ltr'><strong>placere</strong></span> <span class='ocrx_word' id='word_1_54' title='bbox 1817 815 1870 869; x_wconf 90' lang='lat' dir='ltr'><strong>in</strong></span> <span class='ocrx_word' id='word_1_55' title='bbox 1898 831 2070 874; x_wconf 87' lang='lat' dir='ltr'><strong>carne.</strong></span> <span class='ocrx_word' id='word_1_56' title='bbox 2100 811 2157 868; x_wconf 85' lang='lat' dir='ltr'><strong>hi</strong></span> 
     </span>
    </p>
   </div>
   <div class='ocr_carea' id='block_1_9' title="bbox 556 906 2155 980">
    <p class='ocr_par' dir='ltr' id='par_1_9' title="bbox 556 906 2155 980">
     <span class='ocr_line' id='line_1_9' title="bbox 556 906 2155 980; baseline -0.003 -16"><span class='ocrx_word' id='word_1_57' title='bbox 556 921 745 980; x_wconf 86' lang='lat' dir='ltr'><strong>cogunt</strong></span> <span class='ocrx_word' id='word_1_58' title='bbox 775 927 861 963; x_wconf 77' lang='lat' dir='ltr'><strong>vos</strong></span> <span class='ocrx_word' id='word_1_59' title='bbox 910 911 1212 964; x_wconf 79' lang='lat' dir='ltr'><strong>circumcidi</strong></span> <span class='ocrx_word' id='word_1_60' title='bbox 1240 926 1259 964; x_wconf 90' lang='lat'><strong><em>:</em></strong></span> <span class='ocrx_word' id='word_1_61' title='bbox 1291 920 1489 962; x_wconf 85' lang='lat' dir='ltr'><strong>tantum</strong></span> <span class='ocrx_word' id='word_1_62' title='bbox 1515 918 1569 962; x_wconf 91' lang='lat' dir='ltr'><strong>ut</strong></span> <span class='ocrx_word' id='word_1_63' title='bbox 1617 908 1785 962; x_wconf 86' lang='lat' dir='ltr'><strong>crucis</strong></span> <span class='ocrx_word' id='word_1_64' title='bbox 1815 906 2005 961; x_wconf 82' lang='lat' dir='ltr'><strong>Christi</strong></span> <span class='ocrx_word' id='word_1_65' title='bbox 2033 923 2155 973; x_wconf 84' lang='lat' dir='ltr'><strong>per-</strong></span> 
     </span>
    </p>
   </div>
   <div class='ocr_carea' id='block_1_10' title="bbox 552 998 2158 1072">
    <p class='ocr_par' dir='ltr' id='par_1_10' title="bbox 552 998 2158 1072">
     <span class='ocr_line' id='line_1_10' title="bbox 552 998 2158 1072; baseline -0.005 -15"><span class='ocrx_word' id='word_1_66' title='bbox 552 1004 865 1057; x_wconf 63' lang='lat' dir='ltr'><strong>sscntionem</strong></span> <span class='ocrx_word' id='word_1_67' title='bbox 893 1011 918 1038; x_wconf 71' lang='grc' dir='ltr'>α</span> <span class='ocrx_word' id='word_1_68' title='bbox 949 1018 1055 1055; x_wconf 89' lang='lat' dir='ltr'><strong>non</strong></span> <span class='ocrx_word' id='word_1_69' title='bbox 1076 1003 1363 1072; x_wconf 85' lang='lat' dir='ltr'><strong>patiantur.</strong></span> <span class='ocrx_word' id='word_1_70' title='bbox 1404 1001 1671 1069; x_wconf 85' lang='lat' dir='ltr'><strong>Superius</strong></span> <span class='ocrx_word' id='word_1_71' title='bbox 1699 998 2027 1052; x_wconf 72' lang='lat' dir='ltr'><strong>ostctiditex</strong></span> <span class='ocrx_word' id='word_1_72' title='bbox 2048 1014 2158 1068; x_wconf 86' lang='lat' dir='ltr'><strong>quo</strong></span> 
     </span>
    </p>
   </div>
   <div class='ocr_carea' id='block_1_11' title="bbox 555 1092 2155 1161">
    <p class='ocr_par' dir='ltr' id='par_1_11' title="bbox 555 1092 2155 1161">
     <span class='ocr_line' id='line_1_11' title="bbox 555 1092 2155 1161; baseline -0.003 -13"><span class='ocrx_word' id='word_1_73' title='bbox 555 1094 678 1148; x_wconf 76' lang='lat' dir='ltr'><strong>loro</strong></span> <span class='ocrx_word' id='word_1_74' title='bbox 705 1109 801 1148; x_wconf 86' lang='lat' dir='ltr'><strong>sua</strong></span> <span class='ocrx_word' id='word_1_75' title='bbox 846 1094 1238 1161; x_wconf 81' lang='lat' dir='ltr'><strong>subscripserit</strong></span> <span class='ocrx_word' id='word_1_76' title='bbox 1267 1109 1431 1148; x_wconf 90' lang='lat' dir='ltr'><strong>manu</strong></span> <span class='ocrx_word' id='word_1_77' title='bbox 1467 1111 1479 1144; x_wconf 90' lang='lat'><strong>:</strong></span> <span class='ocrx_word' id='word_1_78' title='bbox 1511 1108 1654 1147; x_wconf 90' lang='lat' dir='ltr'><strong>nunc</strong></span> <span class='ocrx_word' id='word_1_79' title='bbox 1691 1092 1817 1161; x_wconf 91' lang='lat' dir='ltr'><strong>quid</strong></span> <span class='ocrx_word' id='word_1_80' title='bbox 1847 1092 2155 1161; x_wconf 80' lang='lat' dir='ltr'><strong>scripserit,</strong></span> 
     </span>
    </p>
   </div>
   <div class='ocr_carea' id='block_1_12' title="bbox 553 1184 2158 1254">
    <p class='ocr_par' dir='ltr' id='par_1_12' title="bbox 553 1184 2158 1254">
     <span class='ocr_line' id='line_1_12' title="bbox 553 1184 2158 1254; baseline 0 -15"><span class='ocrx_word' id='word_1_81' title='bbox 553 1184 806 1249; x_wconf 66' lang='lat' dir='ltr'><strong>rvinicat.</strong></span> <span class='ocrx_word' id='word_1_82' title='bbox 847 1184 1012 1242; x_wconf 90' lang='lat' dir='ltr'><strong>Caius</strong></span> <span class='ocrx_word' id='word_1_83' title='bbox 1041 1186 1247 1250; x_wconf 66' lang='lat' dir='ltr'><strong>Caesar,</strong></span> <span class='ocrx_word' id='word_1_84' title='bbox 1298 1194 1354 1240; x_wconf 88' lang='lat' dir='ltr'><strong>et</strong></span> <span class='ocrx_word' id='word_1_85' title='bbox 1401 1185 1731 1239; x_wconf 87' lang='lat' dir='ltr'><strong>Octavianus</strong></span> <span class='ocrx_word' id='word_1_86' title='bbox 1774 1185 2070 1254; x_wconf 82' lang='lat' dir='ltr'><strong>Augustus,</strong></span> <span class='ocrx_word' id='word_1_87' title='bbox 2103 1196 2158 1240; x_wconf 92' lang='lat' dir='ltr'><strong>et</strong></span> 
     </span>
    </p>
   </div>
   <div class='ocr_carea' id='block_1_13' title="bbox 554 1277 2155 1348">
    <p class='ocr_par' dir='ltr' id='par_1_13' title="bbox 554 1277 2155 1348">
     <span class='ocr_line' id='line_1_13' title="bbox 554 1277 2155 1348; baseline 0.001 -17"><span class='ocrx_word' id='word_1_88' title='bbox 554 1277 806 1333; x_wconf 77' lang='lat' dir='ltr'><strong>Tiberius</strong></span> <span class='ocrx_word' id='word_1_89' title='bbox 833 1294 1122 1334; x_wconf 74' lang='lat' dir='ltr'><strong>successiir</strong></span> <span class='ocrx_word' id='word_1_90' title='bbox 1167 1278 1426 1347; x_wconf 81' lang='lat' dir='ltr'><strong>Augusti,</strong></span> <span class='ocrx_word' id='word_1_91' title='bbox 1461 1278 1608 1348; x_wconf 78' lang='lat' dir='ltr'><strong>leges</strong></span> <span class='ocrx_word' id='word_1_92' title='bbox 1661 1282 2155 1345; x_wconf 68' lang='lat' dir='ltr'><strong>protnulgaVerant,</strong></span> 
     </span>
    </p>
   </div>
   <div class='ocr_carea' id='block_1_14' title="bbox 557 1370 2159 1440">
    <p class='ocr_par' dir='ltr' id='par_1_14' title="bbox 557 1370 2159 1440">
     <span class='ocr_line' id='line_1_14' title="bbox 557 1370 2159 1440; baseline 0.002 -17"><span class='ocrx_word' id='word_1_93' title='bbox 557 1388 615 1424; x_wconf 90' lang='lat' dir='ltr'><strong>ut</strong></span> <span class='ocrx_word' id='word_1_94' title='bbox 650 1373 826 1427; x_wconf 66' lang='lat' dir='ltr'><strong>JUllllfi</strong></span> <span class='ocrx_word' id='word_1_95' title='bbox 851 1373 943 1440; x_wconf 82' lang='lat' dir='ltr'><strong>qui</strong></span> <span class='ocrx_word' id='word_1_96' title='bbox 977 1385 1130 1426; x_wconf 89' lang='lat' dir='ltr'><strong>erant</strong></span> <span class='ocrx_word' id='word_1_97' title='bbox 1160 1373 1212 1425; x_wconf 91' lang='lat' dir='ltr'><strong>in</strong></span> <span class='ocrx_word' id='word_1_98' title='bbox 1245 1382 1358 1425; x_wconf 92' lang='lat' dir='ltr'><strong>toto</strong></span> <span class='ocrx_word' id='word_1_99' title='bbox 1385 1370 1618 1424; x_wconf 78' lang='lat' dir='ltr'><strong>Romani</strong></span> <span class='ocrx_word' id='word_1_100' title='bbox 1653 1371 1865 1439; x_wconf 86' lang='lat' dir='ltr'><strong>imperii</strong></span> <span class='ocrx_word' id='word_1_101' title='bbox 1905 1371 2040 1426; x_wconf 87' lang='lat' dir='ltr'><strong>orbe</strong></span> <span class='ocrx_word' id='word_1_102' title='bbox 2076 1371 2159 1426; x_wconf 91' lang='lat' dir='ltr'><strong>di-</strong></span> 
     </span>
    </p>
   </div>
   <div class='ocr_carea' id='block_1_15' title="bbox 557 1464 2158 1534">
    <p class='ocr_par' dir='ltr' id='par_1_15' title="bbox 557 1464 2158 1534">
     <span class='ocr_line' id='line_1_15' title="bbox 557 1464 2158 1534; baseline -0.001 -14"><span class='ocrx_word' id='word_1_103' title='bbox 557 1465 758 1529; x_wconf 72' lang='lat' dir='ltr'><strong>Spersi,</strong></span> <span class='ocrx_word' id='word_1_104' title='bbox 793 1466 1016 1534; x_wconf 90' lang='lat' dir='ltr'><strong>proprio</strong></span> <span class='ocrx_word' id='word_1_105' title='bbox 1044 1467 1151 1519; x_wconf 85' lang='lat' dir='ltr'><strong>ritu</strong></span> <span class='ocrx_word' id='word_1_106' title='bbox 1204 1465 1474 1530; x_wconf 82' lang='lat' dir='ltr'><strong>viverent,</strong></span> <span class='ocrx_word' id='word_1_107' title='bbox 1511 1474 1567 1518; x_wconf 90' lang='lat' dir='ltr'><strong>et</strong></span> <span class='ocrx_word' id='word_1_108' title='bbox 1604 1465 1792 1532; x_wconf 85' lang='lat' dir='ltr'><strong>patriis</strong></span> <span class='ocrx_word' id='word_1_109' title='bbox 1819 1464 2158 1518; x_wconf 70' lang='lat' dir='ltr'><strong>cmremoniis</strong></span> 
     </span>
    </p>
   </div>
   <div class='ocr_carea' id='block_1_16' title="bbox 555 1555 2158 1630">
    <p class='ocr_par' dir='ltr' id='par_1_16' title="bbox 555 1555 2158 1630">
     <span class='ocr_line' id='line_1_16' title="bbox 555 1555 2158 1630; baseline 0.001 -20"><span class='ocrx_word' id='word_1_110' title='bbox 555 1555 925 1610; x_wconf 84' lang='lat' dir='ltr'><strong>deservirent.</strong></span> <span class='ocrx_word' id='word_1_111' title='bbox 977 1559 1314 1626; x_wconf 66' lang='lat' dir='ltr'><strong>Quicumque</strong></span> <span class='ocrx_word' id='word_1_112' title='bbox 1371 1557 1529 1630; x_wconf 78' lang='lat'><strong>531</strong></span> <span class='ocrx_word' id='word_1_113' title='bbox 1595 1556 1757 1627; x_wconf 77' lang='lat' dir='ltr'><strong>igitur</strong></span> <span class='ocrx_word' id='word_1_114' title='bbox 1803 1557 2158 1612; x_wconf 81' lang='lat' dir='ltr'><strong>circumcisus</strong></span> 
     </span>
    </p>
   </div>
   <div class='ocr_carea' id='block_1_17' title="bbox 559 1650 2161 1723">
    <p class='ocr_par' dir='ltr' id='par_1_17' title="bbox 559 1650 2161 1723">
     <span class='ocr_line' id='line_1_17' title="bbox 559 1650 2161 1723; baseline 0.001 -17"><span class='ocrx_word' id='word_1_115' title='bbox 559 1660 697 1707; x_wconf 81' lang='lat' dir='ltr'><strong>erat.</strong></span> <span class='ocrx_word' id='word_1_116' title='bbox 730 1650 862 1704; x_wconf 85' lang='lat' dir='ltr'><strong>Iicct</strong></span> <span class='ocrx_word' id='word_1_117' title='bbox 888 1651 938 1704; x_wconf 90' lang='lat' dir='ltr'><strong>in</strong></span> <span class='ocrx_word' id='word_1_118' title='bbox 963 1654 1240 1707; x_wconf 77' lang='lat' dir='ltr'><strong>Christum</strong></span> <span class='ocrx_word' id='word_1_119' title='bbox 1262 1653 1534 1719; x_wconf 80' lang='lat' dir='ltr'><strong>crederet,</strong></span> <span class='ocrx_word' id='word_1_120' title='bbox 1566 1652 1722 1723; x_wconf 89' lang='lat' dir='ltr'><strong>quasi</strong></span> <span class='ocrx_word' id='word_1_121' title='bbox 1751 1653 1971 1708; x_wconf 67' lang='lat' dir='ltr'><strong>Judaeus</strong></span> <span class='ocrx_word' id='word_1_122' title='bbox 1995 1653 2161 1707; x_wconf 89' lang='lat' dir='ltr'><strong>habe-</strong></span> 
     </span>
    </p>
   </div>
   <div class='ocr_carea' id='block_1_18' title="bbox 2265 441 3846 514">
    <p class='ocr_par' dir='ltr' id='par_1_18' title="bbox 2265 441 3846 514">
     <span class='ocr_line' id='line_1_18' title="bbox 2265 441 3846 514; baseline 0.001 -19"><span class='ocrx_word' id='word_1_123' title='bbox 2265 449 2412 512; x_wconf 91' lang='lat' dir='ltr'><strong>ptum</strong></span> <span class='ocrx_word' id='word_1_124' title='bbox 2444 441 2606 514; x_wconf 70' lang='lat'><strong>532</strong></span> <span class='ocrx_word' id='word_1_125' title='bbox 2631 443 2681 497; x_wconf 92' lang='lat' dir='ltr'><strong>in</strong></span> <span class='ocrx_word' id='word_1_126' title='bbox 2712 443 2945 507; x_wconf 79' lang='lat' dir='ltr'><strong>calculo,</strong></span> <span class='ocrx_word' id='word_1_127' title='bbox 2975 442 3120 510; x_wconf 85' lang='lat' dir='ltr'><strong>quod</strong></span> <span class='ocrx_word' id='word_1_128' title='bbox 3153 458 3316 498; x_wconf 90' lang='lat' dir='ltr'><strong>nemo</strong></span> <span class='ocrx_word' id='word_1_129' title='bbox 3343 442 3492 498; x_wconf 84' lang='lat' dir='ltr'><strong>novit</strong></span> <span class='ocrx_word' id='word_1_130' title='bbox 3520 443 3621 497; x_wconf 86' lang='lat' dir='ltr'><strong>nisi</strong></span> <span class='ocrx_word' id='word_1_131' title='bbox 3649 444 3739 513; x_wconf 90' lang='lat' dir='ltr'><strong>qui</strong></span> <span class='ocrx_word' id='word_1_132' title='bbox 3767 456 3846 496; x_wconf 85' lang='lat' dir='ltr'><strong>ac-</strong></span> 
     </span>
    </p>
   </div>
   <div class='ocr_carea' id='block_1_19' title="bbox 2259 534 3844 606">
    <p class='ocr_par' dir='ltr' id='par_1_19' title="bbox 2259 534 3844 606">
     <span class='ocr_line' id='line_1_19' title="bbox 2259 534 3844 606; baseline 0.002 -18"><span class='ocrx_word' id='word_1_133' title='bbox 2259 537 2467 604; x_wconf 87' lang='lat' dir='ltr'><strong>ceperit</strong></span> <span class='ocrx_word' id='word_1_134' title='bbox 2497 535 2654 589; x_wconf 91' lang='lat' dir='ltr'><strong>illud.</strong></span> <span class='ocrx_word' id='word_1_135' title='bbox 2678 535 2954 601; x_wconf 81' lang='lat' dir='ltr'><strong>Quaeritur</strong></span> <span class='ocrx_word' id='word_1_136' title='bbox 2984 535 3260 606; x_wconf 90' lang='lat' dir='ltr'><strong>quomodo</strong></span> <span class='ocrx_word' id='word_1_137' title='bbox 3287 550 3431 589; x_wconf 90' lang='lat' dir='ltr'><strong>nunc</strong></span> <span class='ocrx_word' id='word_1_138' title='bbox 3453 534 3652 590; x_wconf 85' lang='lat' dir='ltr'><strong>Paulus</strong></span> <span class='ocrx_word' id='word_1_139' title='bbox 3677 535 3844 591; x_wconf 81' lang='lat' dir='ltr'><strong>dicat:</strong></span> 
     </span>
    </p>
   </div>
   <div class='ocr_carea' id='block_1_20' title="bbox 2262 626 3847 698">
    <p class='ocr_par' dir='ltr' id='par_1_20' title="bbox 2262 626 3847 698">
     <span class='ocr_line' id='line_1_20' title="bbox 2262 626 3847 698; baseline 0.001 -18"><span class='ocrx_word' id='word_1_140' title='bbox 2262 626 2398 681; x_wconf 74' lang='lat' dir='ltr'><strong>Mihi</strong></span> <span class='ocrx_word' id='word_1_141' title='bbox 2435 639 2609 682; x_wconf 86' lang='lat' dir='ltr'><strong>autent</strong></span> <span class='ocrx_word' id='word_1_142' title='bbox 2647 628 2779 683; x_wconf 87' lang='lat' dir='ltr'><strong>absit</strong></span> <span class='ocrx_word' id='word_1_143' title='bbox 2804 626 3048 698; x_wconf 89' lang='lat' dir='ltr'><strong>gloriari,</strong></span> <span class='ocrx_word' id='word_1_144' title='bbox 3083 629 3184 682; x_wconf 88' lang='lat' dir='ltr'><strong>nisi</strong></span> <span class='ocrx_word' id='word_1_145' title='bbox 3209 631 3261 682; x_wconf 88' lang='lat' dir='ltr'><strong>in</strong></span> <span class='ocrx_word' id='word_1_146' title='bbox 3294 644 3445 684; x_wconf 90' lang='lat' dir='ltr'><strong>cruce</strong></span> <span class='ocrx_word' id='word_1_147' title='bbox 3472 627 3682 682; x_wconf 88' lang='lat' dir='ltr'><strong>Domini</strong></span> <span class='ocrx_word' id='word_1_148' title='bbox 3700 631 3847 684; x_wconf 88' lang='lat' dir='ltr'><strong>nostri</strong></span> 
     </span>
    </p>
   </div>
   <div class='ocr_carea' id='block_1_21' title="bbox 2258 717 3848 790">
    <p class='ocr_par' dir='ltr' id='par_1_21' title="bbox 2258 717 3848 790">
     <span class='ocr_line' id='line_1_21' title="bbox 2258 717 3848 790; baseline 0.001 -16"><span class='ocrx_word' id='word_1_149' title='bbox 2258 717 2388 774; x_wconf 86' lang='lat' dir='ltr'><strong>Jesu</strong></span> <span class='ocrx_word' id='word_1_150' title='bbox 2414 719 2631 783; x_wconf 86' lang='lat' dir='ltr'><strong>Christi,</strong></span> <span class='ocrx_word' id='word_1_151' title='bbox 2661 738 2786 776; x_wconf 89' lang='lat' dir='ltr'><strong>cum</strong></span> <span class='ocrx_word' id='word_1_152' title='bbox 2820 721 2875 776; x_wconf 91' lang='lat' dir='ltr'><strong>in</strong></span> <span class='ocrx_word' id='word_1_153' title='bbox 2918 722 3028 777; x_wconf 87' lang='lat' dir='ltr'><strong>alio</strong></span> <span class='ocrx_word' id='word_1_154' title='bbox 3055 722 3178 777; x_wconf 91' lang='lat' dir='ltr'><strong>loco</strong></span> <span class='ocrx_word' id='word_1_155' title='bbox 3221 723 3291 776; x_wconf 90' lang='lat' dir='ltr'><strong>de</strong></span> <span class='ocrx_word' id='word_1_156' title='bbox 3331 723 3459 777; x_wconf 87' lang='lat' dir='ltr'><strong>aliis</strong></span> <span class='ocrx_word' id='word_1_157' title='bbox 3485 723 3771 790; x_wconf 74' lang='lat' dir='ltr'><strong>glorietur,</strong></span> <span class='ocrx_word' id='word_1_158' title='bbox 3797 733 3848 776; x_wconf 91' lang='lat' dir='ltr'><strong>ut</strong></span> 
     </span>
    </p>
   </div>
   <div class='ocr_carea' id='block_1_22' title="bbox 2263 812 3849 887">
    <p class='ocr_par' dir='ltr' id='par_1_22' title="bbox 2263 812 3849 887">
     <span class='ocr_line' id='line_1_22' title="bbox 2263 812 3849 887; baseline 0.001 -19"><span class='ocrx_word' id='word_1_159' title='bbox 2263 813 2336 868; x_wconf 90' lang='lat' dir='ltr'><strong>ibi</strong></span> <span class='ocrx_word' id='word_1_160' title='bbox 2370 823 2392 851; x_wconf 77' lang='grc' dir='ltr'><strong><em>ο</em></strong></span> <span class='ocrx_word' id='word_1_161' title='bbox 2423 813 2502 867; x_wconf 85' lang='lat' dir='ltr'><strong>ait</strong></span> <span class='ocrx_word' id='word_1_162' title='bbox 2533 831 2547 866; x_wconf 92' lang='lat'><strong>:</strong></span> <span class='ocrx_word' id='word_1_163' title='bbox 2577 812 2682 868; x_wconf 88' lang='lat' dir='ltr'><strong>Per</strong></span> <span class='ocrx_word' id='word_1_164' title='bbox 2708 822 2929 868; x_wconf 83' lang='lat' dir='ltr'><strong>vestram</strong></span> <span class='ocrx_word' id='word_1_165' title='bbox 2961 813 3204 887; x_wconf 85' lang='lat' dir='ltr'><strong>gloriam,</strong></span> <span class='ocrx_word' id='word_1_166' title='bbox 3237 830 3389 880; x_wconf 85' lang='lat' dir='ltr'><strong>quam</strong></span> <span class='ocrx_word' id='word_1_167' title='bbox 3408 813 3570 869; x_wconf 90' lang='lat' dir='ltr'><strong>habeo</strong></span> <span class='ocrx_word' id='word_1_168' title='bbox 3599 813 3849 870; x_wconf 85' lang='lat' dir='ltr'><strong>inChristo</strong></span> 
     </span>
    </p>
   </div>
   <div class='ocr_carea' id='block_1_23' title="bbox 2259 904 3848 979">
    <p class='ocr_par' dir='ltr' id='par_1_23' title="bbox 2259 904 3848 979">
     <span class='ocr_line' id='line_1_23' title="bbox 2259 904 3848 979; baseline -0.003 -17"><span class='ocrx_word' id='word_1_169' title='bbox 2259 904 2384 962; x_wconf 78' lang='lat' dir='ltr'><strong>Jesu</strong></span> <span class='ocrx_word' id='word_1_170' title='bbox 2419 906 2464 978; x_wconf 89' lang='lat' dir='ltr'><strong>(l</strong></span> <span class='ocrx_word' id='word_1_171' title='bbox 2505 905 2628 960; x_wconf 87' lang='lat' dir='ltr'><strong>Cor.</strong></span> <span class='ocrx_word' id='word_1_172' title='bbox 2665 922 2755 974; x_wconf 87' lang='lat' dir='ltr'><strong>xv,</strong></span> <span class='ocrx_word' id='word_1_173' title='bbox 2795 906 2915 976; x_wconf 76' lang='grc'><strong>51).</strong></span> <span class='ocrx_word' id='word_1_174' title='bbox 2949 907 3018 961; x_wconf 84' lang='grc' dir='ltr'>Ει</span> <span class='ocrx_word' id='word_1_175' title='bbox 3067 908 3262 960; x_wconf 90' lang='lat' dir='ltr'><strong>iterum</strong></span> <span class='ocrx_word' id='word_1_176' title='bbox 3297 925 3309 961; x_wconf 92' lang='lat'><strong>:</strong></span> <span class='ocrx_word' id='word_1_177' title='bbox 3342 905 3581 960; x_wconf 81' lang='lat' dir='ltr'><strong>Libenter</strong></span> <span class='ocrx_word' id='word_1_178' title='bbox 3608 906 3848 979; x_wconf 83' lang='lat' dir='ltr'><strong>gloriabor</strong></span> 
     </span>
    </p>
   </div>
   <div class='ocr_carea' id='block_1_24' title="bbox 2261 998 3850 1069">
    <p class='ocr_par' dir='ltr' id='par_1_24' title="bbox 2261 998 3850 1069">
     <span class='ocr_line' id='line_1_24' title="bbox 2261 998 3850 1069; baseline -0.001 -15"><span class='ocrx_word' id='word_1_179' title='bbox 2261 1001 2316 1054; x_wconf 88' lang='lat' dir='ltr'><strong>in</strong></span> <span class='ocrx_word' id='word_1_180' title='bbox 2342 999 2738 1069; x_wconf 84' lang='lat' dir='ltr'><strong>inﬁrmitatibus</strong></span> <span class='ocrx_word' id='word_1_181' title='bbox 2765 1001 2916 1067; x_wconf 85' lang='lat' dir='ltr'><strong>meis,</strong></span> <span class='ocrx_word' id='word_1_182' title='bbox 2948 1010 3007 1053; x_wconf 90' lang='lat' dir='ltr'><strong>ut</strong></span> <span class='ocrx_word' id='word_1_183' title='bbox 3035 1000 3284 1053; x_wconf 80' lang='lat' dir='ltr'><strong>intrabile!</strong></span> <span class='ocrx_word' id='word_1_184' title='bbox 3312 1001 3365 1052; x_wconf 87' lang='lat' dir='ltr'><strong>in</strong></span> <span class='ocrx_word' id='word_1_185' title='bbox 3393 1016 3472 1054; x_wconf 89' lang='lat' dir='ltr'><strong>me</strong></span> <span class='ocrx_word' id='word_1_186' title='bbox 3491 1000 3649 1054; x_wconf 80' lang='lat' dir='ltr'><strong>virtus</strong></span> <span class='ocrx_word' id='word_1_187' title='bbox 3676 998 3850 1054; x_wconf 86' lang='lat' dir='ltr'><strong>Christi</strong></span> 
     </span>
    </p>
   </div>
   <div class='ocr_carea' id='block_1_25' title="bbox 2261 1093 3851 1166">
    <p class='ocr_par' dir='ltr' id='par_1_25' title="bbox 2261 1093 3851 1166">
     <span class='ocr_line' id='line_1_25' title="bbox 2261 1093 3851 1166; baseline -0.001 -18"><span class='ocrx_word' id='word_1_188' title='bbox 2261 1093 2331 1162; x_wconf 76' lang='lat' dir='ltr'><strong>(ll</strong></span> <span class='ocrx_word' id='word_1_189' title='bbox 2362 1095 2482 1148; x_wconf 79' lang='lat' dir='ltr'><strong>Cor.</strong></span> <span class='ocrx_word' id='word_1_190' title='bbox 2528 1109 2628 1158; x_wconf 89' lang='lat' dir='ltr'><strong>xu,</strong></span> <span class='ocrx_word' id='word_1_191' title='bbox 2674 1094 2753 1166; x_wconf 91' lang='lat'><strong>9).</strong></span> <span class='ocrx_word' id='word_1_192' title='bbox 2781 1099 2847 1149; x_wconf 64' lang='lat' dir='ltr'><strong>ist</strong></span> <span class='ocrx_word' id='word_1_193' title='bbox 2871 1094 2926 1149; x_wconf 91' lang='lat' dir='ltr'><strong>in</strong></span> <span class='ocrx_word' id='word_1_194' title='bbox 2957 1095 3070 1148; x_wconf 90' lang='lat' dir='ltr'><strong>alio</strong></span> <span class='ocrx_word' id='word_1_195' title='bbox 3101 1095 3228 1149; x_wconf 92' lang='lat' dir='ltr'><strong>loco</strong></span> <span class='ocrx_word' id='word_1_196' title='bbox 3263 1113 3275 1146; x_wconf 91' lang='lat'>:</span> <span class='ocrx_word' id='word_1_197' title='bbox 3308 1093 3512 1148; x_wconf 87' lang='lat' dir='ltr'><strong>Bonum</strong></span> <span class='ocrx_word' id='word_1_198' title='bbox 3541 1103 3710 1149; x_wconf 87' lang='lat' dir='ltr'><strong>autem</strong></span> <span class='ocrx_word' id='word_1_199' title='bbox 3738 1096 3851 1147; x_wconf 85' lang='lat' dir='ltr'><strong>mihi</strong></span> 
     </span>
    </p>
   </div>
   <div class='ocr_carea' id='block_1_26' title="bbox 2262 1186 3852 1257">
    <p class='ocr_par' dir='ltr' id='par_1_26' title="bbox 2262 1186 3852 1257">
     <span class='ocr_line' id='line_1_26' title="bbox 2262 1186 3852 1257; baseline -0.001 -19"><span class='ocrx_word' id='word_1_200' title='bbox 2262 1194 2338 1238; x_wconf 89' lang='lat' dir='ltr'><strong>est</strong></span> <span class='ocrx_word' id='word_1_201' title='bbox 2380 1186 2545 1256; x_wconf 90' lang='lat' dir='ltr'><strong>magis</strong></span> <span class='ocrx_word' id='word_1_202' title='bbox 2571 1186 2724 1250; x_wconf 86' lang='lat' dir='ltr'><strong>mori,</strong></span> <span class='ocrx_word' id='word_1_203' title='bbox 2765 1202 2923 1256; x_wconf 92' lang='lat' dir='ltr'><strong>quam</strong></span> <span class='ocrx_word' id='word_1_204' title='bbox 2970 1194 3025 1239; x_wconf 89' lang='lat' dir='ltr'><strong>ut</strong></span> <span class='ocrx_word' id='word_1_205' title='bbox 3080 1186 3302 1255; x_wconf 84' lang='lat' dir='ltr'><strong>gloriam</strong></span> <span class='ocrx_word' id='word_1_206' title='bbox 3331 1201 3495 1239; x_wconf 83' lang='lat' dir='ltr'><strong>meam</strong></span> <span class='ocrx_word' id='word_1_207' title='bbox 3521 1187 3637 1257; x_wconf 89' lang='lat' dir='ltr'><strong>quis</strong></span> <span class='ocrx_word' id='word_1_208' title='bbox 3665 1194 3852 1239; x_wconf 73' lang='lat' dir='ltr'><strong>ceacuet</strong></span> 
     </span>
    </p>
   </div>
   <div class='ocr_carea' id='block_1_27' title="bbox 2265 1275 3851 1350">
    <p class='ocr_par' dir='ltr' id='par_1_27' title="bbox 2265 1275 3851 1350">
     <span class='ocr_line' id='line_1_27' title="bbox 2265 1275 3851 1350; baseline 0.001 -22"><span class='ocrx_word' id='word_1_209' title='bbox 2265 1277 2308 1350; x_wconf 95' lang='lat' dir='ltr'><strong>(l</strong></span> <span class='ocrx_word' id='word_1_210' title='bbox 2327 1278 2449 1332; x_wconf 86' lang='lat' dir='ltr'><strong>Cor.</strong></span> <span class='ocrx_word' id='word_1_211' title='bbox 2475 1294 2546 1341; x_wconf 89' lang='lat' dir='ltr'><strong>tx,</strong></span> <span class='ocrx_word' id='word_1_212' title='bbox 2580 1275 2696 1348; x_wconf 74' lang='grc'><strong>15),</strong></span> <span class='ocrx_word' id='word_1_213' title='bbox 2719 1287 2774 1331; x_wconf 90' lang='lat' dir='ltr'><strong>et</strong></span> <span class='ocrx_word' id='word_1_214' title='bbox 2797 1288 2996 1332; x_wconf 63' lang='lat' dir='ltr'><strong>caetera</strong></span> <span class='ocrx_word' id='word_1_215' title='bbox 3026 1293 3148 1347; x_wconf 64' lang='lat' dir='ltr'><strong>qua:</strong></span> <span class='ocrx_word' id='word_1_216' title='bbox 3180 1275 3233 1331; x_wconf 88' lang='lat' dir='ltr'><strong>in</strong></span> <span class='ocrx_word' id='word_1_217' title='bbox 3261 1277 3405 1331; x_wconf 87' lang='lat' dir='ltr'><strong>hunc</strong></span> <span class='ocrx_word' id='word_1_218' title='bbox 3431 1277 3650 1332; x_wconf 90' lang='lat' dir='ltr'><strong>modum</strong></span> <span class='ocrx_word' id='word_1_219' title='bbox 3667 1277 3851 1346; x_wconf 87' lang='lat' dir='ltr'><strong>scripta</strong></span> 
     </span>
    </p>
   </div>
   <div class='ocr_carea' id='block_1_28' title="bbox 2263 1368 3854 1440">
    <p class='ocr_par' dir='ltr' id='par_1_28' title="bbox 2263 1368 3854 1440">
     <span class='ocr_line' id='line_1_28' title="bbox 2263 1368 3854 1440; baseline -0.001 -18"><span class='ocrx_word' id='word_1_220' title='bbox 2263 1380 2410 1423; x_wconf 87' lang='lat' dir='ltr'><strong>sunt.</strong></span> <span class='ocrx_word' id='word_1_221' title='bbox 2443 1369 2550 1425; x_wconf 86' lang='lat' dir='ltr'><strong>Sed</strong></span> <span class='ocrx_word' id='word_1_222' title='bbox 2574 1370 2862 1423; x_wconf 81' lang='lat' dir='ltr'><strong>sciendum</strong></span> <span class='ocrx_word' id='word_1_223' title='bbox 2887 1369 3030 1436; x_wconf 77' lang='grc' dir='ltr'>σμιοό</span> <span class='ocrx_word' id='word_1_224' title='bbox 3059 1369 3239 1424; x_wconf 91' lang='lat' dir='ltr'><strong>omnis</strong></span> <span class='ocrx_word' id='word_1_225' title='bbox 3262 1368 3351 1422; x_wconf 88' lang='lat' dir='ltr'><strong>illa</strong></span> <span class='ocrx_word' id='word_1_226' title='bbox 3374 1369 3628 1440; x_wconf 80' lang='lat' dir='ltr'><strong>gloriatio</strong></span> <span class='ocrx_word' id='word_1_227' title='bbox 3651 1369 3715 1424; x_wconf 82' lang='lat' dir='ltr'><strong>ad</strong></span> <span class='ocrx_word' id='word_1_228' title='bbox 3741 1384 3854 1423; x_wconf 89' lang='lat' dir='ltr'><strong>cru-</strong></span> 
     </span>
    </p>
   </div>
   <div class='ocr_carea' id='block_1_29' title="bbox 2264 1461 3854 1532">
    <p class='ocr_par' dir='ltr' id='par_1_29' title="bbox 2264 1461 3854 1532">
     <span class='ocr_line' id='line_1_29' title="bbox 2264 1461 3854 1532; baseline -0.001 -16"><span class='ocrx_word' id='word_1_229' title='bbox 2264 1474 2382 1516; x_wconf 89' lang='lat' dir='ltr'><strong>cem</strong></span> <span class='ocrx_word' id='word_1_230' title='bbox 2415 1462 2611 1527; x_wconf 85' lang='lat' dir='ltr'><strong>relata,</strong></span> <span class='ocrx_word' id='word_1_231' title='bbox 2644 1464 2751 1532; x_wconf 82' lang='lat' dir='ltr'><strong>gloi</strong></span> <span class='ocrx_word' id='word_1_232' title='bbox 2771 1463 2814 1514; x_wconf 84' lang='lat' dir='ltr'><strong>in</strong></span> <span class='ocrx_word' id='word_1_233' title='bbox 2848 1480 2895 1514; x_wconf 81' lang='lat' dir='ltr'><strong>ci</strong></span> <span class='ocrx_word' id='word_1_234' title='bbox 2916 1462 3028 1513; x_wconf 52' lang='lat' dir='ltr'><strong>tuis</strong></span> <span class='ocrx_word' id='word_1_235' title='bbox 3053 1463 3124 1513; x_wconf 89' lang='lat' dir='ltr'><strong>sit</strong></span> <span class='ocrx_word' id='word_1_236' title='bbox 3154 1478 3168 1513; x_wconf 88' lang='lat'><strong>:</strong></span> <span class='ocrx_word' id='word_1_237' title='bbox 3201 1473 3253 1516; x_wconf 90' lang='lat' dir='ltr'><strong>et</strong></span> <span class='ocrx_word' id='word_1_238' title='bbox 3275 1461 3537 1531; x_wconf 84' lang='lat' dir='ltr'><strong>quidquid</strong></span> <span class='ocrx_word' id='word_1_239' title='bbox 3561 1463 3774 1531; x_wconf 89' lang='lat' dir='ltr'><strong>dignum</strong></span> <span class='ocrx_word' id='word_1_240' title='bbox 3806 1462 3854 1515; x_wconf 89' lang='lat' dir='ltr'><strong>in</strong></span> 
     </span>
    </p>
   </div>
   <div class='ocr_carea' id='block_1_30' title="bbox 2263 1552 3857 1625">
    <p class='ocr_par' dir='ltr' id='par_1_30' title="bbox 2263 1552 3857 1625">
     <span class='ocr_line' id='line_1_30' title="bbox 2263 1552 3857 1625; baseline 0 -17"><span class='ocrx_word' id='word_1_241' title='bbox 2263 1553 2564 1609; x_wconf 77' lang='lat' dir='ltr'><strong>virtutibus</strong></span> <span class='ocrx_word' id='word_1_242' title='bbox 2593 1565 2963 1625; x_wconf 79' lang='lat' dir='ltr'><strong>pcrpetratur,</strong></span> <span class='ocrx_word' id='word_1_243' title='bbox 3011 1556 3116 1607; x_wconf 86' lang='lat' dir='ltr'><strong>huc</strong></span> <span class='ocrx_word' id='word_1_244' title='bbox 3158 1552 3275 1608; x_wconf 83' lang='lat' dir='ltr'><strong>ﬁeri</strong></span> <span class='ocrx_word' id='word_1_245' title='bbox 3321 1553 3394 1608; x_wconf 87' lang='lat' dir='ltr'><strong>ob</strong></span> <span class='ocrx_word' id='word_1_246' title='bbox 3423 1553 3631 1608; x_wconf 89' lang='lat' dir='ltr'><strong>Domini</strong></span> <span class='ocrx_word' id='word_1_247' title='bbox 3659 1554 3857 1624; x_wconf 80' lang='lat' dir='ltr'><strong>passio-</strong></span> 
     </span>
    </p>
   </div>
   <div class='ocr_carea' id='block_1_31' title="bbox 2266 1661 2416 1702">
    <p class='ocr_par' dir='ltr' id='par_1_31' title="bbox 2266 1661 2416 1702">
     <span class='ocr_line' id='line_1_31' title="bbox 2266 1661 2416 1702; baseline -0.013 0"><span class='ocrx_word' id='word_1_248' title='bbox 2266 1661 2388 1702; x_wconf 89' lang='lat' dir='ltr'><strong>nem</strong></span> <span class='ocrx_word' id='word_1_249' title='bbox 2400 1685 2416 1700; x_wconf 83' lang='lat'><strong><em>.</em></strong></span> 
     </span>
    </p>
   </div>
   <div class='ocr_carea' id='block_1_32' title="bbox 559 1735 3859 1815">
    <p class='ocr_par' dir='ltr' id='par_1_32' title="bbox 559 1735 3859 1815">
     <span class='ocr_line' id='line_1_32' title="bbox 559 1735 3859 1815; baseline -0.001 -19"><span class='ocrx_word' id='word_1_250' title='bbox 559 1743 720 1796; x_wconf 87' lang='lat' dir='ltr'><strong>batur</strong></span> <span class='ocrx_word' id='word_1_251' title='bbox 749 1759 778 1796; x_wconf 92' lang='lat' dir='ltr'><strong>a</strong></span> <span class='ocrx_word' id='word_1_252' title='bbox 812 1742 1097 1798; x_wconf 80' lang='lat' dir='ltr'><strong>Gentibus.</strong></span> <span class='ocrx_word' id='word_1_253' title='bbox 1133 1745 1236 1812; x_wconf 88' lang='lat' dir='ltr'><strong>Qui</strong></span> <span class='ocrx_word' id='word_1_254' title='bbox 1267 1760 1394 1799; x_wconf 86' lang='lat' dir='ltr'><strong>vero</strong></span> <span class='ocrx_word' id='word_1_255' title='bbox 1421 1745 1628 1815; x_wconf 85' lang='lat' dir='ltr'><strong>absque</strong></span> <span class='ocrx_word' id='word_1_256' title='bbox 1655 1746 2074 1802; x_wconf 87' lang='lat' dir='ltr'><strong>circumcisione</strong></span> <span class='ocrx_word' id='word_1_257' title='bbox 2103 1759 2162 1801; x_wconf 89' lang='lat' dir='ltr'><strong>se</strong></span> <span class='ocrx_word' id='word_1_258' title='bbox 2190 1735 2245 1800; x_wconf 80' lang='grc' dir='ltr'>Β</span> <span class='ocrx_word' id='word_1_259' title='bbox 2340 1741 2526 1813; x_wconf 85' lang='lat' dir='ltr'><strong>(Vcrs.</strong></span> <span class='ocrx_word' id='word_1_260' title='bbox 2560 1741 2672 1812; x_wconf 79' lang='grc'><strong>15.)</strong></span> <span class='ocrx_word' id='word_1_261' title='bbox 2709 1741 2894 1814; x_wconf 85' lang='lat' dir='ltr'><strong>Neque</strong></span> <span class='ocrx_word' id='word_1_262' title='bbox 2916 1743 3051 1795; x_wconf 78' lang='lat' dir='ltr'><strong>enim</strong></span> <span class='ocrx_word' id='word_1_263' title='bbox 3074 1740 3400 1796; x_wconf 74' lang='lat' dir='ltr'><strong>circumcisio</strong></span> <span class='ocrx_word' id='word_1_264' title='bbox 3427 1739 3630 1810; x_wconf 87' lang='lat' dir='ltr'><strong>aliquid</strong></span> <span class='ocrx_word' id='word_1_265' title='bbox 3660 1747 3752 1804; x_wconf 87' lang='lat' dir='ltr'><strong>est,</strong></span> <span class='ocrx_word' id='word_1_266' title='bbox 3775 1757 3859 1794; x_wconf 88' lang='lat' dir='ltr'><strong>ne-</strong></span> 
     </span>
    </p>
   </div>
   <div class='ocr_carea' id='block_1_33' title="bbox 557 1837 2158 1909">
    <p class='ocr_par' dir='ltr' id='par_1_33' title="bbox 557 1837 2158 1909">
     <span class='ocr_line' id='line_1_33' title="bbox 557 1837 2158 1909; baseline 0.001 -17"><span class='ocrx_word' id='word_1_267' title='bbox 557 1852 667 1892; x_wconf 86' lang='lat' dir='ltr'><strong>uon</strong></span> <span class='ocrx_word' id='word_1_268' title='bbox 699 1852 822 1892; x_wconf 88' lang='lat' dir='ltr'><strong>esse</strong></span> <span class='ocrx_word' id='word_1_269' title='bbox 849 1837 1097 1893; x_wconf 72' lang='lat' dir='ltr'><strong>Judaeum</strong></span> <span class='ocrx_word' id='word_1_270' title='bbox 1142 1841 1409 1908; x_wconf 75' lang='lat' dir='ltr'><strong>prmputio</strong></span> <span class='ocrx_word' id='word_1_271' title='bbox 1443 1840 1788 1908; x_wconf 69' lang='lat' dir='ltr'><strong>praeferebat,</strong></span> <span class='ocrx_word' id='word_1_272' title='bbox 1821 1841 2158 1909; x_wconf 62' lang='lat' dir='ltr'><strong>persecutio-</strong></span> 
     </span>
    </p>
   </div>
   <div class='ocr_carea' id='block_1_34' title="bbox 554 1928 2174 2001">
    <p class='ocr_par' dir='ltr' id='par_1_34' title="bbox 554 1928 2174 2001">
     <span class='ocr_line' id='line_1_34' title="bbox 554 1928 2174 2001; baseline 0 -17"><span class='ocrx_word' id='word_1_273' title='bbox 554 1928 718 1984; x_wconf 87' lang='lat' dir='ltr'><strong>nibus</strong></span> <span class='ocrx_word' id='word_1_274' title='bbox 761 1939 868 1983; x_wconf 89' lang='lat' dir='ltr'><strong>tam</strong></span> <span class='ocrx_word' id='word_1_275' title='bbox 902 1930 1221 1995; x_wconf 86' lang='lat' dir='ltr'><strong>Gentilium,</strong></span> <span class='ocrx_word' id='word_1_276' title='bbox 1253 1947 1414 2001; x_wconf 90' lang='lat' dir='ltr'><strong>quam</strong></span> <span class='ocrx_word' id='word_1_277' title='bbox 1444 1931 1784 1999; x_wconf 62' lang='lat' dir='ltr'><strong>Judaiorum,</strong></span> <span class='ocrx_word' id='word_1_278' title='bbox 1843 1933 2008 1987; x_wconf 87' lang='lat' dir='ltr'><strong>liebat</strong></span> <span class='ocrx_word' id='word_1_279' title='bbox 2058 1931 2174 1984; x_wconf 76' lang='lat' dir='ltr'><strong>ob--</strong></span> 
     </span>
    </p>
   </div>
   <div class='ocr_carea' id='block_1_35' title="bbox 557 2021 2163 2094">
    <p class='ocr_par' dir='ltr' id='par_1_35' title="bbox 557 2021 2163 2094">
     <span class='ocr_line' id='line_1_35' title="bbox 557 2021 2163 2094; baseline 0 -16"><span class='ocrx_word' id='word_1_280' title='bbox 557 2023 777 2078; x_wconf 80' lang='lat' dir='ltr'><strong>noxius.</strong></span> <span class='ocrx_word' id='word_1_281' title='bbox 811 2024 915 2076; x_wconf 88' lang='lat' dir='ltr'><strong>llas</strong></span> <span class='ocrx_word' id='word_1_282' title='bbox 945 2021 1106 2091; x_wconf 83' lang='lat' dir='ltr'><strong>igitur</strong></span> <span class='ocrx_word' id='word_1_283' title='bbox 1132 2025 1544 2090; x_wconf 83' lang='lat' dir='ltr'><strong>persecutiones</strong></span> <span class='ocrx_word' id='word_1_284' title='bbox 1579 2024 1630 2076; x_wconf 91' lang='lat' dir='ltr'><strong>hi</strong></span> <span class='ocrx_word' id='word_1_285' title='bbox 1672 2025 1762 2094; x_wconf 91' lang='lat' dir='ltr'><strong>qui</strong></span> <span class='ocrx_word' id='word_1_286' title='bbox 1809 2023 2029 2080; x_wconf 82' lang='lat' dir='ltr'><strong>Galatas</strong></span> <span class='ocrx_word' id='word_1_287' title='bbox 2065 2023 2163 2078; x_wconf 89' lang='lat' dir='ltr'><strong>de-</strong></span> 
     </span>
    </p>
   </div>
   <div class='ocr_carea' id='block_1_36' title="bbox 559 2117 2161 2188">
    <p class='ocr_par' dir='ltr' id='par_1_36' title="bbox 559 2117 2161 2188">
     <span class='ocr_line' id='line_1_36' title="bbox 559 2117 2161 2188; baseline 0.001 -17"><span class='ocrx_word' id='word_1_288' title='bbox 559 2127 920 2188; x_wconf 80' lang='lat' dir='ltr'><strong>pravavcrant</strong></span> <span class='ocrx_word' id='word_1_289' title='bbox 968 2117 1248 2172; x_wconf 70' lang='lat' dir='ltr'><strong>declinare</strong></span> <span class='ocrx_word' id='word_1_290' title='bbox 1305 2117 1624 2185; x_wconf 88' lang='lat' dir='ltr'><strong>cupientes,</strong></span> <span class='ocrx_word' id='word_1_291' title='bbox 1687 2117 2161 2172; x_wconf 82' lang='lat' dir='ltr'><strong>circumcisionem</strong></span> 
     </span>
    </p>
   </div>
   <div class='ocr_carea' id='block_1_37' title="bbox 557 2209 2164 2280">
    <p class='ocr_par' dir='ltr' id='par_1_37' title="bbox 557 2209 2164 2280">
     <span class='ocr_line' id='line_1_37' title="bbox 557 2209 2164 2280; baseline 0.002 -15"><span class='ocrx_word' id='word_1_292' title='bbox 557 2223 664 2280; x_wconf 88' lang='lat' dir='ltr'><strong>pro</strong></span> <span class='ocrx_word' id='word_1_293' title='bbox 693 2209 1014 2264; x_wconf 86' lang='lat' dir='ltr'><strong>defensione</strong></span> <span class='ocrx_word' id='word_1_294' title='bbox 1058 2210 1346 2278; x_wconf 85' lang='lat' dir='ltr'><strong>discipulis</strong></span> <span class='ocrx_word' id='word_1_295' title='bbox 1398 2210 1804 2280; x_wconf 88' lang='lat' dir='ltr'><strong>persuadebant</strong></span> <span class='ocrx_word' id='word_1_296' title='bbox 1827 2227 1988 2279; x_wconf 90' lang='lat' dir='ltr'><strong>quam</strong></span> <span class='ocrx_word' id='word_1_297' title='bbox 2020 2227 2164 2268; x_wconf 88' lang='lat' dir='ltr'><strong>nunc</strong></span> 
     </span>
    </p>
   </div>
   <div class='ocr_carea' id='block_1_38' title="bbox 559 2300 2166 2373">
    <p class='ocr_par' dir='ltr' id='par_1_38' title="bbox 559 2300 2166 2373">
     <span class='ocr_line' id='line_1_38' title="bbox 559 2300 2166 2373; baseline 0.001 -15"><span class='ocrx_word' id='word_1_298' title='bbox 559 2301 856 2370; x_wconf 77' lang='lat' dir='ltr'><strong>Apostolus</strong></span> <span class='ocrx_word' id='word_1_299' title='bbox 883 2300 1274 2356; x_wconf 84' lang='lat' dir='ltr'><strong>confidentiam</strong></span> <span class='ocrx_word' id='word_1_300' title='bbox 1305 2301 1358 2355; x_wconf 91' lang='lat' dir='ltr'><strong>in</strong></span> <span class='ocrx_word' id='word_1_301' title='bbox 1390 2317 1556 2358; x_wconf 90' lang='lat' dir='ltr'><strong>carne</strong></span> <span class='ocrx_word' id='word_1_302' title='bbox 1581 2314 1760 2367; x_wconf 88' lang='lat' dir='ltr'><strong>vocat,</strong></span> <span class='ocrx_word' id='word_1_303' title='bbox 1789 2304 1934 2373; x_wconf 91' lang='lat' dir='ltr'><strong>quod</strong></span> <span class='ocrx_word' id='word_1_304' title='bbox 1958 2304 2166 2360; x_wconf 88' lang='lat' dir='ltr'><strong>scilicet</strong></span> 
     </span>
    </p>
   </div>
   <div class='ocr_carea' id='block_1_39' title="bbox 555 2390 2164 2466">
    <p class='ocr_par' dir='ltr' id='par_1_39' title="bbox 555 2390 2164 2466">
     <span class='ocr_line' id='line_1_39' title="bbox 555 2390 2164 2466; baseline 0.001 -18"><span class='ocrx_word' id='word_1_305' title='bbox 555 2401 670 2448; x_wconf 78' lang='lat' dir='ltr'><strong>tam</strong></span> <span class='ocrx_word' id='word_1_306' title='bbox 693 2391 964 2448; x_wconf 85' lang='lat' dir='ltr'><strong>Gentibus</strong></span> <span class='ocrx_word' id='word_1_307' title='bbox 997 2390 1115 2464; x_wconf 74' lang='grc' dir='ltr'><strong>[Αἰ.</strong></span> <span class='ocrx_word' id='word_1_308' title='bbox 1146 2392 1509 2466; x_wconf 86' lang='lat' dir='ltr'><strong>Gentilibus],</strong></span> <span class='ocrx_word' id='word_1_309' title='bbox 1538 2408 1677 2464; x_wconf 89' lang='lat' dir='ltr'><strong>quos</strong></span> <span class='ocrx_word' id='word_1_310' title='bbox 1697 2395 1983 2462; x_wconf 87' lang='lat' dir='ltr'><strong>timebant,</strong></span> <span class='ocrx_word' id='word_1_311' title='bbox 2003 2411 2164 2464; x_wconf 88' lang='lat' dir='ltr'><strong>quam</strong></span> 
     </span>
    </p>
   </div>
   <div class='ocr_carea' id='block_1_40' title="bbox 560 2481 2165 2553">
    <p class='ocr_par' dir='ltr' id='par_1_40' title="bbox 560 2481 2165 2553">
     <span class='ocr_line' id='line_1_40' title="bbox 560 2481 2165 2553; baseline 0.002 -13"><span class='ocrx_word' id='word_1_312' title='bbox 560 2481 794 2548; x_wconf 73' lang='lat' dir='ltr'><strong>Judazis,</strong></span> <span class='ocrx_word' id='word_1_313' title='bbox 841 2484 936 2551; x_wconf 92' lang='lat' dir='ltr'><strong>qui</strong></span> <span class='ocrx_word' id='word_1_314' title='bbox 989 2485 1250 2540; x_wconf 86' lang='lat' dir='ltr'><strong>volebant</strong></span> <span class='ocrx_word' id='word_1_315' title='bbox 1301 2486 1536 2553; x_wconf 88' lang='lat' dir='ltr'><strong>placere,</strong></span> <span class='ocrx_word' id='word_1_316' title='bbox 1587 2487 2062 2543; x_wconf 88' lang='lat' dir='ltr'><strong>circumcisionem</strong></span> <span class='ocrx_word' id='word_1_317' title='bbox 2113 2489 2165 2543; x_wconf 91' lang='lat' dir='ltr'><strong>in</strong></span> 
     </span>
    </p>
   </div>
   <div class='ocr_carea' id='block_1_41' title="bbox 562 2576 2167 2650">
    <p class='ocr_par' dir='ltr' id='par_1_41' title="bbox 562 2576 2167 2650">
     <span class='ocr_line' id='line_1_41' title="bbox 562 2576 2167 2650; baseline 0.004 -20"><span class='ocrx_word' id='word_1_318' title='bbox 562 2576 953 2646; x_wconf 88' lang='lat' dir='ltr'><strong>persecutione</strong></span> <span class='ocrx_word' id='word_1_319' title='bbox 978 2586 1370 2646; x_wconf 86' lang='lat' dir='ltr'><strong>proponerent.</strong></span> <span class='ocrx_word' id='word_1_320' title='bbox 1399 2577 1535 2632; x_wconf 83' lang='lat' dir='ltr'><strong>Nam</strong></span> <span class='ocrx_word' id='word_1_321' title='bbox 1565 2594 1670 2633; x_wconf 86' lang='lat' dir='ltr'><strong>nec</strong></span> <span class='ocrx_word' id='word_1_322' title='bbox 1697 2579 1873 2634; x_wconf 70' lang='lat' dir='ltr'><strong>Judaei</strong></span> <span class='ocrx_word' id='word_1_323' title='bbox 1911 2582 2167 2650; x_wconf 90' lang='lat' dir='ltr'><strong>persequi</strong></span> 
     </span>
    </p>
   </div>
   <div class='ocr_carea' id='block_1_42' title="bbox 566 2669 2166 2746">
    <p class='ocr_par' dir='ltr' id='par_1_42' title="bbox 566 2669 2166 2746">
     <span class='ocr_line' id='line_1_42' title="bbox 566 2669 2166 2746; baseline 0.006 -26"><span class='ocrx_word' id='word_1_324' title='bbox 566 2680 664 2721; x_wconf 86' lang='lat' dir='ltr'><strong>eos</strong></span> <span class='ocrx_word' id='word_1_325' title='bbox 694 2676 970 2736; x_wconf 83' lang='lat' dir='ltr'><strong>poterant,</strong></span> <span class='ocrx_word' id='word_1_326' title='bbox 1006 2684 1107 2723; x_wconf 90' lang='lat' dir='ltr'><strong>nec</strong></span> <span class='ocrx_word' id='word_1_327' title='bbox 1133 2669 1398 2740; x_wconf 89' lang='lat' dir='ltr'><strong>Gentiles,</strong></span> <span class='ocrx_word' id='word_1_328' title='bbox 1427 2686 1564 2741; x_wconf 89' lang='lat' dir='ltr'><strong>quos</strong></span> <span class='ocrx_word' id='word_1_329' title='bbox 1591 2672 1850 2728; x_wconf 83' lang='lat' dir='ltr'><strong>videbant</strong></span> <span class='ocrx_word' id='word_1_330' title='bbox 1876 2672 1985 2746; x_wconf 81' lang='lat' dir='ltr'><strong>[AL</strong></span> <span class='ocrx_word' id='word_1_331' title='bbox 2017 2673 2166 2729; x_wconf 88' lang='lat' dir='ltr'><strong>vole-</strong></span> 
     </span>
    </p>
   </div>
   <div class='ocr_carea' id='block_1_43' title="bbox 563 2756 2168 2838">
    <p class='ocr_par' dir='ltr' id='par_1_43' title="bbox 563 2756 2168 2838">
     <span class='ocr_line' id='line_1_43' title="bbox 563 2756 2168 2838; baseline 0.007 -26"><span class='ocrx_word' id='word_1_332' title='bbox 563 2756 722 2830; x_wconf 83' lang='lat' dir='ltr'><strong>bant]</strong></span> <span class='ocrx_word' id='word_1_333' title='bbox 749 2770 802 2814; x_wconf 91' lang='lat' dir='ltr'><strong>et</strong></span> <span class='ocrx_word' id='word_1_334' title='bbox 829 2762 1135 2833; x_wconf 89' lang='lat' dir='ltr'><strong>proselytos</strong></span> <span class='ocrx_word' id='word_1_335' title='bbox 1156 2763 1574 2833; x_wconf 90' lang='lat' dir='ltr'><strong>circumcidere,</strong></span> <span class='ocrx_word' id='word_1_336' title='bbox 1601 2775 1654 2820; x_wconf 90' lang='lat' dir='ltr'><strong>et</strong></span> <span class='ocrx_word' id='word_1_337' title='bbox 1678 2764 1828 2835; x_wconf 89' lang='lat' dir='ltr'><strong>ipsos</strong></span> <span class='ocrx_word' id='word_1_338' title='bbox 1849 2765 2010 2837; x_wconf 84' lang='lat' dir='ltr'><strong>Legis</strong></span> <span class='ocrx_word' id='word_1_339' title='bbox 2031 2783 2168 2838; x_wconf 75' lang='lat' dir='ltr'><strong>prte-</strong></span> 
     </span>
    </p>
   </div>
   <div class='ocr_carea' id='block_1_44' title="bbox 565 2859 991 2919">
    <p class='ocr_par' dir='ltr' id='par_1_44' title="bbox 565 2859 991 2919">
     <span class='ocr_line' id='line_1_44' title="bbox 565 2859 991 2919; baseline 0.009 -15"><span class='ocrx_word' id='word_1_340' title='bbox 565 2859 724 2919; x_wconf 90' lang='lat' dir='ltr'><strong>cepta</strong></span> <span class='ocrx_word' id='word_1_341' title='bbox 747 2865 991 2908; x_wconf 89' lang='lat' dir='ltr'><strong>servare.</strong></span> 
     </span>
    </p>
   </div>
   <div class='ocr_carea' id='block_1_45' title="bbox 641 2944 2176 3025">
    <p class='ocr_par' dir='ltr' id='par_1_45' title="bbox 641 2944 2176 3025">
     <span class='ocr_line' id='line_1_45' title="bbox 641 2944 2176 3025; baseline 0.007 -26"><span class='ocrx_word' id='word_1_342' title='bbox 641 2944 828 3015; x_wconf 82' lang='lat' dir='ltr'><strong>Neque</strong></span> <span class='ocrx_word' id='word_1_343' title='bbox 857 2948 991 3000; x_wconf 88' lang='lat' dir='ltr'><strong>enim</strong></span> <span class='ocrx_word' id='word_1_344' title='bbox 1021 2948 1107 3018; x_wconf 87' lang='lat' dir='ltr'><strong>qui</strong></span> <span class='ocrx_word' id='word_1_345' title='bbox 1131 2945 1158 2986; x_wconf 68' lang='grc' dir='ltr'>δ</span> <span class='ocrx_word' id='word_1_346' title='bbox 1203 2949 1491 3005; x_wconf 77' lang='lat' dir='ltr'><strong>circumcisi</strong></span> <span class='ocrx_word' id='word_1_347' title='bbox 1533 2961 1676 3021; x_wconf 87' lang='lat' dir='ltr'><strong>sunt,</strong></span> <span class='ocrx_word' id='word_1_348' title='bbox 1708 2953 1762 3006; x_wconf 86' lang='lat' dir='ltr'><strong>hi</strong></span> <span class='ocrx_word' id='word_1_349' title='bbox 1790 2951 1981 3025; x_wconf 82' lang='lat' dir='ltr'><strong>Legem</strong></span> <span class='ocrx_word' id='word_1_350' title='bbox 2002 2965 2176 3009; x_wconf 56' lang='lat' dir='ltr'><strong>custom</strong></span> 
     </span>
    </p>
   </div>
   <div class='ocr_carea' id='block_1_46' title="bbox 564 3039 2175 3112">
    <p class='ocr_par' dir='ltr' id='par_1_46' title="bbox 564 3039 2175 3112">
     <span class='ocr_line' id='line_1_46' title="bbox 564 3039 2175 3112; baseline 0.006 -19"><span class='ocrx_word' id='word_1_351' title='bbox 564 3039 742 3106; x_wconf 86' lang='lat' dir='ltr'><strong>diunt,</strong></span> <span class='ocrx_word' id='word_1_352' title='bbox 772 3039 863 3093; x_wconf 88' lang='lat' dir='ltr'><strong>sed</strong></span> <span class='ocrx_word' id='word_1_353' title='bbox 903 3041 1078 3095; x_wconf 85' lang='lat' dir='ltr'><strong>volunt</strong></span> <span class='ocrx_word' id='word_1_354' title='bbox 1124 3058 1211 3096; x_wconf 76' lang='lat' dir='ltr'><strong>vos</strong></span> <span class='ocrx_word' id='word_1_355' title='bbox 1239 3043 1559 3112; x_wconf 89' lang='lat' dir='ltr'><strong>circumcidi,</strong></span> <span class='ocrx_word' id='word_1_356' title='bbox 1611 3052 1669 3098; x_wconf 87' lang='lat' dir='ltr'><strong>ut</strong></span> <span class='ocrx_word' id='word_1_357' title='bbox 1713 3046 1768 3102; x_wconf 86' lang='lat' dir='ltr'><strong>in</strong></span> <span class='ocrx_word' id='word_1_358' title='bbox 1817 3065 1972 3104; x_wconf 84' lang='lat' dir='ltr'><strong>carne</strong></span> <span class='ocrx_word' id='word_1_359' title='bbox 2009 3058 2175 3102; x_wconf 79' lang='lat' dir='ltr'><strong>uestra</strong></span> 
     </span>
    </p>
   </div>
   <div class='ocr_carea' id='block_1_47' title="bbox 2265 1833 3856 1908">
    <p class='ocr_par' dir='ltr' id='par_1_47' title="bbox 2265 1833 3856 1908">
     <span class='ocr_line' id='line_1_47' title="bbox 2265 1833 3856 1908; baseline -0.002 -18"><span class='ocrx_word' id='word_1_360' title='bbox 2265 1853 2364 1908; x_wconf 87' lang='lat' dir='ltr'><strong>que</strong></span> <span class='ocrx_word' id='word_1_361' title='bbox 2385 1839 2722 1908; x_wconf 57' lang='lat' dir='ltr'><strong>praeputium,</strong></span> <span class='ocrx_word' id='word_1_362' title='bbox 2749 1837 2840 1890; x_wconf 77' lang='lat' dir='ltr'><strong>sed</strong></span> <span class='ocrx_word' id='word_1_363' title='bbox 2863 1853 2994 1890; x_wconf 86' lang='lat' dir='ltr'><strong>nova</strong></span> <span class='ocrx_word' id='word_1_364' title='bbox 3021 1846 3275 1889; x_wconf 82' lang='lat' dir='ltr'><strong>creatura.</strong></span> <span class='ocrx_word' id='word_1_365' title='bbox 3308 1833 3596 1902; x_wconf 86' lang='lat' dir='ltr'><strong>Quomodo</strong></span> <span class='ocrx_word' id='word_1_366' title='bbox 3619 1833 3790 1889; x_wconf 87' lang='lat' dir='ltr'><strong>lidelis</strong></span> <span class='ocrx_word' id='word_1_367' title='bbox 3809 1844 3856 1889; x_wconf 89' lang='lat' dir='ltr'><strong>et</strong></span> 
     </span>
    </p>
   </div>
   <div class='ocr_carea' id='block_1_48' title="bbox 2269 1924 3854 1997">
    <p class='ocr_par' dir='ltr' id='par_1_48' title="bbox 2269 1924 3854 1997">
     <span class='ocr_line' id='line_1_48' title="bbox 2269 1924 3854 1997; baseline -0.002 -15"><span class='ocrx_word' id='word_1_368' title='bbox 2269 1928 2526 1995; x_wconf 89' lang='lat' dir='ltr'><strong>infidelis,</strong></span> <span class='ocrx_word' id='word_1_369' title='bbox 2553 1943 2678 1984; x_wconf 90' lang='lat' dir='ltr'><strong>cum</strong></span> <span class='ocrx_word' id='word_1_370' title='bbox 2707 1943 2850 1984; x_wconf 87' lang='lat' dir='ltr'><strong>unus</strong></span> <span class='ocrx_word' id='word_1_371' title='bbox 2889 1929 2963 1983; x_wconf 81' lang='lat' dir='ltr'><strong>sit</strong></span> <span class='ocrx_word' id='word_1_372' title='bbox 2995 1944 3092 1997; x_wconf 90' lang='lat' dir='ltr'><strong>per</strong></span> <span class='ocrx_word' id='word_1_373' title='bbox 3121 1925 3506 1988; x_wconf 85' lang='lat' dir='ltr'><strong>substantiam,</strong></span> <span class='ocrx_word' id='word_1_374' title='bbox 3541 1927 3600 1980; x_wconf 87' lang='lat' dir='ltr'><strong>in</strong></span> <span class='ocrx_word' id='word_1_375' title='bbox 3623 1924 3756 1981; x_wconf 88' lang='lat' dir='ltr'><strong>duos</strong></span> <span class='ocrx_word' id='word_1_376' title='bbox 3781 1924 3854 1980; x_wconf 90' lang='lat' dir='ltr'><strong>di-</strong></span> 
     </span>
    </p>
   </div>
   <div class='ocr_carea' id='block_1_49' title="bbox 2267 2021 3860 2093">
    <p class='ocr_par' dir='ltr' id='par_1_49' title="bbox 2267 2021 3860 2093">
     <span class='ocr_line' id='line_1_49' title="bbox 2267 2021 3860 2093; baseline -0.001 -18"><span class='ocrx_word' id='word_1_377' title='bbox 2267 2021 2474 2076; x_wconf 86' lang='lat' dir='ltr'><strong>viditur</strong></span> <span class='ocrx_word' id='word_1_378' title='bbox 2511 2021 2669 2092; x_wconf 81' lang='lat' dir='ltr'><strong>juxta</strong></span> <span class='ocrx_word' id='word_1_379' title='bbox 2725 2022 3098 2093; x_wconf 69' lang='lat' dir='ltr'><strong>intelligentiae</strong></span> <span class='ocrx_word' id='word_1_380' title='bbox 3145 2022 3565 2086; x_wconf 84' lang='lat' dir='ltr'><strong>diversitatem,</strong></span> <span class='ocrx_word' id='word_1_381' title='bbox 3615 2022 3860 2090; x_wconf 83' lang='lat' dir='ltr'><strong>Apostolo</strong></span> 
     </span>
    </p>
   </div>
   <div class='ocr_carea' id='block_1_50' title="bbox 2269 2113 3860 2187">
    <p class='ocr_par' dir='ltr' id='par_1_50' title="bbox 2269 2113 3860 2187">
     <span class='ocr_line' id='line_1_50' title="bbox 2269 2113 3860 2187; baseline -0.001 -19"><span class='ocrx_word' id='word_1_382' title='bbox 2269 2113 2489 2169; x_wconf 88' lang='lat' dir='ltr'><strong>dicente</strong></span> <span class='ocrx_word' id='word_1_383' title='bbox 2520 2129 2539 2168; x_wconf 89' lang='lat'><strong><em>:</em></strong></span> <span class='ocrx_word' id='word_1_384' title='bbox 2561 2114 2932 2187; x_wconf 69' lang='lat' dir='ltr'><strong>Exspoliantes</strong></span> <span class='ocrx_word' id='word_1_385' title='bbox 2957 2132 3044 2170; x_wconf 80' lang='lat' dir='ltr'><strong>vos</strong></span> <span class='ocrx_word' id='word_1_386' title='bbox 3069 2124 3292 2169; x_wconf 80' lang='lat' dir='ltr'><strong>veterem</strong></span> <span class='ocrx_word' id='word_1_387' title='bbox 3319 2113 3586 2168; x_wconf 80' lang='lat' dir='ltr'><strong>hominem</strong></span> <span class='ocrx_word' id='word_1_388' title='bbox 3609 2130 3725 2168; x_wconf 88' lang='lat' dir='ltr'><strong>cum</strong></span> <span class='ocrx_word' id='word_1_389' title='bbox 3748 2129 3860 2185; x_wconf 83' lang='lat' dir='ltr'><strong>ope-</strong></span> 
     </span>
    </p>
   </div>
   <div class='ocr_carea' id='block_1_51' title="bbox 2270 2208 3863 2279">
    <p class='ocr_par' dir='ltr' id='par_1_51' title="bbox 2270 2208 3863 2279">
     <span class='ocr_line' id='line_1_51' title="bbox 2270 2208 3863 2279; baseline 0.001 -19"><span class='ocrx_word' id='word_1_390' title='bbox 2270 2208 2410 2261; x_wconf 82' lang='lat' dir='ltr'><strong>ribus</strong></span> <span class='ocrx_word' id='word_1_391' title='bbox 2430 2210 2565 2279; x_wconf 86' lang='lat' dir='ltr'><strong>ejus,</strong></span> <span class='ocrx_word' id='word_1_392' title='bbox 2589 2217 2637 2261; x_wconf 88' lang='lat' dir='ltr'><strong>et</strong></span> <span class='ocrx_word' id='word_1_393' title='bbox 2664 2209 2934 2262; x_wconf 85' lang='lat' dir='ltr'><strong>induentes</strong></span> <span class='ocrx_word' id='word_1_394' title='bbox 2963 2225 3175 2276; x_wconf 83' lang='lat' dir='ltr'><strong>nouum,</strong></span> <span class='ocrx_word' id='word_1_395' title='bbox 3199 2210 3292 2279; x_wconf 86' lang='lat' dir='ltr'><strong>qui</strong></span> <span class='ocrx_word' id='word_1_396' title='bbox 3311 2218 3591 2263; x_wconf 83' lang='lat' dir='ltr'><strong>renovatur</strong></span> <span class='ocrx_word' id='word_1_397' title='bbox 3617 2209 3671 2262; x_wconf 86' lang='lat' dir='ltr'><strong>in</strong></span> <span class='ocrx_word' id='word_1_398' title='bbox 3697 2211 3863 2279; x_wconf 84' lang='lat' dir='ltr'><strong>cogni-</strong></span> 
     </span>
    </p>
   </div>
   <div class='ocr_carea' id='block_1_52' title="bbox 2271 2301 3860 2374">
    <p class='ocr_par' dir='ltr' id='par_1_52' title="bbox 2271 2301 3860 2374">
     <span class='ocr_line' id='line_1_52' title="bbox 2271 2301 3860 2374; baseline 0.003 -22"><span class='ocrx_word' id='word_1_399' title='bbox 2271 2301 2463 2354; x_wconf 89' lang='lat' dir='ltr'><strong>tionem</strong></span> <span class='ocrx_word' id='word_1_400' title='bbox 2482 2301 2640 2370; x_wconf 75' lang='lat' dir='ltr'><strong>juxta</strong></span> <span class='ocrx_word' id='word_1_401' title='bbox 2683 2302 2963 2374; x_wconf 80' lang='lat' dir='ltr'><strong>imaginem</strong></span> <span class='ocrx_word' id='word_1_402' title='bbox 2991 2302 3254 2356; x_wconf 82' lang='lat' dir='ltr'><strong>Creatoris</strong></span> <span class='ocrx_word' id='word_1_403' title='bbox 3283 2302 3508 2374; x_wconf 81' lang='lat' dir='ltr'><strong>(Coloss.</strong></span> <span class='ocrx_word' id='word_1_404' title='bbox 3537 2317 3624 2370; x_wconf 85' lang='grc' dir='ltr'>ιιι,</span> <span class='ocrx_word' id='word_1_405' title='bbox 3658 2302 3710 2370; x_wconf 87' lang='grc'>9,</span> <span class='ocrx_word' id='word_1_406' title='bbox 3734 2303 3817 2369; x_wconf 81' lang='grc'><strong>10)</strong></span> <span class='ocrx_word' id='word_1_407' title='bbox 3847 2315 3860 2356; x_wconf 92' lang='lat'>:</span> 
     </span>
    </p>
   </div>
   <div class='ocr_carea' id='block_1_53' title="bbox 2272 2392 3862 2459">
    <p class='ocr_par' dir='ltr' id='par_1_53' title="bbox 2272 2392 3862 2459">
     <span class='ocr_line' id='line_1_53' title="bbox 2272 2392 3862 2459; baseline -0.002 -11"><span class='ocrx_word' id='word_1_408' title='bbox 2272 2392 2352 2448; x_wconf 88' lang='lat' dir='ltr'><strong>sic</strong></span> <span class='ocrx_word' id='word_1_409' title='bbox 2379 2403 2434 2448; x_wconf 90' lang='lat' dir='ltr'><strong>et</strong></span> <span class='ocrx_word' id='word_1_410' title='bbox 2457 2393 2696 2449; x_wconf 91' lang='lat' dir='ltr'><strong>mundus</strong></span> <span class='ocrx_word' id='word_1_411' title='bbox 2724 2410 2853 2448; x_wconf 90' lang='lat' dir='ltr'><strong>cum</strong></span> <span class='ocrx_word' id='word_1_412' title='bbox 2880 2394 3177 2449; x_wconf 86' lang='lat' dir='ltr'><strong>secundum</strong></span> <span class='ocrx_word' id='word_1_413' title='bbox 3212 2394 3574 2449; x_wconf 87' lang='lat' dir='ltr'><strong>substantiam</strong></span> <span class='ocrx_word' id='word_1_414' title='bbox 3621 2407 3756 2448; x_wconf 89' lang='lat' dir='ltr'><strong>unus</strong></span> <span class='ocrx_word' id='word_1_415' title='bbox 3779 2392 3862 2459; x_wconf 92' lang='lat' dir='ltr'><strong>sit,</strong></span> 
     </span>
    </p>
   </div>
   <div class='ocr_carea' id='block_1_54' title="bbox 2273 2484 3867 2553">
    <p class='ocr_par' dir='ltr' id='par_1_54' title="bbox 2273 2484 3867 2553">
     <span class='ocr_line' id='line_1_54' title="bbox 2273 2484 3867 2553; baseline -0.001 -13"><span class='ocrx_word' id='word_1_416' title='bbox 2273 2484 2570 2540; x_wconf 86' lang='lat' dir='ltr'><strong>secundum</strong></span> <span class='ocrx_word' id='word_1_417' title='bbox 2594 2501 2818 2541; x_wconf 85' lang='lat' dir='ltr'><strong>sensum</strong></span> <span class='ocrx_word' id='word_1_418' title='bbox 2855 2487 2997 2540; x_wconf 88' lang='lat' dir='ltr'><strong>alius</strong></span> <span class='ocrx_word' id='word_1_419' title='bbox 3019 2497 3184 2553; x_wconf 88' lang='lat' dir='ltr'><strong>atque</strong></span> <span class='ocrx_word' id='word_1_420' title='bbox 3210 2485 3351 2540; x_wconf 87' lang='lat' dir='ltr'><strong>alius</strong></span> <span class='ocrx_word' id='word_1_421' title='bbox 3394 2486 3656 2541; x_wconf 75' lang='lat' dir='ltr'><strong>efﬁcitur.</strong></span> <span class='ocrx_word' id='word_1_422' title='bbox 3682 2485 3867 2539; x_wconf 81' lang='lat' dir='ltr'><strong>Pecca-</strong></span> 
     </span>
    </p>
   </div>
   <div class='ocr_carea' id='block_1_55' title="bbox 2275 2577 3864 2645">
    <p class='ocr_par' dir='ltr' id='par_1_55' title="bbox 2275 2577 3864 2645">
     <span class='ocr_line' id='line_1_55' title="bbox 2275 2577 3864 2645; baseline 0 -14"><span class='ocrx_word' id='word_1_423' title='bbox 2275 2578 2400 2643; x_wconf 89' lang='lat' dir='ltr'><strong>tori,</strong></span> <span class='ocrx_word' id='word_1_424' title='bbox 2434 2578 2670 2634; x_wconf 86' lang='lat' dir='ltr'><strong>mundus</strong></span> <span class='ocrx_word' id='word_1_425' title='bbox 2712 2590 2872 2634; x_wconf 87' lang='lat' dir='ltr'><strong>vetus</strong></span> <span class='ocrx_word' id='word_1_426' title='bbox 2912 2587 3034 2634; x_wconf 86' lang='lat' dir='ltr'><strong>est:</strong></span> <span class='ocrx_word' id='word_1_427' title='bbox 3065 2588 3273 2645; x_wconf 90' lang='lat' dir='ltr'><strong>sancto,</strong></span> <span class='ocrx_word' id='word_1_428' title='bbox 3322 2594 3518 2634; x_wconf 74' lang='lat' dir='ltr'><strong>novus.</strong></span> <span class='ocrx_word' id='word_1_429' title='bbox 3560 2581 3698 2633; x_wconf 84' lang='lat' dir='ltr'><strong>Cum</strong></span> <span class='ocrx_word' id='word_1_430' title='bbox 3731 2577 3864 2633; x_wconf 86' lang='lat' dir='ltr'><strong>enim</strong></span> 
     </span>
    </p>
   </div>
   <div class='ocr_carea' id='block_1_56' title="bbox 2274 2669 3866 2742">
    <p class='ocr_par' dir='ltr' id='par_1_56' title="bbox 2274 2669 3866 2742">
     <span class='ocr_line' id='line_1_56' title="bbox 2274 2669 3866 2742; baseline -0.001 -17"><span class='ocrx_word' id='word_1_431' title='bbox 2274 2680 2469 2727; x_wconf 88' lang='lat' dir='ltr'><strong>sancto</strong></span> <span class='ocrx_word' id='word_1_432' title='bbox 2506 2673 2744 2728; x_wconf 86' lang='lat' dir='ltr'><strong>mundus</strong></span> <span class='ocrx_word' id='word_1_433' title='bbox 2789 2673 2957 2729; x_wconf 80' lang='lat' dir='ltr'><strong>fuerit</strong></span> <span class='ocrx_word' id='word_1_434' title='bbox 3001 2673 3317 2736; x_wconf 72' lang='lat' dir='ltr'><strong>crucifixus,</strong></span> <span class='ocrx_word' id='word_1_435' title='bbox 3350 2688 3694 2742; x_wconf 84' lang='lat' dir='ltr'><strong>nequaquam</strong></span> <span class='ocrx_word' id='word_1_436' title='bbox 3720 2679 3798 2726; x_wconf 91' lang='lat' dir='ltr'><strong>est</strong></span> <span class='ocrx_word' id='word_1_437' title='bbox 3821 2669 3866 2724; x_wconf 88' lang='lat' dir='ltr'><strong>ei</strong></span> 
     </span>
    </p>
   </div>
   <div class='ocr_carea' id='block_1_57' title="bbox 2275 2763 3869 2837">
    <p class='ocr_par' dir='ltr' id='par_1_57' title="bbox 2275 2763 3869 2837">
     <span class='ocr_line' id='line_1_57' title="bbox 2275 2763 3869 2837; baseline 0 -20"><span class='ocrx_word' id='word_1_438' title='bbox 2275 2763 2629 2822; x_wconf 86' lang='lat' dir='ltr'><strong>circumcisio</strong></span> <span class='ocrx_word' id='word_1_439' title='bbox 2653 2775 2709 2820; x_wconf 94' lang='lat' dir='ltr'><strong>et</strong></span> <span class='ocrx_word' id='word_1_440' title='bbox 2740 2766 3064 2837; x_wconf 76' lang='lat' dir='ltr'><strong>przeputium</strong></span> <span class='ocrx_word' id='word_1_441' title='bbox 3093 2783 3107 2821; x_wconf 88' lang='lat'><strong>:</strong></span> <span class='ocrx_word' id='word_1_442' title='bbox 3133 2782 3240 2820; x_wconf 90' lang='lat' dir='ltr'><strong>non</strong></span> <span class='ocrx_word' id='word_1_443' title='bbox 3262 2764 3504 2829; x_wconf 77' lang='lat' dir='ltr'><strong>Judaeus,</strong></span> <span class='ocrx_word' id='word_1_444' title='bbox 3538 2781 3716 2836; x_wconf 91' lang='lat' dir='ltr'><strong>neque</strong></span> <span class='ocrx_word' id='word_1_445' title='bbox 3735 2764 3869 2820; x_wconf 89' lang='lat' dir='ltr'><strong>Gen-</strong></span> 
     </span>
    </p>
   </div>
   <div class='ocr_carea' id='block_1_58' title="bbox 2278 2857 3869 2930">
    <p class='ocr_par' dir='ltr' id='par_1_58' title="bbox 2278 2857 3869 2930">
     <span class='ocr_line' id='line_1_58' title="bbox 2278 2857 3869 2930; baseline 0 -20"><span class='ocrx_word' id='word_1_446' title='bbox 2278 2857 2390 2911; x_wconf 93' lang='lat' dir='ltr'><strong>tilis</strong></span> <span class='ocrx_word' id='word_1_447' title='bbox 2422 2874 2436 2910; x_wconf 88' lang='lat'><strong>:</strong></span> <span class='ocrx_word' id='word_1_448' title='bbox 2462 2857 2556 2913; x_wconf 90' lang='lat' dir='ltr'><strong>sed</strong></span> <span class='ocrx_word' id='word_1_449' title='bbox 2587 2873 2722 2914; x_wconf 86' lang='lat' dir='ltr'><strong>nova</strong></span> <span class='ocrx_word' id='word_1_450' title='bbox 2752 2870 3020 2924; x_wconf 86' lang='lat' dir='ltr'><strong>creatura,</strong></span> <span class='ocrx_word' id='word_1_451' title='bbox 3048 2859 3100 2912; x_wconf 92' lang='lat' dir='ltr'><strong>in</strong></span> <span class='ocrx_word' id='word_1_452' title='bbox 3130 2874 3291 2930; x_wconf 91' lang='lat' dir='ltr'><strong>quam</strong></span> <span class='ocrx_word' id='word_1_453' title='bbox 3318 2857 3739 2928; x_wconf 84' lang='lat' dir='ltr'><strong>transﬁguratur</strong></span> <span class='ocrx_word' id='word_1_454' title='bbox 3757 2871 3869 2911; x_wconf 89' lang='lat' dir='ltr'><strong>cor-</strong></span> 
     </span>
    </p>
   </div>
   <div class='ocr_carea' id='block_1_59' title="bbox 2275 2949 3868 3019">
    <p class='ocr_par' dir='ltr' id='par_1_59' title="bbox 2275 2949 3868 3019">
     <span class='ocr_line' id='line_1_59' title="bbox 2275 2949 3868 3019; baseline -0.002 -16"><span class='ocrx_word' id='word_1_455' title='bbox 2275 2963 2378 3018; x_wconf 89' lang='lat' dir='ltr'><strong>pus</strong></span> <span class='ocrx_word' id='word_1_456' title='bbox 2427 2950 2752 3006; x_wconf 87' lang='lat' dir='ltr'><strong>humilitatis</strong></span> <span class='ocrx_word' id='word_1_457' title='bbox 2797 2959 3022 3019; x_wconf 65' lang='lat' dir='ltr'><strong>nostrae,</strong></span> <span class='ocrx_word' id='word_1_458' title='bbox 3079 2949 3365 3006; x_wconf 85' lang='lat' dir='ltr'><strong>conforme</strong></span> <span class='ocrx_word' id='word_1_459' title='bbox 3411 2952 3664 3018; x_wconf 87' lang='lat' dir='ltr'><strong>corporis</strong></span> <span class='ocrx_word' id='word_1_460' title='bbox 3695 2949 3868 3019; x_wconf 63' lang='lat' dir='ltr'><strong>gloriae</strong></span> 
     </span>
    </p>
   </div>
   <div class='ocr_carea' id='block_1_60' title="bbox 2276 3041 3871 3113">
    <p class='ocr_par' dir='ltr' id='par_1_60' title="bbox 2276 3041 3871 3113">
     <span class='ocr_line' id='line_1_60' title="bbox 2276 3041 3871 3113; baseline -0.004 -15"><span class='ocrx_word' id='word_1_461' title='bbox 2276 3041 2482 3100; x_wconf 89' lang='lat' dir='ltr'><strong>Christi</strong></span> <span class='ocrx_word' id='word_1_462' title='bbox 2512 3060 2526 3100; x_wconf 91' lang='lat'><strong>:</strong></span> <span class='ocrx_word' id='word_1_463' title='bbox 2563 3043 2758 3099; x_wconf 82' lang='lat' dir='ltr'><strong>Vetera</strong></span> <span class='ocrx_word' id='word_1_464' title='bbox 2788 3043 2992 3113; x_wconf 87' lang='lat' dir='ltr'><strong>quippe</strong></span> <span class='ocrx_word' id='word_1_465' title='bbox 3025 3042 3378 3102; x_wconf 88' lang='lat' dir='ltr'><strong>transierunt.</strong></span> <span class='ocrx_word' id='word_1_466' title='bbox 3411 3057 3542 3097; x_wconf 86' lang='lat' dir='ltr'><strong>ecce</strong></span> <span class='ocrx_word' id='word_1_467' title='bbox 3585 3041 3726 3096; x_wconf 83' lang='lat' dir='ltr'><strong>facta</strong></span> <span class='ocrx_word' id='word_1_468' title='bbox 3756 3047 3871 3093; x_wconf 90' lang='lat' dir='ltr'><strong>sunt</strong></span> 
     </span>
    </p>
   </div>
   <div class='ocr_carea' id='block_1_61' title="bbox 567 3127 2172 3209">
    <p class='ocr_par' dir='ltr' id='par_1_61' title="bbox 567 3130 2171 3209">
     <span class='ocr_line' id='line_1_61' title="bbox 567 3130 2171 3209; baseline 0.008 -25"><span class='ocrx_word' id='word_1_469' title='bbox 567 3130 876 3204; x_wconf 81' lang='lat' dir='ltr'><strong>glorientur.</strong></span> <span class='ocrx_word' id='word_1_470' title='bbox 906 3133 1134 3203; x_wconf 89' lang='lat' dir='ltr'><strong>Propter</strong></span> <span class='ocrx_word' id='word_1_471' title='bbox 1175 3134 1572 3201; x_wconf 87' lang='lat' dir='ltr'><strong>inlirmitatem,</strong></span> <span class='ocrx_word' id='word_1_472' title='bbox 1598 3139 1791 3209; x_wconf 85' lang='lat' dir='ltr'><strong>inquit.</strong></span> <span class='ocrx_word' id='word_1_473' title='bbox 1823 3141 2025 3205; x_wconf 87' lang='lat' dir='ltr'><strong>carnis,</strong></span> <span class='ocrx_word' id='word_1_474' title='bbox 2053 3141 2171 3197; x_wconf 80' lang='lat' dir='ltr'><strong>Lex</strong></span> 
     </span>
    </p>
   </div>
   <div class='ocr_carea' id='block_1_62' title="bbox 2275 3127 3870 3209">
    <p class='ocr_par' dir='ltr' id='par_1_62' title="bbox 2280 3130 3870 3208">
     <span class='ocr_line' id='line_1_62' title="bbox 2280 3130 3870 3208; baseline -0.004 -18"><span class='ocrx_word' id='word_1_475' title='bbox 2280 3136 2459 3192; x_wconf 88' lang='lat' dir='ltr'><strong>omnia</strong></span> <span class='ocrx_word' id='word_1_476' title='bbox 2491 3151 2632 3191; x_wconf 80' lang='lat' dir='ltr'><strong>nova</strong></span> <span class='ocrx_word' id='word_1_477' title='bbox 2685 3135 2749 3208; x_wconf 93' lang='lat' dir='ltr'><strong>(ll</strong></span> <span class='ocrx_word' id='word_1_478' title='bbox 2781 3133 2901 3190; x_wconf 87' lang='lat' dir='ltr'><strong>Cor.</strong></span> <span class='ocrx_word' id='word_1_479' title='bbox 2927 3137 3006 3205; x_wconf 89' lang='lat' dir='ltr'><strong>v).</strong></span> <span class='ocrx_word' id='word_1_480' title='bbox 3039 3133 3108 3189; x_wconf 89' lang='lat' dir='ltr'><strong>Et</strong></span> <span class='ocrx_word' id='word_1_481' title='bbox 3153 3133 3430 3202; x_wconf 88' lang='lat' dir='ltr'><strong>quomodo</strong></span> <span class='ocrx_word' id='word_1_482' title='bbox 3457 3133 3564 3188; x_wconf 89' lang='lat' dir='ltr'><strong>alia</strong></span> <span class='ocrx_word' id='word_1_483' title='bbox 3597 3143 3685 3188; x_wconf 89' lang='lat' dir='ltr'><strong>est</strong></span> <span class='ocrx_word' id='word_1_484' title='bbox 3711 3130 3870 3203; x_wconf 84' lang='lat' dir='ltr'><strong>gloria</strong></span> 
     </span>
    </p>
   </div>
   <div class='ocr_carea' id='block_1_63' title="bbox 566 3221 2174 3304">
    <p class='ocr_par' dir='ltr' id='par_1_63' title="bbox 566 3221 2174 3304">
     <span class='ocr_line' id='line_1_63' title="bbox 566 3221 2174 3304; baseline 0.007 -28"><span class='ocrx_word' id='word_1_485' title='bbox 566 3221 789 3293; x_wconf 89' lang='lat' dir='ltr'><strong>impleri</strong></span> <span class='ocrx_word' id='word_1_486' title='bbox 841 3240 951 3278; x_wconf 90' lang='lat' dir='ltr'><strong>non</strong></span> <span class='ocrx_word' id='word_1_487' title='bbox 982 3233 1185 3296; x_wconf 88' lang='lat' dir='ltr'><strong>potest.</strong></span> <span class='ocrx_word' id='word_1_488' title='bbox 1219 3225 1370 3283; x_wconf 90' lang='lat' dir='ltr'><strong>Unde</strong></span> <span class='ocrx_word' id='word_1_489' title='bbox 1395 3236 1454 3283; x_wconf 88' lang='lat' dir='ltr'><strong>et</strong></span> <span class='ocrx_word' id='word_1_490' title='bbox 1478 3227 1651 3284; x_wconf 71' lang='lat' dir='ltr'><strong>Judaei</strong></span> <span class='ocrx_word' id='word_1_491' title='bbox 1699 3240 1970 3303; x_wconf 63' lang='lat' dir='ltr'><strong>praecepta</strong></span> <span class='ocrx_word' id='word_1_492' title='bbox 1999 3233 2174 3304; x_wconf 88' lang='lat' dir='ltr'><strong>magis</strong></span> 
     </span>
    </p>
   </div>
   <div class='ocr_carea' id='block_1_64' title="bbox 567 3313 2177 3392">
    <p class='ocr_par' dir='ltr' id='par_1_64' title="bbox 567 3313 2177 3392">
     <span class='ocr_line' id='line_1_64' title="bbox 567 3313 2177 3392; baseline 0.006 -21"><span class='ocrx_word' id='word_1_493' title='bbox 567 3313 852 3372; x_wconf 82' lang='lat' dir='ltr'><strong>hominum</strong></span> <span class='ocrx_word' id='word_1_494' title='bbox 906 3329 962 3374; x_wconf 93' lang='lat' dir='ltr'><strong>et</strong></span> <span class='ocrx_word' id='word_1_495' title='bbox 1011 3320 1310 3389; x_wconf 84' lang='lat' dir='ltr'><strong>doctrinas,</strong></span> <span class='ocrx_word' id='word_1_496' title='bbox 1363 3338 1527 3392; x_wconf 88' lang='lat' dir='ltr'><strong>quam</strong></span> <span class='ocrx_word' id='word_1_497' title='bbox 1557 3323 1652 3378; x_wconf 87' lang='lat' dir='ltr'><strong>Dei</strong></span> <span class='ocrx_word' id='word_1_498' title='bbox 1685 3325 1943 3382; x_wconf 85' lang='lat' dir='ltr'><strong>mandata</strong></span> <span class='ocrx_word' id='word_1_499' title='bbox 1990 3335 2177 3381; x_wconf 80' lang='lat' dir='ltr'><strong>custo-</strong></span> 
     </span>
    </p>
   </div>
   <div class='ocr_carea' id='block_1_65' title="bbox 569 3409 2170 3488">
    <p class='ocr_par' dir='ltr' id='par_1_65' title="bbox 569 3409 2170 3488">
     <span class='ocr_line' id='line_1_65' title="bbox 569 3409 2170 3488; baseline 0.004 -22"><span class='ocrx_word' id='word_1_500' title='bbox 569 3409 750 3478; x_wconf 89' lang='lat' dir='ltr'><strong>diunt,</strong></span> <span class='ocrx_word' id='word_1_501' title='bbox 779 3428 956 3484; x_wconf 89' lang='lat' dir='ltr'><strong>neque</strong></span> <span class='ocrx_word' id='word_1_502' title='bbox 984 3416 1329 3483; x_wconf 88' lang='lat' dir='ltr'><strong>corporalem</strong></span> <span class='ocrx_word' id='word_1_503' title='bbox 1358 3415 1627 3472; x_wconf 88' lang='lat' dir='ltr'><strong>facientes</strong></span> <span class='ocrx_word' id='word_1_504' title='bbox 1653 3416 1872 3487; x_wconf 84' lang='lat' dir='ltr'><strong>Legem,</strong></span> <span class='ocrx_word' id='word_1_505' title='bbox 1921 3419 2170 3488; x_wconf 86' lang='lat' dir='ltr'><strong>impossi-</strong></span> 
     </span>
    </p>
   </div>
   <div class='ocr_carea' id='block_1_66' title="bbox 566 3500 2180 3578">
    <p class='ocr_par' dir='ltr' id='par_1_66' title="bbox 566 3500 2180 3578">
     <span class='ocr_line' id='line_1_66' title="bbox 566 3500 2180 3578; baseline 0.004 -21"><span class='ocrx_word' id='word_1_506' title='bbox 566 3500 682 3558; x_wconf 88' lang='lat' dir='ltr'><strong>bile</strong></span> <span class='ocrx_word' id='word_1_507' title='bbox 725 3504 926 3574; x_wconf 87' lang='lat' dir='ltr'><strong>quippe</strong></span> <span class='ocrx_word' id='word_1_508' title='bbox 955 3513 1040 3560; x_wconf 88' lang='lat' dir='ltr'><strong>est</strong></span> <span class='ocrx_word' id='word_1_509' title='bbox 1073 3523 1086 3560; x_wconf 88' lang='lat'><strong>:</strong></span> <span class='ocrx_word' id='word_1_510' title='bbox 1123 3521 1300 3576; x_wconf 88' lang='lat' dir='ltr'><strong>neque</strong></span> <span class='ocrx_word' id='word_1_511' title='bbox 1341 3507 1704 3575; x_wconf 89' lang='lat' dir='ltr'><strong>spiritualem,</strong></span> <span class='ocrx_word' id='word_1_512' title='bbox 1744 3523 1908 3578; x_wconf 90' lang='lat' dir='ltr'><strong>quam</strong></span> <span class='ocrx_word' id='word_1_513' title='bbox 1941 3524 2048 3564; x_wconf 88' lang='lat' dir='ltr'><strong>non</strong></span> <span class='ocrx_word' id='word_1_514' title='bbox 2096 3511 2180 3564; x_wconf 89' lang='lat' dir='ltr'><strong>in-</strong></span> 
     </span>
    </p>
   </div>
   <div class='ocr_carea' id='block_1_67' title="bbox 569 3597 2176 3669">
    <p class='ocr_par' dir='ltr' id='par_1_67' title="bbox 569 3597 2176 3669">
     <span class='ocr_line' id='line_1_67' title="bbox 569 3597 2176 3669; baseline 0.002 -17"><span class='ocrx_word' id='word_1_515' title='bbox 569 3597 846 3667; x_wconf 84' lang='lat' dir='ltr'><strong>telligunt.</strong></span> <span class='ocrx_word' id='word_1_516' title='bbox 900 3597 1058 3652; x_wconf 89' lang='lat' dir='ltr'><strong>Unde</strong></span> <span class='ocrx_word' id='word_1_517' title='bbox 1091 3599 1194 3652; x_wconf 90' lang='lat' dir='ltr'><strong>hoc</strong></span> <span class='ocrx_word' id='word_1_518' title='bbox 1223 3607 1308 3652; x_wconf 91' lang='lat' dir='ltr'><strong>est</strong></span> <span class='ocrx_word' id='word_1_519' title='bbox 1356 3613 1520 3653; x_wconf 90' lang='lat' dir='ltr'><strong>omne</strong></span> <span class='ocrx_word' id='word_1_520' title='bbox 1545 3598 1692 3669; x_wconf 89' lang='lat' dir='ltr'><strong>quod</strong></span> <span class='ocrx_word' id='word_1_521' title='bbox 1738 3601 1984 3661; x_wconf 88' lang='lat' dir='ltr'><strong>student.</strong></span> <span class='ocrx_word' id='word_1_522' title='bbox 2032 3601 2176 3668; x_wconf 89' lang='lat' dir='ltr'><strong>quod</strong></span> 
     </span>
    </p>
   </div>
   <div class='ocr_carea' id='block_1_68' title="bbox 571 3687 2180 3760">
    <p class='ocr_par' dir='ltr' id='par_1_68' title="bbox 571 3687 2180 3760">
     <span class='ocr_line' id='line_1_68' title="bbox 571 3687 2180 3760; baseline 0.002 -15"><span class='ocrx_word' id='word_1_523' title='bbox 571 3699 766 3760; x_wconf 76' lang='lat' dir='ltr'><strong>agunt,</strong></span> <span class='ocrx_word' id='word_1_524' title='bbox 798 3687 944 3758; x_wconf 91' lang='lat' dir='ltr'><strong>quod</strong></span> <span class='ocrx_word' id='word_1_525' title='bbox 985 3689 1251 3751; x_wconf 91' lang='lat' dir='ltr'><strong>nituntur,</strong></span> <span class='ocrx_word' id='word_1_526' title='bbox 1307 3698 1368 3743; x_wconf 92' lang='lat' dir='ltr'><strong>ut</strong></span> <span class='ocrx_word' id='word_1_527' title='bbox 1411 3690 1557 3758; x_wconf 88' lang='lat' dir='ltr'><strong>apud</strong></span> <span class='ocrx_word' id='word_1_528' title='bbox 1601 3689 1822 3745; x_wconf 78' lang='lat' dir='ltr'><strong>Judteos</strong></span> <span class='ocrx_word' id='word_1_529' title='bbox 1871 3691 1940 3746; x_wconf 87' lang='lat' dir='ltr'><strong>de</strong></span> <span class='ocrx_word' id='word_1_530' title='bbox 1983 3703 2180 3748; x_wconf 70' lang='lat' dir='ltr'><strong>vestrae</strong></span> 
     </span>
    </p>
   </div>
   <div class='ocr_carea' id='block_1_69' title="bbox 574 3779 2180 3850">
    <p class='ocr_par' dir='ltr' id='par_1_69' title="bbox 574 3779 2180 3850">
     <span class='ocr_line' id='line_1_69' title="bbox 574 3779 2180 3850; baseline 0.001 -12"><span class='ocrx_word' id='word_1_531' title='bbox 574 3783 762 3838; x_wconf 86' lang='lat' dir='ltr'><strong>carnis</strong></span> <span class='ocrx_word' id='word_1_532' title='bbox 791 3779 986 3849; x_wconf 89' lang='lat' dir='ltr'><strong>injuria</strong></span> <span class='ocrx_word' id='word_1_533' title='bbox 1008 3779 1335 3847; x_wconf 85' lang='lat' dir='ltr'><strong>glorientur,</strong></span> <span class='ocrx_word' id='word_1_534' title='bbox 1367 3788 1424 3835; x_wconf 92' lang='lat' dir='ltr'><strong>et</strong></span> <span class='ocrx_word' id='word_1_535' title='bbox 1439 3779 1697 3850; x_wconf 86' lang='lat' dir='ltr'><strong>jactitent</strong></span> <span class='ocrx_word' id='word_1_536' title='bbox 1717 3798 1816 3837; x_wconf 91' lang='lat' dir='ltr'><strong>suo</strong></span> <span class='ocrx_word' id='word_1_537' title='bbox 1838 3781 2044 3839; x_wconf 88' lang='lat' dir='ltr'><strong>Gentes</strong></span> <span class='ocrx_word' id='word_1_538' title='bbox 2065 3799 2180 3840; x_wconf 87' lang='lat' dir='ltr'><strong>ma-</strong></span> 
     </span>
    </p>
   </div>
   <div class='ocr_carea' id='block_1_70' title="bbox 575 3869 2181 3943">
    <p class='ocr_par' dir='ltr' id='par_1_70' title="bbox 575 3869 2181 3943">
     <span class='ocr_line' id='line_1_70' title="bbox 575 3869 2181 3943; baseline 0.006 -19"><span class='ocrx_word' id='word_1_539' title='bbox 575 3872 803 3942; x_wconf 88' lang='lat' dir='ltr'><strong>gisterio</strong></span> <span class='ocrx_word' id='word_1_540' title='bbox 847 3869 1226 3924; x_wconf 80' lang='lat' dir='ltr'><strong>circumcisus.</strong></span> <span class='ocrx_word' id='word_1_541' title='bbox 1260 3871 1375 3926; x_wconf 91' lang='lat' dir='ltr'><strong>Hoc</strong></span> <span class='ocrx_word' id='word_1_542' title='bbox 1416 3879 1600 3927; x_wconf 87' lang='lat' dir='ltr'><strong>autem</strong></span> <span class='ocrx_word' id='word_1_543' title='bbox 1634 3881 1807 3928; x_wconf 88' lang='lat' dir='ltr'><strong>totum</strong></span> <span class='ocrx_word' id='word_1_544' title='bbox 1858 3874 2089 3943; x_wconf 79' lang='lat' dir='ltr'><strong>faciunt,</strong></span> <span class='ocrx_word' id='word_1_545' title='bbox 2123 3889 2181 3934; x_wconf 91' lang='lat' dir='ltr'><strong>ut</strong></span> 
     </span>
    </p>
   </div>
   <div class='ocr_carea' id='block_1_71' title="bbox 573 3962 2184 4037">
    <p class='ocr_par' dir='ltr' id='par_1_71' title="bbox 573 3962 2184 4037">
     <span class='ocr_line' id='line_1_71' title="bbox 573 3962 2184 4037; baseline 0.005 -19"><span class='ocrx_word' id='word_1_546' title='bbox 573 3963 780 4020; x_wconf 59' lang='lat' dir='ltr'><strong>Iudaeis</strong></span> <span class='ocrx_word' id='word_1_547' title='bbox 832 3962 1100 4032; x_wconf 80' lang='lat' dir='ltr'><strong>placeant,</strong></span> <span class='ocrx_word' id='word_1_548' title='bbox 1152 3976 1204 4015; x_wconf 85' lang='lat' dir='ltr'><strong>ct</strong></span> <span class='ocrx_word' id='word_1_549' title='bbox 1243 3975 1564 4033; x_wconf 68' lang='lat' dir='ltr'><strong>expugnatae</strong></span> <span class='ocrx_word' id='word_1_550' title='bbox 1592 3965 1754 4037; x_wconf 84' lang='lat' dir='ltr'><strong>Legis</strong></span> <span class='ocrx_word' id='word_1_551' title='bbox 1800 3966 2006 4024; x_wconf 87' lang='lat' dir='ltr'><strong>invidia</strong></span> <span class='ocrx_word' id='word_1_552' title='bbox 2051 3985 2184 4026; x_wconf 84' lang='lat' dir='ltr'><strong>co-</strong></span> 
     </span>
    </p>
   </div>
   <div class='ocr_carea' id='block_1_72' title="bbox 576 4059 846 4127">
    <p class='ocr_par' dir='ltr' id='par_1_72' title="bbox 576 4059 846 4127">
     <span class='ocr_line' id='line_1_72' title="bbox 576 4059 846 4127; baseline 0 -17"><span class='ocrx_word' id='word_1_553' title='bbox 576 4059 846 4127; x_wconf 83' lang='lat' dir='ltr'><strong>quiescat.</strong></span> 
     </span>
    </p>
   </div>
   <div class='ocr_carea' id='block_1_73' title="bbox 653 4148 2185 4225">
    <p class='ocr_par' dir='ltr' id='par_1_73' title="bbox 653 4148 2185 4225">
     <span class='ocr_line' id='line_1_73' title="bbox 653 4148 2185 4225; baseline 0.006 -21"><span class='ocrx_word' id='word_1_554' title='bbox 653 4149 837 4222; x_wconf 80' lang='lat' dir='ltr'><strong>(Vers.</strong></span> <span class='ocrx_word' id='word_1_555' title='bbox 868 4148 981 4218; x_wconf 73' lang='grc'><strong>14.)</strong></span> <span class='ocrx_word' id='word_1_556' title='bbox 1017 4148 1150 4204; x_wconf 81' lang='lat' dir='ltr'><strong>Mihi</strong></span> <span class='ocrx_word' id='word_1_557' title='bbox 1181 4160 1353 4204; x_wconf 90' lang='lat' dir='ltr'><strong>autem</strong></span> <span class='ocrx_word' id='word_1_558' title='bbox 1381 4153 1513 4206; x_wconf 88' lang='lat' dir='ltr'><strong>absit</strong></span> <span class='ocrx_word' id='word_1_559' title='bbox 1553 4153 1791 4225; x_wconf 86' lang='lat' dir='ltr'><strong>gloriari,</strong></span> <span class='ocrx_word' id='word_1_560' title='bbox 1823 4155 1925 4210; x_wconf 90' lang='lat' dir='ltr'><strong>nisi</strong></span> <span class='ocrx_word' id='word_1_561' title='bbox 1953 4155 2007 4212; x_wconf 87' lang='lat' dir='ltr'><strong>in</strong></span> <span class='ocrx_word' id='word_1_562' title='bbox 2034 4174 2185 4213; x_wconf 86' lang='lat' dir='ltr'><strong>cruce</strong></span> 
     </span>
    </p>
   </div>
   <div class='ocr_carea' id='block_1_74' title="bbox 577 4239 2185 4314">
    <p class='ocr_par' dir='ltr' id='par_1_74' title="bbox 577 4239 2185 4314">
     <span class='ocr_line' id='line_1_74' title="bbox 577 4239 2185 4314; baseline 0.006 -17"><span class='ocrx_word' id='word_1_563' title='bbox 577 4240 793 4298; x_wconf 86' lang='lat' dir='ltr'><strong>Domini</strong></span> <span class='ocrx_word' id='word_1_564' title='bbox 815 4242 976 4295; x_wconf 82' lang='lat' dir='ltr'><strong>nostri</strong></span> <span class='ocrx_word' id='word_1_565' title='bbox 1001 4239 1036 4293; x_wconf 87' lang='lat' dir='ltr'><strong>J</strong></span> <span class='ocrx_word' id='word_1_566' title='bbox 1040 4258 1127 4294; x_wconf 86' lang='lat' dir='ltr'><strong>esu</strong></span> <span class='ocrx_word' id='word_1_567' title='bbox 1148 4239 1363 4306; x_wconf 84' lang='lat' dir='ltr'><strong>Christi,</strong></span> <span class='ocrx_word' id='word_1_568' title='bbox 1387 4260 1477 4314; x_wconf 88' lang='lat' dir='ltr'><strong>per</strong></span> <span class='ocrx_word' id='word_1_569' title='bbox 1496 4260 1645 4313; x_wconf 90' lang='lat' dir='ltr'><strong>quem</strong></span> <span class='ocrx_word' id='word_1_570' title='bbox 1670 4244 1800 4301; x_wconf 83' lang='lat' dir='ltr'><strong>mihi</strong></span> <span class='ocrx_word' id='word_1_571' title='bbox 1823 4249 2047 4303; x_wconf 84' lang='lat' dir='ltr'><strong>mundus</strong></span> <span class='ocrx_word' id='word_1_572' title='bbox 2066 4268 2185 4306; x_wconf 87' lang='lat' dir='ltr'><strong>cru-</strong></span> 
     </span>
    </p>
   </div>
   <div class='ocr_carea' id='block_1_75' title="bbox 578 4333 2182 4406">
    <p class='ocr_par' dir='ltr' id='par_1_75' title="bbox 578 4333 2182 4406">
     <span class='ocr_line' id='line_1_75' title="bbox 578 4333 2182 4406; baseline 0.007 -18"><span class='ocrx_word' id='word_1_573' title='bbox 578 4333 767 4403; x_wconf 72' lang='lat' dir='ltr'><strong>ciﬁxus</strong></span> <span class='ocrx_word' id='word_1_574' title='bbox 795 4342 888 4399; x_wconf 85' lang='lat' dir='ltr'><strong>est,</strong></span> <span class='ocrx_word' id='word_1_575' title='bbox 911 4344 958 4388; x_wconf 90' lang='lat' dir='ltr'><strong>et</strong></span> <span class='ocrx_word' id='word_1_576' title='bbox 975 4351 1068 4404; x_wconf 87' lang='lat' dir='ltr'><strong>ego</strong></span> <span class='ocrx_word' id='word_1_577' title='bbox 1093 4334 1314 4387; x_wconf 86' lang='lat' dir='ltr'><strong>mundo.</strong></span> <span class='ocrx_word' id='word_1_578' title='bbox 1343 4334 1503 4390; x_wconf 91' lang='lat' dir='ltr'><strong>Solus</strong></span> <span class='ocrx_word' id='word_1_579' title='bbox 1524 4347 1703 4406; x_wconf 87' lang='lat' dir='ltr'><strong>potest</strong></span> <span class='ocrx_word' id='word_1_580' title='bbox 1723 4338 1780 4393; x_wconf 87' lang='lat' dir='ltr'><strong>in</strong></span> <span class='ocrx_word' id='word_1_581' title='bbox 1802 4354 1965 4396; x_wconf 90' lang='lat' dir='ltr'><strong>cruce</strong></span> <span class='ocrx_word' id='word_1_582' title='bbox 1979 4340 2182 4399; x_wconf 87' lang='lat' dir='ltr'><strong>Christi</strong></span> 
     </span>
    </p>
   </div>
   <div class='ocr_carea' id='block_1_76' title="bbox 580 4426 2182 4507">
    <p class='ocr_par' dir='ltr' id='par_1_76' title="bbox 580 4426 2182 4507">
     <span class='ocr_line' id='line_1_76' title="bbox 580 4426 2182 4507; baseline 0.008 -28"><span class='ocrx_word' id='word_1_583' title='bbox 580 4427 833 4497; x_wconf 87' lang='lat' dir='ltr'><strong>gloriari,</strong></span> <span class='ocrx_word' id='word_1_584' title='bbox 865 4427 954 4493; x_wconf 90' lang='lat' dir='ltr'><strong>qui</strong></span> <span class='ocrx_word' id='word_1_585' title='bbox 980 4426 1126 4478; x_wconf 89' lang='lat' dir='ltr'><strong>tollit</strong></span> <span class='ocrx_word' id='word_1_586' title='bbox 1160 4441 1302 4494; x_wconf 88' lang='lat' dir='ltr'><strong>eam,</strong></span> <span class='ocrx_word' id='word_1_587' title='bbox 1335 4440 1391 4481; x_wconf 91' lang='lat' dir='ltr'><strong>et</strong></span> <span class='ocrx_word' id='word_1_588' title='bbox 1419 4431 1668 4498; x_wconf 84' lang='lat' dir='ltr'><strong>sequitur</strong></span> <span class='ocrx_word' id='word_1_589' title='bbox 1697 4430 2060 4500; x_wconf 86' lang='lat' dir='ltr'><strong>Salvatorem,</strong></span> <span class='ocrx_word' id='word_1_590' title='bbox 2089 4438 2182 4507; x_wconf 91' lang='lat' dir='ltr'><strong>qui</strong></span> 
     </span>
    </p>
   </div>
   <div class='ocr_carea' id='block_1_77' title="bbox 2276 3223 3872 3298">
    <p class='ocr_par' dir='ltr' id='par_1_77' title="bbox 2276 3223 3872 3298">
     <span class='ocr_line' id='line_1_77' title="bbox 2276 3223 3872 3298; baseline -0.005 -16"><span class='ocrx_word' id='word_1_591' title='bbox 2276 3230 2432 3296; x_wconf 87' lang='lat' dir='ltr'><strong>solis,</strong></span> <span class='ocrx_word' id='word_1_592' title='bbox 2464 3229 2569 3284; x_wconf 87' lang='lat' dir='ltr'><strong>alia</strong></span> <span class='ocrx_word' id='word_1_593' title='bbox 2602 3229 2766 3295; x_wconf 75' lang='lat' dir='ltr'><strong>inme,</strong></span> <span class='ocrx_word' id='word_1_594' title='bbox 2791 3227 2894 3282; x_wconf 87' lang='lat' dir='ltr'><strong>alia</strong></span> <span class='ocrx_word' id='word_1_595' title='bbox 2917 3227 3202 3281; x_wconf 88' lang='lat' dir='ltr'><strong>stellarum</strong></span> <span class='ocrx_word' id='word_1_596' title='bbox 3233 3245 3246 3280; x_wconf 88' lang='lat'>:</span> <span class='ocrx_word' id='word_1_597' title='bbox 3275 3227 3437 3283; x_wconf 80' lang='lat' dir='ltr'><strong>Stella</strong></span> <span class='ocrx_word' id='word_1_598' title='bbox 3464 3226 3656 3298; x_wconf 80' lang='lat' dir='ltr'><strong>quippe</strong></span> <span class='ocrx_word' id='word_1_599' title='bbox 3683 3243 3715 3278; x_wconf 80' lang='grc' dir='ltr'><strong><em>η</em></strong></span> <span class='ocrx_word' id='word_1_600' title='bbox 3734 3223 3872 3279; x_wconf 83' lang='lat' dir='ltr'><strong>stella</strong></span> 
     </span>
    </p>
   </div>
   <div class='ocr_carea' id='block_1_78' title="bbox 2277 3316 3870 3391">
    <p class='ocr_par' dir='ltr' id='par_1_78' title="bbox 2277 3316 3870 3391">
     <span class='ocr_line' id='line_1_78' title="bbox 2277 3316 3870 3391; baseline -0.003 -16"><span class='ocrx_word' id='word_1_601' title='bbox 2277 3321 2456 3389; x_wconf 70' lang='lat' dir='ltr'><strong>differt</strong></span> <span class='ocrx_word' id='word_1_602' title='bbox 2479 3323 2534 3376; x_wconf 90' lang='lat' dir='ltr'><strong>in</strong></span> <span class='ocrx_word' id='word_1_603' title='bbox 2563 3321 2732 3391; x_wconf 85' lang='lat' dir='ltr'><strong>gloria</strong></span> <span class='ocrx_word' id='word_1_604' title='bbox 2757 3336 2774 3374; x_wconf 93' lang='lat'><strong><em>:</em></strong></span> <span class='ocrx_word' id='word_1_605' title='bbox 2803 3320 2878 3374; x_wconf 87' lang='lat' dir='ltr'><strong>sic</strong></span> <span class='ocrx_word' id='word_1_606' title='bbox 2901 3329 2947 3373; x_wconf 88' lang='lat' dir='ltr'><strong>et</strong></span> <span class='ocrx_word' id='word_1_607' title='bbox 2973 3320 3282 3374; x_wconf 85' lang='lat' dir='ltr'><strong>resurrectio</strong></span> <span class='ocrx_word' id='word_1_608' title='bbox 3326 3329 3657 3372; x_wconf 88' lang='lat' dir='ltr'><strong>mortuorum</strong></span> <span class='ocrx_word' id='word_1_609' title='bbox 3686 3318 3731 3391; x_wconf 89' lang='grc' dir='ltr'><strong>(Ι</strong></span> <span class='ocrx_word' id='word_1_610' title='bbox 3759 3316 3870 3372; x_wconf 85' lang='lat' dir='ltr'><strong>Cor.</strong></span> 
     </span>
    </p>
   </div>
   <div class='ocr_carea' id='block_1_79' title="bbox 2279 3409 3870 3482">
    <p class='ocr_par' dir='ltr' id='par_1_79' title="bbox 2279 3409 3870 3482">
     <span class='ocr_line' id='line_1_79' title="bbox 2279 3409 3870 3482; baseline -0.005 -13"><span class='ocrx_word' id='word_1_611' title='bbox 2279 3430 2368 3478; x_wconf 87' lang='lat' dir='ltr'><strong>xv,</strong></span> <span class='ocrx_word' id='word_1_612' title='bbox 2400 3413 2494 3478; x_wconf 71' lang='lat'><strong>4|,</strong></span> <span class='ocrx_word' id='word_1_613' title='bbox 2525 3413 2640 3482; x_wconf 63' lang='lat' dir='ltr'><strong>s2).</strong></span> <span class='ocrx_word' id='word_1_614' title='bbox 2676 3413 2751 3466; x_wconf 88' lang='lat' dir='ltr'><strong>De</strong></span> <span class='ocrx_word' id='word_1_615' title='bbox 2793 3429 2897 3481; x_wconf 88' lang='lat' dir='ltr'><strong>qua</strong></span> <span class='ocrx_word' id='word_1_616' title='bbox 2929 3421 2985 3466; x_wconf 89' lang='lat' dir='ltr'><strong>et</strong></span> <span class='ocrx_word' id='word_1_617' title='bbox 3018 3412 3205 3468; x_wconf 82' lang='lat' dir='ltr'><strong>Daniel</strong></span> <span class='ocrx_word' id='word_1_618' title='bbox 3248 3415 3363 3481; x_wconf 88' lang='lat' dir='ltr'><strong>pari</strong></span> <span class='ocrx_word' id='word_1_619' title='bbox 3397 3426 3532 3466; x_wconf 89' lang='lat' dir='ltr'><strong>voce</strong></span> <span class='ocrx_word' id='word_1_620' title='bbox 3557 3409 3870 3472; x_wconf 85' lang='lat' dir='ltr'><strong>concordat,</strong></span> 
     </span>
    </p>
   </div>
   <div class='ocr_carea' id='block_1_80' title="bbox 2279 3502 3877 3574">
    <p class='ocr_par' dir='ltr' id='par_1_80' title="bbox 2279 3502 3877 3574">
     <span class='ocr_line' id='line_1_80' title="bbox 2279 3502 3877 3574; baseline -0.005 -15"><span class='ocrx_word' id='word_1_621' title='bbox 2279 3502 2511 3559; x_wconf 89' lang='lat' dir='ltr'><strong>dicens:</strong></span> <span class='ocrx_word' id='word_1_622' title='bbox 2542 3502 2767 3556; x_wconf 87' lang='lat' dir='ltr'><strong>Plurimi</strong></span> <span class='ocrx_word' id='word_1_623' title='bbox 2809 3503 3177 3557; x_wconf 83' lang='lat' dir='ltr'><strong>dormientium</strong></span> <span class='ocrx_word' id='word_1_624' title='bbox 3225 3504 3290 3557; x_wconf 87' lang='lat' dir='ltr'><strong>de</strong></span> <span class='ocrx_word' id='word_1_625' title='bbox 3319 3512 3468 3558; x_wconf 71' lang='lat' dir='ltr'><strong>terra:</strong></span> <span class='ocrx_word' id='word_1_626' title='bbox 3515 3503 3727 3574; x_wconf 82' lang='lat' dir='ltr'><strong>pulvere</strong></span> <span class='ocrx_word' id='word_1_627' title='bbox 3769 3514 3877 3554; x_wconf 83' lang='lat' dir='ltr'><strong>sur-</strong></span> 
     </span>
    </p>
   </div>
   <div class='ocr_carea' id='block_1_81' title="bbox 2279 3590 3876 3670">
    <p class='ocr_par' dir='ltr' id='par_1_81' title="bbox 2279 3590 3876 3670">
     <span class='ocr_line' id='line_1_81' title="bbox 2279 3590 3876 3670; baseline -0.005 -19"><span class='ocrx_word' id='word_1_628' title='bbox 2279 3604 2444 3670; x_wconf 81' lang='lat' dir='ltr'><strong>gent:</strong></span> <span class='ocrx_word' id='word_1_629' title='bbox 2475 3595 2530 3648; x_wconf 86' lang='lat' dir='ltr'><strong>hi</strong></span> <span class='ocrx_word' id='word_1_630' title='bbox 2579 3596 2632 3648; x_wconf 89' lang='lat' dir='ltr'><strong>in</strong></span> <span class='ocrx_word' id='word_1_631' title='bbox 2660 3596 2818 3649; x_wconf 82' lang='lat' dir='ltr'><strong>uitam</strong></span> <span class='ocrx_word' id='word_1_632' title='bbox 2859 3605 3124 3662; x_wconf 66' lang='lat' dir='ltr'><strong>aeternam,</strong></span> <span class='ocrx_word' id='word_1_633' title='bbox 3155 3603 3202 3650; x_wconf 90' lang='lat' dir='ltr'><strong>et</strong></span> <span class='ocrx_word' id='word_1_634' title='bbox 3231 3597 3284 3648; x_wconf 87' lang='lat' dir='ltr'><strong>hi</strong></span> <span class='ocrx_word' id='word_1_635' title='bbox 3312 3597 3364 3649; x_wconf 91' lang='lat' dir='ltr'><strong>in</strong></span> <span class='ocrx_word' id='word_1_636' title='bbox 3391 3595 3726 3666; x_wconf 81' lang='lat' dir='ltr'><strong>opprobrium</strong></span> <span class='ocrx_word' id='word_1_637' title='bbox 3755 3601 3800 3646; x_wconf 88' lang='lat' dir='ltr'><strong>et</strong></span> <span class='ocrx_word' id='word_1_638' title='bbox 3827 3590 3876 3644; x_wconf 85' lang='lat' dir='ltr'><strong>in</strong></span> 
     </span>
    </p>
   </div>
   <div class='ocr_carea' id='block_1_82' title="bbox 2281 3685 3876 3758">
    <p class='ocr_par' dir='ltr' id='par_1_82' title="bbox 2281 3685 3876 3758">
     <span class='ocr_line' id='line_1_82' title="bbox 2281 3685 3876 3758; baseline -0.004 -17"><span class='ocrx_word' id='word_1_639' title='bbox 2281 3688 2636 3758; x_wconf 82' lang='lat' dir='ltr'><strong>confusionem</strong></span> <span class='ocrx_word' id='word_1_640' title='bbox 2660 3698 2906 3743; x_wconf 65' lang='lat' dir='ltr'><strong>aeternam</strong></span> <span class='ocrx_word' id='word_1_641' title='bbox 2931 3687 3099 3758; x_wconf 85' lang='lat' dir='ltr'><strong>(Dan.</strong></span> <span class='ocrx_word' id='word_1_642' title='bbox 3127 3703 3230 3752; x_wconf 85' lang='lat' dir='ltr'><strong>xu,</strong></span> <span class='ocrx_word' id='word_1_643' title='bbox 3261 3687 3344 3756; x_wconf 71' lang='lat'><strong>2);</strong></span> <span class='ocrx_word' id='word_1_644' title='bbox 3374 3698 3430 3741; x_wconf 89' lang='lat' dir='ltr'><strong>et</strong></span> <span class='ocrx_word' id='word_1_645' title='bbox 3466 3704 3481 3741; x_wconf 90' lang='lat'><strong>:</strong></span> <span class='ocrx_word' id='word_1_646' title='bbox 3524 3685 3876 3758; x_wconf 73' lang='lat' dir='ltr'><strong>Intelligentes</strong></span> 
     </span>
    </p>
   </div>
   <div class='ocr_carea' id='block_1_83' title="bbox 2281 3777 3872 3855">
    <p class='ocr_par' dir='ltr' id='par_1_83' title="bbox 2281 3777 3872 3855">
     <span class='ocr_line' id='line_1_83' title="bbox 2281 3777 3872 3855; baseline -0.006 -18"><span class='ocrx_word' id='word_1_647' title='bbox 2281 3782 2550 3855; x_wconf 80' lang='lat' dir='ltr'><strong>fulgebunt</strong></span> <span class='ocrx_word' id='word_1_648' title='bbox 2597 3784 2732 3837; x_wconf 83' lang='lat' dir='ltr'><strong>sicut</strong></span> <span class='ocrx_word' id='word_1_649' title='bbox 2783 3783 3032 3854; x_wconf 84' lang='lat' dir='ltr'><strong>splendor</strong></span> <span class='ocrx_word' id='word_1_650' title='bbox 3067 3780 3402 3852; x_wconf 76' lang='lat' dir='ltr'><strong>ﬁrmamenti.</strong></span> <span class='ocrx_word' id='word_1_651' title='bbox 3459 3779 3522 3834; x_wconf 87' lang='lat' dir='ltr'><strong>Et</strong></span> <span class='ocrx_word' id='word_1_652' title='bbox 3567 3779 3640 3835; x_wconf 89' lang='lat' dir='ltr'><strong>de</strong></span> <span class='ocrx_word' id='word_1_653' title='bbox 3677 3777 3872 3850; x_wconf 69' lang='lat' dir='ltr'><strong>jUSliSZ</strong></span> 
     </span>
    </p>
   </div>
   <div class='ocr_carea' id='block_1_84' title="bbox 2285 3865 3876 3945">
    <p class='ocr_par' dir='ltr' id='par_1_84' title="bbox 2285 3865 3876 3945">
     <span class='ocr_line' id='line_1_84' title="bbox 2285 3865 3876 3945; baseline -0.006 -16"><span class='ocrx_word' id='word_1_654' title='bbox 2285 3874 2442 3929; x_wconf 76' lang='lat' dir='ltr'><strong>Multi</strong></span> <span class='ocrx_word' id='word_1_655' title='bbox 2473 3876 2604 3928; x_wconf 88' lang='lat' dir='ltr'><strong>sicut</strong></span> <span class='ocrx_word' id='word_1_656' title='bbox 2626 3873 2792 3929; x_wconf 68' lang='lat' dir='ltr'><strong>stella!</strong></span> <span class='ocrx_word' id='word_1_657' title='bbox 2810 3877 2862 3927; x_wconf 87' lang='lat' dir='ltr'><strong>in</strong></span> <span class='ocrx_word' id='word_1_658' title='bbox 2883 3874 3274 3945; x_wconf 86' lang='lat' dir='ltr'><strong>sempiternum.</strong></span> <span class='ocrx_word' id='word_1_659' title='bbox 3303 3869 3491 3935; x_wconf 80' lang='lat' dir='ltr'><strong>Neque</strong></span> <span class='ocrx_word' id='word_1_660' title='bbox 3512 3873 3662 3924; x_wconf 87' lang='lat' dir='ltr'><strong>enim</strong></span> <span class='ocrx_word' id='word_1_661' title='bbox 3697 3870 3750 3924; x_wconf 90' lang='lat' dir='ltr'><strong>in</strong></span> <span class='ocrx_word' id='word_1_662' title='bbox 3772 3865 3876 3923; x_wconf 85' lang='lat' dir='ltr'><strong>sole</strong></span> 
     </span>
    </p>
   </div>
   <div class='ocr_carea' id='block_1_85' title="bbox 2283 3956 3878 4032">
    <p class='ocr_par' dir='ltr' id='par_1_85' title="bbox 2283 3956 3878 4032">
     <span class='ocr_line' id='line_1_85' title="bbox 2283 3956 3878 4032; baseline -0.007 -9"><span class='ocrx_word' id='word_1_663' title='bbox 2283 3978 2339 4024; x_wconf 90' lang='lat' dir='ltr'><strong>et</strong></span> <span class='ocrx_word' id='word_1_664' title='bbox 2387 3968 2536 4032; x_wconf 88' lang='lat' dir='ltr'><strong>luna,</strong></span> <span class='ocrx_word' id='word_1_665' title='bbox 2587 3967 2934 4020; x_wconf 86' lang='lat' dir='ltr'><strong>firmamento</strong></span> <span class='ocrx_word' id='word_1_666' title='bbox 2963 3975 3018 4017; x_wconf 89' lang='lat' dir='ltr'><strong>et</strong></span> <span class='ocrx_word' id='word_1_667' title='bbox 3043 3963 3252 4028; x_wconf 89' lang='lat' dir='ltr'><strong>stellis,</strong></span> <span class='ocrx_word' id='word_1_668' title='bbox 3303 3960 3652 4014; x_wconf 89' lang='lat' dir='ltr'><strong>circumcisio</strong></span> <span class='ocrx_word' id='word_1_669' title='bbox 3683 3956 3878 4030; x_wconf 86' lang='lat' dir='ltr'><strong>aliquid</strong></span> 
     </span>
    </p>
   </div>
   <div class='ocr_carea' id='block_1_86' title="bbox 2283 4052 3880 4128">
    <p class='ocr_par' dir='ltr' id='par_1_86' title="bbox 2283 4052 3880 4128">
     <span class='ocr_line' id='line_1_86' title="bbox 2283 4052 3880 4128; baseline -0.007 -14"><span class='ocrx_word' id='word_1_670' title='bbox 2283 4061 2451 4128; x_wconf 87' lang='lat' dir='ltr'><strong>valet,</strong></span> <span class='ocrx_word' id='word_1_671' title='bbox 2480 4071 2573 4114; x_wconf 89' lang='lat' dir='ltr'><strong>aut</strong></span> <span class='ocrx_word' id='word_1_672' title='bbox 2605 4057 2928 4128; x_wconf 70' lang='lat' dir='ltr'><strong>pi-wputium</strong></span> <span class='ocrx_word' id='word_1_673' title='bbox 2953 4075 2966 4111; x_wconf 90' lang='lat'><strong>:</strong></span> <span class='ocrx_word' id='word_1_674' title='bbox 2995 4057 3090 4111; x_wconf 89' lang='lat' dir='ltr'><strong>sed</strong></span> <span class='ocrx_word' id='word_1_675' title='bbox 3121 4067 3203 4110; x_wconf 87' lang='lat' dir='ltr'><strong>est</strong></span> <span class='ocrx_word' id='word_1_676' title='bbox 3226 4068 3361 4109; x_wconf 83' lang='lat' dir='ltr'><strong>nova</strong></span> <span class='ocrx_word' id='word_1_677' title='bbox 3392 4052 3640 4108; x_wconf 88' lang='lat' dir='ltr'><strong>conditio</strong></span> <span class='ocrx_word' id='word_1_678' title='bbox 3662 4056 3782 4108; x_wconf 89' lang='lat' dir='ltr'><strong>sine</strong></span> <span class='ocrx_word' id='word_1_679' title='bbox 3804 4053 3880 4106; x_wconf 85' lang='lat' dir='ltr'><strong>his</strong></span> 
     </span>
    </p>
   </div>
   <div class='ocr_carea' id='block_1_87' title="bbox 2287 4144 3879 4224">
    <p class='ocr_par' dir='ltr' id='par_1_87' title="bbox 2287 4144 3879 4224">
     <span class='ocr_line' id='line_1_87' title="bbox 2287 4144 3879 4224; baseline -0.008 -16"><span class='ocrx_word' id='word_1_680' title='bbox 2287 4153 2532 4224; x_wconf 88' lang='lat' dir='ltr'><strong>partibus</strong></span> <span class='ocrx_word' id='word_1_681' title='bbox 2563 4166 2877 4219; x_wconf 84' lang='lat' dir='ltr'><strong>corporum,</strong></span> <span class='ocrx_word' id='word_1_682' title='bbox 2911 4165 3032 4218; x_wconf 80' lang='lat' dir='ltr'><strong>qua:</strong></span> <span class='ocrx_word' id='word_1_683' title='bbox 3069 4157 3301 4218; x_wconf 86' lang='lat' dir='ltr'><strong>possunt</strong></span> <span class='ocrx_word' id='word_1_684' title='bbox 3331 4144 3526 4199; x_wconf 87' lang='lat' dir='ltr'><strong>secari.</strong></span> <span class='ocrx_word' id='word_1_685' title='bbox 3550 4144 3629 4200; x_wconf 87' lang='lat' dir='ltr'><strong>lta</strong></span> <span class='ocrx_word' id='word_1_686' title='bbox 3652 4145 3811 4217; x_wconf 89' lang='lat' dir='ltr'><strong>igitur</strong></span> <span class='ocrx_word' id='word_1_687' title='bbox 3830 4148 3879 4198; x_wconf 85' lang='lat' dir='ltr'><strong>ct</strong></span> 
     </span>
    </p>
   </div>
   <div class='ocr_carea' id='block_1_88' title="bbox 2288 4237 3878 4316">
    <p class='ocr_par' dir='ltr' id='par_1_88' title="bbox 2288 4237 3878 4316">
     <span class='ocr_line' id='line_1_88' title="bbox 2288 4237 3878 4316; baseline -0.006 -14"><span class='ocrx_word' id='word_1_688' title='bbox 2288 4264 2386 4303; x_wconf 83' lang='lat' dir='ltr'><strong>nos</strong></span> <span class='ocrx_word' id='word_1_689' title='bbox 2433 4247 2529 4316; x_wconf 87' lang='lat' dir='ltr'><strong>qui</strong></span> <span class='ocrx_word' id='word_1_690' title='bbox 2577 4242 2854 4314; x_wconf 83' lang='lat' dir='ltr'><strong>diligimus</strong></span> <span class='ocrx_word' id='word_1_691' title='bbox 2885 4243 3084 4309; x_wconf 90' lang='lat' dir='ltr'><strong>Deum,</strong></span> <span class='ocrx_word' id='word_1_692' title='bbox 3132 4253 3185 4295; x_wconf 93' lang='lat' dir='ltr'><strong>et</strong></span> <span class='ocrx_word' id='word_1_693' title='bbox 3236 4249 3539 4312; x_wconf 71' lang='lat' dir='ltr'><strong>prmparata</strong></span> <span class='ocrx_word' id='word_1_694' title='bbox 3570 4250 3700 4295; x_wconf 90' lang='lat' dir='ltr'><strong>sunt</strong></span> <span class='ocrx_word' id='word_1_695' title='bbox 3731 4237 3878 4294; x_wconf 89' lang='lat' dir='ltr'><strong>nobis</strong></span> 
     </span>
    </p>
   </div>
   <div class='ocr_carea' id='block_1_89' title="bbox 2287 4333 3878 4410">
    <p class='ocr_par' dir='ltr' id='par_1_89' title="bbox 2287 4333 3878 4410">
     <span class='ocr_line' id='line_1_89' title="bbox 2287 4333 3878 4410; baseline -0.007 -14"><span class='ocrx_word' id='word_1_696' title='bbox 2287 4358 2409 4410; x_wconf 66' lang='lat' dir='ltr'><strong>quae</strong></span> <span class='ocrx_word' id='word_1_697' title='bbox 2437 4355 2544 4396; x_wconf 89' lang='lat' dir='ltr'><strong>nec</strong></span> <span class='ocrx_word' id='word_1_698' title='bbox 2576 4338 2770 4395; x_wconf 90' lang='lat' dir='ltr'><strong>oculus</strong></span> <span class='ocrx_word' id='word_1_699' title='bbox 2795 4337 2956 4400; x_wconf 91' lang='lat' dir='ltr'><strong>vidit,</strong></span> <span class='ocrx_word' id='word_1_700' title='bbox 2987 4351 3087 4390; x_wconf 90' lang='lat' dir='ltr'><strong>nec</strong></span> <span class='ocrx_word' id='word_1_701' title='bbox 3129 4335 3278 4389; x_wconf 87' lang='lat' dir='ltr'><strong>auris</strong></span> <span class='ocrx_word' id='word_1_702' title='bbox 3320 4333 3548 4401; x_wconf 86' lang='lat' dir='ltr'><strong>audivit,</strong></span> <span class='ocrx_word' id='word_1_703' title='bbox 3581 4350 3683 4388; x_wconf 90' lang='lat' dir='ltr'><strong>nec</strong></span> <span class='ocrx_word' id='word_1_704' title='bbox 3707 4337 3762 4388; x_wconf 91' lang='lat' dir='ltr'><strong>in</strong></span> <span class='ocrx_word' id='word_1_705' title='bbox 3791 4345 3878 4387; x_wconf 88' lang='lat' dir='ltr'><strong>cor</strong></span> 
     </span>
    </p>
   </div>
   <div class='ocr_carea' id='block_1_90' title="bbox 2289 4425 3879 4501">
    <p class='ocr_par' dir='ltr' id='par_1_90' title="bbox 2289 4425 3879 4501">
     <span class='ocr_line' id='line_1_90' title="bbox 2289 4425 3879 4501; baseline -0.008 -12"><span class='ocrx_word' id='word_1_706' title='bbox 2289 4433 2524 4489; x_wconf 89' lang='lat' dir='ltr'><strong>hominis</strong></span> <span class='ocrx_word' id='word_1_707' title='bbox 2570 4430 2942 4485; x_wconf 88' lang='lat' dir='ltr'><strong>ascenderunt</strong></span> <span class='ocrx_word' id='word_1_708' title='bbox 2983 4428 3029 4501; x_wconf 86' lang='lat' dir='ltr'><strong>(l</strong></span> <span class='ocrx_word' id='word_1_709' title='bbox 3057 4425 3176 4482; x_wconf 87' lang='lat' dir='ltr'><strong>Cor.</strong></span> <span class='ocrx_word' id='word_1_710' title='bbox 3203 4428 3282 4498; x_wconf 88' lang='lat' dir='ltr'><strong>tt),</strong></span> <span class='ocrx_word' id='word_1_711' title='bbox 3312 4443 3434 4481; x_wconf 92' lang='lat' dir='ltr'><strong>cum</strong></span> <span class='ocrx_word' id='word_1_712' title='bbox 3464 4425 3534 4482; x_wconf 91' lang='lat' dir='ltr'><strong>de</strong></span> <span class='ocrx_word' id='word_1_713' title='bbox 3560 4426 3722 4499; x_wconf 77' lang='lat'><strong>533</strong></span> <span class='ocrx_word' id='word_1_714' title='bbox 3766 4439 3879 4480; x_wconf 87' lang='lat' dir='ltr'><strong>cor-</strong></span> 
     </span>
    </p>
   </div>
   <div class='ocr_carea' id='block_1_91' title="bbox 583 4509 3879 4597">
    <p class='ocr_par' dir='ltr' id='par_1_91' title="bbox 583 4509 3879 4597">
     <span class='ocr_line' id='line_1_91' title="bbox 583 4509 3879 4597; baseline -0.002 -22"><span class='ocrx_word' id='word_1_715' title='bbox 583 4518 1099 4576; x_wconf 83' lang='lat' dir='ltr'><strong>cruciﬁxitcarnetn</strong></span> <span class='ocrx_word' id='word_1_716' title='bbox 1131 4534 1286 4572; x_wconf 83' lang='lat' dir='ltr'><strong>suam</strong></span> <span class='ocrx_word' id='word_1_717' title='bbox 1310 4535 1433 4574; x_wconf 88' lang='lat' dir='ltr'><strong>cum</strong></span> <span class='ocrx_word' id='word_1_718' title='bbox 1454 4522 1603 4576; x_wconf 89' lang='lat' dir='ltr'><strong>vitiis</strong></span> <span class='ocrx_word' id='word_1_719' title='bbox 1630 4533 1684 4577; x_wconf 89' lang='lat' dir='ltr'><strong>et</strong></span> <span class='ocrx_word' id='word_1_720' title='bbox 1700 4528 2181 4597; x_wconf 77' lang='lat' dir='ltr'><strong>concupiscentiis,</strong></span> <span class='ocrx_word' id='word_1_721' title='bbox 2209 4509 2261 4568; x_wconf 76' lang='lat' dir='ltr'><strong>D</strong></span> <span class='ocrx_word' id='word_1_722' title='bbox 2290 4542 2432 4596; x_wconf 80' lang='lat' dir='ltr'><strong>pore</strong></span> <span class='ocrx_word' id='word_1_723' title='bbox 2445 4524 2770 4581; x_wconf 89' lang='lat' dir='ltr'><strong>humilitatis</strong></span> <span class='ocrx_word' id='word_1_724' title='bbox 2787 4521 3161 4578; x_wconf 78' lang='lat' dir='ltr'><strong>translormati</strong></span> <span class='ocrx_word' id='word_1_725' title='bbox 3191 4518 3450 4574; x_wconf 75' lang='lat' dir='ltr'><strong>fuerimus</strong></span> <span class='ocrx_word' id='word_1_726' title='bbox 3469 4519 3525 4573; x_wconf 88' lang='lat' dir='ltr'><strong>in</strong></span> <span class='ocrx_word' id='word_1_727' title='bbox 3547 4534 3748 4587; x_wconf 87' lang='lat' dir='ltr'><strong>corpus</strong></span> <span class='ocrx_word' id='word_1_728' title='bbox 3769 4518 3879 4584; x_wconf 81' lang='lat' dir='ltr'><strong>glu-</strong></span> 
     </span>
    </p>
   </div>
   <div class='ocr_carea' id='block_1_92' title="bbox 583 4611 2186 4692">
    <p class='ocr_par' dir='ltr' id='par_1_92' title="bbox 583 4611 2186 4692">
     <span class='ocr_line' id='line_1_92' title="bbox 583 4611 2186 4692; baseline 0.01 -29"><span class='ocrx_word' id='word_1_729' title='bbox 583 4611 677 4682; x_wconf 88' lang='lat' dir='ltr'><strong>qni</strong></span> <span class='ocrx_word' id='word_1_730' title='bbox 705 4621 950 4666; x_wconf 87' lang='lat' dir='ltr'><strong>mortuus</strong></span> <span class='ocrx_word' id='word_1_731' title='bbox 979 4622 1064 4666; x_wconf 88' lang='lat' dir='ltr'><strong>est</strong></span> <span class='ocrx_word' id='word_1_732' title='bbox 1095 4613 1320 4680; x_wconf 89' lang='lat' dir='ltr'><strong>mundo,</strong></span> <span class='ocrx_word' id='word_1_733' title='bbox 1354 4625 1407 4669; x_wconf 90' lang='lat' dir='ltr'><strong>et</strong></span> <span class='ocrx_word' id='word_1_734' title='bbox 1434 4631 1542 4669; x_wconf 90' lang='lat' dir='ltr'><strong>non</strong></span> <span class='ocrx_word' id='word_1_735' title='bbox 1561 4619 1964 4687; x_wconf 90' lang='lat' dir='ltr'><strong>contemplatur</strong></span> <span class='ocrx_word' id='word_1_736' title='bbox 1983 4636 2049 4676; x_wconf 91' lang='lat' dir='ltr'><strong>ea</strong></span> <span class='ocrx_word' id='word_1_737' title='bbox 2065 4639 2186 4692; x_wconf 76' lang='lat' dir='ltr'><strong>qua:</strong></span> 
     </span>
    </p>
   </div>
   <div class='ocr_carea' id='block_1_93' title="bbox 583 4705 2186 4774">
    <p class='ocr_par' dir='ltr' id='par_1_93' title="bbox 583 4705 2186 4774">
     <span class='ocr_line' id='line_1_93' title="bbox 583 4705 2186 4774; baseline 0.007 -13"><span class='ocrx_word' id='word_1_738' title='bbox 583 4705 861 4766; x_wconf 87' lang='lat' dir='ltr'><strong>videntur,</strong></span> <span class='ocrx_word' id='word_1_739' title='bbox 894 4707 990 4760; x_wconf 90' lang='lat' dir='ltr'><strong>sed</strong></span> <span class='ocrx_word' id='word_1_740' title='bbox 1023 4723 1142 4774; x_wconf 74' lang='lat' dir='ltr'><strong>quae</strong></span> <span class='ocrx_word' id='word_1_741' title='bbox 1184 4722 1292 4762; x_wconf 91' lang='lat' dir='ltr'><strong>non</strong></span> <span class='ocrx_word' id='word_1_742' title='bbox 1339 4709 1636 4764; x_wconf 85' lang='lat' dir='ltr'><strong>videntur:</strong></span> <span class='ocrx_word' id='word_1_743' title='bbox 1683 4712 1877 4768; x_wconf 91' lang='lat' dir='ltr'><strong>videns</strong></span> <span class='ocrx_word' id='word_1_744' title='bbox 1924 4717 2186 4773; x_wconf 88' lang='lat' dir='ltr'><strong>nmndum</strong></span> 
     </span>
    </p>
   </div>
   <div class='ocr_carea' id='block_1_94' title="bbox 582 4800 2187 4880">
    <p class='ocr_par' dir='ltr' id='par_1_94' title="bbox 582 4800 2187 4880">
     <span class='ocr_line' id='line_1_94' title="bbox 582 4800 2187 4880; baseline 0.005 -24"><span class='ocrx_word' id='word_1_745' title='bbox 582 4800 930 4862; x_wconf 83' lang='lat' dir='ltr'><strong>cruciﬁxum,</strong></span> <span class='ocrx_word' id='word_1_746' title='bbox 964 4811 1020 4854; x_wconf 91' lang='lat' dir='ltr'><strong>et</strong></span> <span class='ocrx_word' id='word_1_747' title='bbox 1064 4808 1438 4856; x_wconf 88' lang='lat' dir='ltr'><strong>transeuntem</strong></span> <span class='ocrx_word' id='word_1_748' title='bbox 1472 4804 1699 4870; x_wconf 87' lang='lat' dir='ltr'><strong>ligoratn</strong></span> <span class='ocrx_word' id='word_1_749' title='bbox 1739 4806 1881 4872; x_wconf 84' lang='lat' dir='ltr'><strong>ejus.</strong></span> <span class='ocrx_word' id='word_1_750' title='bbox 1912 4806 2187 4880; x_wconf 86' lang='lat' dir='ltr'><strong>Crucifigi-</strong></span> 
     </span>
    </p>
   </div>
   <div class='ocr_carea' id='block_1_95' title="bbox 587 4895 2186 4965">
    <p class='ocr_par' dir='ltr' id='par_1_95' title="bbox 587 4895 2186 4965">
     <span class='ocr_line' id='line_1_95' title="bbox 587 4895 2186 4965; baseline 0.003 -18"><span class='ocrx_word' id='word_1_751' title='bbox 587 4906 674 4948; x_wconf 93' lang='lat' dir='ltr'><strong>tur</strong></span> <span class='ocrx_word' id='word_1_752' title='bbox 721 4905 901 4947; x_wconf 79' lang='lat' dir='ltr'><strong>autent</strong></span> <span class='ocrx_word' id='word_1_753' title='bbox 929 4895 1081 4962; x_wconf 86' lang='lat' dir='ltr'><strong>justo</strong></span> <span class='ocrx_word' id='word_1_754' title='bbox 1113 4897 1353 4949; x_wconf 84' lang='lat' dir='ltr'><strong>mundus</strong></span> <span class='ocrx_word' id='word_1_755' title='bbox 1385 4896 1494 4960; x_wconf 84' lang='lat' dir='ltr'><strong>ille,</strong></span> <span class='ocrx_word' id='word_1_756' title='bbox 1527 4896 1596 4949; x_wconf 82' lang='lat' dir='ltr'><strong>de</strong></span> <span class='ocrx_word' id='word_1_757' title='bbox 1644 4914 1753 4965; x_wconf 90' lang='lat' dir='ltr'><strong>quo</strong></span> <span class='ocrx_word' id='word_1_758' title='bbox 1781 4900 2036 4956; x_wconf 84' lang='lat' dir='ltr'><strong>Salvator</strong></span> <span class='ocrx_word' id='word_1_759' title='bbox 2065 4903 2138 4958; x_wconf 81' lang='lat' dir='ltr'><strong>ait</strong></span> <span class='ocrx_word' id='word_1_760' title='bbox 2173 4922 2186 4959; x_wconf 75' lang='grc' dir='ltr'>ε</span> 
     </span>
    </p>
   </div>
   <div class='ocr_carea' id='block_1_96' title="bbox 584 4984 2193 5066">
    <p class='ocr_par' dir='ltr' id='par_1_96' title="bbox 584 4984 2193 5066">
     <span class='ocr_line' id='line_1_96' title="bbox 584 4984 2193 5066; baseline 0.004 -23"><span class='ocrx_word' id='word_1_761' title='bbox 584 4986 700 5056; x_wconf 77' lang='lat' dir='ltr'><strong>Ego</strong></span> <span class='ocrx_word' id='word_1_762' title='bbox 725 4988 823 5040; x_wconf 79' lang='lat' dir='ltr'><strong>cici</strong></span> <span class='ocrx_word' id='word_1_763' title='bbox 854 4987 1099 5040; x_wconf 87' lang='lat' dir='ltr'><strong>mundum</strong></span> <span class='ocrx_word' id='word_1_764' title='bbox 1133 4984 1312 5054; x_wconf 76' lang='lat' dir='ltr'><strong>(lauit.</strong></span> <span class='ocrx_word' id='word_1_765' title='bbox 1340 5003 1450 5049; x_wconf 65' lang='grc' dir='ltr'>λιιι.</span> <span class='ocrx_word' id='word_1_766' title='bbox 1485 4987 1598 5057; x_wconf 71' lang='grc'><strong>55).</strong></span> <span class='ocrx_word' id='word_1_767' title='bbox 1626 4989 1694 5044; x_wconf 88' lang='grc' dir='ltr'>Ει</span> <span class='ocrx_word' id='word_1_768' title='bbox 1724 5008 1736 5043; x_wconf 91' lang='lat'>:</span> <span class='ocrx_word' id='word_1_769' title='bbox 1773 4990 1952 5047; x_wconf 71' lang='lat' dir='ltr'><strong>Nolite</strong></span> <span class='ocrx_word' id='word_1_770' title='bbox 1977 4994 2193 5066; x_wconf 78' lang='lat' dir='ltr'><strong>diligere</strong></span> 
     </span>
    </p>
   </div>
   <div class='ocr_carea' id='block_1_97' title="bbox 583 5075 2192 5149">
    <p class='ocr_par' dir='ltr' id='par_1_97' title="bbox 583 5075 2192 5149">
     <span class='ocr_line' id='line_1_97' title="bbox 583 5075 2192 5149; baseline 0.004 -18"><span class='ocrx_word' id='word_1_771' title='bbox 583 5079 854 5132; x_wconf 86' lang='lat' dir='ltr'><strong>mundum.</strong></span> <span class='ocrx_word' id='word_1_772' title='bbox 890 5079 958 5131; x_wconf 79' lang='grc' dir='ltr'>Ει</span> <span class='ocrx_word' id='word_1_773' title='bbox 986 5096 997 5133; x_wconf 88' lang='grc'>;</span> <span class='ocrx_word' id='word_1_774' title='bbox 1048 5075 1174 5130; x_wconf 85' lang='lat' dir='ltr'><strong>Non</strong></span> <span class='ocrx_word' id='word_1_775' title='bbox 1215 5081 1485 5148; x_wconf 78' lang='lat' dir='ltr'><strong>accepistis</strong></span> <span class='ocrx_word' id='word_1_776' title='bbox 1513 5083 1750 5149; x_wconf 77' lang='lat' dir='ltr'><strong>spiritum</strong></span> <span class='ocrx_word' id='word_1_777' title='bbox 1777 5100 1804 5135; x_wconf 92' lang='lat' dir='ltr'><strong>e</strong></span> <span class='ocrx_word' id='word_1_778' title='bbox 1834 5086 2046 5139; x_wconf 88' lang='lat' dir='ltr'><strong>mundo.</strong></span> <span class='ocrx_word' id='word_1_779' title='bbox 2091 5089 2192 5140; x_wconf 81' lang='lat' dir='ltr'><strong>Cui</strong></span> 
     </span>
    </p>
   </div>
   <div class='ocr_carea' id='block_1_98' title="bbox 586 5170 2190 5231">
    <p class='ocr_par' dir='ltr' id='par_1_98' title="bbox 586 5170 2190 5231">
     <span class='ocr_line' id='line_1_98' title="bbox 586 5170 2190 5231; baseline 0.007 -11"><span class='ocrx_word' id='word_1_780' title='bbox 586 5172 881 5224; x_wconf 73' lang='lat' dir='ltr'><strong>cruciﬁxus</strong></span> <span class='ocrx_word' id='word_1_781' title='bbox 903 5180 987 5223; x_wconf 87' lang='lat' dir='ltr'><strong>est</strong></span> <span class='ocrx_word' id='word_1_782' title='bbox 1015 5170 1272 5230; x_wconf 89' lang='lat' dir='ltr'><strong>mundus,</strong></span> <span class='ocrx_word' id='word_1_783' title='bbox 1306 5172 1432 5224; x_wconf 85' lang='lat' dir='ltr'><strong>huic</strong></span> <span class='ocrx_word' id='word_1_784' title='bbox 1461 5172 1694 5227; x_wconf 90' lang='lat' dir='ltr'><strong>mundus</strong></span> <span class='ocrx_word' id='word_1_785' title='bbox 1723 5181 1778 5228; x_wconf 89' lang='lat' dir='ltr'><strong>et</strong></span> <span class='ocrx_word' id='word_1_786' title='bbox 1802 5190 2054 5230; x_wconf 89' lang='lat' dir='ltr'><strong>mortuus</strong></span> <span class='ocrx_word' id='word_1_787' title='bbox 2072 5190 2152 5231; x_wconf 92' lang='lat' dir='ltr'><strong>est</strong></span> <span class='ocrx_word' id='word_1_788' title='bbox 2177 5196 2190 5231; x_wconf 86' lang='lat'><strong>:</strong></span> 
     </span>
    </p>
   </div>
   <div class='ocr_carea' id='block_1_99' title="bbox 585 5259 2192 5338">
    <p class='ocr_par' dir='ltr' id='par_1_99' title="bbox 585 5259 2192 5338">
     <span class='ocr_line' id='line_1_99' title="bbox 585 5259 2192 5338; baseline 0.01 -28"><span class='ocrx_word' id='word_1_789' title='bbox 585 5284 631 5310; x_wconf 66' lang='grc' dir='ltr'><strong>οη</strong></span> <span class='ocrx_word' id='word_1_790' title='bbox 666 5262 775 5325; x_wconf 77' lang='lat' dir='ltr'><strong>jam</strong></span> <span class='ocrx_word' id='word_1_791' title='bbox 807 5259 858 5313; x_wconf 88' lang='lat' dir='ltr'><strong>ei</strong></span> <span class='ocrx_word' id='word_1_792' title='bbox 890 5261 1038 5313; x_wconf 89' lang='lat' dir='ltr'><strong>venit</strong></span> <span class='ocrx_word' id='word_1_793' title='bbox 1061 5260 1246 5314; x_wconf 87' lang='lat' dir='ltr'><strong>mundi</strong></span> <span class='ocrx_word' id='word_1_794' title='bbox 1276 5265 1694 5331; x_wconf 82' lang='lat' dir='ltr'><strong>Consummatio,</strong></span> <span class='ocrx_word' id='word_1_795' title='bbox 1739 5275 1794 5320; x_wconf 92' lang='lat' dir='ltr'><strong>et</strong></span> <span class='ocrx_word' id='word_1_796' title='bbox 1838 5267 2033 5338; x_wconf 65' lang='lat' dir='ltr'><strong>dignus</strong></span> <span class='ocrx_word' id='word_1_797' title='bbox 2059 5269 2192 5326; x_wconf 70' lang='lat' dir='ltr'><strong>elle-</strong></span> 
     </span>
    </p>
   </div>
   <div class='ocr_carea' id='block_1_100' title="bbox 583 5353 2186 5430">
    <p class='ocr_par' dir='ltr' id='par_1_100' title="bbox 583 5353 2186 5430">
     <span class='ocr_line' id='line_1_100' title="bbox 583 5353 2186 5430; baseline 0.005 -22"><span class='ocrx_word' id='word_1_798' title='bbox 583 5371 704 5408; x_wconf 43' lang='lat' dir='ltr'><strong>ttu-s</strong></span> <span class='ocrx_word' id='word_1_799' title='bbox 749 5369 890 5408; x_wconf 88' lang='lat' dir='ltr'><strong>novo</strong></span> <span class='ocrx_word' id='word_1_800' title='bbox 918 5353 1078 5422; x_wconf 74' lang='lat' dir='ltr'><strong>cmlo,</strong></span> <span class='ocrx_word' id='word_1_801' title='bbox 1105 5364 1160 5408; x_wconf 89' lang='lat' dir='ltr'><strong>et</strong></span> <span class='ocrx_word' id='word_1_802' title='bbox 1190 5369 1329 5409; x_wconf 90' lang='lat' dir='ltr'><strong>nova</strong></span> <span class='ocrx_word' id='word_1_803' title='bbox 1358 5364 1525 5420; x_wconf 87' lang='lat' dir='ltr'><strong>terra,</strong></span> <span class='ocrx_word' id='word_1_804' title='bbox 1556 5365 1613 5410; x_wconf 90' lang='lat' dir='ltr'><strong>et</strong></span> <span class='ocrx_word' id='word_1_805' title='bbox 1642 5373 1782 5414; x_wconf 91' lang='lat' dir='ltr'><strong>novo</strong></span> <span class='ocrx_word' id='word_1_806' title='bbox 1811 5359 2186 5430; x_wconf 89' lang='lat' dir='ltr'><strong>Testamento,</strong></span> 
     </span>
    </p>
   </div>
   <div class='ocr_carea' id='block_1_101' title="bbox 659 5513 2186 5588">
    <p class='ocr_par' dir='ltr' id='par_1_101' title="bbox 659 5513 2186 5588">
     <span class='ocr_line' id='line_1_101' title="bbox 659 5513 2186 5588; baseline 0.009 -20"><span class='ocrx_word' id='word_1_807' title='bbox 659 5523 686 5551; x_wconf 79' lang='grc' dir='ltr'><strong>ι</strong></span> <span class='ocrx_word' id='word_1_808' title='bbox 726 5513 968 5584; x_wconf 85' lang='lat' dir='ltr'><strong>Negandi</strong></span> <span class='ocrx_word' id='word_1_809' title='bbox 1022 5513 1374 5588; x_wconf 82' lang='lat' dir='ltr'><strong>particulam,</strong></span> <span class='ocrx_word' id='word_1_810' title='bbox 1424 5532 1586 5588; x_wconf 90' lang='lat' dir='ltr'><strong>quam</strong></span> <span class='ocrx_word' id='word_1_811' title='bbox 1635 5528 1822 5576; x_wconf 85' lang='lat' dir='ltr'><strong>tamen</strong></span> <span class='ocrx_word' id='word_1_812' title='bbox 1862 5529 1918 5576; x_wconf 92' lang='lat' dir='ltr'><strong>et</strong></span> <span class='ocrx_word' id='word_1_813' title='bbox 1960 5521 2186 5582; x_wconf 66' lang='lat' dir='ltr'><strong>Graecus</strong></span> 
     </span>
    </p>
   </div>
   <div class='ocr_carea' id='block_1_102' title="bbox 586 5585 1779 5657">
    <p class='ocr_par' dir='ltr' id='par_1_102' title="bbox 586 5585 1779 5657">
     <span class='ocr_line' id='line_1_102' title="bbox 586 5585 1779 5657; baseline 0.011 -25"><span class='ocrx_word' id='word_1_814' title='bbox 586 5589 784 5657; x_wconf 61' lang='lat' dir='ltr'><strong>proluit</strong></span> <span class='ocrx_word' id='word_1_815' title='bbox 813 5594 1008 5648; x_wconf 85' lang='lat' dir='ltr'><strong>textus,</strong></span> <span class='ocrx_word' id='word_1_816' title='bbox 1044 5587 1214 5639; x_wconf 81' lang='lat' dir='ltr'><strong>nostri</strong></span> <span class='ocrx_word' id='word_1_817' title='bbox 1247 5585 1333 5641; x_wconf 89' lang='lat' dir='ltr'><strong>hic</strong></span> <span class='ocrx_word' id='word_1_818' title='bbox 1364 5585 1617 5657; x_wconf 79' lang='lat' dir='ltr'><strong>ignorant</strong></span> <span class='ocrx_word' id='word_1_819' title='bbox 1647 5607 1779 5645; x_wconf 86' lang='lat' dir='ltr'><strong>mss.</strong></span> 
     </span>
    </p>
   </div>
   <div class='ocr_carea' id='block_1_103' title="bbox 660 5651 2183 5726">
    <p class='ocr_par' dir='ltr' id='par_1_103' title="bbox 660 5651 2183 5726">
     <span class='ocr_line' id='line_1_103' title="bbox 660 5651 2183 5726; baseline 0.008 -17"><span class='ocrx_word' id='word_1_820' title='bbox 660 5651 693 5694; x_wconf 71' lang='grc' dir='ltr'>δ</span> <span class='ocrx_word' id='word_1_821' title='bbox 717 5655 894 5709; x_wconf 85' lang='lat' dir='ltr'><strong>Nostri</strong></span> <span class='ocrx_word' id='word_1_822' title='bbox 925 5672 1053 5710; x_wconf 91' lang='lat' dir='ltr'><strong>mss.</strong></span> <span class='ocrx_word' id='word_1_823' title='bbox 1068 5697 1081 5716; x_wconf 88' lang='lat'><strong>,</strong></span> <span class='ocrx_word' id='word_1_824' title='bbox 1099 5658 1186 5720; x_wconf 89' lang='lat' dir='ltr'><strong>qui</strong></span> <span class='ocrx_word' id='word_1_825' title='bbox 1205 5651 1673 5726; x_wconf 66' lang='lat' dir='ltr'><strong>circumciduntur;</strong></span> <span class='ocrx_word' id='word_1_826' title='bbox 1691 5665 1906 5717; x_wconf 90' lang='lat' dir='ltr'><strong>variant</strong></span> <span class='ocrx_word' id='word_1_827' title='bbox 1923 5673 1978 5718; x_wconf 92' lang='lat' dir='ltr'><strong>et</strong></span> <span class='ocrx_word' id='word_1_828' title='bbox 1993 5663 2183 5723; x_wconf 69' lang='lat' dir='ltr'><strong>Graeca</strong></span> 
     </span>
    </p>
   </div>
   <div class='ocr_carea' id='block_1_104' title="bbox 583 5726 2181 5816">
    <p class='ocr_par' dir='ltr' id='par_1_104' title="bbox 583 5726 2181 5816">
     <span class='ocr_line' id='line_1_104' title="bbox 583 5726 2181 5816; baseline 0.009 -32"><span class='ocrx_word' id='word_1_829' title='bbox 583 5726 940 5796; x_wconf 47' lang='lat' dir='ltr'><strong>“emplaria,</strong></span> <span class='ocrx_word' id='word_1_830' title='bbox 971 5741 1208 5797; x_wconf 84' lang='lat' dir='ltr'><strong>quorum</strong></span> <span class='ocrx_word' id='word_1_831' title='bbox 1249 5729 1356 5791; x_wconf 79' lang='lat' dir='ltr'><strong>alta</strong></span> <span class='ocrx_word' id='word_1_832' title='bbox 1395 5734 1805 5811; x_wconf 68' lang='grc' dir='ltr'><strong>περιτεμνόμενοι</strong></span> <span class='ocrx_word' id='word_1_833' title='bbox 1829 5775 1846 5806; x_wconf 82' lang='grc'><em>,</em></span> <span class='ocrx_word' id='word_1_834' title='bbox 1878 5734 1984 5795; x_wconf 81' lang='lat' dir='ltr'><strong>alia</strong></span> <span class='ocrx_word' id='word_1_835' title='bbox 2028 5755 2181 5816; x_wconf 73' lang='lat' dir='ltr'><strong>mps-</strong></span> 
     </span>
    </p>
   </div>
   <div class='ocr_carea' id='block_1_105' title="bbox 616 5890 862 5917">
    <p class='ocr_par' dir='ltr' id='par_1_105' title="bbox 616 5890 862 5917">
     <span class='ocr_line' id='line_1_105' title="bbox 616 5890 862 5917; baseline 0.004 -8"><span class='ocrx_word' id='word_1_836' title='bbox 616 5890 650 5909; x_wconf 78' lang='grc'><strong>⁵.</strong></span> <span class='ocrx_word' id='word_1_837' title='bbox 748 5898 862 5917; x_wconf 43' lang='grc' dir='ltr'><strong>...ν</strong></span> 
     </span>
    </p>
   </div>
   <div class='ocr_carea' id='block_1_106' title="bbox 2287 4612 3878 4682">
    <p class='ocr_par' dir='ltr' id='par_1_106' title="bbox 2287 4612 3878 4682">
     <span class='ocr_line' id='line_1_106' title="bbox 2287 4612 3878 4682; baseline -0.009 -5"><span class='ocrx_word' id='word_1_838' title='bbox 2287 4623 2384 4677; x_wconf 73' lang='lat' dir='ltr'><strong>rite</strong></span> <span class='ocrx_word' id='word_1_839' title='bbox 2419 4620 2630 4676; x_wconf 86' lang='lat' dir='ltr'><strong>Domini</strong></span> <span class='ocrx_word' id='word_1_840' title='bbox 2680 4617 2811 4673; x_wconf 90' lang='lat' dir='ltr'><strong>Jesu</strong></span> <span class='ocrx_word' id='word_1_841' title='bbox 2861 4614 3090 4682; x_wconf 86' lang='lat' dir='ltr'><strong>Christi,</strong></span> <span class='ocrx_word' id='word_1_842' title='bbox 3150 4613 3279 4669; x_wconf 89' lang='lat' dir='ltr'><strong>illud</strong></span> <span class='ocrx_word' id='word_1_843' title='bbox 3333 4612 3652 4668; x_wconf 87' lang='lat' dir='ltr'><strong>habebimus</strong></span> <span class='ocrx_word' id='word_1_844' title='bbox 3690 4623 3878 4679; x_wconf 91' lang='lat' dir='ltr'><strong>corpus</strong></span> 
     </span>
    </p>
   </div>
   <div class='ocr_carea' id='block_1_107' title="bbox 2287 4702 3878 4784">
    <p class='ocr_par' dir='ltr' id='par_1_107' title="bbox 2287 4702 3878 4784">
     <span class='ocr_line' id='line_1_107' title="bbox 2287 4702 3878 4784; baseline -0.008 -16"><span class='ocrx_word' id='word_1_845' title='bbox 2287 4713 2432 4784; x_wconf 91' lang='lat' dir='ltr'><strong>quod</strong></span> <span class='ocrx_word' id='word_1_846' title='bbox 2463 4728 2563 4768; x_wconf 90' lang='lat' dir='ltr'><strong>nec</strong></span> <span class='ocrx_word' id='word_1_847' title='bbox 2585 4712 2812 4766; x_wconf 71' lang='lat' dir='ltr'><strong>Judaeus</strong></span> <span class='ocrx_word' id='word_1_848' title='bbox 2849 4709 3022 4779; x_wconf 87' lang='lat' dir='ltr'><strong>possit</strong></span> <span class='ocrx_word' id='word_1_849' title='bbox 3056 4707 3316 4772; x_wconf 89' lang='lat' dir='ltr'><strong>incidere,</strong></span> <span class='ocrx_word' id='word_1_850' title='bbox 3347 4722 3443 4760; x_wconf 90' lang='lat' dir='ltr'><strong>nec</strong></span> <span class='ocrx_word' id='word_1_851' title='bbox 3471 4721 3591 4759; x_wconf 88' lang='lat' dir='ltr'><strong>cum</strong></span> <span class='ocrx_word' id='word_1_852' title='bbox 3623 4702 3878 4772; x_wconf 60' lang='lat' dir='ltr'><strong>praeputio</strong></span> 
     </span>
    </p>
   </div>
   <div class='ocr_carea' id='block_1_108' title="bbox 2288 4793 3874 4868">
    <p class='ocr_par' dir='ltr' id='par_1_108' title="bbox 2288 4793 3874 4868">
     <span class='ocr_line' id='line_1_108' title="bbox 2288 4793 3874 4868; baseline -0.011 -7"><span class='ocrx_word' id='word_1_853' title='bbox 2288 4805 2572 4861; x_wconf 79' lang='lat' dir='ltr'><strong>cuStodire</strong></span> <span class='ocrx_word' id='word_1_854' title='bbox 2589 4803 2841 4859; x_wconf 86' lang='lat' dir='ltr'><strong>Gentilis.</strong></span> <span class='ocrx_word' id='word_1_855' title='bbox 2865 4799 2984 4856; x_wconf 82' lang='lat' dir='ltr'><strong>Non</strong></span> <span class='ocrx_word' id='word_1_856' title='bbox 3015 4799 3160 4868; x_wconf 88' lang='lat' dir='ltr'><strong>qttod</strong></span> <span class='ocrx_word' id='word_1_857' title='bbox 3186 4797 3330 4851; x_wconf 81' lang='lat' dir='ltr'><strong>aliud</strong></span> <span class='ocrx_word' id='word_1_858' title='bbox 3346 4796 3504 4865; x_wconf 72' lang='lat' dir='ltr'><strong>quta</strong></span> <span class='ocrx_word' id='word_1_859' title='bbox 3528 4793 3874 4851; x_wconf 84' lang='lat' dir='ltr'><strong>substantiam</strong></span> 
     </span>
    </p>
   </div>
   <div class='ocr_carea' id='block_1_109' title="bbox 2291 4888 3875 4966">
    <p class='ocr_par' dir='ltr' id='par_1_109' title="bbox 2291 4888 3875 4966">
     <span class='ocr_line' id='line_1_109' title="bbox 2291 4888 3875 4966; baseline -0.009 -14"><span class='ocrx_word' id='word_1_860' title='bbox 2291 4901 2404 4952; x_wconf 91' lang='lat' dir='ltr'><strong>sit:</strong></span> <span class='ocrx_word' id='word_1_861' title='bbox 2440 4898 2534 4952; x_wconf 86' lang='lat' dir='ltr'><strong>sed</strong></span> <span class='ocrx_word' id='word_1_862' title='bbox 2562 4895 2706 4966; x_wconf 88' lang='lat' dir='ltr'><strong>quod</strong></span> <span class='ocrx_word' id='word_1_863' title='bbox 2733 4896 2886 4963; x_wconf 76' lang='lat' dir='ltr'><strong>juxta</strong></span> <span class='ocrx_word' id='word_1_864' title='bbox 2933 4893 3163 4963; x_wconf 81' lang='lat' dir='ltr'><strong>gloriam</strong></span> <span class='ocrx_word' id='word_1_865' title='bbox 3210 4896 3283 4945; x_wconf 84' lang='lat' dir='ltr'><strong>sit</strong></span> <span class='ocrx_word' id='word_1_866' title='bbox 3328 4889 3625 4945; x_wconf 72' lang='lat' dir='ltr'><strong>diversum.</strong></span> <span class='ocrx_word' id='word_1_867' title='bbox 3672 4888 3875 4960; x_wconf 86' lang='lat' dir='ltr'><strong>Oportet</strong></span> 
     </span>
    </p>
   </div>
   <div class='ocr_carea' id='block_1_110' title="bbox 2289 4983 3874 5053">
    <p class='ocr_par' dir='ltr' id='par_1_110' title="bbox 2289 4983 3874 5053">
     <span class='ocr_line' id='line_1_110' title="bbox 2289 4983 3874 5053; baseline -0.009 -8"><span class='ocrx_word' id='word_1_868' title='bbox 2289 4993 2423 5045; x_wconf 82' lang='lat' dir='ltr'><strong>enim</strong></span> <span class='ocrx_word' id='word_1_869' title='bbox 2452 4990 2667 5043; x_wconf 84' lang='lat' dir='ltr'><strong>mortale</strong></span> <span class='ocrx_word' id='word_1_870' title='bbox 2702 4989 2798 5042; x_wconf 86' lang='lat' dir='ltr'><strong>hoc</strong></span> <span class='ocrx_word' id='word_1_871' title='bbox 2824 4989 3036 5041; x_wconf 84' lang='lat' dir='ltr'><strong>induere</strong></span> <span class='ocrx_word' id='word_1_872' title='bbox 3061 4987 3526 5052; x_wconf 70' lang='lat' dir='ltr'><strong>immortalitatem,</strong></span> <span class='ocrx_word' id='word_1_873' title='bbox 3553 4995 3601 5039; x_wconf 82' lang='lat' dir='ltr'><strong>et</strong></span> <span class='ocrx_word' id='word_1_874' title='bbox 3627 4983 3874 5053; x_wconf 83' lang='lat' dir='ltr'><strong>corrupti-</strong></span> 
     </span>
    </p>
   </div>
   <div class='ocr_carea' id='block_1_111' title="bbox 2288 5070 3875 5150">
    <p class='ocr_par' dir='ltr' id='par_1_111' title="bbox 2288 5070 3875 5150">
     <span class='ocr_line' id='line_1_111' title="bbox 2288 5070 3875 5150; baseline -0.01 -10"><span class='ocrx_word' id='word_1_875' title='bbox 2288 5100 2407 5140; x_wconf 77' lang='lat' dir='ltr'><strong>vum</strong></span> <span class='ocrx_word' id='word_1_876' title='bbox 2431 5082 2530 5136; x_wconf 86' lang='lat' dir='ltr'><strong>hoc</strong></span> <span class='ocrx_word' id='word_1_877' title='bbox 2569 5081 2955 5150; x_wconf 85' lang='lat' dir='ltr'><strong>incorruptione</strong></span> <span class='ocrx_word' id='word_1_878' title='bbox 2983 5079 3155 5134; x_wconf 68' lang='lat' dir='ltr'><strong>vestiri</strong></span> <span class='ocrx_word' id='word_1_879' title='bbox 3203 5078 3250 5146; x_wconf 71' lang='grc' dir='ltr'><strong>(Ι</strong></span> <span class='ocrx_word' id='word_1_880' title='bbox 3302 5077 3420 5132; x_wconf 90' lang='lat' dir='ltr'><strong>Cor.</strong></span> <span class='ocrx_word' id='word_1_881' title='bbox 3478 5093 3567 5142; x_wconf 75' lang='lat' dir='ltr'><strong>xv,</strong></span> <span class='ocrx_word' id='word_1_882' title='bbox 3601 5075 3714 5147; x_wconf 82' lang='lat'><strong>5&#39;5).</strong></span> <span class='ocrx_word' id='word_1_883' title='bbox 3747 5070 3875 5128; x_wconf 85' lang='lat' dir='ltr'><strong>Huic</strong></span> 
     </span>
    </p>
   </div>
   <div class='ocr_carea' id='block_1_112' title="bbox 2288 5167 3874 5247">
    <p class='ocr_par' dir='ltr' id='par_1_112' title="bbox 2288 5167 3874 5247">
     <span class='ocr_line' id='line_1_112' title="bbox 2288 5167 3874 5247; baseline -0.007 -19"><span class='ocrx_word' id='word_1_884' title='bbox 2288 5177 2420 5247; x_wconf 89' lang='lat' dir='ltr'><strong>quid</strong></span> <span class='ocrx_word' id='word_1_885' title='bbox 2452 5175 2630 5228; x_wconf 86' lang='lat' dir='ltr'><strong>simile</strong></span> <span class='ocrx_word' id='word_1_886' title='bbox 2674 5184 2731 5227; x_wconf 91' lang='lat' dir='ltr'><strong>et</strong></span> <span class='ocrx_word' id='word_1_887' title='bbox 2777 5175 2970 5227; x_wconf 86' lang='lat' dir='ltr'><strong>beatus</strong></span> <span class='ocrx_word' id='word_1_888' title='bbox 2999 5171 3336 5242; x_wconf 83' lang='lat' dir='ltr'><strong>evangelista</strong></span> <span class='ocrx_word' id='word_1_889' title='bbox 3363 5169 3606 5225; x_wconf 62' lang='lat' dir='ltr'><strong>latntes</strong></span> <span class='ocrx_word' id='word_1_890' title='bbox 3641 5167 3874 5221; x_wconf 85' lang='lat' dir='ltr'><strong>sentiens</strong></span> 
     </span>
    </p>
   </div>
   <div class='ocr_carea' id='block_1_113' title="bbox 2289 5263 3873 5335">
    <p class='ocr_par' dir='ltr' id='par_1_113' title="bbox 2289 5263 3873 5335">
     <span class='ocr_line' id='line_1_113' title="bbox 2289 5263 3873 5335; baseline -0.011 -8"><span class='ocrx_word' id='word_1_891' title='bbox 2289 5281 2375 5327; x_wconf 91' lang='lat' dir='ltr'><strong>est</strong></span> <span class='ocrx_word' id='word_1_892' title='bbox 2395 5270 2607 5324; x_wconf 89' lang='lat' dir='ltr'><strong>locutus</strong></span> <span class='ocrx_word' id='word_1_893' title='bbox 2635 5285 2648 5321; x_wconf 89' lang='lat'><strong>:</strong></span> <span class='ocrx_word' id='word_1_894' title='bbox 2682 5267 3005 5335; x_wconf 81' lang='lat' dir='ltr'><strong>Charissitni,</strong></span> <span class='ocrx_word' id='word_1_895' title='bbox 3042 5282 3177 5320; x_wconf 85' lang='lat' dir='ltr'><strong>nunc</strong></span> <span class='ocrx_word' id='word_1_896' title='bbox 3207 5264 3305 5318; x_wconf 82' lang='lat' dir='ltr'><strong>Dei</strong></span> <span class='ocrx_word' id='word_1_897' title='bbox 3331 5263 3428 5332; x_wconf 79' lang='lat' dir='ltr'><strong>ﬁlii</strong></span> <span class='ocrx_word' id='word_1_898' title='bbox 3449 5279 3624 5315; x_wconf 82' lang='lat' dir='ltr'><strong>sumus</strong></span> <span class='ocrx_word' id='word_1_899' title='bbox 3651 5270 3735 5314; x_wconf 85' lang='lat' dir='ltr'><strong>:et</strong></span> <span class='ocrx_word' id='word_1_900' title='bbox 3763 5273 3873 5311; x_wconf 83' lang='lat' dir='ltr'><strong>nec-</strong></span> 
     </span>
    </p>
   </div>
   <div class='ocr_carea' id='block_1_114' title="bbox 2291 5347 3872 5433">
    <p class='ocr_par' dir='ltr' id='par_1_114' title="bbox 2291 5347 3872 5433">
     <span class='ocr_line' id='line_1_114' title="bbox 2291 5347 3872 5433; baseline -0.008 -17"><span class='ocrx_word' id='word_1_901' title='bbox 2291 5365 2414 5416; x_wconf 86' lang='lat' dir='ltr'><strong>tlum</strong></span> <span class='ocrx_word' id='word_1_902' title='bbox 2439 5363 2770 5433; x_wconf 83' lang='lat' dir='ltr'><strong>manifestum</strong></span> <span class='ocrx_word' id='word_1_903' title='bbox 2795 5370 2868 5416; x_wconf 85' lang='lat' dir='ltr'><strong>est</strong></span> <span class='ocrx_word' id='word_1_904' title='bbox 2891 5361 3014 5432; x_wconf 89' lang='lat' dir='ltr'><strong>quid</strong></span> <span class='ocrx_word' id='word_1_905' title='bbox 3037 5360 3202 5431; x_wconf 78' lang='lat' dir='ltr'><strong>futuri</strong></span> <span class='ocrx_word' id='word_1_906' title='bbox 3232 5360 3414 5414; x_wconf 87' lang='lat' dir='ltr'><strong>sintus.</strong></span> <span class='ocrx_word' id='word_1_907' title='bbox 3459 5355 3662 5412; x_wconf 83' lang='lat' dir='ltr'><strong>Scimus</strong></span> <span class='ocrx_word' id='word_1_908' title='bbox 3688 5352 3810 5422; x_wconf 88' lang='lat' dir='ltr'><strong>quia</strong></span> <span class='ocrx_word' id='word_1_909' title='bbox 3831 5347 3872 5403; x_wconf 81' lang='lat' dir='ltr'><strong>si</strong></span> 
     </span>
    </p>
   </div>
   <div class='ocr_carea' id='block_1_115' title="bbox 2293 5523 3422 5600">
    <p class='ocr_par' dir='ltr' id='par_1_115' title="bbox 2293 5523 3422 5600">
     <span class='ocr_line' id='line_1_115' title="bbox 2293 5523 3422 5600; baseline 0.013 -25"><span class='ocrx_word' id='word_1_910' title='bbox 2293 5527 2599 5600; x_wconf 56' lang='grc' dir='ltr'><strong>τετμημένος</strong></span> <span class='ocrx_word' id='word_1_911' title='bbox 2619 5523 2937 5600; x_wconf 69' lang='lat' dir='ltr'><strong>praeferunt.</strong></span> <span class='ocrx_word' id='word_1_912' title='bbox 3039 5592 3052 5600; x_wconf 79' lang='lat'>_</span> <span class='ocrx_word' id='word_1_913' title='bbox 3363 5598 3369 5600; x_wconf 23' lang='grc' dir='ltr'><em>Α</em></span> <span class='ocrx_word' id='word_1_914' title='bbox 3411 5591 3422 5600; x_wconf 72' lang='grc'><em>,</em></span> 
     </span>
    </p>
   </div>
   <div class='ocr_carea' id='block_1_116' title="bbox 2363 5581 3872 5666">
    <p class='ocr_par' dir='ltr' id='par_1_116' title="bbox 2363 5581 3872 5666">
     <span class='ocr_line' id='line_1_116' title="bbox 2363 5581 3872 5666; baseline -0.009 -15"><span class='ocrx_word' id='word_1_915' title='bbox 2363 5581 2394 5636; x_wconf 59' lang='grc' dir='ltr'><strong>ε’</strong></span> <span class='ocrx_word' id='word_1_916' title='bbox 2418 5581 2521 5650; x_wconf 56' lang='grc' dir='ltr'>ιδἰ-ιι</span> <span class='ocrx_word' id='word_1_917' title='bbox 2550 5581 2633 5650; x_wconf 69' lang='grc' dir='ltr'><em>αὔτ’</em></span> <span class='ocrx_word' id='word_1_918' title='bbox 2653 5598 2818 5651; x_wconf 86' lang='lat' dir='ltr'><strong>verbo</strong></span> <span class='ocrx_word' id='word_1_919' title='bbox 2841 5636 2856 5661; x_wconf 96' lang='lat'><strong>,</strong></span> <span class='ocrx_word' id='word_1_920' title='bbox 2911 5592 3053 5666; x_wconf 86' lang='lat' dir='ltr'><strong>quod</strong></span> <span class='ocrx_word' id='word_1_921' title='bbox 3086 5609 3216 5666; x_wconf 84' lang='lat' dir='ltr'><strong>mss.</strong></span> <span class='ocrx_word' id='word_1_922' title='bbox 3251 5591 3423 5666; x_wconf 81' lang='lat' dir='ltr'><strong>nostri</strong></span> <span class='ocrx_word' id='word_1_923' title='bbox 3453 5601 3645 5642; x_wconf 85' lang='lat' dir='ltr'><strong>omnes</strong></span> <span class='ocrx_word' id='word_1_924' title='bbox 3690 5581 3872 5666; x_wconf 69' lang='lat' dir='ltr'><strong>praele—</strong></span> 
     </span>
    </p>
   </div>
   <div class='ocr_carea' id='block_1_117' title="bbox 2287 5654 3870 5802">
    <p class='ocr_par' dir='ltr' id='par_1_117' title="bbox 2287 5654 3870 5802">
     <span class='ocr_line' id='line_1_117' title="bbox 2287 5654 3870 5802; baseline -0.009 -78"><span class='ocrx_word' id='word_1_925' title='bbox 2287 5680 2450 5802; x_wconf 58' lang='lat' dir='ltr'><strong>rt‘ilqt,</strong></span> <span class='ocrx_word' id='word_1_926' title='bbox 2489 5679 2675 5749; x_wconf 67' lang='grc' dir='ltr'><strong>⁸τιιιιθει</strong></span> <span class='ocrx_word' id='word_1_927' title='bbox 2736 5654 3014 5738; x_wconf 68' lang='grc' dir='ltr'>ινιςὲιιειίυι·</span> <span class='ocrx_word' id='word_1_928' title='bbox 3063 5665 3216 5735; x_wconf 79' lang='lat' dir='ltr'><strong>qitasi</strong></span> <span class='ocrx_word' id='word_1_929' title='bbox 3270 5663 3416 5718; x_wconf 86' lang='lat' dir='ltr'><strong>sacri</strong></span> <span class='ocrx_word' id='word_1_930' title='bbox 3479 5668 3654 5715; x_wconf 80' lang='lat' dir='ltr'><strong>textus</strong></span> <span class='ocrx_word' id='word_1_931' title='bbox 3713 5654 3870 5725; x_wconf 47' lang='lat' dir='ltr'><strong>partis</strong></span> 
     </span>
     <span class='ocr_line' id='line_1_118' title="bbox 2289 5749 2570 5802; baseline -0.025 -3"><span class='ocrx_word' id='word_1_932' title='bbox 2289 5754 2321 5802; x_wconf 67' lang='grc' dir='ltr'><strong>ο</strong></span> <span class='ocrx_word' id='word_1_933' title='bbox 2381 5754 2434 5802; x_wconf 79' lang='lat' dir='ltr'><strong>a,</strong></span> <span class='ocrx_word' id='word_1_934' title='bbox 2481 5749 2570 5794; x_wconf 86' lang='lat' dir='ltr'><strong>tta.</strong></span> 
     </span>
    </p>
   </div>
   <div class='ocr_carea' id='block_1_118' title="bbox 2289 5749 2570 5809">
    <p class='ocr_par' dir='ltr' id='par_1_118' title="bbox 2289 5749 2570 5809">
     <span class='ocr_line' id='line_1_119' title="bbox 2289 5749 2570 5809; baseline -0.021 -11"><span class='ocrx_word' id='word_1_935' title='bbox 2289 5749 2434 5809; x_wconf 78' lang='lat' dir='ltr'><strong>cuia,</strong></span> <span class='ocrx_word' id='word_1_936' title='bbox 2481 5749 2570 5794; x_wconf 86' lang='lat' dir='ltr'><strong>tta.</strong></span> 
     </span>
    </p>
   </div>
  </div>
