4046 6412
156 363 272 429 C37

668 366 1325 424 COMMENTARIORUM
1365 367 1432 424 IN
1476 367 1865 429 EPISTOLAM
1905 370 1998 426 AD
2041 372 2365 432 GALA'I‘AS
2404 376 2535 433 LIB.
2582 376 2671 431 ΙΙΙ.
2715 376 2869 434 CAP.
2914 378 3002 432 Vl.

3366 381 3473 438 458

161 486 558 557 manifestatur»:
582 485 764 553 fuerit,
790 485 987 539 similes
1012 486 1058 538 ei
1089 487 1284 540 erimus
1314 486 1479 559 :quia
1500 486 1785 543 videbimus
1811 491 1860 551 Α
1889 490 2129 561 veritati,
2159 494 2355 564 quaerit
2393 492 2521 564 quid
2553 492 2901 562 respondeat,
2933 501 2991 549 et
3012 494 3210 566 quibus
3238 497 3481 556 nitantur

167 595 287 634 eum
311 578 448 633 sicut
488 578 601 649 ipse
630 587 706 631 est
741 575 965 648 (lJoan.
998 593 1078 643 tn,
1107 576 1190 647 2).
1223 578 1358 646 Quia
1391 594 1523 650 ergo
1550 580 1781 635 necdum

169 671 585 730 manifestatum
617 669 726 744 [ΑΙ.
763 669 1138 744 manifestum]
1162 680 1250 726 est
1285 671 1421 728 illud
1447 688 1649 744 corpus
1668 673 1786 745 glo-

168 767 269 822 rite
291 765 423 822 Jesu
450 765 685 829 Christi,
717 764 864 835 quod
897 774 950 819 et
978 764 1206 835 vestigia
1238 766 1518 822 clavorum
1546 777 1666 838 post
1696 783 1783 824 re-

168 857 571 916 surrectionem
594 856 809 921 habuit,
836 864 892 913 et
914 857 1115 913 clausis
1134 856 1319 927 ianuis
1340 860 1782 932 estingressum:

172 965 276 1006 nos
304 950 396 1020 qui
427 950 541 1019 iam
588 964 735 1004 nunc
786 948 842 1003 in
888 949 1217 1019 baptismate
1243 949 1466 1007 Christo
1493 967 1788 1008 conresur-

172 1046 449 1109 reximus,
482 1045 534 1099 in
568 1058 767 1099 novum
797 1044 972 1098 renati
1003 1043 1309 1111 hominem,
1361 1060 1460 1100 nec
1502 1045 1787 1101 circumci-

177 1139 349 1208 sioui,
383 1152 487 1194 nec
515 1136 781 1208 praeputio
809 1135 1116 1192 serviamus
1149 1155 1164 1194 :
1198 1137 1295 1194 sed
1326 1137 1471 1208 quod
1502 1136 1672 1194 futuri
1694 1155 1787 1195 su-

180 1249 329 1299 mus,
355 1232 469 1301 iam
502 1246 648 1287 nunc
674 1245 773 1286 nos
801 1246 925 1287 esse
955 1231 1267 1288 credamus.

254 1325 439 1397 (Vers.
469 1323 584 1395 16.)
616 1323 1021 1396 thuicumque
1050 1325 1182 1379 hanc
1206 1326 1442 1397 regulam
1476 1336 1785 1397 sequuntur,

180 1434 289 1491 pars
317 1434 473 1485 super
504 1417 646 1481 illos,
680 1424 730 1471 et
780 1417 1158 1482 misericordia,
1191 1424 1239 1472 et
1264 1433 1427 1488 super
1467 1415 1639 1471 Israel
1666 1417 1782 1473 Dei.

182 1513 265 1571 ΛιΙ
296 1526 546 1567 normam
602 1510 784 1566 omnia
823 1511 1176 1581 diriguntur;
1204 1517 1261 1566 et
1291 1520 1476 1566 utrum
1512 1526 1678 1581 prava
1700 1527 1791 1568 re-

184 1615 343 1662 ctave
370 1604 644 1671 sint,cum
672 1604 858 1673 regula
882 1603 1132 1674 apposita
1159 1602 1677 1675 fuerit,arguuntur.
1709 1604 1787 1659 lta

184 1710 242 1756 et
273 1698 524 1755 doctrina
559 1698 655 1753 Dei
681 1696 931 1768 quaedam
962 1696 1117 1766 quasi
1166 1712 1358 1752 norma
1383 1697 1654 1753 sermonis
1678 1704 1784 1766 est,

185 1792 473 1863 quaeinter
498 1789 646 1861 iusta
668 1788 881 1861 iudicat
909 1799 963 1844 et
992 1788 1197 1859 iniusta
1223 1807 1238 1843 :
1261 1804 1426 1860 quam
1451 1788 1543 1857 qui
1569 1797 1789 1843 secutus

1886 593 2101 651 contra,
2144 585 2286 640 sciat
2334 600 2394 640 se
2434 586 2796 655 responsione
2828 600 2935 639 non
2969 585 3219 657 dignum,
3242 590 3333 660 qui
3366 605 3479 645 nta-

1883 676 1967 745 gis
1995 675 2328 731 contendere
2356 688 2575 747 paratus
2592 683 2698 744 est,
2726 692 2888 748 quam
2920 675 3128 733 doceri.

1956 767 2072 842 Ego
2097 778 2271 825 autem
2306 770 2553 843 stigmata
2599 769 2810 825 Domini
2853 768 2980 825 Iesu
3020 771 3072 826 in
3105 788 3320 845 corpore
3366 790 3481 829 meo

1884 872 2054 936 porto.
2085 866 2188 933 Qui
2211 875 2334 936 post
2360 865 2653 920 adventum
2683 863 2885 920 Christi
2914 866 2967 920 in
2993 882 3159 923 carne
3194 867 3484 923 circumci~

1885 955 2058 1022 ditur,
2084 973 2192 1011 non
2243 966 2423 1027 portat
2468 958 2723 1028 stigmata
2759 957 2968 1013 Domini
2996 958 3125 1014 Jesu
3152 975 3168 1026 ;
3196 959 3293 1015 sed
3319 959 3483 1015 habet

1886 1049 2115 1119 gloriam
2148 1049 2201 1104 in
2226 1049 2547 1105 confusione
2575 1064 2691 1104 sua.
2725 1049 2829 1116 Qui
2860 1065 2990 1105 vero
3018 1051 3071 1105 in
3106 1051 3280 1123 plagis
3315 1067 3479 1122 supra

1888 1141 2134 1208 modum,
2163 1142 2216 1195 in
2248 1141 2562 1196 carceribus
2618 1140 2957 1212 frequenter,
2997 1153 3081 1199 ter
3111 1144 3276 1215 virgis
3310 1159 3486 1201 caesus

1888 1243 1991 1298 est,
2024 1235 2193 1290 semel
2222 1235 2497 1305 lapidatus
2522 1246 2629 1301 est,
2661 1244 2717 1289 et
2768 1246 2963 1290 caetera
2994 1252 3116 1306 quae
3160 1237 3214 1292 in
3236 1239 3485 1309 catalogo

1889 1327 2093 1396 scripta
2123 1335 2252 1380 sunt
2279 1326 2574 1396 gloriandi,
2602 1326 2692 1381 hic
2734 1328 2989 1398 stigmata
3017 1327 3228 1382 Domini
3269 1328 3397 1384 Jesu
3432 1331 3485 1386 in

1889 1435 2121 1491 corpore
2152 1435 2255 1476 suo
2294 1417 2500 1491 portat.
2532 1420 2698 1476 Forte
2723 1430 2775 1477 et
2816 1420 2864 1476 is
2894 1420 2989 1491 qni
3017 1433 3258 1477 macerat
3286 1438 3486 1497 corpus

1888 1528 2068 1575 suum,
2127 1519 2184 1567 et
2249 1512 2467 1580 subiicit
2517 1510 2819 1577 servituti,
2887 1527 2955 1566 ne
3020 1512 3141 1566 aliis
3185 1514 3489 1583 praedicans

1889 1604 2006 1674 ipse
2062 1602 2331 1671 reprobus
2380 1603 2730 1668 inveniatur,
2774 1611 2955 1673 portat
2983 1602 3235 1673 stigmata
3278 1603 3493 1662 Domini

1893 1696 2021 1753 Jesu
2053 1697 2107 1750 in
2136 1710 2369 1765 corpore
2417 1710 2516 1750 suo
2547 1695 2589 1765 (Ι
2616 1694 2736 1749 Cor.
2766 1697 2864 1764 ts).
2894 1694 3247 1749 Ltutabantur
3277 1705 3333 1752 et
3360 1712 3492 1768 apo-

1889 1789 2017 1845 stoli
2044 1788 2187 1859 quod
2243 1786 2390 1859 digni
2425 1786 2638 1841 fuerant
2665 1802 2762 1856 pro
2789 1789 3009 1841 nomine
3034 1786 3164 1842 Jesu
3196 1797 3487 1845 contume-

183 1882 376 1944 l‘uerit,
398 1882 623 1939 habebit
646 1896 836 1953 pacem
864 1882 917 1935 in
941 1881 1238 1951 semetipso
1265 1894 1386 1951 quae
1413 1888 1644 1949 superat
1673 1895 1786 1935 om-
1814 1886 1860 1945 Β
1887 1882 2017 1937 liam
2044 1881 2154 1947 pati
2179 1879 2318 1951 (Act.
2353 1881 2428 1943 ν).

189 1992 317 2034 nem
353 1990 574 2032 sensum
606 1992 622 2042 ;
653 1983 709 2030 et
740 1984 864 2043 post
908 1989 1128 2043 pacem,
1185 1972 1622 2028 misericordiam
1671 1988 1794 2043 qua:

187 2070 465 2142 prateipua
495 2079 580 2124 est
602 2069 654 2120 in
678 2066 776 2121 Dei
807 2067 992 2121 Israel.
1018 2066 1117 2120 Dei
1144 2080 1280 2121 vero
1300 2065 1468 2121 Israel
1494 2065 1673 2122 dictus
1688 2072 1793 2134 est,

189 2164 260 2218 ad
312 2162 721 2218 distinctionem
766 2161 888 2229 ejus
914 2162 1006 2231 qui
1038 2161 1137 2216 Dei
1167 2160 1339 2216 Israel
1362 2175 1485 2215 esse
1526 2161 1789 2219 cessavit.

192 2257 396 2314 Dicunt
417 2256 561 2310 enitn
596 2270 657 2311 se
688 2270 810 2309 esse
839 2254 1082 2317 Judmos,
1106 2264 1159 2308 et
1183 2269 1292 2307 non
1323 2262 1485 2318 sunt;
1508 2253 1605 2309 sed
1638 2270 1795 2311 men-

191 2350 423 2416 tiuntur,
459 2363 583 2403 cum
613 2348 727 2401 sint
754 2347 821 2402 de
846 2362 1119 2418 synagoga
1144 2346 1382 2401 Satanan.
1409 2344 1522 2401 Nec
1550 2346 1794 2411 mireris,

190 2440 243 2498 si
295 2440 361 2495 ad
415 2440 778 2495 imitationem
826 2439 1134 2509 spiritualis
1182 2438 1376 2504 Israel,
1435 2438 1670 2492 carnalis
1723 2438 1797 2495 sit

191 2533 498 2605 lsrael,qui
531 2549 635 2589 nec
660 2548 849 2603 pacem
878 2532 1077 2588 habeat
1105 2546 1206 2588 nec
1228 2531 1662 2587 misericordiam
1687 2547 1703 2598 ;
1728 2531 1796 2588 de

194 2643 307 2699 quo
336 2637 392 2684 et
427 2626 497 2682 ad
545 2626 861 2683 Corinthios
888 2625 1181 2683 scribitur:
1224 2624 1404 2681 Videte
1429 2623 1598 2680 Israel
1615 2641 1799 2679 secan-

195 2720 324 2776 dum
366 2736 576 2775 carnem
609 2720 653 2792 (l
699 2719 821 2775 Cor.
849 2735 902 2783 x,
953 2717 1092 2789 18);
1146 2733 1271 2774 cum
1303 2718 1371 2773 ad
1434 2718 1794 2773 imitationem

193 2825 417 2882 quoque
443 2810 539 2865 Dei
571 2819 626 2865 et
671 2809 911 2874 Domini,
942 2809 1097 2864 multi
1142 2810 1253 2864 sint
1310 2809 1407 2868 dii.
1434 2816 1493 2865 et
1521 2809 1677 2865 multi
1698 2808 1799 2865 do-

196 2904 357 2973 mini,
375 2905 495 2962 sive
514 2903 569 2960 in
593 2904 758 2968 cosio,
789 2905 908 2959 sive
934 2903 988 2959 in
1019 2914 1189 2957 terra.
1220 2902 1459 2958 Pulchre
1483 2910 1662 2957 autem
1687 2916 1798 2957 uno

196 3011 476 3062 sermone,
509 3005 569 3051 ut
598 2995 883 3065 epistolam
937 2994 1089 3063 juxta
1135 2995 1483 3065 propositum
1510 3009 1799 3065 argumen-

195 3099 316 3147 tum
350 3090 549 3153 tiniret,
600 3088 773 3144 Israel
804 3087 897 3143 Dei
924 3087 1180 3152 vocavit;
1224 3101 1333 3157 quo
1375 3086 1586 3142 scilicet
1613 3087 1796 3141 omnia

190 3196 325 3255 quae
349 3197 516 3253 supra
542 3181 685 3237 dicta
728 3189 878 3244 sunt,
930 3196 1040 3234 non
1094 3190 1250 3236 extra
1309 3192 1573 3244 causam;
1603 3177 1696 3233 sed
1728 3194 1795 3232 ex

192 3290 365 3334 causa
391 3275 663 3344 disputata
691 3275 1010 3331 doceantur.

273 3368 463 3442 (Vers.
492 3369 603 3438 l7.)
641 3368 717 3424 De
739 3380 926 3424 cratera
952 3383 1105 3422 nemo
1130 3367 1262 3421 mihi
1291 3367 1537 3420 molestus
1559 3366 1645 3420 sit.
1676 3365 1793 3420 Non

194 3459 355 3531 quasi
375 3458 647 3516 defecerit
675 3460 728 3514 in
757 3460 1034 3526 docendo;
1063 3459 1161 3515 sed
1184 3474 1291 3529 quo
1319 3468 1373 3513 et
1395 3458 1627 3529 agricola
1653 3457 1797 3513 hunc

195 3553 409 3611 habeat
440 3562 467 3591 ι
496 3553 765 3619 laborem,
794 3554 841 3609 si
871 3570 993 3625 quae
1016 3552 1180 3625 535
1209 3552 1537 3623 plantaverit
1562 3552 1799 3623 virgulta

190 3645 524 3711 siccentur;
555 3654 613 3702 et
638 3656 825 3717 pastor
870 3645 1324 3713 sollicitudinem,
1373 3645 1418 3699 si
1446 3659 1638 3714 pecora
1674 3660 1799 3716 quas

194 3747 635 3809 congregaverat
683 3738 944 3809 dissipata
1002 3739 1295 3795 lanientur.
1341 3737 1535 3793 Melius
1582 3754 1715 3810 ergo
1740 3738 1797 3794 in

195 3829 396 3889 (ἔταιεο
419 3831 641 3901 legitur,
666 3829 746 3887 De
773 3846 958 3887 cetera
987 3830 1193 3886 labores
1205 3831 1335 3886 mihi
1357 3847 1506 3887 nemo
1518 3831 1796 3899 exhibeat;

197 3938 272 3979 ne
293 3938 512 3977 rursum
542 3922 753 3979 scilicet
782 3925 837 3977 in
862 3924 1016 3979 vobis
1048 3924 1432 3979 necessitatem
1454 3923 1688 3979 habeam
1719 3924 1800 3977 la-

195 4014 458 4072 horandi.
496 4014 766 4073 Laborem
818 4025 1042 4085 praestat
1095 4015 1379 4087 magistro.
1434 4016 1526 4085 qui
1556 4016 1717 4072 aliter
1743 4024 1801 4070 et

194 4108 335 4161 vivit
361 4115 421 4164 et
454 4108 643 4173 sentit,
673 4123 833 4179 quam
867 4108 1126 4178 magister
1153 4117 1210 4163 et
1231 4107 1417 4163 docuit
1438 4116 1494 4164 et
1513 4106 1657 4162 fecit.
1690 4108 1796 4163 Po-

197 4208 315 4257 test
341 4208 394 4255 et
440 4202 851 4257 contentionem
890 4216 1081 4257 eorum
1107 4240 1123 4266 ,
1174 4200 1221 4255 si
1272 4200 1364 4271 qui
1420 4200 1801 4256 contradicere

196 4292 464 4363 deinceps
500 4293 791 4357 voluerint,
829 4294 1156 4363 praevenire,
1189 4292 1333 4363 quod
1376 4293 1540 4346 etiam
1587 4291 1655 4346 ad
1695 4292 1801 4345 Co-

194 4382 442 4441 rinthios
468 4385 524 4441 in
550 4385 790 4441 volando
818 4384 1062 4440 mulieris
1112 4384 1311 4454 capite,
1345 4392 1402 4438 ct
1434 4384 1659 4440 masculi
1693 4401 1798 4438 non

194 4475 478 4540 volando,
532 4486 655 4546 post
705 4477 873 4532 multa
915 4476 1236 4546 complexus
1290 4485 1412 4541 est,
1460 4477 1698 4532 dicens:
1739 4477 1802 4532 Si

191 4570 321 4641 quis
350 4579 527 4625 autem
545 4570 749 4625 videtur
776 4572 1126 4626 eontentiosus
1156 4586 1264 4625 esse
1289 4586 1308 4623 :
1340 4586 1430 4624 nos
1476 4569 1634 4624 talem
1678 4586 1803 4623 con-

1968 1971 2149 2044 (Vers.
2184 1970 2300 2043 18.)
2349 1969 2529 2025 Gratia
2556 1969 2763 2024 Domini
2787 1969 2951 2023 nostri
2975 1968 3105 2023 Jesu
3131 1967 3347 2037 Christi,
3375 1986 3493 2025 cum

1893 2066 2083 2135 spiritu
2110 2072 2299 2129 vestro,
2333 2064 2540 2133 fratres,
2567 2064 2749 2117 Amen.
2775 2061 2892 2116 Non
2922 2061 3217 2128 dissensio,
3242 2077 3354 2117 non
3387 2064 3494 2120 Le-

1894 2157 1977 2228 gis
2023 2157 2280 2224 servitus,
2310 2171 2416 2210 non
2436 2155 2579 2221 rixa,
2603 2170 2711 2211 non
2763 2155 3024 2225 iurgium,
3054 2155 3148 2210 sed
3181 2157 3354 2224 gratia
3383 2156 3489 2211 Do-

1896 2250 2029 2305 mini
2057 2249 2184 2306 Jesu
2213 2248 2415 2303 Christi
2439 2249 2653 2303 sitcum
2685 2246 2881 2315 spiritu
2908 2258 3116 2302 vestro.
3135 2247 3488 2319 Nequaquam

1897 2357 2220 2409 cumcarne,
2250 2357 2596 2411 nequaquam
2625 2356 2749 2395 cum
2789 2341 2967 2395 anima
2995 2357 3010 2406 ;
3043 2341 3157 2396 sive
3180 2342 3306 2411 quia
3334 2343 3495 2412 spiri-

1897 2439 2069 2493 tuales
2097 2436 2239 2501 lacti,
2273 2450 2402 2491 caro
2429 2445 2484 2490 et
2542 2435 2723 2489 anima
2749 2449 2872 2490 esse
2912 2434 3156 2501 desiStis,
3199 2436 3319 2490 sive
3347 2436 3493 2506 quod

1898 2532 1950 2587 in
1977 2530 2262 2599 principali
2289 2529 2451 2585 etiam
2475 2542 2696 2599 ea,quae
2717 2527 2928 2583 minora
2959 2536 3108 2594 sunt,
3130 2530 3493 2599 comprehena

1897 2623 2116 2678 damur.
2143 2622 2338 2677 Anima
2371 2622 2515 2677 enim
2563 2632 2615 2674 et
2657 2636 2786 2674 caro
2814 2621 3062 2687 subjecta
3096 2629 3221 2676 sunt
3252 2622 3489 2691 spiritui.

1900 2715 1978 2771 De
2001 2730 2110 2786 quo
2135 2723 2191 2770 et
2217 2714 2578 2770 Ecclesiastes
2614 2714 2858 2784 loquitur
2887 2730 2899 2767 :
2944 2714 3175 2785 Spiritus
3215 2725 3499 2772 revertetur

1898 2814 1969 2868 ad
2000 2829 2117 2867 eum
2159 2812 2248 2882 qui
2275 2812 2420 2865 dedit
2449 2809 2600 2864 illum
2651 2807 2822 2882 (Eccl.
2877 2824 2971 2875 κη,
2998 2809 3075 2877 7).
3113 2810 3180 2864 Et
3220 2810 3500 2868 Paulnsin

1899 2908 2006 2963 alio
2038 2907 2194 2961 loco:
2227 2904 2350 2975 Ipse
2393 2905 2609 2977 spiritus
2639 2905 2988 2960 testimonium
3022 2904 3251 2975 perhibet
3286 2908 3502 2979 spiritui

1899 3011 2075 3055 nostra
2100 2998 2280 3067 (Rom.
2311 3011 2427 3063 vttt,
2479 2994 2592 3066 16).
2647 2995 2774 3051 Haec
2811 3005 2992 3051 autem
3049 2997 3227 3067 gratia
3285 2999 3496 3056 Domini

1899 3091 2028 3149 Jesu
2061 3106 2166 3145 non
2198 3105 2321 3145 cum
2350 3087 2600 3144 omnibus
2644 3096 2746 3154 est,
2782 3088 2875 3143 sed
2904 3103 3027 3143 cum
3062 3089 3146 3144 his
3174 3092 3263 3159 qui
3296 3090 3499 3149 fratres

1899 3186 1967 3239 ab
2012 3182 2265 3253 apostolo
2314 3190 2593 3236 merentur
2620 3179 2780 3253 535
2809 3179 3242 3244 vocari,fratrcs
3283 3183 3494 3254 ﬁdeles,

1824 3271 1870 3334 C
1903 3280 2210 3349 fratresque
2262 3276 2533 3348 germani,
2585 3275 2728 3344 quod
2779 3290 2923 3329 suam
2950 3275 3175 3330 verbum
3224 3277 3504 3348 signiﬁcat

1901 3374 2210 3430 Hehrmum.
2239 3371 2412 3427 Amen
2436 3369 2581 3424 enim
2601 3368 2958 3438 Septuaginta
2991 3369 3344 3438 interpretes,
3370 3373 3501 3441 ﬁat;

1898 3465 2525 3540 Aquila,Symmachns,
2561 3470 2616 3515 cl
2670 3461 3002 3526 Theodotio,
3054 3460 3300 3530 ﬁdeliter,
3354 3464 3498 3530 sive,

1897 3578 2032 3625 vere,
2063 3555 2401 3626 interpretati
2433 3563 2560 3609 sunt
2613 3554 2681 3608 Et
2708 3551 2987 3623 quomodo
3023 3551 3076 3607 in
3107 3554 3278 3608 veteri
3309 3553 3502 3609 Testa-

1901 3663 2083 3709 mento
2107 3651 2342 3719 quadam
2374 3647 2589 3718 iurandi
2618 3645 3013 3702 consuetudine
3044 3646 3184 3701 Dens
3213 3662 3308 3701 sna
3330 3648 3499 3705 verba

1900 3746 2211 3810 conlirmat,
2258 3742 2445 3797 dicens
2478 3756 2489 3793 :
2518 3738 2647 3793 Vivo
2677 3755 2793 3811 ego,
2845 3739 2970 3793 dicit
2998 3738 3253 3795 Dominus
3306 3740 3497 3813 (Num.

1898 3855 2013 3905 xxv,
2046 3838 2140 3907 28)
2171 3852 2184 3890 :
2219 3851 2317 3907 per
2344 3843 2561 3889 sanctos
2608 3847 2825 3903 quoque
2850 3832 3106 3904 iuratur:
3144 3832 3279 3888 Vivit
3325 3838 3502 3891 anima

1900 3932 2129 3999 tun;ita
2180 3939 2234 3983 et
2263 3927 2510 3985 Salvator
2568 3933 2756 3981 noster
2809 3925 2863 3981 in
2895 3926 3192 3998 Evangelia
3238 3944 3336 3999 per
3377 3944 3503 3985 ver-

1900 4025 2029 4081 bum
2059 4022 2222 4096 536
2249 4020 2446 4087 Amen,
2494 4034 2617 4075 vera
2678 4034 2801 4076 esse
2855 4034 2976 4087 qua:
3026 4020 3285 4091 loquitur,
3318 4028 3505 4078 osten-

1902 4118 1998 4173 dit.
2028 4116 2186 4183 Quod
2215 4124 2398 4170 autem
2426 4113 2600 4171 Amen
2625 4126 2959 4167 consensum
2991 4112 3509 4184 signiticetaudien-

1902 4212 1993 4275 tis,
2019 4218 2076 4265 et
2101 4211 2173 4266 sit
2198 4208 2538 4279 signaculum
2564 4205 2831 4270 veritatis,
2856 4204 2922 4259 ad
2941 4203 3261 4260 Corinthios
3292 4219 3513 4276 quoque

1902 4307 2076 4376 prima
2103 4317 2202 4359 nos
2228 4302 2411 4369 docet,
2444 4301 2496 4357 in
2529 4315 2635 4372 qua
2673 4298 2879 4354 Paulus
2918 4298 2996 4353 ait
3020 4314 3033 4352 :
3056 4296 3324 4353 Caeterum
3342 4300 3388 4354 si
3415 4300 3504 4355 be-

1903 4400 2163 4455 nedixeris
2220 4398 2411 4467 spiritu
2431 4440 2446 4467 ,
2491 4397 2605 4465 quis
2634 4394 2835 4467 supplet
2871 4393 3045 4449 locum
3089 4393 3269 4449 idiota:
3297 4393 3323 4448 .’
3354 4394 3497 4462 Quo-

1903 4493 2056 4548 modo
2107 4492 2240 4546 dicet
2280 4507 2430 4546 amen
2460 4505 2619 4559 super
2663 4496 2755 4543 tua
2802 4488 3154 4543 benedictione
3198 4503 3218 4543 :
3256 4489 3506 4560 quoniam

1904 4585 2111 4658 quidem
2142 4584 2301 4639 nescit
2346 4582 2473 4654 quid
2502 4583 2645 4635 dicas
2686 4580 2730 4653 (1
2777 4580 2898 4636 Cor.
2945 4597 3055 4648 ειν,
3094 4579 3234 4653 l6)?
3265 4581 3340 4636 Ex
3396 4596 3507 4654 quo

190 4662 530 4717 suetudinem
567 4678 673 4717 non
694 4662 961 4726 habentes,
1019 4678 1182 4733 neque
1212 4660 1449 4715 Ecclesia
1479 4659 1577 4714 Dei
1606 4659 1647 4731 (l
1673 4658 1793 4714 Cor.

1904 4678 2139 4735 ostendit
2172 4692 2278 4732 non
2331 4690 2494 4746 posse
2526 4674 2732 4730 idioten
2780 4674 3119 4744 respondere
3165 4687 3358 4729 verum
3383 4688 3509 4730 esse

191 4769 279 4816 ιι,
309 4753 402 4824 l6)
435 4769 452 4810 :
482 4753 591 4810 hoc
608 4762 716 4819 est,
747 4768 848 4809 nos
876 4754 1112 4809 diximus
1134 4770 1254 4823 qua:
1286 4753 1447 4810 nobis
1467 4752 1700 4808 honesta
1718 4753 1800 4807 vi-

190 4848 477 4906 debantur
500 4856 559 4904 et
577 4846 723 4917 iusta
752 4846 832 4913 ;si
860 4847 985 4917 quis
1010 4855 1193 4903 autem
1224 4846 1422 4902 nolens
1446 4846 1803 4917 acquiescere

272 5014 300 5047 ι
329 5006 447 5065 Duo
472 5020 638 5073 mss.,
667 5005 801 5061 hunc
822 5003 1005 5061 habeat
1027 5004 1282 5060 dolorem.

1903 4770 2050 4843 quod
2077 4768 2298 4835 dicitur,
2330 4767 2433 4823 nisi
2471 4765 2812 4822 intellexerit
2834 4765 2977 4837 quod
3007 4763 3036 4803 δ
3069 4764 3324 4839 docetur.

1978 4997 2006 5038 δ
2027 4996 2200 5054 iidem
2228 5008 2387 5060 tnss.,
2419 4992 2557 5063 quod
2581 4991 2799 5058 dicitur,
2826 5004 2923 5061 pro
2948 4988 3181 5044 docetur.
