4056 6336
618 249 729 306 J59

1853 245 1908 300 S.
1956 244 2219 301 lillSEBll
2262 241 2638 301 IiliiiiONYlll

1178 542 1328 656 S.
1408 541 2119 660 EUSEBII
2193 548 3342 707 ΗιειιοΝγΜι,

3808 257 3909 314 ηο

3342 397 3900 459 Egit-iga:

1702 753 2270 817 STRIDONENSIS
2303 756 2828 836 PRESBYTERI,

1403 930 3128 1067 COMMENTARIORUM

672 1324 2072 1501 EPISTOLAM
2203 1325 2530 1489 ΑΙ)
2662 1331 3846 1509 EPHESIOS

1894 1611 2216 1696 LIBRI
2289 1612 2623 1698 TRES.
3494 1664 3509 1711 ;

1553 1778 2976 1824 _____—--===———______

1887 1917 2609 2097 aptataque.

2010 2147 2536 2198 “Oc—-

684 2308 1041 2388 537-538
1060 2306 1117 2364 Si
1139 2305 1436 2379 quidquam
1450 2308 1559 2366 est,
1580 2296 1748 2354 Paula
1765 2302 1820 2351 et
1839 2286 2214 2388 Eustochium,
2243 2285 2303 2347 Α
2328 2290 2544 2388 unicum
2569 2295 2849 2357 viduitatis
2872 2307 3174 2377 exemplar,
3200 2325 3266 2367 ne
3288 2309 3445 2368 facile
3468 2314 3753 2372 maledicis
3769 2324 3822 2372 et
3842 2317 3915 2373 in-

607 2384 752 2479 qutid
768 2405 822 2461 in
840 2404 940 2458 hac
954 2404 1063 2456 vita
1077 2400 1383 2467 sapientem
1398 2395 1571 2450 virum
1586 2396 1798 2454 teneat,
1815 2396 1871 2442 et
1889 2384 2036 2440 inter
2059 2394 2187 2452 prcs
2200 2406 2215 2420 ο

608 2505 840 2554 suraset
869 2493 1120 2551 turbines
1138 2490 1326 2546 mundi
1355 2502 1512 2559 :equo
1531 2485 1718 2539 animo
1746 2492 1970 2537 manere
1992 2489 2215 2545 persua-

606 2593 767 2659 deat,
818 2589 872 2646 id
922 2601 1047 2644 esse
1095 2585 1180 2641 vel
1211 2584 1446 2656 primum
1498 2594 1658 2646 reor,
1697 2573 2111 2632 meditationem
2159 2575 2216 2621 et

609 2682 905 2741 scientiam
935 2678 1371 2749 Scripturarum.
1404 2672 1544 2729 Cum
1580 2671 1724 2726 enim
1765 2682 1796 2722 a
1837 2663 2053 2720 exteris
2098 2659 2216 2714 ani-

609 2776 888 2836 mantibus
914 2777 1017 2831 hoc
1038 2774 1123 2828 vel
1152 2770 1388 2827 maxime
1408 2766 1749 2829 differamus,
1771 2757 1917 2832 quod
1948 2753 2215 2812 rationale

608 2869 817 2928 animal
835 2882 1021 2923 sumus
1044 2877 1101 2923 et
1125 2863 1272 2935 loqui
1293 2874 1586 2933 possumus
1616 2874 1631 2913 :
1664 2857 1805 2912 ratio
1830 2860 2011 2909 autem
2033 2848 2214 2906 omnis

610 2969 673 3019 et
724 2974 911 3017 sermo
962 2957 1162 3014 divinis
1208 2956 1362 3011 libris
1405 2952 1783 3015 contineatur,
1835 2961 1936 3017 per
1967 2958 2106 3014 quos
2159 2948 2215 2995 rt

611 3054 787 3111 Deum
817 3050 1102 3117 discimus,
1133 3056 1190 3103 et
1218 3061 1386 3117 quare
1412 3044 1579 3102 creati
1606 3053 1798 3098 sumus
1833 3051 1940 3094 non
1989 3034 2210 3104 ignora-

611 3157 737 3200 mus
767 3158 782 3200 :
813 3141 985 3197 miror
1009 3138 1272 3209 quosdam
1289 3138 1585 3203 exstitisse,
1617 3132 1709 3204 qui
1730 3141 1822 3186 aut
1850 3128 1953 3201 ipsi
1980 3141 2040 3182 se
2069 3126 2213 3181 incr-

610 3238 701 3294 tiae
731 3247 791 3294 et
814 3251 1011 3293 somno
1035 3233 1252 3299 dantes,
1285 3231 1462 3289 nolint
1492 3244 1615 3301 quae
1651 3224 1913 3298 praeclara
1949 3229 2079 3277 sunt
2131 3219 2214 3273 di-

607 3344 769 3388 scere
793 3347 806 3383 :
835 3336 933 3384 aut
964 3337 1220 3390 caeteros,
1244 3324 1338 3395 qui
1383 3322 1435 3378 id
1462 3319 1631 3377 studii
1668 3317 1891 3383 habent,
1912 3310 2213 3382 reprelien-

605 3422 819 3481 dendos
848 3428 1061 3494 putent.
1096 3418 1305 3488 Quibus
1332 3431 1455 3472 cum
1497 3412 1705 3483 possim
1767 3407 2076 3465 districtius
2125 3419 2212 3459 re-

605 3514 905 3586 spondere,
937 3521 994 3566 et
1021 3511 1260 3565 breviter
1282 3522 1381 3563 eos
1414 3504 1501 3560 vel
1534 3503 1771 3561 oii‘ensos
1796 3500 2095 3564 dimittere,
2129 3496 2215 3551 \el

2322 2384 2460 2442 vidis
2492 2393 2750 2460 opuscula
2783 2413 2901 2452 mea
2944 2401 3214 2458 tradatis:
3248 2420 3426 2474 neque
3471 2406 3615 2462 detis
3673 2419 3911 2465 sanctum

2318 2480 2569 2573 canibus,
2595 2494 2652 2541 et
2693 2492 3015 2560 margaritas
3049 2496 3280 2553 mittatis
3310 2508 3437 2554 ante
3474 2516 3668 2570 porcos
3698 2502 3909 2573 (Matth.

2320 2570 2436 2665 vn).
2466 2574 2567 2643 Qui
2595 2593 2717 2633 eum
2755 2580 2901 2637 bona
2943 2584 3145 2643 imitari
3174 2605 3282 2645 non
3315 2601 3540 2661 queant,
3567 2570 3716 2665 quod
3745 2596 3910 2651 solum

2319 2664 2506 2724 facere
2537 2682 2784 2741 possunt,
2821 2674 3073 2734 invident
3095 2697 3111 2735 :
3135 2690 3191 2735 et
3213 2683 3266 2737 in
3311 2698 3380 2738 eo
3408 2700 3469 2741 se
3502 2685 3705 2742 doctos
3733 2688 3912 2744 erudi-

2317 2765 2512 2830 tosque
2536 2763 2895 2837 arbitrantur,
2920 2770 2966 2824 si
2996 2770 3069 2827 de
3095 2773 3219 2828 aliis
3238 2774 3548 2832 detrahant.
3581 2778 3795 2847 Quibus
3817 2781 3909 2837 ob-

2316 2870 2476 2912 secro
2496 2863 2899 2931 respondeatis,
2926 2874 2986 2923 ut
3014 2867 3188 2939 figant
3215 2872 3320 2941 ipsi
3349 2875 3572 2946 Stylum,
3601 2876 3709 2931 tria
3742 2887 3797 2932 ut
3828 2877 3909 2933 di-

2317 2950 2458 3003 cltur
2488 2953 2652 3009 verba
2678 2957 3030 3030 conjungant,
3062 2963 3258 3019 sudent
3292 2967 3593 3036 paululum,
3619 2969 3910 3039 experian-

2319 3045 2760 3115 tursemetipsos,
2780 3057 2836 3103 et
2856 3065 2926 3104 ex
2953 3052 3144 3109 labore
3161 3058 3383 3126 proprio
3399 3055 3611 3114 discant
3635 3060 3910 3131 ignoscere

2317 3132 2715 3194 laborantibus.
2746 3138 2912 3198 Scitis
2939 3145 3087 3200 enim
3116 3154 3171 3202 et
3200 3145 3334 3218 ipsae
3359 3150 3506 3219 quod
3556 3150 3625 3205 ad
3676 3152 3781 3207 hoc
3831 3168 3909 3209 me

2315 3227 2761 3296 explanationum
2789 3248 2943 3304 opus,
2993 3236 3223 3294 invitum
3255 3248 3311 3296 et
3347 3250 3743 3298 retractantem
3772 3260 3910 3299 com-

2316 3320 2589 3388 puleritis.
2619 3323 2740 3381 Non
2765 3342 2874 3397 quo
2902 3328 2969 3384 ab
2998 3329 3392 3399 adolescentia,
3437 3343 3534 3389 aut
3564 3335 3750 3406 legere
3795 3353 3908 3392 um-

2315 3428 2501 3484 quam,
2524 3417 2821 3474 antdoctos
2834 3421 2976 3476 viros
2996 3437 3060 3477 ea
3085 3440 3205 3493 qua:
3230 3425 3544 3482 nesciebam
3569 3427 3906 3501 interrogare

2315 3509 2672 3577 cessaverim,
2720 3519 2776 3566 et
2828 3514 3098 3585 meipsnm
3130 3524 3359 3586 tmtum,
3393 3527 3449 3572 ut
3498 3521 3781 3590 plerique,
3819 3520 3909 3576 ha-

606 3609 876 3678 placatos,
912 3602 1088 3658 multo
1114 3616 1237 3656 esse
1268 3599 1464 3655 melius
1483 3596 1794 3665 Scripturas
1827 3594 2211 3662 lcgcre,quam
2241 3666 2290 3682 _
2318 3598 2527 3656 buerim
2587 3607 2929 3674 magistrum.
2984 3608 3231 3679 Denique
3285 3626 3463 3682 nuper
3511 3612 3583 3668 ob
3630 3613 3782 3670 hanc
3830 3613 3907 3669 vel

606 3666 875 3770 augendis
901 3701 959 3751 et
981 3690 1327 3749 cumulandis
1351 3689 1547 3761 opibus
1578 3685 1788 3741 inhiare
1815 3683 1982 3739 :illud
2008 3683 2205 3750 dicant,
2240 3666 2291 3728 Β
2317 3693 2551 3751 itntxime
2588 3710 2813 3751 causam
2851 3699 3240 3756 Alexandriam
3284 3666 3523 3771 perrexi,
3569 3712 3626 3758 ttt
3671 3707 3906 3760 viderem

606 3789 752 3858 quod
782 3787 868 3843 vel
895 3783 1039 3856 apud
1068 3782 1468 3854 iniquissimum
1495 3780 1735 3849 judicent
1769 3775 2068 3839 obtineant,
2098 3775 2214 3846 pla-

606 3895 736 3938 cere
759 3876 890 3933 mibi
913 3877 1083 3931 otium
1110 3890 1314 3942 meum,
1345 3883 1397 3928 et
1426 3869 1778 3928 solitudinem
1810 3869 1959 3925 omni
1981 3866 2214 3924 celebri-

605 3982 723 4031 tate
743 3970 1129 4044 jucuudiorem
1152 3967 1347 4024 videri.
1369 3967 1437 4023 Et
1460 3964 1735 4036 quomodo
1757 3978 1861 4035 ego
1883 3976 1990 4017 non
2022 3976 2209 4029 repre-

608 4062 796 4122 hendo
817 4103 833 4129 ,
883 4075 993 4118 non
1022 4060 1224 4116 damno
1251 4058 1397 4130 quod
1430 4058 1637 4113 iaciunt
1665 4072 1677 4110 :
1710 4055 1782 4110 ita
1818 4053 1944 4109 illos
1974 4053 2213 4123 ineptias

608 4170 762 4214 meas
792 4155 924 4211 mihi
949 4152 1156 4209 debere
1185 4150 1510 4207 concedere.
1545 4148 1744 4204 Parnm
1764 4148 2031 4215 eloquens
2062 4161 2208 4215 sum,

605 4249 740 4320 quid
769 4249 835 4305 ad
875 4248 966 4306 te?
993 4246 1343 4303 disertiorem
1387 4245 1529 4315 lege.
1555 4242 1672 4298 Non
1713 4240 1879 4312 digne
1919 4239 2106 4296 Graeca
2154 4241 2207 4295 in

607 4344 864 4401 Latinum
911 4340 1184 4397 transfero
1215 4363 1227 4395 :
1262 4346 1355 4393 aut
1398 4338 1627 4394 Graecos
1678 4334 1800 4405 lege
1851 4334 1920 4405 (si
1960 4332 2207 4402 ejusdem

604 4436 807 4509 lingua:
833 4434 1007 4492 babes
1034 4433 1385 4504 scientiam);
1412 4442 1505 4487 aut
1533 4434 1580 4487 si
1627 4438 1837 4485 tantum
1872 4430 2094 4484 Latinus
2123 4444 2205 4497 es,

604 4528 720 4585 noli
741 4531 811 4584 de
830 4528 1073 4599 gratuito
1100 4540 1328 4582 munere
1346 4525 1618 4595 judicare,
1642 4532 1720 4591 et,
1748 4530 1809 4576 ut
1835 4523 2058 4593 vulgare
2078 4535 2208 4592 pro-

604 4622 854 4680 verbium
871 4629 994 4678 est:
1021 4620 1161 4692 Equi
1185 4619 1383 4676 dentes
1410 4618 1681 4689 inspicere
1703 4615 1909 4671 donati.
1933 4613 2205 4686 Numquid

603 4725 660 4773 te
690 4730 857 4772 manu
882 4724 1134 4772 conserta
1160 4714 1212 4769 in
1240 4713 1331 4782 jus
1354 4712 1535 4775 traho,
1565 4711 1691 4782 quia
1724 4722 1909 4765 nostra
1934 4725 2041 4765 non
2065 4710 2206 4764 scri-

603 4811 706 4868 bas
738 4806 926 4884 [Forte
967 4806 1175 4881 legas]?
1216 4807 1302 4863 Me
1330 4805 1638 4877 imperitior
1676 4804 1904 4876 quisque
1953 4803 2206 4859 lecturus

594 4914 681 4961 est
713 4920 730 4959 :
764 4912 854 4959 tua
882 4899 1110 4957 forsitan
1141 4900 1283 4956 dicta
1315 4901 1363 4955 si
1388 4898 1700 4969 scripseris,
1733 4895 1941 4951 Tullius
1966 4895 2206 4950 admira-

595 4994 766 5052 bitur.
814 4991 1085 5064 Numquid
1126 5000 1221 5046 aut
1248 4991 1618 5048 Tertullianus
1645 4990 1865 5044 beatum
1908 4988 2196 5059 Martyrem

595 5085 956 5159 Cyprianum,
994 5092 1090 5138 aut
1115 5082 1423 5155 Cyprianus
1455 5079 1816 5147 Laetantium,
1846 5089 1941 5134 aut
1969 5078 2197 5135 Lactan-

593 5179 706 5236 tius
728 5175 997 5234 ililarium
1025 5174 1295 5231 deterruit
1318 5189 1350 5227 a
1374 5170 1704 5228 scribendo?
1731 5170 1908 5227 Taceo
1937 5170 2005 5225 de
2031 5185 2198 5226 ciete-

597 5271 675 5328 ris
704 5266 1067 5325 minutalibus
1087 5308 1103 5334 ,
1135 5265 1229 5336 qui
1267 5278 1482 5321 mecum
1516 5263 1568 5317 in
1599 5262 1757 5317 libris
1785 5264 1898 5320 suis
1923 5264 2196 5334 garriunt.

595 5361 717 5421 Nisi
741 5369 801 5419 et
840 5374 1007 5431 parva
1037 5356 1263 5423 fuerint,
1297 5371 1492 5428 magna
1521 5358 1766 5413 eminere
1793 5374 1898 5413 non
1947 5365 2193 5428 possunt.

592 5454 841 5512 Primum
870 5466 983 5507 non
1015 5448 1234 5517 dicitur,
1260 5448 1364 5505 nisi
1391 5448 1693 5505 secundum
1724 5458 1983 5520 sequatur
2007 5458 2062 5505 et
2089 5461 2201 5505 ter-

589 5546 757 5603 tium.
789 5541 873 5601 Ad
904 5555 1118 5597 summa
1164 5558 1271 5599 non
1320 5540 1675 5610 seandimus,
1723 5543 1827 5597 nisi
1870 5557 1966 5610 per
2007 5542 2195 5615 539-

594 5634 764 5708 m
789 5633 901 5690 ima
927 5631 1261 5703 gradiamur.
1289 5631 1656 5700 Quamobrem
1684 5634 1916 5689 obsecro
1959 5641 2066 5687 tam
2093 5648 2194 5689 vos

592 5737 720 5794 qua
733 5724 789 5779 in
809 5720 1225 5794 praentiarum
1245 5724 1403 5791 estis,
1419 5737 1581 5794 quam
1598 5733 1837 5782 sanetam
1858 5723 2190 5795 Marcellam,

2317 3785 2627 3857 Didymum,
2655 3798 2711 3845 et
2733 3790 2802 3845 ab
2822 3806 2890 3847 eo
2920 3792 2973 3846 in
2995 3792 3301 3865 Scripturis
3325 3795 3579 3851 erunibus
3599 3812 3727 3867 qua:
3745 3797 3905 3853 habe-

2313 3873 2438 3932 bam
2487 3877 2646 3933 dubia
2696 3881 3032 3938 sciscitarer.
3067 3885 3174 3940 Sed
3200 3902 3323 3941 cum
3354 3887 3500 3942 aliud
3546 3890 3619 3943 sit
3662 3890 3903 3961 proprios

2313 3967 2480 4026 libros
2511 3986 2874 4044 componere,
2907 3976 3057 4030 verbi
3093 3978 3286 4046 gratia,
3336 3977 3404 4032 de
3429 3979 3686 4048 avaritia,
3739 3990 3793 4036 et
3840 3981 3903 4035 de

2313 4058 2440 4130 ﬁde,
2469 4061 2542 4116 de
2571 4064 2901 4134 virginitate,
2944 4068 3015 4124 de
3045 4067 3247 4136 viduis,
3287 4080 3341 4125 et
3383 4084 3554 4139 super
3582 4087 3902 4144 unaquaque

2312 4153 2539 4207 materia
2564 4154 2889 4213 testimoniis
2919 4158 3324 4228 Scripturarum
3354 4160 3481 4217 hinc
3508 4161 3635 4217 inde
3665 4164 3901 4235 qumsitis

2311 4244 2678 4315 eloquentiam
2705 4248 2937 4320 jungere
2961 4252 3299 4322 stecularem,
3334 4263 3390 4308 et
3413 4270 3555 4326 pene
3582 4256 3635 4309 in
3665 4271 3902 4311 commu-

2311 4334 2471 4389 nibus
2489 4336 2625 4392 locis
2650 4341 3018 4409 pompatieum
3043 4344 3258 4413 jactare
3284 4359 3595 4401 sermonem
3632 4364 3648 4401 :
3678 4348 3824 4402 aliud
3852 4349 3900 4401 in

2309 4443 2529 4485 sensum
2562 4432 2837 4503 prophetia
2866 4447 2922 4491 et
2948 4438 3183 4506 apostoli
3202 4437 3439 4509 ingredi,
3473 4438 3780 4512 intelligere
3809 4454 3900 4496 cur

2309 4524 2650 4593 scripserint,
2684 4542 2788 4596 qua
2818 4532 3149 4585 sententiam
3197 4546 3350 4586 suam
3392 4534 3610 4587 ratione
3656 4534 3900 4588 iit-mave-

2309 4614 2439 4681 rint,
2466 4616 2597 4687 quid
2625 4616 2864 4674 habeant
2898 4622 2950 4674 in
2974 4622 3142 4676 veteri
3175 4621 3321 4694 Lege
3350 4625 3627 4694 proprium
3661 4625 3896 4692 Μωυσεῖ,

2307 4707 2580 4774 Μυεὼίιω.
2611 4712 2962 4778 Ammanitae,
2991 4712 3162 4785 Tyrii,
3192 4714 3511 4780 Philistiim,
3552 4714 3817 4789 Egyptii,
3845 4726 3897 4772 et

2306 4798 2514 4872 Assyrii
2540 4817 2555 4867 ;
2595 4802 2724 4872 quid
2756 4819 2976 4859 rursum
3010 4807 3064 4860 in
3096 4821 3236 4862 novo
3264 4805 3622 4862 Testamento
3651 4806 3894 4869 Romani,

2305 4888 2600 4963 Corinthii,
2643 4896 2872 4963 Galatae,
2907 4897 3320 4969 Pliilippenses,
3350 4898 3896 4962 Thessalonicenses,

2307 4981 2542 5052 Hebraei,
2583 4986 2976 5055 Colossenses,
3030 4999 3083 5045 et
3118 5006 3278 5061 quam
3330 5008 3473 5047 nunc
3521 4993 3589 5047 ad
3635 4993 3896 5062 Ephesios

2309 5075 2606 5143 Epistulam
2652 5080 2916 5136 habemus
2944 5082 2998 5136 in
3043 5083 3314 5138 manibus.
3343 5082 3585 5139 Necesse
3614 5094 3700 5139 est
3729 5084 3893 5145 enim.

2308 5178 2367 5223 ut
2386 5169 2538 5240 juxta
2566 5172 2918 5229 diversitates
2942 5173 3186 5230 lucorum
3209 5186 3265 5232 et
3288 5185 3618 5245 temporum,
3646 5187 3702 5230 et
3726 5175 3898 5230 homi-

2309 5279 2460 5330 num,
2491 5266 2686 5336 quibus
2715 5267 2932 5339 scripta:
2952 5277 3104 5339 sunt,
3136 5269 3384 5325 diversas
3415 5278 3471 5326 et
3495 5284 3707 5336 causas,
3739 5281 3795 5325 et
3821 5284 3895 5323 ar-

2304 5368 2582 5426 gumenta,
2625 5368 2681 5415 et
2706 5362 2950 5430 origines
2981 5361 3236 5419 habeant.
3286 5363 3352 5418 Et
3391 5363 3665 5432 quomodo
3707 5364 3894 5419 beatus

2302 5448 2545 5506 Joannes
2573 5454 2625 5507 in
2668 5455 2996 5528 Apocalypsi
3025 5471 3125 5511 sua
3166 5456 3233 5511 ad
3263 5468 3476 5527 septem
3518 5456 3774 5513 scribens
3799 5456 3891 5511 Ec-

2302 5542 2520 5608 clesias,
2553 5545 2606 5597 in
2641 5561 2965 5618 unaquaque
2995 5562 3181 5603 earum
3218 5548 3498 5620 specialia,
3541 5550 3625 5604 vel
3653 5548 3783 5603 vitia
3811 5562 3892 5602 re-

2303 5635 2610 5705 prehendit,
2641 5639 2728 5694 vel
2754 5641 2985 5696 virtutes
3010 5641 3203 5712 probat
3234 5658 3250 5697 :
3288 5641 3360 5697 ita
3403 5650 3460 5697 et
3487 5652 3714 5697 sanctus
3764 5654 3893 5710 apo-

2300 5725 2475 5782 stolus
2496 5726 2694 5787 Paulus
2722 5745 2822 5803 per
2832 5732 3074 5804 singulas
3083 5732 3356 5791 Eeelesias
3370 5733 3693 5793 vulneribus
3710 5731 3892 5792 mede-
