4046 6376
344 310 453 369 ιιι

922 306 1581 368 COMMENTARIORUM
1619 307 1688 368 IN
1727 306 2119 367 EPISTOLAM
2160 307 2255 367 AD
2294 304 2636 368 EPllESiOS
2675 305 3062 368 PROLOGUS.

3539 267 3660 399 ιὶξ)

348 425 644 496 turillatis,
678 441 777 481 nec
804 426 870 480 ad
901 427 1071 482 instar
1099 427 1335 496 imperiti
1364 430 1558 485 medici
1587 447 1695 485 uno
1716 433 1946 505 collyrio
1974 435 2025 496 Α
2054 442 2159 490 tem
2196 436 2387 490 sciatis
2414 451 2511 492 eos
2539 437 2630 508 qui
2664 437 2720 491 in
2754 436 2972 508 Epheso
3003 436 3357 493 crediderant
3381 475 3395 499 ,
3441 432 3648 488 datmo-

344 521 593 574 omnium
626 521 817 575 oculos
833 520 950 575 vult
980 535 1197 575 eurare.
1235 523 1294 577 Et
1322 526 1446 592 quia
1470 524 1580 593 jam
1614 525 1679 579 ad
1705 525 1946 593 Galatas,

343 614 634 669 orantibus
663 615 843 678 vobis,
875 624 1003 670 ante
1034 630 1238 685 paucos
1282 617 1399 672 dies
1439 617 1567 687 quid
1599 620 1759 674 nobis
1801 620 1950 676 video

343 716 522 773 retur,
553 707 927 776 expressimus
956 724 971 761 :
1006 723 1147 762 nunc
1168 708 1235 763 ad
1267 708 1533 779 Ephesios
1558 712 1946 767 transeundum

345 808 464 866 εει,
506 798 744 853 mediam
775 799 1024 868 Apostoli
1051 801 1377 871 epistolam,
1425 811 1486 857 ut
1534 803 1728 860 ordine
1778 807 1849 862 ita
1894 814 1951 861 et

349 893 624 951 sensibus.
671 892 904 948 Mediam
935 904 1117 949 autem
1146 894 1298 961 dico,
1333 911 1440 951 non
1474 912 1581 967 quo
1619 897 1822 967 primas
1856 913 1947 954 sc-

348 1001 544 1055 quens,
567 987 833 1043 extremis
858 987 1032 1057 major
1058 989 1164 1054 sit;
1194 989 1289 1044 sed
1327 990 1600 1058 quomodo
1621 1006 1717 1047 cor
1738 992 1950 1047 anima-

351 1076 424 1133 lis
453 1079 507 1133 in
531 1078 709 1135 medio
736 1087 859 1135 est:
894 1088 952 1134 ut
978 1095 1044 1135 ex
1071 1080 1174 1137 hoc
1205 1082 1524 1153 intelligetis
1553 1085 1774 1155 quantis
1799 1085 1944 1140 difti.

351 1170 671 1237 cultatilms,
696 1181 748 1225 et
770 1186 934 1242 quam
958 1172 1247 1242 profundis
1275 1176 1672 1243 qumstionibus
1703 1177 1946 1233 involuta

348 1262 447 1319 sit.
504 1263 787 1321 Scribebat
837 1264 907 1320 ad
952 1266 1218 1334 Ephesios
1260 1268 1482 1324 Dianam
1531 1272 1781 1327 colentes
1837 1288 1946 1329 non

344 1354 490 1410 hanc
548 1356 901 1425 venatricem,
933 1373 1057 1427 qua:
1110 1373 1297 1414 arcum
1361 1370 1539 1428 tenet,
1593 1373 1760 1434 atque
1824 1380 1949 1419 suc-

342 1447 520 1503 cincta
600 1458 717 1514 est,
788 1455 816 1485 ⁸ι
869 1449 967 1504 sed
1034 1449 1181 1506 illam
1249 1451 1722 1510 multimammiam
1784 1472 1945 1527 quant

344 1538 522 1595 Graeci
581 1541 920 1613 πολύμαστον
982 1553 1218 1613 vocant,
1279 1555 1339 1600 ut
1396 1548 1610 1603 scilicet
1690 1565 1763 1605 ex
1833 1551 1946 1621 ipsa

348 1631 706 1707 551-542
751 1650 970 1706 quoque
1028 1635 1245 1709 elligie,
1291 1639 1655 1695 mentirentur
1699 1644 1945 1699 omnium

343 1743 465 1785 eam
489 1730 791 1784 bestiarum
808 1738 864 1785 et
879 1730 1182 1787 viventium
1208 1746 1333 1788 esse
1351 1734 1641 1790 nutricem.
1661 1735 1946 1793 Scribebat

2051 530 2222 583 ttiaris
2255 530 2542 600 pra-stigiis
2575 539 2632 584 et
2665 532 2852 599 magia:
2884 529 3053 586 fuisse
3096 531 3303 585 artibus
3341 526 3606 596 obligatos
3632 563 3648 588 ,

2049 621 2104 677 in
2135 622 2346 678 ei~tlem
2377 623 2771 692 Apostolorum
2797 624 3023 679 Actibus
3057 625 3359 693 replicatur
3383 664 3398 688 ,
3432 631 3485 676 ct
3515 617 3652 673 dici-

2051 723 2168 768 tur:
2194 713 2425 769 Plurimi
2444 732 2644 786 quoque
2668 730 2844 771 eorum
2865 718 2952 783 qui
2974 698 3176 771 curiosa
3198 721 3481 789 gesserant,
3507 726 3649 766 com-

2049 815 2316 879 portantes
2339 806 2523 876 libros,
2546 809 2931 864 combusseruut
2950 825 3126 864 coram
3149 807 3410 871 omnibus,
3442 816 3487 859 et
3510 820 3650 858 com-

2049 911 2355 969 putaverunt
2385 901 2609 972 pretium
2626 917 2828 966 eorum,
2859 912 2908 956 et
2935 902 3238 957 invenerunt
3262 899 3467 973 argenti
3493 898 3651 970 quin-

2046 992 2489 1062 quaginta,mitlia
2515 1007 2534 1046 :
2554 993 2631 1046 sic
2650 1001 2882 1064 potenter
2902 993 3112 1047 verbum
3132 992 3345 1047 Domini
3366 988 3646 1055 crescebat,

2047 1092 2096 1137 et
2128 1083 2524 1154 confortabatur
2549 1084 2688 1152 (Act.
2716 1101 2831 1149 xu,
2862 1084 2974 1157 l9).
3009 1084 3139 1140 Huic
3159 1084 3368 1139 idcirco
3391 1081 3647 1136 universa

2048 1177 2457 1247 replicavimus,
2479 1188 2538 1231 ut
2558 1178 2901 1233 ostenderem
2911 1192 2974 1232 us
2985 1176 3460 1249 quareApostolus
3476 1176 3527 1231 in
3545 1175 3649 1232 hac

2049 1271 2135 1326 vel
2169 1270 2513 1340 potissimum
2548 1269 2790 1340 Epistula
2837 1270 3104 1326 obscuros
3140 1284 3336 1325 sensus
3366 1280 3420 1324 et
3459 1268 3646 1340 ignom

2048 1364 2273 1419 sa-culis
2318 1370 2667 1419 sacramenta
2702 1362 3042 1433 congesserit
3084 1378 3099 1415 :
3138 1371 3193 1417 et
3227 1362 3299 1418 de
3332 1374 3646 1416 sanctarum

2049 1459 2563 1528 contrariarnuique
2602 1456 2865 1512 virtutum
2905 1456 3158 1512 docuerit
3183 1463 3458 1526 poti-state
3498 1471 3512 1508 :
3557 1452 3649 1524 qui

2048 1550 2157 1605 sint
2183 1552 2500 1616 dannmtcs,
2542 1549 2673 1621 quid
2703 1550 2958 1614 valeant,
3001 1548 3131 1618 quiti
3177 1559 3308 1603 ante
3340 1547 3563 1613 fuerint,
3593 1556 3651 1601 et

2049 1643 2325 1714 quomodo
2362 1650 2489 1713 post
2520 1642 2819 1698 adventum
2854 1642 3064 1696 Citriin
3101 1650 3233 1696 sunt
3271 1639 3438 1694 diruti
3485 1646 3649 1711 atque

2048 1735 2336 1791 destructi.
2369 1736 2447 1791 De
2469 1734 2667 1805 quibus
2693 1734 2771 1789 ait
2796 1751 2810 1789 :
2838 1732 2961 1789 Non
2990 1743 3067 1787 est
3090 1731 3236 1788 nobis
3263 1747 3441 1803 pugna
3466 1732 3649 1785 adver-

342 1829 527 1874 autem
554 1818 622 1874 ad
647 1820 996 1891 metropolim
1021 1821 1166 1876 Asiae
1193 1822 1502 1890 civitatem,
1524 1825 1579 1879 in
1605 1841 1707 1896 qua
1738 1826 1810 1881 ita
1837 1828 1943 1881 ide.
1974 1829 2022 1890 B
2047 1845 2160 1883 sum
2181 1846 2386 1884 carnem
2412 1837 2460 1883 et
2480 1829 2811 1901 sanguinem,
2838 1828 2929 1882 sed
2951 1827 3223 1882 adversum
3249 1825 3572 1897 principatus
3598 1830 3646 1878 et

342 1910 587 1978 lolatria,
621 1921 675 1966 et
700 1911 844 1983 quod
874 1928 1095 1985 semper
1126 1913 1497 1971 idololatriam
1528 1918 1779 1987 sequitur
1802 1962 1817 1987 ,
1850 1936 1942 1975 ar-

340 2003 476 2060 tium
502 2003 527 2043 δ
552 2005 885 2077 magicarum
911 2007 1199 2078 przcstigia:
1220 2010 1536 2080 viguerant,
1559 2020 1616 2066 ut
1634 2011 1944 2070 Demetrius

339 2096 569 2164 diceret,
600 2108 651 2154 et
676 2116 880 2170 magna:
905 2101 1016 2156 dea:
1043 2102 1291 2175 templum
1314 2103 1498 2160 Diana:
1524 2105 1580 2160 in
1609 2106 1828 2161 nihilum
1860 2124 1946 2162 re-

340 2189 613 2258 putabitur
636 2230 652 2257 ,
696 2190 990 2246 destruetur
1015 2208 1219 2265 quoque
1245 2195 1551 2266 magnitudo
1588 2198 1705 2270 ejus
1730 2238 1746 2263 ,
1788 2215 1942 2268 quam

339 2294 526 2339 cuncta
565 2285 690 2339 Asia
732 2293 783 2341 et
821 2286 1097 2341 universus
1129 2285 1271 2342 orbis
1306 2288 1430 2341 colit
1462 2288 1603 2359 (Act.
1637 2304 1738 2345 nx
1760 2329 1779 2355 ,
1821 2291 1939 2362 27).

340 2381 585 2453 Denique
614 2382 848 2438 triennio
879 2383 951 2436 ibi
978 2384 1278 2452 Apostolus
1304 2395 1548 2442 moratus
1570 2395 1679 2454 est,
1708 2398 1870 2445 nocte
1892 2398 1944 2444 ct

338 2477 430 2531 die
464 2477 557 2532 Dei
591 2475 944 2547 Evangelinm
978 2476 1307 2548 praedicans,
1340 2488 1424 2547 ut,
1459 2480 1783 2537 idololatria:
1814 2498 1942 2538 arce

340 2569 620 2626 destructa
640 2610 658 2636 ,
705 2569 866 2625 facile
897 2570 1171 2625 minorum
1201 2570 1412 2626 urbium
1441 2573 1646 2642 templa
1675 2589 1946 2644 caperen-

342 2673 449 2719 tur.
487 2663 600 2718 lloc
625 2664 802 2734 ipsum
823 2661 1108 2732 Scriptura
1141 2663 1312 2719 refert
1342 2664 1619 2733 quomodo
1646 2666 1846 2721 Paulus
1874 2666 1942 2722 ad

348 2754 624 2824 Ephesios
648 2753 1071 2820 sermocinetur,
1101 2753 1292 2810 dicens
1317 2771 1329 2808 :
1360 2754 1690 2829 Quapropter
1715 2757 1939 2826 t'igilate,

342 2846 681 2904 recordantes
708 2849 834 2919 quia
860 2848 1083 2901 triennio
1112 2856 1260 2903 nocte
1283 2864 1343 2902 ac
1368 2849 1453 2903 die
1478 2866 1581 2904 non
1606 2851 1802 2905 cessavi
1828 2867 1945 2905 cum

342 2940 591 3013 lacrymis
611 2956 816 2997 monere
838 2956 1258 3012 unumquemque
1280 2949 1505 2996 rostrum
1528 2954 1548 2996 :
1573 2950 1619 2996 et
1647 2959 1783 2997 nunc
1805 2959 1948 2998 com-

344 3038 531 3091 mendo
562 3051 648 3091 vos
672 3033 784 3089 Deo
815 3077 829 3103 ,
877 3044 924 3088 et
950 3034 1104 3089 verbo
1131 3036 1314 3106 gratia:
1340 3037 1457 3108 ejus
1484 3075 1498 3099 ,
1542 3036 1634 3106 qui
1661 3046 1843 3105 potens
1871 3046 1947 3092 est

344 3129 613 3200 azdiﬁcare
639 3136 687 3183 et
716 3128 844 3183 dare
864 3128 1004 3184 nobis
1031 3127 1381 3184 haereditatem
1404 3128 1456 3183 in
1475 3129 1815 3199 sanctiﬁcatis
1835 3147 1945 3185 ont-

2046 1937 2318 2000 potestates
2341 1944 2361 1983 :
2381 1928 2628 1982 adversus
2655 1935 2882 1981 rectores
2911 1925 3242 1981 tenebrarum
3264 1926 3482 1979 istarum
3505 1939 3524 1977 :
3547 1920 3645 1977 ad-

2045 2034 2252 2076 uersum
2280 2019 2583 2092 spiritualia
2613 2018 2857 2088 nequitiae
2884 2017 2939 2071 in
2969 2015 3257 2073 ralestibus
3288 2016 3308 2088 (
3332 2014 3527 2086 Ephes.
3554 2028 3642 2081 vt,

2045 2112 2159 2182 12).
2195 2112 2263 2167 Et
2293 2112 2346 2166 in
2372 2111 2485 2166 alio
2512 2110 2635 2165 loco
2667 2124 2682 2163 :
2712 2107 3037 2164 Permanebo
3065 2118 3236 2162 autem
3260 2107 3455 2176 Ephesi
3482 2119 3649 2174 usque

2046 2204 2116 2258 ad
2136 2203 2494 2258 Pentecosten.
2514 2200 2715 2256 Ostium
2735 2201 2873 2255 enim
2890 2201 3014 2255 mihi
3032 2209 3269 2273 apertum
3282 2210 3643 2273 estmagnum,

2044 2308 2093 2353 et
2121 2298 2339 2369 emanat;
2369 2296 2459 2352 sed
2480 2294 2764 2349 adversarii
2787 2294 2938 2348 multi
2967 2293 3013 2361 (Ι
3035 2294 3155 2349 Cor.
3179 2308 3297 2358 xvr,
3320 2292 3376 2353 8.
3401 2291 3479 2362 9).
3512 2290 3617 2346 Per

2045 2392 2247 2447 mansit
2274 2400 2458 2446 autem
2492 2389 2694 2459 Ephesi
2722 2403 2893 2458 usque
2917 2387 2984 2442 ad
3008 2387 3395 2449 Pentecosten,
3427 2394 3648 2452 tempus

2045 2485 2252 2540 ltetitia:
2270 2492 2434 2553 atque
2455 2481 2723 2543 victorim,
2752 2496 2861 2551 quo
2883 2496 2990 2534 non
3016 2479 3291 2534 ﬂectimus
3311 2492 3510 2548 genua,
3541 2491 3646 2533 nec

2045 2592 2337 2632 rurvamur
2369 2578 2420 2630 in
2456 2585 2701 2631 terram:
2734 2574 2829 2629 sed
2862 2587 2988 2628 cum
3021 2573 3253 2627 Domino
3287 2580 3646 2643 resurgentes

2045 2671 2112 2725 ad
2147 2670 2416 2728 cmlorum
2445 2669 2554 2723 alta
2584 2667 2954 2723 sustollimur.
3005 2665 3076 2721 Et
3115 2666 3419 2737 permansit
3463 2680 3478 2718 :
3517 2665 3643 2735 quia

2044 2775 2293 2833 apertum
2323 2763 2373 2818 ei
2402 2770 2523 2818 erat
2546 2761 2749 2816 ostium
2772 2800 2788 2827 ,
2834 2768 2895 2815 et
2932 2773 3042 2815 non
3081 2758 3282 2813 ostium
3319 2757 3595 2813 modicum
3626 2796 3641 2820 ,

2044 2855 2141 2910 sed
2174 2869 2454 2923 maguum,
2485 2862 2543 2908 ut
2562 2856 2746 2907 vincto
2766 2850 2896 2907 forti
2923 2861 3089 2922 atque
3109 2861 3391 2922 superato,
3418 2848 3641 2905 domum

2045 2948 2165 3017 ejus
2197 2946 2499 3011 invaderet,
2532 2945 2819 3015 Spoliaret,
2846 2951 3144 3010 everteret,
3176 2951 3233 2999 et
3252 2941 3525 3013 captivam
3552 2941 3645 2997 du-

2044 3049 2196 3097 ceret
2227 3038 2604 3108 captivitatem
2636 3035 2855 3103 (Matth.
2887 3038 2984 3104 sn)
3015 3054 3031 3093 :
3060 3036 3154 3108 qui
3180 3035 3479 3092 satellitum
3511 3049 3642 3089 stto-

2047 3146 2165 3187 rum
2186 3128 2497 3199 agminibus
2530 3126 2888 3202 5&3-5“
2914 3128 3288 3198 congregatis,
3318 3134 3427 3181 tota
3450 3134 3645 3182 contra

344 3224 496 3280 nibus
528 3221 688 3292 (Act.
715 3237 818 3289 xx,
849 3223 910 3278 3i
935 3263 952 3288 ,
979 3221 1109 3293 52).
1135 3220 1459 3293 lndigebant
1481 3222 1625 3277 enim
1655 3236 1941 3279 commeo.
1970 3209 2017 3273 C
2046 3220 2377 3289 Apostolum
2416 3219 2849 3275 acie‘dimicavit
2874 3260 2892 3284 ,
2936 3230 2989 3272 et
3030 3218 3205 3273 victus
3243 3227 3353 3272 cst.
3403 3216 3506 3283 Qui
3539 3215 3653 3271 sint

350 3315 579 3371 datione
601 3314 855 3387 Apostoli
885 3313 955 3370 ad
981 3315 1176 3385 Deum,
1208 3330 1343 3385 quos
1374 3323 1524 3370 tanto
1553 3323 1799 3387 tempore
1827 3316 1941 3372 dir-

346 3422 567 3462 monum
595 3421 753 3462 error
780 3415 1069 3472 tenuerat,
1113 3416 1168 3461 et
1198 3407 1446 3462 sciebant
1476 3423 1603 3463 esse
1628 3409 1945 3477 spiritualcs

342 3498 556 3570 aliquas
584 3507 902 3569 potestates,
933 3507 987 3553 et
1014 3498 1067 3553 in
1091 3498 1235 3554 extis
1262 3507 1428 3567 atque
1453 3499 1698 3569 augmiis
1729 3509 1785 3556 et
1809 3502 1945 3557 divi-

347 3590 663 3646 nationihus
692 3591 983 3661 quamdam
1011 3590 1422 3646 similitudinem
1452 3591 1755 3647 divinitatis
1786 3608 1946 3663 agno-

350 3695 562 3740 verant.
599 3683 751 3740 Unde
777 3698 990 3740 rursum
1022 3683 1089 3737 ad
1122 3698 1218 3739 eos
1245 3683 1522 3753 loquitur:
1558 3683 1785 3757 Propter
1805 3688 1945 3754 quod

344 3787 607 3832 contestor
636 3793 727 3833 vos
757 3778 809 3831 in
842 3780 925 3833 die
945 3776 1066 3844 hac,
1097 3778 1222 3847 quia
1250 3780 1477 3833 mundus
1507 3795 1621 3833 sum
1651 3796 1744 3850 ego
1769 3797 1798 3833 a
1823 3796 1945 3835 sau-

342 3872 502 3942 guiue
529 3870 783 3937 omnium.
819 3868 871 3924 Ν
876 3886 943 3923 on
971 3872 1111 3924 enim
1139 3870 1379 3925 subtraxi
1406 3887 1509 3939 quo
1540 3872 1710 3927 minus
1739 3889 1946 3927 annun-

345 3965 529 4018 tierem
560 3962 703 4017 vobis
732 3979 935 4016 omnem
961 3962 1276 4017 voluntatem
1309 3962 1427 4018 Dei.
1478 3964 1543 4018 Et
1579 3965 1633 4018 in
1677 3965 1787 4019 alio
1815 3964 1833 4038 [
1857 3966 1940 4021 Al.

348 4052 576 4125 eodem]
610 4054 767 4107 loco:
797 4052 1067 4118 Quomodo
1095 4053 1230 4106 nihil
1254 4054 1598 4108 subtraxerim
1625 4070 1799 4108 eorum
1829 4071 1946 4126 qua:

346 4147 483 4200 vobis
506 4147 815 4218 proderant,
843 4147 967 4214 quin
992 4148 1384 4213 annuntiarem,
1415 4158 1462 4199 et
1483 4147 1720 4201 docerem
1746 4149 1948 4216 publice

347 4250 392 4293 et
419 4241 519 4295 do:
541 4242 700 4294 e,tice
730 4239 922 4310 (Ibid,
950 4239 1067 4296 20‘.
1104 4240 1330 4310 Legerat
1364 4240 1415 4293 iu
1442 4241 1725 4297 Ezechiele
1751 4241 1941 4315 (Ιὺίά.,

346 4332 446 4397 26,
478 4331 624 4405 27),
669 4331 813 4403 quod
845 4336 1162 4402 speculator
1192 4334 1283 4402 qui
1328 4335 1532 4403 populo
1566 4338 1802 4389 hostium
1837 4353 1944 4390 non

346 4424 693 4494 priedixisset
718 4424 1034 4495 adventum,
1054 4426 1274 4493 sanguis
1301 4425 1506 4480 civium
1535 4426 1853 4494 exigeretur
1877 4428 1946 4483 de

348 4519 601 4573 manibus
625 4519 747 4588 ejus
776 4550 793 4584 ,ν
837 4527 893 4574 et
927 4528 1218 4587 propterea
1262 4534 1484 4573 omnem
1517 4534 1576 4574 se
1608 4522 1944 4577 voluntatem

2041 3321 2223 3369 autem
2255 3311 2518 3383 Ephesii,
2561 3322 2618 3366 et
2646 3311 2772 3365 hinc
2798 3310 2882 3365 vel
2929 3310 3170 3364 maxime
3215 3309 3643 3378 comprobatur,

2043 3406 2188 3479 quod
2231 3407 2377 3461 sicut
2400 3405 2646 3461 Joannes
2687 3404 3010 3476 mysterium
3060 3403 3362 3458 nativitatis
3406 3402 3647 3472 autiquas

2047 3500 2262 3556 Domini
2292 3499 2592 3563 relaturus,
2627 3500 2682 3553 in
2715 3509 2904 3568 pectus
2926 3498 3046 3566 ejus
3073 3495 3350 3559 recubuit,
3378 3502 3432 3548 et
3454 3495 3523 3549 de
3546 3509 3645 3563 pu-

2042 3594 2267 3648 rissimo
2291 3592 2440 3645 lonte
2464 3590 2647 3645 hausit
2678 3589 2910 3643 rivulum
2930 3589 3303 3643 doctrinarum
3336 3584 3521 3657 (Joun.
3546 3599 3645 3639 xm

2044 3694 2093 3739 et
2126 3700 2217 3738 ut
2242 3683 2261 3754 )
2290 3701 2302 3737 :
2334 3683 2409 3736 ita
2447 3691 2504 3737 et
2532 3681 2584 3735 hi
2620 3682 2671 3735 in
2705 3680 2962 3735 aln-untis
2994 3678 3142 3734 Pauli
3176 3677 3379 3733 collqu
3422 3684 3648 3732 ruentes

2045 3776 2249 3842 (Actor.
2281 3772 2390 3846 9.0)
2413 3819 2427 3843 ,
2460 3774 2664 3828 osculis
2689 3786 2855 3843 atque
2880 3771 3263 3841 complexibus
3289 3768 3406 3824 suis
3436 3767 3646 3824 iudica-

2044 3876 2243 3924 verunt
2274 3884 2440 3922 nuuui
2475 3883 2535 3923 se
2564 3883 2687 3923 cum
2713 3884 2779 3922 eo
2798 3866 3044 3921 scientia:
3066 3864 3272 3920 habere
3298 3867 3649 3931 thesaurum,

2044 3972 2097 4016 et
2125 3960 2370 4031 magistri
2395 3959 2730 4015 desiderium
2762 3956 3020 4029 lacrymis
3036 3956 3332 4013 contestati
3349 3965 3492 4013 sunt.
3511 3953 3649 4011 lllud

2046 4067 2265 4123 quoque
2292 4054 2346 4105 in
2374 4052 2696 4121 pra-latione
2722 4063 3076 4115 commoneo,
3107 4057 3167 4104 ut
3190 4049 3379 4103 sciatis
3404 4058 3426 4084 ι’
3455 4047 3654 4117 Orige-

2048 4164 2169 4202 netn
2200 4146 2301 4199 tria
2334 4146 2608 4200 volumina
2642 4146 2694 4198 in
2726 4144 2867 4198 hanc
2892 4142 3063 4212 Episu
3088 4142 3195 4196 lillll
3227 4142 3652 4208 conscript-isse,

2048 4259 2208 4310 quem
2256 4249 2309 4295 et
2352 4255 2453 4294 nos
2482 4255 2546 4293 ex
2583 4247 2735 4304 parte
2765 4240 2944 4291 secuti
2989 4249 3202 4291 sumus.
3252 4236 3651 4305 Apollinarium

2048 4345 2212 4392 etzam
2261 4346 2314 4389 et
2348 4334 2633 4405 Didymum
2682 4330 2949 4405 quosdam
3003 4328 3488 4383 enmoeutarioIOs
3533 4326 3652 4380 edi—

2048 4430 2219 4492 disse,
2239 4446 2267 4479 ρ
2286 4404 2484 4498 quibus
2516 4426 2645 4479 licet
2674 4404 2845 4495 pauca
2864 4421 3271 4490 decerpsimus,
3290 4430 3344 4471 et
3366 4418 3650 4483 nonnulla,

2049 4537 2169 4592 qua:
2194 4520 2350 4575 nobis
2374 4519 2723 4578 videbantur.
2754 4516 3082 4583 adjeriuins,
3112 4514 3228 4569 sive
3253 4513 3653 4578 subtraximus,

351 4609 442 4665 Dei
473 4651 488 4676 ,
530 4621 587 4665 et
617 4611 868 4664 universa
899 4626 1018 4679 qua:
1053 4610 1162 4664 illis
1195 4609 1347 4664 utilia
1382 4610 1566 4664 forent
1595 4613 1947 4668 atiuuntiasse
1976 4593 2028 4654 Ῑ)
2054 4625 2112 4668 ut
2143 4612 2421 4668 studiosus
2449 4612 2633 4667 statim
2664 4612 2716 4664 iu
2750 4609 3022 4679 principio
3054 4611 3230 4664 lector
3256 4619 3515 4679 agnoscat
3549 4608 3655 4664 huc

347 4704 695 4769 memoravit,
731 4710 790 4757 ut
820 4703 958 4757 liber
984 4710 1133 4757 esset
1162 4717 1192 4756 a
1222 4703 1490 4773 sanguine
1517 4717 1730 4757 eortnn.
1762 4703 1830 4759 Ut
1854 4720 1952 4759 au-

421 4829 445 4856 a
474 4820 664 4875 Sciunt
692 4820 792 4874 hoc
821 4819 1149 4882 certissime,
1183 4820 1271 4885 qui
1303 4833 1551 4873 veterum
1585 4818 1941 4877 Ethuicorum

350 4890 594 4954 legerunt
619 4892 844 4957 Scripta,
878 4894 995 4944 sive
1023 4893 1074 4944 in
1102 4892 1341 4959 antiquis
1375 4894 1613 4943 nummis
1650 4909 1710 4942 ιιι·
1751 4903 1946 4946 statuis

348 4978 708 5016 tuatmno~uni
753 4962 885 5016 tl.ud
913 4962 1264 5016 simulacrum
1301 4960 1481 5015 Diana:
1518 4962 1742 5027 Ephesi.
1776 4978 1805 5016 a
1839 4979 1944 5033 qua

347 5034 448 5088 sibi
504 5034 639 5089 urbe
683 5042 739 5088 et
775 5050 973 5087 nomen
1017 5035 1232 5096 metvit,
1273 5033 1609 5086 Venerationi
1663 5034 1942 5098 habbunt.

348 5105 649 5159 etiamnum
692 5112 924 5171 spretui.
964 5102 1327 5157 Nihiltm'cius
1356 5104 1505 5175 Itach
1530 5107 1691 5175 vulgo
1727 5107 1946 5160 notissi-

349 5192 488 5230 ntaut
520 5177 801 5230 Itis‘toriam
829 5184 1059 5228 miratus
1084 5183 1169 5227 est
1198 5174 1387 5228 Pctru~
1414 5174 1593 5230 Faber
1621 5177 1730 5228 acri
1759 5178 1946 5246 dispit-

351 5249 576 5310 latione,
623 5246 833 5313 hocque
880 5246 1192 5315 llierOuytui
1239 5246 1610 5300 testimonium
1643 5255 1943 5314 lacessens,

348 5319 680 5385 convellere,
716 5332 1016 5388 petnt'gztlts
1050 5318 1271 5370 lltanatn
1308 5321 1800 5378 tnttllttttatttttttutu,
1824 5336 1944 5389 qua:

350 5402 381 5441 a
407 5390 685 5443 venatriee
732 5396 840 5443 alte
878 5389 1152 5459 SItcCittCLI
1186 5389 1647 5457 distingueretur,
1689 5405 1944 5459 uuiquam

351 5461 671 5523 exstitisse;
702 5459 800 5515 sed
836 5475 931 5526 pro
963 5472 1028 5510 ea
1057 5458 1705 5525 Cereremmammosatn,
1725 5458 1948 5515 Ven-res

350 5532 684 5600 apnellasse.
732 5530 883 5599 Quod
919 5537 977 5583 ut
1000 5534 1247 5593 evincat,
1294 5530 1471 5585 locum
1504 5530 1714 5583 Minucii
1753 5529 1946 5586 Ft-lieis

350 5601 637 5663 sollicitat,
681 5603 846 5655 inuno
881 5602 1230 5667 apertissime
1261 5604 1579 5669 (“Ol‘l’lltttlllL
1620 5601 1753 5654 Cum
1800 5605 1943 5658 enini

353 5671 668 5738 scripsisset
694 5672 784 5727 ille
815 5688 829 5724 :
859 5670 1034 5724 Diana
1065 5671 1272 5725 interim
1294 5682 1366 5726 est
1389 5673 1490 5725 alte
1509 5673 1769 5724 succincta
1795 5689 1943 5729 vena-

354 5744 480 5806 trix,
513 5751 563 5795 et
591 5740 813 5805 Ephesia
842 5743 1091 5807 mammis
1110 5744 1309 5806 multis,
1340 5753 1386 5795 ct
1417 5744 1637 5796 verubus
1662 5754 1944 5809 exstructa,

357 5811 461 5884 legi
491 5812 613 5867 vult
640 5812 812 5869 Faber
843 5830 859 5869 :
882 5812 1137 5868 Venatrix
1164 5812 1412 5883 Ephesia,
1436 5822 1484 5869 et
1514 5814 1751 5869 mammis
1771 5816 1948 5873 multis

2055 4721 2219 4775 Opus,
2254 4707 2337 4759 vel
2365 4706 2602 4758 alienum
2633 4718 2775 4771 esse,
2809 4702 2895 4756 vel
2925 4713 3196 4755 nostrum.

2048 4821 2198 4878 Ceres
2247 4831 2523 4876 exstructa.
2558 4819 2725 4875 Nobis
2779 4820 2993 4872 tametsi
3028 4817 3193 4873 multa
3241 4825 3534 4871 occurrant
3577 4814 3649 4871 ad

2047 4895 2436 4949 νιιηιίοιιηιιιιιιι
2464 4896 2752 4947 Auctorem
2782 4903 3029 4944 nostrum
3062 4889 3364 4942 certissima
3389 4887 3647 4940 Veli-runt

2050 4966 2402 5028 WSIIIIIOIIi‘t,
2458 4964 2591 5016 satis
2651 4962 2865 5015 aliunde
2934 4960 3099 5013 fuerit
3156 4957 3648 5028 lucult-ttlisaituum

2048 5036 2189 5090 i~tuil
2235 5025 2450 5102 Apuleii
2479 5034 2571 5087 lib.
2620 5048 2655 5086 tt
2687 5034 3015 5085 Milesiarum
3071 5025 3653 5102 opjia-sttissc:_l’ltmbt'

2047 5098 2589 5168 sora/eor(profecto
2621 5120 2726 5157 nun
2768 5107 3053 5163 (lari-rum,
3082 5101 3173 5153 sed
3212 5098 3460 5170 Dianam)
3492 5107 3650 5170 parta

2048 5179 2115 5249 [ae
2140 5194 2289 5233 arum
2334 5176 2550 5231 medelis
2589 5174 2819 5249 lenienti;
2842 5190 2921 5249 us_
2941 5179 3174 5249 recreato
3199 5210 3214 5233 ,
3253 5169 3476 5239 populos
3497 5169 3502 5170 “
3522 5186 3654 5223 eau-

2050 5242 2188 5309 care,
2219 5251 2588 5317 prwclarisqne
2615 5248 2841 5301 delubris
2876 5242 3066 5312 Epllu'si
3095 5255 3349 5317 venerari.

2122 5319 2148 5358 δ
2190 5311 2247 5374 In
2283 5320 2407 5387 igne
2441 5311 2569 5373 tltitd
2605 5311 3052 5387 (988lllpltllllt'al,
3088 5311 3490 5387 qttirst't‘tl).iltl_t'
3523 5311 3648 5387 A_ct.

2050 5407 2163 5457 χιε,
2191 5391 2276 5446 l9.
2309 5381 2446 5456 quos
2468 5405 2577 5442 uua
2606 5392 2696 5443 die
2721 5390 2964 5455 magicos
2992 5385 3159 5457 libros
3186 5382 3421 5457 llaiutuis
3445 5381 3646 5457 Paulus

2050 5455 2250 5529 Ephesi
2278 5462 2595 5525 tradiderat,
2618 5457 3003 5529 qtttttqttagitttzt
3033 5456 3258 5508 ttttllitttn
3285 5455 3644 5507 denariOrum

2051 5535 2277 5603 pecunia
2307 5541 2619 5598 computan
2640 5528 2821 5596 pretio
2851 5528 3188 5603 constitisse.

2126 5616 2147 5644 ε
2192 5604 2375 5657 Trium
2412 5592 2604 5653 liorutn
2636 5592 2967 5668 scripturum
2992 5595 3269 5668 Ungi-uis.
3303 5592 3650 5668 Apoliiuatii,

2052 5682 2108 5730 cl
2147 5673 2361 5747 Didymi
2402 5666 2781 5747 Ctttlllltt‘nlnl‘ll
2826 5672 2877 5726 in
2925 5673 3062 5725 Itattt:
3097 5666 3400 5739 Epistulam
3443 5666 3652 5738 jatttdiu

2052 5748 2183 5803 olim
2218 5745 2632 5805 interciderunt.
3500 5763 3525 5779 η-
