4046 6350
448 170 563 238 143

1667 178 1750 248 ιδ.
1788 180 2060 236 ΕυδΕιιιι
2099 180 2478 239 ΙΙΙΕΒυΝΥΜΙ

3637 185 3788 257 HM

461 285 3751 336 ___.__________________________

1488 397 1972 505 LIBER
2049 400 2472 510 PRIM
2489 404 2709 512 US.

531 705 689 796 (Cap.
719 702 999 796 l.—Ver_s.
1140 701 1350 796 Paulus
1379 705 1646 776 apostolus
1671 705 1800 762 Iesu
1832 705 2052 774 Christi,
2086 721 2128 778 Α
2161 725 2225 765 ex
2255 727 2321 767 eo
2342 714 2485 784 quod
2510 731 2616 771 non
2646 725 2785 786 erat,
2823 717 2876 773 in
2908 717 2959 774 id
2987 720 3132 791 quod
3163 729 3247 777 est
3278 720 3389 794 [ΑΙ.
3414 722 3570 796 erat]
3605 737 3638 778 a
3666 725 3787 781 Deo

457 815 552 871 per
578 795 898 851 uoluntatem
932 794 1048 849 Dei.
1094 793 1154 852 Si
1198 813 1290 866 per
1338 798 1657 866 praepositio
1686 799 2056 854 ministerium

457 893 579 961 ejus
609 904 706 959 per
733 902 897 959 quem
927 903 1020 945 res
1049 889 1261 959 agitur,
1293 890 1556 954 ostendit,
1587 890 1806 946 videtur
1837 890 1966 946 mihi
2002 891 2055 946 in

459 981 609 1038 illam
642 981 972 1037 sententiam
997 996 1197 1038 sensus
1224 983 1330 1038 iste
1354 998 1657 1053 congruere
1688 1001 1702 1037 :
1728 983 1898 1039 Nemo
1926 987 2058 1040 venit

458 1076 528 1132 ad
559 1092 674 1142 me,
707 1077 805 1131 nisi
843 1075 999 1130 Pater
1028 1087 1170 1130 meus
1201 1078 1475 1132 attraxerit
1505 1095 1621 1132 eum
1651 1077 1719 1132 ad
1749 1096 1827 1131 me
1855 1077 2054 1144 (Joan.

459 1185 550 1237 v1,
579 1170 650 1225 M
675 1170 714 1240 ).
741 1173 918 1239 Atque
943 1169 1018 1224 ita
1050 1170 1144 1224 ﬁet
1171 1210 1186 1232 ,
1221 1180 1278 1224 ut
1303 1180 1358 1225 et
1388 1169 1529 1226 illud
1572 1171 1714 1240 quod
1749 1171 1802 1226 in
1829 1171 2059 1242 Joannis

457 1264 761 1334 Evangelio
796 1265 1031 1335 legitur:
1061 1263 1251 1318 Omnia
1277 1282 1369 1335 per
1393 1264 1541 1318 illuni
1565 1268 1704 1337 facta
1725 1276 1844 1320 sunt
1874 1266 2056 1338 (Joan.

457 1371 499 1423 ι,
533 1358 615 1429 '5),
654 1357 794 1411 baud
822 1355 1046 1411 dubium
1076 1357 1206 1426 quin
1235 1372 1332 1428 per
1357 1357 1579 1419 Filium,
1613 1374 1718 1413 non
1744 1359 2062 1428 prmjudicet

458 1448 696 1505 Domino
722 1456 911 1504 nostro
933 1447 1063 1503 .lesu
1089 1447 1339 1514 Christo,
1373 1450 1530 1519 quasi
1557 1465 1622 1504 ex
1652 1465 1718 1504 eo
1746 1451 1924 1504 minor
1950 1450 2056 1517 sit,

458 1543 605 1614 quod
629 1541 811 1597 Patris
833 1543 1178 1611 obtemperet
1201 1543 1471 1597 voluntati
1501 1560 1514 1595 :
1543 1543 1822 1612 quomodo
1840 1551 1896 1598 et
1915 1557 2061 1601 nunc

459 1649 569 1690 non
619 1633 952 1704 praeiudicat
991 1633 1182 1698 Patri,
1218 1635 1364 1704 quod
1411 1651 1507 1704 per
1530 1636 1869 1690 voluntatem
1911 1635 2062 1690 illius

456 1725 659 1780 Paulus
682 1727 964 1796 apostolus
983 1725 1115 1781 Jesu
1134 1725 1342 1781 Christi
1371 1727 1465 1782 sit.
1490 1727 1598 1781 Alii
1624 1743 1760 1782 vero
1784 1728 1854 1782 ita
1877 1729 2060 1783 locum

458 1819 622 1874 istum
654 1819 990 1890 intelligunt,
1022 1830 1079 1874 ut
1099 1820 1324 1875 Paulum
1348 1823 1656 1889 apostolum
1677 1821 1806 1878 Jesu
1829 1822 2055 1890 Christi,

459 1928 560 1984 per
579 1914 912 1969 voluntatetn
932 1915 1050 1980 Dei,
1066 1917 1158 1985 qui
1185 1916 1256 1971 sit
1278 1913 1554 1981 Christus,
1575 1917 1792 1972 ostendi
1824 1927 2016 1986 putent
2043 1933 2056 1971 :

460 2016 519 2062 ut
543 2007 688 2064 sicut
710 2006 980 2078 sapientia
1005 2018 1062 2062 et
1083 2007 1341 2073 Verbum,
1366 2017 1422 2065 et
1441 2011 1615 2065 virtus
1634 2010 1754 2075 Dei,
1771 2018 1827 2065 et
1854 2009 2060 2065 veritas

2159 820 2281 862 esse
2311 810 2630 877 proﬁciens,
2663 827 2770 866 non
2802 813 2981 868 datori
3011 816 3243 884 gratiam
3274 818 3477 873 referat
3505 834 3521 884 ;
3565 818 3670 873 sed
3698 821 3786 876 sui

2161 901 2339 956 meriti
2363 912 2418 956 et
2439 903 2658 958 virtutis
2679 905 2911 960 aestimet
2935 908 3076 976 quod
3100 909 3380 978 subsistat,
3405 911 3606 966 statim
3632 911 3785 983 quod

2157 1000 2241 1046 est
2268 1008 2392 1048 esse
2416 994 2742 1066 destruitur,
2786 1008 2843 1052 et
2873 999 3063 1069 incipit
3090 1015 3200 1055 non
3228 1015 3351 1057 esse
3378 1002 3530 1072 quod
3567 1004 3783 1060 fuerat.

2158 1083 2265 1138 Alii
2297 1101 2432 1140 vero
2462 1088 2810 1156 simpliciter,
2844 1105 2949 1144 non
2979 1093 3047 1146 ad
3077 1107 3174 1147 eos
3200 1095 3288 1164 qui
3316 1095 3422 1148 sint
3449 1093 3570 1167 [ΑΙ.
3597 1095 3780 1169 sunt],

2159 1176 2258 1231 sed
2285 1179 2374 1246 qui
2407 1178 2609 1249 Ephesi
2639 1182 2811 1236 sancti
2834 1193 2886 1237 et
2912 1181 3100 1239 ﬁdeles
3129 1185 3237 1239 sint
3258 1227 3273 1251 ,
3307 1185 3584 1256 scriptum
3633 1187 3785 1244 arbi-

2161 1277 2391 1325 trantur.

2231 1358 2298 1413 Et
2325 1361 2567 1429 ﬁdelibus
2601 1364 2654 1417 in
2685 1362 2893 1420 Christo
2925 1365 3069 1420 Jesu.
3105 1368 3373 1432 Quoniam
3412 1372 3773 1429 sanctiﬁcata

2159 1464 2242 1506 est
2273 1455 2470 1510 mulier
2509 1455 2745 1512 inﬁdelis
2788 1459 2840 1512 in
2888 1459 3056 1515 fratre
3102 1461 3270 1524 lideli,
3315 1473 3368 1517 et
3397 1464 3484 1520 vir
3531 1465 3782 1521 inﬁdelis

2160 1547 2526 1603 sanctiﬁcatus
2555 1558 2640 1604 est
2671 1552 2722 1605 in
2752 1551 2980 1608 muliere
3005 1553 3150 1608 ﬁdeli
3181 1553 3224 1627 (ι
3255 1554 3377 1610 Cor.
3407 1572 3506 1625 vn,
3545 1559 3665 1628 14).
3704 1559 3777 1613 Et

2161 1645 2291 1692 sunt
2315 1653 2435 1692 vasa
2465 1656 2684 1711 quoque
2712 1651 2924 1707 sancta,
2945 1654 3001 1699 et
3028 1654 3194 1700 mutae
3223 1647 3465 1716 pecudes
3497 1663 3628 1720 quae
3661 1650 3785 1707 Deo

2163 1740 2471 1785 mactantur
2501 1733 2553 1786 in
2589 1733 2796 1803 templo
2829 1733 3017 1803 (Num.
3069 1753 3118 1791 Iv
3157 1746 3205 1792 et
3243 1741 3436 1809 xui):
3472 1752 3784 1812 propterea

2160 1837 2257 1878 eos
2298 1839 2435 1894 quos
2468 1837 2688 1882 sanctos
2728 1829 2964 1898 dixerat,
3004 1833 3222 1888 vocavit
3257 1845 3314 1889 et
3354 1835 3554 1891 ﬁdeles
3595 1854 3609 1890 :
3649 1839 3785 1908 quia

2164 1916 2296 1972 ﬁdes
2324 1932 2392 1972 ex
2430 1921 2631 1974 mentis
2660 1923 2897 1992 propria:
2922 1923 3209 1980 descendit
3239 1926 3472 1982 arbitrio
3519 1945 3534 1981 :
3572 1929 3788 1984 sancti-

2163 2009 2344 2064 ﬁcatio
2370 2024 2498 2065 vero
2523 2026 2589 2066 ex
2609 2013 2999 2069 sanctiﬁcantis
3021 2015 3321 2082 interdum,
3349 2017 3569 2088 absque
3584 2019 3788 2074 volun-

458 2109 516 2158 et
537 2103 896 2168 resurrectio,
929 2111 982 2157 et
1013 2102 1099 2157 via
1126 2102 1368 2158 dicitur:
1400 2104 1474 2158 ita
1502 2105 1666 2158 etiam
1691 2105 1944 2159 voluntas
1967 2119 2060 2175 ap-
2091 2108 2135 2166 Β
2169 2113 2277 2157 tate
2312 2115 2496 2160 nostra
2520 2147 2534 2170 ,
2566 2107 2833 2161 sumimur
2862 2108 3130 2176 largitate.
3163 2110 3317 2176 Quod
3350 2123 3537 2167 autem
3581 2113 3683 2174 ait.
3720 2115 3788 2184 [i-

462 2192 726 2264 pelletur.
771 2193 1030 2250 Nonnulli
1065 2195 1202 2250 nihil
1240 2195 1450 2251 referre
1478 2198 1835 2263 existimant,
1876 2206 2056 2251 utrum

462 2300 564 2356 per
592 2287 935 2341 voluntatem
966 2286 1108 2354 Dei,
1149 2303 1218 2341 an
1250 2303 1316 2342 ex
1353 2288 1448 2342 Dei
1487 2288 1689 2342 dixerit
1729 2291 2010 2344 voluntate
2041 2305 2057 2345 :

462 2375 586 2446 quia
617 2376 699 2430 his
724 2377 1209 2446 praepositionibus
1233 2379 1527 2444 Apostolus
1546 2377 1922 2435 indiﬂ'erenter
1945 2388 2062 2433 uta-

463 2476 554 2524 tur
591 2485 605 2524 :
651 2479 707 2525 et
735 2469 972 2539 idipsum
1021 2470 1332 2540 signiﬁcare
1361 2513 1374 2537 ,
1419 2488 1516 2540 per
1551 2472 1886 2528 voluntatem
1919 2473 2055 2539 Dei,

462 2563 610 2633 quod
637 2563 682 2617 si
709 2562 960 2627 dixisset,
992 2579 1056 2618 ea:
1083 2565 1347 2619 uoluntate
1377 2562 1496 2619 Dei.

537 2655 748 2710 Sanctis
779 2656 1017 2711 omnibus
1037 2657 1126 2726 qui
1161 2665 1279 2710 sunt
1313 2666 1339 2693 ει
1371 2655 1587 2728 Ephesi.
1626 2655 1786 2729 555
1823 2656 2056 2726 Quidam

463 2749 737 2806 curiosius
761 2766 921 2817 quam
946 2767 1171 2807 necesse
1191 2761 1294 2815 est,
1325 2760 1514 2821 putant
1541 2766 1606 2808 ex
1629 2768 1696 2807 eo
1721 2753 1868 2823 quod
1891 2752 2058 2824 Moysi

459 2840 668 2897 dictum
700 2843 803 2898 sit:
830 2843 960 2898 Haec
985 2843 1122 2898 dices
1152 2844 1278 2914 filiis
1307 2843 1478 2899 Israel
1500 2861 1519 2899 :
1549 2845 1650 2912 Qui
1678 2857 1774 2911 est,
1811 2847 1949 2900 misit
1976 2861 2058 2900 me

464 2933 664 3006 (Es-od.
700 2951 756 2991 ιιι
781 2977 796 3002 ,
826 2935 946 3008 M),
979 2937 1148 2992 etiam
1171 2952 1266 2993 eos
1295 2939 1384 3009 qui
1417 2938 1614 3008 Ephesi
1643 2950 1769 2993 sunt
1797 2940 1973 2994 sancti
2002 2947 2057 2993 et

461 3028 673 3098 ﬁdeles,
704 3032 958 3086 essentia;
991 3032 1259 3087 vocabulo
1286 3044 1647 3103 nuncupatos.
1683 3031 1750 3089 Ut
1778 3033 2056 3102 quomodo

461 3137 490 3177 a
513 3132 705 3180 sancto
733 3126 926 3188 sancti,
957 3141 987 3180 a
1007 3127 1156 3196 justo
1177 3127 1330 3198 justi,
1361 3143 1390 3181 a
1414 3126 1442 3165 δ
1470 3129 1716 3198 sapit-nte
1739 3127 2008 3197 sapientes
2037 3143 2053 3184 :

462 3216 536 3271 ita
565 3218 634 3270 ab
664 3232 730 3272 eo
757 3221 845 3290 qui
872 3229 996 3285 est,
1042 3218 1098 3274 hi
1124 3221 1215 3290 qui
1249 3229 1376 3274 sunt
1404 3221 1748 3290 appellentur
1772 3262 1786 3286 ,
1818 3233 1870 3274 et
1899 3222 2056 3288 juxta

456 3311 708 3368 eumdem
727 3313 1052 3383 Apestolum
1073 3314 1308 3384 elegisse
1330 3313 1497 3368 Deum
1516 3330 1577 3368 ea
1600 3327 1722 3383 qua:
1744 3328 1854 3366 non
1873 3320 2054 3377 erant,

457 3410 518 3458 nt
535 3403 844 3460 destrueret
868 3421 932 3461 ea
957 3421 1080 3476 qua:
1103 3414 1283 3460 erant.
1311 3405 1489 3474 Ipsam
1515 3407 1683 3459 etiam
1712 3403 2051 3472 Scripturam

2163 2195 2363 2249 delibus
2393 2196 2448 2250 in
2482 2195 2689 2252 Christo
2714 2196 2864 2261 Iesu,
2897 2209 2951 2254 et.
2980 2200 3084 2255 hoc
3106 2201 3172 2256 ad
3198 2203 3622 2261 distinctionem
3657 2204 3783 2261 dili-

2161 2288 2498 2357 gentissima:
2535 2291 2940 2347 observationis
2969 2303 3049 2346 est
3095 2293 3349 2363 positum.
3385 2295 3534 2351 Sunt
3572 2299 3784 2368 quippe

2163 2381 2347 2451 plures
2371 2382 2604 2450 ﬁdeles;
2637 2384 2733 2440 sed
2758 2399 2864 2439 non
2897 2386 2948 2440 in
2976 2386 3195 2440 Christo
3224 2387 3377 2442 Jcsu.
3410 2388 3470 2444 Si
3502 2389 3633 2458 quis
3655 2388 3781 2445 red-

2162 2473 2252 2528 dat
2289 2473 2627 2544 depositum;
2665 2478 2714 2532 si
2749 2479 2872 2548 quis
2904 2489 2926 2517 ο
2957 2481 3332 2534 commendata
3367 2497 3478 2534 non
3508 2481 3776 2552 abneget,

2161 2567 2377 2625 ﬁdelem
2413 2585 2473 2626 se
2500 2572 2734 2627 amicum
2791 2572 3046 2628 exhibeat
3079 2592 3092 2628 :
3126 2575 3363 2630 animam
3397 2577 3580 2646 magis
3609 2592 3777 2646 quam

2161 2661 2319 2716 ﬁdem
2346 2671 2569 2732 paratus
2595 2665 2667 2720 sit
2693 2661 2721 2702 ά
2767 2666 3022 2734 prodere,
3057 2668 3200 2736 quod
3239 2667 3306 2722 de
3333 2669 3623 2724 nutunullis
3657 2669 3777 2739 phi-

2159 2752 2660 2825 losophislegimus
2683 2756 2760 2826 (et
2785 2773 2855 2812 ne
2895 2758 2974 2812 illi
3005 2759 3139 2812 satis
3163 2760 3560 2826 gloriarentur,
3597 2762 3774 2816 Athe-

2159 2849 2365 2902 niensis
2392 2850 2650 2905 meretrix
2676 2851 3058 2921 perpetravit),
3084 2853 3186 2907 iste
3203 2853 3631 2922 quidemﬁdelis
3645 2863 3768 2910 est:

2157 2939 2252 2996 sed
2279 2957 2382 2994 non
2411 2953 2496 2996 est
2525 2942 2702 2998 ﬁdelis
2725 2945 2779 2998 in
2808 2943 3026 2997 Christo
3053 2943 3206 2999 Jesu.

2231 3035 2415 3107 (Vers.
2446 3035 2528 3107 2.)
2560 3035 2744 3090 Gratia
2770 3036 2910 3091 vobis
2931 3046 2978 3090 et
3008 3053 3111 3108 pan
3139 3055 3171 3090 η
3204 3035 3315 3090 Deo
3347 3035 3510 3093 Patre
3542 3047 3728 3094 nostro
3752 3079 3767 3104 ,

2155 3140 2205 3183 et
2242 3129 2468 3183 Domino
2494 3129 2628 3184 Iesu
2672 3129 2898 3184 Christo.
2950 3130 3077 3186 Sive
3120 3132 3281 3186 ambo
3323 3131 3392 3184 ad
3437 3142 3768 3202 utrumque,

2156 3220 2259 3276 hoc
2279 3233 2384 3288 est,
2411 3233 2465 3275 et
2487 3225 2662 3293 gratia
2684 3233 2736 3277 et
2756 3221 2919 3295 5&6
2942 3238 3067 3290 pax,
3093 3233 3202 3277 tam
3229 3224 3297 3277 ad
3319 3223 3492 3279 Deum
3517 3226 3765 3287 Patrem,

2155 3331 2314 3384 quam
2340 3316 2404 3369 ad
2431 3315 2718 3370 Dominum
2736 3330 2981 3370 nostrum
3005 3318 3190 3371 Jesum
3213 3317 3532 3374 Christum:
3555 3323 3677 3374 sive
3699 3318 3766 3373 ad

2153 3407 2398 3475 singulos
2421 3406 2704 3462 referenda
2719 3416 2844 3460 sunt
2859 3407 3093 3476 singula,
3113 3418 3170 3462 ut
3186 3410 3356 3479 gratia
3373 3411 3440 3462 ad
3459 3410 3638 3466 Deum
3664 3409 3770 3464 Pa-

453 3510 574 3566 (μω
604 3496 659 3552 in
691 3498 1061 3553 testimonium
1091 3497 1325 3554 adducta
1351 3508 1456 3561 est,
1489 3498 1560 3549 ita
1589 3498 1906 3551 edisserunt
1938 3513 1951 3548 :
1986 3505 2043 3550 ut
2071 3493 2119 3556 C
2152 3508 2309 3560 trem,
2329 3515 2430 3566 pax
2447 3514 2577 3553 vero
2591 3499 2858 3554 referatur
2877 3499 2944 3554 ad
2957 3499 3557 3573 Cbristum.$iquidem
3575 3503 3766 3559 statim

452 3588 888 3647 destructionem
913 3607 1105 3646 eorum
1130 3606 1254 3661 qua:
1279 3600 1455 3653 erant,
1488 3605 1554 3644 ex
1585 3587 2046 3658 consequentibus

451 3687 817 3758 intelligamus
841 3704 860 3745 :
888 3685 956 3741 Ut
982 3701 1110 3751 non,
1143 3683 1344 3753 inquit,
1375 3683 1625 3751 glorietur
1650 3684 1817 3736 omnis
1845 3698 1968 3736 caro
1995 3683 2049 3735 in

450 3791 730 3852 conspectu
755 3779 852 3835 Dei
873 3780 915 3849 (I
935 3780 1059 3834 Cor.
1085 3792 1125 3843 ι,
1152 3777 1270 3847 29).
1297 3777 1354 3833 Si
1376 3777 1547 3841 enim,
1570 3779 1744 3844 aiunt,
1776 3776 2047 3846 quispiam

519 3973 549 4006 ι
588 3965 668 4019 Es
695 3963 950 4018 infcriori
973 3972 1086 4018 toto
1108 3972 1367 4018 eontextu
1392 3961 1564 4030 liquet
1593 4003 1609 4028 ,
1654 3963 2044 4032 Hieronymum

447 4053 574 4094 cum
625 4037 763 4089 hanc
815 4036 920 4088 sibi
967 4045 1299 4105 proponeret
1348 4033 1727 4102 explicandam
1783 4033 2046 4105 Epistulae

447 4106 688 4166 Paulinae
715 4103 1085 4177 epigraph’en,
1127 4122 1330 4161 nomen
1367 4107 1785 4172 praetermisisse
1825 4103 2041 4173 Ephesi.

444 4179 630 4248 Neque
659 4192 724 4232 ex
753 4193 822 4233 eo
856 4187 1064 4232 tantum
1099 4179 1221 4231 dico
1245 4220 1258 4241 ,
1306 4177 1451 4242 quod
1484 4178 1680 4248 scitum
1713 4179 1881 4248 vung
1911 4188 1996 4229 est
2025 4217 2040 4240 ,

445 4247 701 4306 nonnulla
749 4250 1032 4305 exstitisse
1080 4261 1266 4304 vett-ra
1304 4247 1670 4318 exemplaria,
1698 4262 1821 4300 cum
1852 4247 2042 4301 Graeca

446 4331 560 4376 tum
595 4320 807 4384 Latina,
836 4335 955 4390 qua:
989 4336 1098 4375 non
1137 4328 1505 4390 apponet-cuti
1521 4320 1764 4374 civitatis
1794 4336 1990 4372 nomen
2025 4337 2038 4373 :

443 4389 905 4461 quemadmodum
933 4404 984 4447 et
1019 4393 1145 4456 alia,
1178 4408 1297 4460 qnze
1326 4407 1436 4445 non
1460 4389 1658 4457 Ephesi
1689 4390 2042 4459 praeferrent,

446 4462 541 4517 sed
565 4461 855 4516 Laodiceae.
875 4462 1096 4518 Moveor
1117 4475 1299 4516 autem
1325 4479 1390 4516 cx
1416 4478 1482 4516 eo
1512 4462 1877 4529 potissimum,
1898 4462 2040 4531 quod

445 4533 630 4590 statim
662 4549 727 4588 ex
751 4535 994 4589 Suhnexa
1023 4536 1369 4603 expositione
1399 4541 1552 4588 notat
1583 4533 1641 4588 S.
1671 4533 1848 4598 Pater,
1881 4547 2045 4602 quos-

448 4607 571 4660 dam
605 4603 733 4660 hinc
769 4605 785 4673 (
813 4620 1011 4672 nempe
1039 4607 1179 4676 quod
1213 4605 1424 4660 nullum
1458 4605 1757 4676 adderetur
1786 4606 2044 4676 Ecclesia:

449 4677 566 4732 sive
591 4677 739 4732 urbis
763 4691 956 4748 nomen
969 4674 1245 4744 )curiosius
1269 4684 1477 4748 putasse
1496 4694 1579 4730 eos
1602 4675 1687 4738 qui
1717 4674 1906 4748 Ephesi
1927 4686 2044 4748 sunt

449 4749 619 4804 sancti
647 4790 660 4809 ,
700 4757 745 4801 et
787 4747 988 4818 ﬁdeles,
1021 4750 1256 4803 essentia
1285 4747 1534 4801 vocabulo
1561 4761 1907 4818 nuncupatos.
1939 4747 2045 4800 Alii

2152 3590 2401 3658 sequitur
2426 3608 2437 3643 :
2463 3589 2530 3643 In
2559 3590 2768 3645 tandem
2797 3592 2978 3663 gloriae
3000 3596 3318 3665 (παύω-θυαε
3344 3613 3362 3650 :
3390 3598 3443 3650 in
3464 3614 3573 3668 qna
3601 3595 3770 3669 glori-

2153 3685 2324 3754 ficavit
2352 3700 2444 3739 nos
2476 3686 2530 3738 in
2556 3684 2783 3752 dilecto;
2815 3695 2875 3742 ut
2905 3691 3077 3759 gratia
3109 3689 3284 3745 Patris
3314 3691 3368 3746 in
3399 3706 3466 3747 eo
3491 3692 3586 3760 sit,
3615 3691 3764 3763 quod

2153 3774 2349 3830 Filium
2381 3790 2482 3846 pro
2510 3775 2684 3832 salute
2715 3785 2901 3834 nostra
2931 3779 3189 3851 dignatus
3217 3791 3304 3838 est
3331 3784 3554 3839 mittere
3586 3800 3602 3841 :
3651 3784 3768 3840 Pax

2151 3960 2554 4036 quodammodo
2594 3969 2786 4036 natura
2817 3975 3036 4036 sanctos
3067 3977 3164 4036 eos
3194 3962 3300 4018 dici
3344 3963 3413 4018 ab
3439 3964 3722 4036 Apostolo
3747 4011 3762 4036 ,

2150 4033 2216 4087 ad
2241 4049 2378 4103 quos
2405 4034 2641 4098 Epistula
2665 4033 2792 4088 data
2821 4043 2906 4088 est
2928 4051 2941 4087 :
2966 4034 3032 4087 ad
3058 4034 3174 4101 ejus
3198 4037 3368 4090 instar
3393 4034 3538 4090 ell'ati
3565 4033 3752 4091 Exod.

2149 4121 2231 4169 ιιι,
2263 4105 2326 4158 14
2354 4123 2366 4157 :
2397 4103 2505 4173 Ego
2527 4121 2638 4157 sum
2661 4106 2752 4174 qui
2775 4122 2908 4168 sum,
2938 4107 3084 4167 quod
3111 4105 3330 4172 quidem
3355 4106 3545 4171 ineuse
3577 4109 3760 4171 potius

2150 4192 2310 4246 quam
2351 4177 2590 4245 graviter
2619 4177 2959 4244 pronuntiari
2990 4177 3259 4232 videatur.
3309 4175 3414 4233 Su-d
3448 4181 3675 4244 quando
3707 4181 3758 4232 in

2149 4247 2250 4302 hac
2280 4261 2567 4300 versamur
2597 4248 2966 4315 disputatione
2996 4288 3010 4308 ,
3057 4257 3112 4304 et
3155 4249 3287 4302 illttd
3316 4249 3499 4304 obiter
3525 4248 3755 4304 Tertul-

2148 4319 2272 4372 liani
2308 4317 2703 4379 testimonium,
2736 4318 3124 4374 contendentis
3160 4336 3188 4370 a
3218 4319 3496 4375 Marciane
3535 4320 3757 4375 titulum

2150 4390 2404 4456 Epistolze
2447 4389 2834 4452 interpolatum
2862 4432 2876 4452 ,
2921 4407 2984 4444 ac
3041 4389 3316 4445 Laodicea:
3345 4393 3752 4454 substitutum,

2149 4477 2244 4520 pro
2289 4459 2502 4528 Ephesi.
2545 4459 2795 4514 Ecclesia!
2835 4462 3043 4532 quidem
3069 4503 3082 4523 ,
3126 4462 3299 4529 inquit
3345 4462 3441 4517 lib.
3482 4479 3511 4515 ν
3560 4476 3753 4518 contra

2148 4533 2407 4586 Marcion.
2439 4548 2561 4601 cap.
2593 4533 2661 4587 17
2691 4550 2703 4584 :
2741 4529 2970 4587 Veritate
2991 4529 3286 4602 Epistolam
3309 4533 3461 4586 istaut
3484 4534 3553 4587 ad
3578 4533 3754 4602 Ephe-

2147 4605 2252 4657 sios
2283 4602 2530 4658 habemus
2559 4604 2823 4666 emissam,
2859 4620 2960 4656 non
2991 4605 3060 4655 ad
3083 4603 3406 4658 Laodicenos
3432 4623 3451 4669 ;
3480 4607 3572 4659 sed
3602 4605 3752 4658 Mar—

2147 4676 2262 4727 cion
2296 4675 2342 4728 ei
2372 4675 2579 4747 titulum
2610 4676 2893 4745 aliquando
2922 4675 3240 4747 interpolare
3271 4676 3445 4746 gestiit
3470 4717 3484 4738 ,
3512 4677 3667 4747 quasi
3696 4680 3746 4728 et

2149 4747 2202 4818 in
2231 4747 2330 4798 isto
2353 4745 2779 4818 diligentissimus
2806 4747 3123 4818 explorator.
3154 4745 3396 4813 Denique
3419 4745 3592 4801 videri
3618 4760 3746 4814 pro-

448 4836 569 4874 tvero
598 4816 906 4889 simpliciter
925 4863 940 4888 ,
975 4837 1076 4872 non
1108 4820 1176 4873 ad
1203 4836 1288 4873 eos
1319 4820 1409 4890 qui
1437 4821 1542 4872 sint
1569 4861 1582 4882 ,
1613 4819 1702 4871 sed
1731 4819 1820 4888 qui
1847 4816 2047 4889 Ephesi
2075 4819 2122 4878 D
2150 4817 2332 4886 piores
2359 4816 2425 4890 ad
2454 4816 2618 4890 tidem
2649 4816 3016 4890 recentiorum
3049 4818 3410 4886 interpretum
3449 4819 3743 4890 conjectu-

451 4893 623 4946 sancti
651 4901 697 4946 et
723 4892 907 4962 ﬁdeles
933 4891 1068 4960 sint,
1098 4892 1345 4959 scriptum
1375 4891 1714 4962 arbitrentur.
1745 4892 1963 4962 Etenim
1997 4890 2042 4944 si

449 4962 502 5018 in
539 4959 891 5031 prononenda
923 4959 1216 5032 epigraphe
1241 5003 1256 5027 ,
1303 4962 1605 5017 addebatur
1647 4959 1886 5028 Ephesi,
1927 4961 2037 5032 jam

444 5032 579 5088 nihil
613 5043 726 5087 erat
758 5035 891 5088 iSIas
920 5037 1150 5088 recitare
1178 5035 1500 5092 sententias.
1532 5048 1598 5086 ne
1627 5034 1792 5087 verbo
1820 5033 2038 5102 quidem

445 5118 663 5181 causata
693 5104 1014 5181 ἀντιγρᾴφων
1040 5105 1306 5160 varietate
1342 5115 1434 5158 aut
1465 5103 1683 5158 silentio
1716 5121 1729 5156 :
1770 5112 1830 5156 et
1855 5113 2036 5181 tamen

445 5177 620 5230 ambae
649 5190 770 5230 cum
802 5173 1112 5230 referuntur
1133 5218 1148 5242 ,
1185 5183 1369 5242 utpote
1396 5191 1514 5244 quae
1545 5190 1654 5242 pra:
1683 5173 1902 5229 caeteris
1931 5175 2037 5229 loci

445 5247 791 5317 eXplicatiOni
813 5247 1126 5313 coal'erant,
1166 5261 1266 5300 suo
1296 5261 1520 5314 qumque
1545 5257 1862 5316 argumento
1890 5246 2029 5300 indi-

441 5326 553 5383 cat,
588 5332 771 5390 vocem
789 5317 992 5390 Ephesi
1017 5318 1073 5390 in
1096 5317 1393 5390 archetypo
1417 5317 1736 5390 desiderari.
1762 5317 2033 5374 Cmterum

443 5403 548 5447 nec
563 5389 807 5444 omittam
821 5389 890 5445 de
907 5389 1080 5459 priori
1097 5389 1388 5456 sententia,
1405 5390 1577 5443 notari
1601 5389 1698 5444 abs
1712 5389 2039 5459 Hieronymo

448 5461 734 5532 Basiliam,
765 5461 857 5532 qui
887 5462 1028 5516 libro
1057 5475 1094 5515 ιι
1125 5460 1393 5516 adversus
1425 5461 1747 5532 Eunomium
1783 5459 2037 5532 vetustis-

445 5533 619 5604 simos
643 5530 813 5587 libros
842 5532 1045 5602 laudat,
1093 5532 1186 5602 qui
1215 5532 1420 5604 abfque
1450 5531 1637 5586 addito
1658 5579 1670 5600 ,
1721 5534 1770 5587 ἐν
1809 5530 1995 5604 ἐφέσῳ
2021 5571 2037 5595 ,

445 5601 694 5678 legerent
733 5611 838 5678 rei;
878 5599 1041 5678 it'yiots
1085 5599 1198 5665 ‘roi'c
1246 5599 1368 5659 οὖσίι
1395 5645 1408 5668 ,
1442 5609 1543 5678 *καὶ
1583 5612 1782 5678 πιστοῖς
1807 5645 1821 5669 ,
1866 5599 2038 5672 atque

445 5671 584 5730 Ideo
613 5671 936 5743 εδιαζὸνταςζ
975 5677 1097 5731 sive
1131 5691 1229 5744 per
1270 5676 1545 5746 propriam
1583 5675 1899 5745 dignitatem
1925 5671 1956 5737 ,⁷
1985 5680 2040 5728 et

448 5826 491 5856 (‘-

2149 4902 2238 4942 ras
2266 4929 2280 4949 .
2331 4887 2420 4960 qui
2447 4888 2607 4960 hanc
2635 4887 2954 4960 _Epistolam
2996 4889 3294 4960 opinantur
3337 4887 3738 4960 encyclicarum

2148 4973 2302 5030 more
2321 4958 2388 5030 ad
2413 4957 2593 5026 plures
2617 4956 2797 5030 datam
2819 4960 2960 5011 Asiae
2982 4956 3207 5013 minoris
3229 4956 3508 5015 Ecclesias
3534 4978 3546 5013 :
3572 4971 3740 5030 quare

2145 5029 2263 5100 ejus
2291 5029 2356 5082 ad
2385 5043 2548 5095 quam
2577 5029 2893 5100 mittebatur
2921 5073 2935 5095 ,
2979 5044 3181 5085 nomen
3207 5030 3276 5100 ab
3303 5031 3567 5092 Apostolo
3596 5029 3734 5099 prae-

2145 5098 2476 5172 termissum,
2506 5100 2743 5172 adhunc
2765 5098 2881 5155 fere
2905 5103 3126 5156 modum
3157 5117 3170 5155 :
3201 5098 3413 5157 Sanctis
3433 5103 3522 5172 qui
3545 5098 3726 5157 sunt...

2141 5183 2189 5226 et
2217 5170 2458 5236 ﬁdelibus
2485 5172 2539 5226 in
2567 5169 2771 5225 Christo
2789 5213 2804 5236 ,
2839 5180 2946 5226 etc.

2270 5241 2648 5310 Restituimus,
2681 5259 2713 5296 a
2745 5244 3012 5310 sapiente,
3070 5241 3137 5296 ad
3197 5258 3329 5297 mss.
3383 5250 3734 5312 veterumque

2139 5315 2408 5371 editorum
2457 5316 2612 5369 ﬁdem
2638 5359 2652 5382 ,
2706 5315 3013 5386 seriemque
3056 5323 3377 5385 contextus,
3416 5329 3538 5370 cum
3574 5321 3732 5373 antea

2139 5395 2314 5458 esset,
2328 5403 2368 5458 ra
2395 5387 2671 5458 sapientia.

2216 5468 2236 5494 ε
2275 5456 2373 5513 llic
2413 5456 2631 5529 quoque
2663 5473 2794 5514 mss.
2837 5458 3154 5529 praeferunt,
3208 5458 3587 5528 commendata,
3631 5465 3726 5527 pro

2140 5543 2252 5602 quo
2278 5535 2437 5586 antea
2473 5529 2773 5600 legebatur,
2801 5530 3152 5585 commodata.

2214 5598 2241 5639 ἀ
2269 5602 2384 5658 Duo
2415 5598 2576 5678 ιιιεξῖ,
2600 5612 2814 5672 paratus
2836 5605 2900 5657 sit
2927 5617 3132 5672 ponere.
