4046 6370
303 290 420 363 485

831 296 1486 357 COMMENTARIORUM
1520 298 1605 357 ΙΝ
1629 297 2028 359 EPISTOLAM
2064 301 2162 361 AD
2200 300 2537 362 EPHESIOS
2574 300 2706 360 LIB.
2750 302 2791 359 Ι.
2832 304 2990 363 CAP.
3032 306 3073 363 Ι.

3492 307 3605 367 ιιι

302 423 440 468 vero
481 409 609 468 Filii
642 409 699 467 in
728 425 817 478 eo,
861 414 1007 482 quod
1040 428 1135 483 per
1173 415 1348 485 ipsum
1378 415 1522 470 Patri
1557 418 1892 475 reconciliati
1920 418 1975 483 Α
1998 417 2127 474 dicti
2158 437 2178 475 .-
2203 420 2322 475 sive
2351 429 2535 488 certe,
2567 422 2714 491 quod
2746 422 2929 479 omnis
2958 423 3269 482 benedictio
3303 424 3605 495 spiritualis

300 521 517 576 sumus,
557 518 617 565 et
657 510 942 567 destructo
991 512 1170 567 medio
1213 514 1444 584 pariete,
1494 516 1807 572 inimicitias
1848 516 1909 570 in

303 614 471 658 carne
496 616 597 658 sua
625 617 922 669 evacuans,
953 602 1142 661 fecerit
1172 616 1466 678 utrumque
1492 624 1682 665 unum.

374 692 562 764 (Vers.
591 692 674 764 5.)
701 691 1012 750 Benedictus
1054 694 1190 751 Deus
1212 707 1263 752 et
1309 697 1468 753 Pater
1496 696 1713 754 Domini
1740 701 1907 755 nostri

300 784 433 840 Jrsu
458 783 677 852 Christi,
719 788 809 858 qui
847 787 1109 844 benedixit
1148 806 1243 844 nos
1276 791 1333 845 in
1374 793 1515 846 omni
1553 792 1907 848 benedictione

300 877 572 948 spirituali
611 879 667 932 in
694 877 1004 946 eiulatibus,
1038 881 1094 935 in
1134 879 1362 937 Christo.
1395 884 1682 952 Quomodo
1708 900 1908 940 secun—

304 970 435 1026 dum
480 973 836 1028 subsrantiam
881 984 1047 1045 atque
1085 988 1334 1032 naturam
1378 979 1520 1035 Deus
1562 980 1755 1043 bonus.
1807 995 1907 1036 nos

305 1066 689 1124 communione
707 1070 789 1122 sui
820 1067 1001 1124 efiecit
1028 1072 1222 1137 bonos,
1254 1083 1311 1127 et
1334 1074 1574 1145 loquitur
1600 1075 1668 1128 ad
1693 1073 1860 1129 Israel
1888 1093 1903 1131 :

308 1157 498 1215 Sancti
516 1170 694 1225 estote,
717 1178 961 1228 quoniam
984 1180 1080 1235 ego
1106 1176 1320 1219 sanctus
1338 1182 1454 1220 sum
1472 1165 1660 1239 (Leuit.
1687 1183 1775 1232 xx,
1808 1165 1863 1240 7)
1889 1185 1904 1222 :

308 1252 383 1307 ita
412 1254 529 1322 ipse
557 1254 880 1312 benedictus
903 1273 1005 1311 nos
1033 1267 1256 1328 praestet
1284 1275 1406 1315 esse
1431 1260 1770 1316 benedictos.
1807 1262 1909 1317 Dat

303 1345 509 1416 quippe
548 1346 827 1414 legislator
867 1348 1306 1419 benedictioues,
1356 1361 1410 1406 et
1452 1352 1764 1407 benedictio
1805 1353 1908 1407 Do-

301 1435 439 1492 mini
471 1452 638 1508 super
668 1448 832 1509 caput
856 1442 989 1510 justi
1023 1441 1208 1513 (Prov.
1245 1441 1304 1515 ι)
1336 1460 1349 1497 :
1378 1443 1532 1514 cujus
1563 1443 1905 1500 benedictio-

302 1530 391 1585 nis
411 1542 836 1601 cognomentum
860 1534 1267 1602 hahetBaruch,
1296 1538 1388 1605 qui
1412 1536 1469 1591 in
1494 1536 1672 1607 lingua
1696 1546 1902 1607 nostra,

303 1622 635 1679 benedictum
659 1633 839 1681 sonat.
874 1627 1165 1682 Benediin
1191 1641 1376 1684 autem
1408 1645 1532 1696 nos,
1566 1643 1673 1684 non
1712 1629 1767 1684 in
1801 1644 1905 1684 una

299 1716 717 1787 benedictione,
746 1720 842 1775 sed
867 1722 921 1775 in
949 1722 1186 1777 cunctis.
1220 1722 1342 1777 Non
1372 1738 1479 1789 quo
1507 1738 1699 1779 orunes
1723 1721 1903 1778 omnia

2005 512 2060 567 in
2091 510 2334 581 Christo,
2378 513 2510 569 licet
2551 514 2604 568 in
2642 525 2784 571 terra
2822 516 2915 583 sit,
2964 523 3144 572 tamen
3173 515 3245 573 de
3285 515 3607 574 calonibus

2004 614 2367 671 computetur.
2412 605 2684 662 Benedisit
2723 624 2836 676 nos,
2869 608 3065 678 inquit,
3102 610 3158 664 in
3217 610 3359 665 omni
3399 610 3609 665 benedi-

2007 699 2179 754 ctione
2206 701 2474 771 spirituali
2504 701 2557 755 in
2592 702 2884 757 ctelestibtts
2907 703 2960 756 in
2981 701 3190 758 Christo
3216 718 3236 758 :
3255 703 3309 760 in
3350 717 3609 762 sermone

2009 792 2125 862 Dei,
2154 801 2211 848 et
2239 793 2530 862 sapientia,
2558 803 2617 849 et
2643 794 2902 862 veritate,
2934 795 3264 867 ueterisque
3288 796 3604 853 virtutibus.

2009 887 2313 958 Dupliciter
2343 899 2526 942 autem
2555 889 2839 960 legendum
2870 905 2889 943 :
2919 888 3234 946 Benedictus
3262 889 3402 946 Deus
3427 902 3476 946 et
3496 889 3609 947 Po-

2006 988 2082 1036 ter
2133 980 2344 1035 Domini
2382 982 2549 1036 nostri
2589 984 2719 1036 Jesu
2772 980 3009 1051 Christi;
3055 995 3115 1039 ut
3168 985 3240 1039 sit
3286 984 3609 1041 benedictus

2010 1074 2174 1139 Dens,
2221 1075 2316 1145 qui
2360 1075 2745 1129 universorum
2786 1074 3041 1130 conditor
3076 1085 3184 1145 est,
3233 1086 3299 1133 eL
3326 1076 3609 1148 hucusque

2007 1167 2325 1234 distinctio;
2354 1166 2616 1235 deinceps
2648 1164 2953 1222 inferatur:
2981 1168 3073 1236 qui
3108 1177 3180 1223 est
3217 1176 3267 1223 et
3306 1169 3471 1224 Pater
3496 1166 3607 1223 Ds-

2008 1261 2137 1315 mini
2160 1260 2325 1313 nostri
2347 1259 2477 1314 Iesu
2498 1257 2716 1329 Christi,
2741 1258 2827 1313 vel
2858 1259 2929 1313 ita
2956 1276 2979 1312 :-
2995 1270 3054 1314 ut
3076 1259 3220 1314 Deus
3245 1268 3303 1315 et
3328 1259 3511 1328 Pater,
3537 1259 3606 1315 ad

2009 1353 2297 1408 Dominum
2328 1359 2605 1419 nostrum,
2634 1352 2686 1405 in
2713 1365 3003 1405 commune
3034 1349 3323 1405 referatur.
3376 1350 3611 1406 licuedio

2007 1454 2092 1501 tus
2123 1446 2264 1500 Deus
2292 1444 2410 1515 ejus
2447 1444 2539 1515 qui
2569 1452 2883 1513 assumptus
2912 1452 2996 1499 est
3033 1441 3269 1498 hominis
3295 1485 3310 1509 ,
3342 1455 3396 1500 et
3446 1445 3609 1501 Pater

2007 1539 2145 1605 ejus,
2177 1539 2266 1608 qui
2298 1539 2349 1592 in
2378 1536 2646 1606 principio
2673 1536 2817 1607 apud
2843 1536 3013 1591 Deum
3035 1535 3136 1590 fuit
3165 1535 3311 1590 Deus
3342 1536 3603 1595 Verbum.

2006 1630 2123 1686 Non
2155 1645 2264 1702 quo
2301 1629 2441 1685 alius
2476 1638 2789 1700 assumptus
2819 1629 3006 1696 homo,
3037 1638 3093 1684 et
3141 1628 3281 1683 alius
3322 1628 3395 1683 sit
3427 1641 3617 1687 seru

2007 1722 2100 1791 qui
2126 1722 2525 1791 assumpscrit;
2572 1721 2670 1777 sed
2701 1736 2808 1792 quo
2838 1736 2978 1776 unus
3011 1729 3179 1791 atque
3209 1719 3352 1776 idem
3390 1734 3495 1792 pro
3518 1734 3611 1775 va.

299 1825 729 1882 consequantur,
750 1814 846 1869 sed
867 1813 998 1869 dum
1028 1815 1248 1887 singuli,
1278 1817 1362 1872 vel
1389 1816 1656 1887 singuias,
1682 1817 1765 1872 vel
1790 1817 1906 1885 pluo
1934 1811 1982 1872 B
2013 1816 2207 1871 rietate
2222 1829 2538 1883 causarum,
2559 1828 2701 1869 nunc
2717 1813 2992 1882 sublimis,
3024 1827 3172 1868 nunc
3196 1811 3441 1880 humilis,
3464 1804 3613 1884 prc-

300 1917 395 1958 res
417 1903 684 1960 habemus
707 1921 776 1961 ex
802 1908 1082 1973 omnibus,
1113 1923 1305 1963 omnes
1329 1918 1356 1946 ι
1382 1924 1477 1978 per
1505 1910 1749 1978 singulas
1770 1923 1899 1979 pos.

301 1996 597 2053 sideamus.
639 1998 710 2056 Et
746 2014 855 2054 non
886 1999 941 2055 in
991 2002 1226 2057 terrenis
1259 2002 1759 2068 benedictionibus,
1803 2002 1900 2059 sed

300 2087 359 2143 in
387 2089 790 2158 spiritualibus.
819 2090 964 2148 Sunt
988 2094 1190 2163 quippe
1212 2104 1445 2149 terrenae
1471 2095 1899 2160 benedictiones,

301 2177 508 2235 habere
535 2183 843 2253 quempiam
877 2184 1103 2248 liberos.
1128 2186 1354 2242 afﬂuere
1377 2188 1593 2257 opibus,
1621 2188 1827 2243 honore
1849 2199 1906 2244 et

302 2275 541 2331 sanitate
562 2278 804 2347 gaudere
835 2296 849 2333 :
881 2294 1007 2350 qua;
1037 2291 1256 2336 terrena
1298 2281 1610 2337 benedictio
1636 2298 1808 2353 usque
1836 2282 1905 2338 ad

302 2366 697 2425 irrationabilia
724 2370 971 2440 jumenta
1004 2373 1309 2428 descendit.
1344 2375 1555 2430 Dictum
1586 2384 1673 2430 est
1703 2376 1907 2447 quippe

304 2457 374 2514 de
406 2462 516 2514 illis
547 2479 561 2515 :
594 2459 870 2518 Benedixit
900 2465 973 2519 eis
1005 2464 1284 2533 Dominus,
1323 2476 1371 2522 et
1394 2468 1523 2522 dixit
1549 2484 1567 2522 :
1599 2467 1828 2525 Crescite
1856 2452 1906 2525 et

306 2552 733 2620 multiplicamini
761 2556 918 2629 (Gen.
953 2573 991 2626 ι,
1020 2558 1137 2630 22).
1171 2559 1497 2630 Spirituales
1522 2576 1653 2617 vero
1682 2562 1907 2618 benedio

305 2648 520 2703 ctiones
539 2649 592 2703 in
606 2652 923 2708 cmlestibus
944 2665 1070 2709 sunt
1095 2671 1109 2708 :
1135 2656 1260 2725 quia
1291 2666 1435 2711 terra
1465 2658 1902 2715 benedictionem

306 2752 417 2794 non
464 2742 610 2809 capit
655 2744 1021 2813 spiritualem.
1073 2746 1355 2819 Siquidem
1395 2761 1451 2805 ct
1492 2751 1906 2811 benedictiones

305 2829 417 2886 illa:
448 2848 571 2903 quae
598 2834 654 2889 in
680 2836 926 2892 Levitico
960 2840 1056 2894 Dei
1105 2852 1371 2911 pra-cepta
1406 2845 1755 2900 servantibus
1782 2861 1911 2915 pro-

307 2924 605 2981 mittuntur
636 2927 826 2995 (Leuit.
858 2931 1005 3003 xxvr)
1039 2950 1053 2987 :
1087 2934 1236 2990 verbi
1276 2949 1460 3005 causa,
1490 2939 1732 2995 externis
1763 2938 1910 2995 Gen-

307 3016 453 3073 tibus
490 3017 768 3092 fenerare,
813 3024 969 3094 plena
1000 3041 1124 3082 esse
1158 3027 1354 3084 horrea
1386 3030 1690 3099 frumentis,
1742 3034 1910 3089 bene-

308 3108 486 3165 dictos
514 3126 638 3167 esse
667 3114 720 3168 in
762 3115 987 3170 urbibus
1018 3115 1203 3189 (Deut.
1237 3122 1428 3189 mm)
1456 3163 1471 3188 ,
1504 3123 1823 3179 benedictos
1853 3126 1904 3181 in

2005 1907 2263 1963 dicetur.‘

2077 2000 2264 2071 (Vers.
2291 1998 2376 2071 4.)
2406 1999 2554 2056 Sicut
2582 1998 2735 2070 elegit
2763 2014 2861 2053 nos
2894 1999 2949 2054 in
2992 2001 3108 2072 ipso
3138 2008 3257 2054 ante
3280 2000 3612 2056 constitutio-

2006 2112 2122 2149 nem
2162 2094 2343 2148 mundi
2374 2110 2393 2148 :
2420 2104 2475 2147 nt
2513 2109 2741 2148 essemus
2784 2093 2951 2146 sancti
2980 2102 3030 2147 et
3072 2091 3397 2148 immacnloti
3434 2107 3613 2148 coram

2006 2190 2141 2259 ipso.
2173 2188 2282 2243 Pro
2308 2185 2333 2225 ι)
2363 2186 2760 2241 constitutione
2794 2183 3013 2247 mundi,
3048 2186 3101 2239 in
3132 2185 3326 2240 Grmco
3347 2183 3612 2255 scriptum

2006 2280 2201 2347 habet,
2250 2290 2272 2320 ι’
2303 2281 2407 2358 πρὸ
2442 2278 2722 2340 καταϐολῆς
2761 2278 2985 2351 κόσμου;
3019 2292 3126 2332 non
3160 2278 3401 2344 idipsum
3426 2286 3623 2333 autem.

2007 2377 2283 2443 καταϐολὴ,
2307 2375 2449 2446 quod
2468 2374 2769 2428 constitutio
2792 2380 2968 2427 sonat.
2995 2371 3155 2428 Unde
3177 2381 3232 2426 et
3263 2386 3360 2425 nos
3384 2379 3613 2443 propter

2006 2482 2382 2544 paupertatem
2417 2470 2613 2540 linguae
2636 2510 2651 2535 ,
2681 2480 2732 2524 et
2773 2483 2960 2523 rerum
2994 2465 3287 2521 novitatem
3311 2506 3325 2529 ,
3354 2463 3521 2537 548
3558 2471 3616 2521 et

2006 2567 2150 2622 sicut
2175 2563 2399 2636 quidam
2422 2561 2522 2628 ait,
2544 2560 2689 2631 quod
2720 2560 2790 2615 sit
2815 2559 3135 2615 Graecorum
3155 2568 3211 2613 et
3239 2571 3427 2612 sermo
3448 2558 3614 2613 latior

2006 2661 2262 2731 ctlingua
2292 2657 2529 2722 felicior,
2561 2655 2886 2712 conabimur
2906 2669 3015 2709 non
3048 2663 3155 2707 tam
3186 2652 3412 2708 verbum
3435 2662 3614 2707 trans-

2008 2752 2150 2808 ferre
2189 2752 2258 2805 de
2310 2749 2503 2814 verbo,
2547 2746 2689 2817 quod
2741 2744 3081 2815 impossibile
3119 2752 3239 2811 est,
3288 2758 3450 2814 quam
3499 2743 3609 2798 vim

2006 2845 2158 2901 verbi
2206 2842 2442 2914 quodam
2489 2841 2766 2910 explicare
2791 2838 3048 2893 circuitu.
3082 2836 3348 2895 ιαταϐολὴ
3394 2835 3614 2905 prOprie

2007 2936 2206 2994 dicitur
2231 2980 2245 3004 ,
2279 2950 2401 2990 cum
2438 2933 2530 3004 qui
2561 2933 2815 2987 deorsum
2840 2931 3041 3001 jacitur
3065 2969 3081 2996 ,
3111 2937 3169 2984 et
3205 2929 3256 2983 in
3290 2926 3609 2983 inferiorem

2006 3032 2185 3087 locum
2217 3029 2449 3083 mittitur
2470 3026 2538 3082 de
2567 3024 2811 3091 sublimi,
2843 3024 2929 3079 vel
2960 3038 3083 3079 cum
3114 3023 3296 3095 aliqua
3328 3038 3416 3078 res
3445 3018 3615 3078 sumit

2010 3123 2313 3180 exordium.
2357 3119 2511 3177 Unde
2542 3128 2599 3175 et
2628 3116 2684 3171 hi
2726 3118 2817 3186 qui
2848 3114 3046 3170 mdium
3098 3114 3402 3169 futurarum
3434 3113 3610 3184 prima

308 3203 479 3271 agris,
505 3211 563 3258 et
588 3213 784 3260 castora
811 3208 895 3262 his
921 3210 1146 3277 similia,
1194 3212 1247 3265 in
1291 3213 1571 3283 prophetis
1603 3231 1713 3270 non
1756 3215 1903 3272 vide-
1933 3196 1978 3260 (ἶ
2005 3215 2217 3289 jaciunt
2255 3214 2609 3269 fundamenta
2638 3209 3087 3271 καταϐεϐληκέναι.
3120 3208 3173 3262 id
3202 3214 3287 3263 est
3312 3248 3326 3272 ,
3355 3206 3613 3262 deorsum

308 3293 490 3351 bimus
521 3294 629 3369 [ΔΙ.
657 3297 927 3373 videmus]
956 3302 1190 3372 expleta,
1217 3306 1551 3374 hominibus,
1593 3310 1681 3379 qui
1716 3310 1769 3363 in
1794 3325 1913 3366 me-

308 3384 436 3444 loris
486 3399 545 3445 et
587 3391 643 3445 in
695 3393 940 3462 caprinis
984 3396 1218 3465 pellibus
1248 3397 1408 3470 547
1438 3411 1761 3457 erraverunt
1800 3420 1814 3456 :
1854 3403 1909 3457 in

309 3490 575 3551 egestate,
611 3482 664 3536 in
692 3489 963 3555 angustia,
998 3489 1049 3542 in
1080 3488 1320 3545 desertis
1362 3490 1663 3555 montibus,
1700 3494 1754 3548 in
1779 3510 1909 3565 spe-

309 3570 490 3628 luncis
512 3583 571 3630 et
595 3580 851 3633 cavernis
879 3591 1183 3650 petrarum,
1217 3594 1638 3654 persecuturum
1676 3588 1912 3657 impetus

306 3664 643 3723 d:cliuantes
672 3670 860 3742 (Hebr.
895 3672 993 3745 tu).
1025 3674 1396 3743 Spiritualiter
1425 3694 1557 3749 ergo
1585 3680 1906 3751 accipienda

308 3762 664 3837 suxttomnia,
692 3776 747 3820 et
772 3765 1103 3835 spiritualia,
1141 3784 1248 3823 non
1280 3772 1331 3823 in
1361 3773 1603 3827 terrenis
1622 3774 1776 3840 locis,
1807 3774 1906 3830 sed

309 3849 364 3906 in
394 3855 714 3911 cmlestibus
738 3861 1123 3928 exspectanda.
1156 3861 1311 3929 Quod
1342 3879 1472 3919 vero
1500 3866 1574 3920 ait
1600 3884 1613 3922 :
1638 3865 1913 3924 Benedixit

308 3959 405 4001 nos
427 3947 480 4000 in
502 3964 577 4000 0.1.
588 3949 642 4002 ni
665 3948 1017 4008 benedictione
1043 3955 1311 4024 spiritsali
1329 3960 1384 4011 in
1406 3960 1718 4030 mlestibtts,
1750 3961 1905 4032 quasi

232 4062 241 4067 η
303 4039 418 4109 jam
446 4041 500 4096 in
531 4046 814 4113 praeterito
845 4045 1047 4102 factum
1077 4050 1170 4116 sit,
1212 4060 1267 4105 et
1308 4066 1417 4105 non
1464 4052 1517 4107 in
1551 4053 1737 4110 futuro
1781 4071 1910 4126 pro-

229 5902 247 5958 ἕ

242 5960 305 5977 *εον

311 4135 562 4207 missum,
595 4137 646 4193 id
668 4146 757 4194 est
778 4184 793 4209 ,
824 4141 1130 4211 benedixit,
1166 4156 1220 4199 et
1245 4162 1351 4199 non
1384 4147 1773 4204 benedicturus
1798 4160 1902 4219 est,

311 4230 570 4295 quaeritur
598 4233 873 4301 quomodo
901 4234 1079 4289 adhuc
1114 4238 1167 4290 in
1199 4245 1341 4291 terra
1378 4254 1478 4293 nos
1518 4242 1754 4309 positos,
1793 4256 1903 4297 cm-

309 4316 436 4375 icsti
465 4320 853 4378 benedictione
881 4325 1244 4381 benedixerit.
1276 4329 1401 4384 Sive
1428 4331 1588 4399 igitur
1606 4336 1748 4402 quod
1775 4348 1908 4388 con-

308 4415 548 4469 versatio
578 4426 771 4471 nostra
797 4417 848 4471 in
868 4420 1027 4475 ctelis
1051 4429 1154 4481 est,
1178 4430 1232 4473 et
1263 4437 1369 4475 non
1393 4437 1583 4477 sumus
1611 4425 1677 4479 de
1704 4424 1906 4479 mundo

308 4504 443 4573 isto;
477 4508 574 4562 sed
602 4507 856 4577 deposita
880 4509 1114 4581 imagine
1140 4510 1317 4567 choici
1345 4554 1361 4579 ,
1407 4526 1685 4582 portamus
1714 4515 1905 4586 imagi-

310 4613 430 4655 nem
458 4601 870 4670 snpercmlestis
901 4621 914 4657 :
946 4606 1076 4658 etin
1109 4619 1278 4659 carne
1306 4621 1413 4659 non
1441 4606 1694 4673 vivimus,
1721 4608 1817 4664 sed
1846 4610 1903 4664 in
1929 4579 1982 4640 D

309 4694 503 4762 Spiritu
533 4712 550 4750 :
594 4705 651 4749 et
681 4695 1109 4750 tlresauriaamus
1145 4696 1302 4751 nobis
1335 4698 1386 4750 in
1415 4698 1570 4753 cmlis
1602 4700 1692 4753 ubi
1722 4709 1779 4754 et
1810 4715 1906 4756 cor

310 4783 593 4858 habemus,
636 4788 866 4844 dicimur
895 4805 1036 4845 nunc
1066 4793 1283 4845 cmlesti
1323 4792 1703 4847 benedictione
1738 4793 1902 4849 bene~

380 4960 406 5026 ξ
430 4950 815 5026 Cirtereieusis
843 4969 970 5022 ms.,
1000 4972 1176 5011 otnnes
1198 4956 1276 5011 vel
1298 4954 1536 5026 singulas
1558 4956 1904 5026 possidemus.

379 5021 408 5060 ἲν
440 5021 799 5100 Hieronymus
837 5041 958 5100 cum
1005 5028 1201 5081 favoris
1241 5028 1292 5081 in
1326 5021 1633 5100 Origenem
1674 5045 1907 5100 purgare

309 5096 680 5157 ευέῃιοίοιιιιιιι
712 5096 903 5165 voluit,
935 5096 1101 5152 hosce
1126 5096 1455 5167 cumprimis
1471 5096 1908 5156 Commentarios

310 5166 363 5241 in
402 5167 549 5241 lfauli
578 5167 867 5241 epistolam
904 5168 970 5222 ad
1003 5168 1289 5241 Ειιθιειιὶοε.
1321 5180 1509 5238 utpote
1549 5172 1749 5240 quibus
1782 5188 1908 5241 pro-

309 5235 427 5312 bari
459 5254 565 5312 sua
597 5254 775 5305 posset
814 5239 973 5306 fides,
1000 5235 1199 5295 Rufino
1245 5235 1597 5296 calumniant'i
1632 5235 1907 5312 υριιοέιιίι.

311 5309 414 5385 llic
444 5308 603 5385 avide
643 5312 928 5385 occasione
966 5323 1202 5385 arrepta,
1246 5323 1303 5366 et
1333 5328 1587 5385 (ingerens
1627 5308 1684 5369 in
1712 5308 1909 5385 scirpo

309 5382 535 5456 nodum,
575 5377 792 5456 hosrttet
822 5381 989 5436 libros
1020 5377 1661 5456 iniqpiissima'qdiligeutia
1705 5377 1909 5456 expe'n-

311 5450 413 5523 d.t,
453 5452 619 5523 inque
647 5450 957 5522 Origeniaui
997 5450 1191 5508 sensus
1233 5450 1913 5523 invidiaufperverse-tra-

311 5521 589 5599 hit._fa_cto
613 5523 682 5576 ab
701 5521 791 5599 his
810 5524 990 5599 verbis
1010 5527 1299 5580 accusandi
1323 5525 1497 5599 initio.
1520 5521 1631 5582 Nos
1659 5529 1910 5599 qua-dam

311 5593 545 5669 subinde
588 5608 687 5669 pro
729 5596 799 5669 S._
824 5595 1053 5651 Doctore
1082 5609 1272 5653 contra
1313 5593 1719 5664 Aquileiensem
1755 5615 1911 5669 pres-

312 5664 564 5736 byterum
587 5666 1112 5739 animadvertemus;
1134 5675 1229 5723 sed
1255 5669 1475 5738 quando
1500 5669 1613 5739 ipsa
1639 5664 1909 5725 rationum

314 5745 591 5811 momenta
635 5737 939 5811 oboculos
979 5753 1179 5811 ponere
1210 5754 1308 5811 per
1337 5737 1590 5811 notarum
1633 5743 1912 5811 angustias

314 5817 424 5863 non
448 5806 601 5877 licet,
631 5815 690 5863 ut
714 5809 863 5877 ipsos
884 5806 1268 5867 invectivarum
1289 5810 1469 5869 Rufini
1492 5810 1681 5881 libros,
1707 5806 1741 5869 a
1766 5813 1911 5885 prio.

2008 3312 2159 3368 initia
2180 3307 2658 3363 fundamentorum
2679 3303 2879 3373 iecisse
2894 3302 3170 3356 dicuntur.
3200 3299 3401 3355 Volens
3427 3302 3608 3370 itaque

2009 3401 2208 3458 Paulus
2237 3397 2531 3452 ostendere
2570 3392 2715 3465 quod
2751 3394 2892 3448 Deus
2921 3391 3178 3446 universa
3226 3390 3297 3444 sit
3325 3388 3616 3444 machina-

2011 3507 2094 3552 tus
2126 3511 2191 3550 ex
2222 3492 2417 3558 nihilo,
2442 3506 2551 3545 non
2577 3488 2949 3552 conditionem,
2993 3498 3102 3540 non
3131 3493 3425 3539 creaturam
3450 3492 3615 3553 atque

2008 3592 2290 3663 facturam,
2329 3586 2425 3643 sed
2452 3584 2744 3643 καταϐολὴν
2767 3623 2783 3647 ,
2816 3583 2870 3637 id
2900 3588 3020 3645 est,
3051 3579 3261 3634 initium
3285 3577 3621 3650 fundamenti

2007 3683 2081 3739 ad
2101 3697 2225 3739 eum
2257 3680 2447 3736 retulit
2476 3694 2490 3732 :
2525 3688 2584 3732 ut
2616 3692 2724 3731 non
2752 3678 2902 3744 juxta
2938 3671 3295 3728 Manichaium
3324 3712 3337 3734 ,
3371 3676 3611 3725 etcaete-

2007 3792 2098 3831 ras
2148 3775 2392 3831 bzereses
2436 3774 2581 3843 (quas
2630 3769 2894 3823 factorem
2943 3773 3001 3821 et
3048 3762 3335 3819 materiam
3378 3760 3611 3833 ponunt)

2007 3870 2215 3941 aliquid
2253 3865 2365 3941 [ΑΙ.
2398 3863 2571 3938 aliud]
2600 3862 2742 3918 unde
2782 3874 3049 3917 creatura:
3088 3857 3245 3913 factae
3275 3856 3415 3922 sint,
3455 3863 3614 3910 ante-

2007 3962 2234 4018 cesserit
2264 3972 2546 4015 creaturas
2571 3972 2585 4010 :
2619 3956 2715 4011 sed
2745 3953 2926 4010 omnia
2951 3966 3018 4006 ex
3049 3949 3220 4006 nihilo
3240 3947 3606 4005 substiterint.

2008 4054 2160 4123 Quod
2188 4060 2369 4108 autem
2400 4051 2605 4106 electos
2628 4062 2754 4115 nos,
2778 4055 2836 4101 ut
2857 4058 3105 4101 essemus
3134 4042 3307 4098 sancti
3334 4050 3391 4096 et
3422 4042 3615 4095 imma-

2008 4148 2171 4203 culati
2226 4160 2412 4201 coram
2465 4144 2603 4214 ipso,
2660 4140 2765 4195 hoc
2812 4147 2920 4203 est,
2977 4136 3125 4203 Deo,
3177 4144 3304 4190 ante
3351 4134 3617 4189 tabricam

2009 4240 2197 4296 mundi
2240 4247 2467 4294 teStatus
2499 4246 2624 4301 est,
2656 4233 2723 4289 ad
2758 4231 3160 4304 prmscientiam
3194 4228 3290 4283 Dei
3332 4229 3609 4298 pertinet;

2008 4332 2097 4387 cui
2137 4333 2316 4386 omnia
2355 4329 2539 4384 futura
2567 4327 2675 4398 jam
2713 4324 2851 4380 facta
2884 4331 3052 4389 sunt,
3082 4330 3137 4376 et
3166 4329 3454 4391 antequam
3482 4318 3612 4373 fiant

2011 4427 2265 4479 universa
2295 4432 2423 4477 sunt
2467 4429 2615 4476 nota.
2646 4418 2804 4475 Sicut
2834 4425 2890 4472 et
2930 4414 3133 4470 Paulus
3164 4413 3280 4485 ipse
3319 4410 3607 4482 pra'desti-

2012 4527 2170 4570 mitur
2217 4514 2269 4568 in
2315 4523 2473 4569 utero
2520 4510 2712 4566 matris
2760 4524 2896 4574 suae,
2943 4518 2998 4562 et
3037 4506 3302 4563 Jeremias
3351 4506 3405 4557 in
3450 4502 3615 4559 vulva

2010 4608 2383 4664 sanctilicatur
2405 4604 2621 4677 (lerem.
2647 4605 2709 4674 l),
2731 4603 2971 4673 eligitur,
2994 4599 3308 4665 roboratur,
3329 4605 3388 4653 et
3409 4597 3463 4651 in
3489 4606 3619 4669 typo

2011 4701 2212 4757 Christi
2252 4704 2512 4771 prOpheta
2547 4696 2799 4768 gentibus
2829 4695 3083 4749 mittitur.
3114 4692 3268 4747 Alius
3299 4687 3327 4727 ἀ
3359 4703 3492 4744 vero
3521 4686 3614 4758 qui

2014 4795 2182 4849 Deum
2208 4792 2416 4861 justum
2451 4800 2679 4845 conatur
2705 4787 3023 4852 ostendere,
3058 4783 3203 4856 quod
3232 4798 3343 4839 non
3372 4798 3439 4838 ex
3470 4794 3619 4859 prator

2012 4957 2088 5013 ris-
2122 4972 2352 5012 numero
2384 4954 2646 5025 vigesimo
2675 4951 2839 5025 tertio
2861 4949 2938 5025 ad
2970 4948 3198 5025 alterius
3226 4945 3388 5003 ﬁnem
3420 4959 3617 5016 usque,

2015 5029 2249 5084 lectores
2278 5020 2586 5094 coirsuiarit,
2627 5023 2839 5095 ipsique
2867 5020 3188 5091 diiudicent,
3235 5025 3486 5073 auctores
3518 5030 3621 5073 sun

2014 5116 2156 5156 nius.
2528 5167 2534 5169 Α
2682 5166 2693 5169 _
2738 5165 2747 5169 _
3330 5168 3335 5169 ,
3378 5157 3411 5169 ..
3536 5157 3544 5169 .

2089 5182 2111 5210 ο
2139 5172 2217 5227 Ex
2247 5169 2352 5224 hoc
2383 5170 2502 5223 loco
2525 5165 2877 5235 intelligimus
2902 5171 3164 5237 quantum
3192 5162 3292 5215 sibi
3326 5157 3619 5237 tribuerint

2014 5242 2275 5298 Erasmus
2305 5254 2359 5297 et
2399 5240 2674 5294 Marianos
2701 5229 2758 5292 in
2788 5229 3379 5312 editioneﬁrtecarutn
3408 5229 3617 5312 .lectio:

2015 5331 2143 5369 num
2174 5332 2187 5368 :
2218 5328 2395 5381 neque
2435 5326 2563 5389 vero
2604 5325 2670 5389 es
2700 5307 2976 5389 codicibus
3017 5299 3477 5389 Hierony_t_rtianis,
3514 5298 3623 5389 sed,

2014 5402 2078 5441 ex
2110 5380 2337 5454 proprio
2362 5385 2580 5451 ingenio
2604 5381 2695 5437 hic
2719 5380 2976 5457 omittunt
3001 5380 3456 5457 praalpositionurp
3483 5380 3611 5448 πρὸ,

2013 5441 2324 5530 adduntque
2351 5441 2637 5530 articulum
2669 5459 2788 5530 rei},
2832 5449 2923 5520 qui
2965 5441 3070 5530 non
3110 5441 3303 5530 fugitur
3334 5443 3388 5499 in
3416 5441 3609 5530 Graio?

2013 5515 2269 5599 contextu
2291 5527 2347 5582 S.
2378 5526 2549 5589 Pauli,
2571 5541 2757 5599 neque
2770 5515 3257 5599 irresemplarilius
3280 5515 3615 5599 _gnanuscri-

2014 5600 2121 5671 ptis
2155 5598 2376 5671 hujusce
2404 5587 2782 5671 commeniarii
2815 5593 2884 5671 S_._
2910 5587 3244 5671 llierouymi.
3279 5587 3465 5671 Mauri;
3503 5655 3516 5670 ο

2087 5668 2114 5708 ἀ
2144 5656 2296 5727 ιιιιῖιθ
2326 5669 2694 5743 aliutn_,‘cuius
2725 5666 2811 5743 bi_c
2832 5656 3391 5743 dissimulatnotncn,
3423 5656 3615 5743 Orige-

2017 5759 2140 5799 nem
2168 5757 2292 5796 esse
2326 5756 2434 5794 non
2473 5731 2738 5814 diflit'etur
2853 5735 3011 5790 Pater
3044 5734 3096 5814 in
3136 5731 3397 5814 Apologia
3424 5741 3613 5783 contra

2016 5814 2273 5873 Rufinum
2302 5830 2318 5870 :
2342 5828 2508 5883 seque
2529 5813 2624 5880 ita,
2648 5810 2791 5881 quod
2814 5822 3012 5865 nomen
3038 5806 3156 5878 ejus
3179 5806 3428 5871 tacuerit,
3451 5814 3615 5858 excu-
