4056 6312
243 318 360 378 ιιι)

799 317 1452 378 COMMENTARIORUM
1492 318 1560 374 IN
1600 317 1846 375 EPISTO

1954 317 1994 373 li
2035 318 2128 375 AD
2168 321 2502 378 EPIIESIOS
2540 318 2667 378 LIB.
2715 320 2757 379 l.
2798 316 2951 378 CAP.
2992 318 3038 379 1.

3462 317 3571 379 4ἓο

240 440 335 486 est
367 448 384 492 ;
415 445 522 487 nos
544 446 683 488 vero
713 431 1028 501 adoptione.
1070 430 1168 485 ille
1196 445 1491 499 numquam
1531 428 1593 483 Fi
1623 433 1707 484 ius
1751 445 1859 484 non
1890 429 1944 489 Α
1970 431 2220 497 veritate,
2246 433 2474 502 justitia,
2507 448 2660 501 pace,
2690 434 3088 502 redemptione,
3120 433 3445 505 exterisque
3472 435 3581 489 vir-

246 525 356 581 l'uit
392 542 409 580 :
439 541 547 581 nos
580 536 874 596 antequam
916 540 1195 587 essemus,
1235 523 1606 589 ttltt'dcslittali
1645 539 1866 586 Sun.us,

247 626 305 672 et
332 626 461 671 tunc
485 619 750 685 Spiritum
767 615 1076 684 adoptionis
1097 616 1431 686 accepimus,
1448 616 1665 686 quando
1687 617 1867 670 ere-li-

248 708 439 765 dimus
470 709 524 764 in
554 707 753 764 Filium
778 708 899 763 Dei.

327 801 632 858 Secundum
664 800 927 873 placitum
968 801 1247 856 voluntatis
1273 819 1407 857 sum.
1440 801 1680 858 Verbum
1712 799 1866 856 εὐδο-

253 899 399 962 κίαν,
432 897 577 967 quod
605 896 833 952 Latinus
861 904 888 934 ⁸
919 909 1102 952 sermo
1134 897 1526 967 interpretatus
1548 906 1656 961 est,
1688 898 1863 964 placi-

255 997 396 1053 tum,
423 991 567 1058 apud
594 987 812 1044 Cra-cos
850 991 1215 1059 compositum
1252 1000 1337 1046 est
1371 1006 1433 1045 ev
1478 991 1692 1045 duobus
1724 991 1865 1044 inte-

253 1080 393 1153 gris,
423 1082 527 1137 ἀπὸ
550 1089 641 1138 τοῦ
666 1077 761 1146 Εὖ.
789 1084 874 1137 καὶ
898 1089 993 1139 τοῦ
1022 1090 1191 1139 Δοκιῖν
1208 1125 1223 1146 ,
1247 1098 1277 1136 a
1309 1084 1455 1147 bene,
1498 1094 1554 1140 et
1580 1100 1609 1138 a
1634 1085 1858 1151 placito,

253 1174 403 1245 quod
435 1189 536 1230 nos
563 1191 857 1246 p-tSsttllluS
894 1176 1084 1230 dicere
1133 1174 1544 1247 beneplacitum,
1582 1176 1713 1247 quia
1754 1191 1860 1229 non

250 1268 442 1320 statim
473 1282 636 1321 omne.
681 1267 828 1337 quod
864 1266 1090 1337 placuit,
1132 1278 1190 1324 et
1221 1267 1365 1323 bene
1393 1268 1613 1337 placere
1645 1276 1860 1336 potest,

247 1361 345 1416 sed
371 1361 449 1417 ibi
482 1373 690 1417 tantum
715 1362 925 1420 ιύδωάα
954 1362 1059 1419 hoc
1083 1372 1200 1428 est,
1222 1363 1605 1433 beneplacitum
1626 1364 1857 1430 dicitur,

245 1457 339 1510 ulti
370 1456 516 1525 quod
543 1457 767 1522 placuit,
794 1469 948 1513 recte
972 1457 1229 1527 placitum
1258 1459 1671 1527 comprobatur.
1705 1457 1860 1512 Hunc

186 1612 195 1615 γ
244 1560 434 1604 autem
463 1564 781 1604 sermonem
813 1549 882 1605 de
908 1549 1179 1605 Hebraico
1196 1565 1365 1605 aeson
1390 1549 1603 1637 (Tum),
1625 1549 1856 1620 Septua-

242 1643 398 1713 ginta
445 1644 782 1713 interpretes
822 1645 1254 1709 transtulerunt,
1284 1645 1454 1699 rebus
1496 1644 1685 1723 nevis,
1717 1659 1857 1697 nova

245 1737 420 1792 verba
459 1738 749 1808 tingentes.
799 1736 1069 1792 Invadunt
1096 1738 1279 1808 itaque
1309 1736 1365 1790 in
1400 1736 1505 1791 hoe
1536 1737 1656 1790 loco
1699 1750 1859 1791 occa-

1974 523 2198 588 tutiltus,
2232 528 2442 579 nullum
2478 527 2678 580 bonum
2718 525 2869 579 intell
2897 527 2951 594 gi
2995 536 3203 596 potest
3234 526 3348 582 Nec
3382 537 3579 596 putan-

1970 614 2098 668 dum
2137 616 2281 685 quod
2350 618 2403 671 itt
2455 617 2662 671 Latinis
2709 619 2990 673 codicibus
3033 619 3264 673 habetur
3309 624 3573 686 scriptum

1967 722 2110 773 es~e,
2145 710 2197 762 in
2225 710 2413 763 dilecto
2445 708 2560 779 ﬁlio
2590 727 2706 775 suo,
2739 712 2837 764 Sed
2868 712 3218 781 sin-pliciter,
3254 711 3306 764 in
3338 711 3577 777 dilecto;

1967 809 2021 854 et
2050 801 2094 854 si
2139 802 2362 870 quidem
2385 814 2533 857 esset
2558 803 2828 869 additum,
2861 803 3051 857 dilecto
3104 802 3222 868 Dei,
3256 804 3342 857 vel
3373 800 3572 855 dilecto

1969 889 2166 955 Putris,
2201 905 2351 949 esset
2392 893 2624 962 simplex
2660 895 3056 964 intelligentia,
3088 905 3142 949 et
3180 896 3424 949 omnium
3454 891 3574 963 opi-

1966 987 2133 1040 nione
2162 986 2395 1056 vulgata,
2430 987 2573 1057 quod
2607 987 2867 1042 Dominus
2897 1000 3083 1043 noster
3111 988 3271 1043 Jesus
3316 986 3570 1042 Christus

1966 1077 2292 1148 diligeretur
2316 1095 2345 1132 a
2378 1077 2575 1143 Patre;
2621 1080 2718 1133 sed
2766 1093 2870 1132 non
2910 1096 3160 1149 magnum
3193 1080 3399 1150 aliquid
3449 1095 3574 1149 pro-

1964 1174 2187 1243 prietati
2222 1173 2349 1227 Filii
2376 1175 2829 1241 concederemus,
2858 1190 2980 1230 cum
3010 1178 3088 1230 sic
3118 1175 3288 1230 Filius
3310 1176 3571 1245 diligere-

1966 1276 2085 1332 tur,
2130 1278 2192 1321 ut
2220 1276 2440 1322 caetera.
2470 1266 2685 1322 Dicitur
2710 1267 2913 1337 quippe
2941 1270 3008 1322 ad
3040 1272 3206 1323 Deum
3235 1266 3346 1340 [AL
3377 1265 3524 1339 eum]
3554 1283 3570 1324 :

1964 1355 2159 1430 Diligis
2188 1361 2385 1428 omnia,
2420 1373 2469 1413 et
2490 1360 2623 1413 nihil
2647 1361 2830 1430 abjicis
2856 1376 3038 1414 eorum
3072 1376 3188 1430 quw
3217 1362 3389 1428 [scisti
3413 1378 3433 1415 :
3466 1359 3573 1414 Ne-

1963 1466 2066 1520 que
2094 1452 2233 1503 enim
2264 1450 2388 1504 odio
2432 1452 2560 1521 quid
2590 1452 2779 1505 habens
2808 1453 3090 1506 condidisti
3117 1450 3289 1524 (δίῳ.
3313 1468 3398 1518 ιι,
3430 1452 3503 1508 25
3528 1453 3568 1522 ).

1963 1544 2074 1595 Aut
2096 1544 2141 1595 si
2175 1557 2322 1598 esset
2354 1547 2694 1612 oppositum,
2721 1545 2775 1598 in
2799 1562 2906 1615 qua
2935 1546 3252 1616 gratiﬁcavit
3282 1560 3375 1599 nos
3402 1547 3459 1599 in
3484 1545 3569 1599 di-

1961 1636 2100 1691 lecto
2121 1654 2231 1706 pra:
2252 1637 2512 1705 omnibus,
2545 1643 2837 1694 universus
2867 1643 3161 1708 scrupulus
3196 1640 3393 1695 fuisset
3422 1639 3577 1694 abla-

1964 1737 2071 1794 tus,
2105 1731 2230 1799 quia
2256 1742 2308 1786 et
2342 1734 2678 1799 patriarchas
2709 1743 2763 1786 et
2796 1731 3126 1801 prephetas,
3151 1745 3206 1787 et
3227 1748 3423 1789 omnes
3444 1749 3570 1788 san-

243 1826 487 1891 sionem,
506 1830 598 1897 qui
631 1840 759 1883 ante
789 1827 1161 1885 conditionem
1186 1829 1631 1893 mundi,animas
1659 1839 1852 1899 putant
1882 1810 1931 1871 Β
1956 1833 2079 1877 ctos
2101 1825 2245 1877 viros
2276 1826 2481 1880 scimus
2505 1840 2535 1878 a
2565 1825 2679 1879 Deo
2703 1824 2871 1880 fuisse
2901 1826 3155 1881 dilectos.
3178 1826 3332 1882 Nunc
3359 1842 3488 1881 vero
3512 1827 3567 1881 in

244 1934 374 1975 eum
418 1919 635 1991 angelis
666 1928 724 1975 et
748 1919 968 1976 caeteris
999 1922 1270 1976 virtutum
1305 1922 1623 1977 nominibus
1663 1921 1717 1976 in
1746 1936 1856 1978 cm-

245 2012 373 2069 lesti
396 2012 707 2069 Jerusalem
733 2013 904 2070 fuisse
927 2025 1196 2082 versatas,
1227 2016 1372 2087 quod
1418 2031 1517 2072 nec
1537 2015 1566 2055 δ
1595 2017 1856 2086 benepla-

247 2104 420 2160 citum
452 2105 571 2172 Dei,
598 2120 701 2161 nec
723 2105 779 2161 in
810 2106 1026 2163 Iaudem
1047 2108 1237 2178 gloriae
1261 2109 1404 2179 ejus,
1428 2120 1485 2164 et
1509 2110 1698 2180 gratiae
1729 2124 1853 2177 pos-

247 2194 326 2251 sit
359 2196 613 2265 intelligi,
638 2197 780 2252 alios
805 2196 1005 2263 nudos,
1038 2198 1328 2267 barbaros,
1362 2215 1574 2264 servos,
1603 2200 1853 2259 debiles:

244 2287 394 2344 alios
433 2288 666 2351 divites,
709 2289 1016 2357 Romanos,
1046 2291 1473 2357 liberos,sanos
1506 2307 1522 2349 :
1556 2291 1849 2361 ignobiles,

249 2382 340 2436 vel
388 2381 604 2436 nobiles
643 2380 697 2435 in
746 2380 961 2437 diversa
1014 2383 1167 2437 orbis
1214 2393 1368 2453 parte
1406 2384 1687 2454 generari,
1744 2383 1852 2439 nisi

247 2485 433 2525 causas
465 2477 883 2540 praecesserint,
935 2475 1136 2545 quibus
1157 2490 1222 2531 ex
1252 2476 1462 2531 meritis
1497 2476 1613 2531 hzcc
1642 2477 1853 2531 anima-

246 2577 376 2619 rum
408 2580 747 2636 unaquaque
773 2566 966 2621 sortita
1001 2568 1094 2621 sit.
1127 2565 1193 2621 Et
1217 2567 1351 2621 illud
1384 2568 1527 2638 quod
1550 2567 1617 2623 ad
1651 2567 1857 2624 Roma-

250 2673 357 2713 nos
378 2659 645 2727 scriptum
673 2674 734 2715 se
773 2659 991 2729 quidam
1036 2668 1229 2729 putant
1258 2675 1438 2727 nosse,
1468 2676 1571 2718 nec
1601 2672 1803 2717 norunt
1831 2677 1848 2718 :

245 2753 331 2806 An
360 2768 464 2806 non
492 2752 643 2807 habet
685 2762 987 2823 potestatem
1017 2754 1215 2826 ﬁgulus
1257 2754 1323 2808 de
1358 2754 1536 2809 eadem
1565 2772 1739 2810 massa
1767 2759 1851 2823 [a-

246 2861 365 2899 cere
403 2845 553 2898 aliud
592 2862 685 2899 uas
731 2846 785 2900 in
842 2844 1122 2912 honorem,
1176 2845 1326 2900 aliud
1371 2848 1426 2901 in
1480 2848 1847 2902 contumeliam

243 2934 442 3005 (Rom.
475 2951 552 3002 ιχ,
580 2936 647 2990 21
677 2936 735 3007 )?
783 2937 850 2990 ad
900 2938 1153 2992 eumdem
1190 2953 1414 2993 sensum
1454 2939 1703 2993 referunt
1738 2954 1754 2995 :
1788 2950 1847 2995 ut

239 3031 522 3103 quomodo
543 3032 651 3087 vita
677 3033 840 3097 bona,
870 3034 990 3088 sive
1012 3033 1176 3098 mala,
1200 3032 1504 3099 laboriosa,
1528 3034 1618 3089 vel
1648 3034 1843 3100 lacilis,

244 3127 444 3182 [rustra
479 3127 535 3181 in
565 3128 672 3181 isto
702 3126 904 3182 mundo
931 3128 1132 3199 agitur,
1167 3127 1270 3183 nisi
1298 3127 1593 3184 credamus
1635 3128 1728 3184 Dei
1757 3129 1844 3183 l'u-

240 3225 429 3273 turuin
453 3218 722 3289 judicium
747 3235 871 3276 esse
896 3235 911 3280 ;
937 3198 1009 3275 ita
1034 3230 1091 3276 et
1109 3220 1402 3276 diversitas
1430 3221 1485 3275 in
1516 3220 1619 3277 hoc
1643 3223 1844 3277 mundo
1869 3198 1917 3262 ο
1951 3216 2245 3286 signiﬁcari
2297 3233 2311 3271 ε

239 3326 279 3368 n
298 3328 441 3369 tscen
454 3313 588 3368 tium
605 3313 874 3384 justitiam
896 3313 993 3369 Dei
1026 3322 1244 3386 arguat,
1274 3314 1376 3369 nisi
1397 3315 1702 3370 animarum
1732 3332 1846 3372 me-

238 3405 347 3459 rita
400 3407 811 3475 przeeesserint.
840 3406 896 3463 Si
939 3408 1127 3475 enim,
1158 3407 1445 3476 inquiunt,
1481 3406 1596 3463 huic
1630 3424 1737 3462 non
1769 3408 1842 3464 ita

237 3495 581 3567 accipimus,
636 3513 736 3553 nec
773 3498 1178 3569 beneplaeitum
1211 3499 1375 3573 552
1402 3501 1697 3556 voluntatis
1749 3500 1844 3555 Dei

237 3590 382 3657 erit,
423 3606 525 3646 nec
558 3593 610 3646 in
644 3592 861 3647 laudem
893 3594 1082 3664 gloriae
1125 3602 1183 3649 et
1226 3595 1419 3664 gratia:
1458 3594 1576 3663 ejus
1612 3606 1671 3661 ο,
1701 3594 1840 3650 alios

238 3685 477 3754 elegisse
506 3692 637 3739 ante
660 3686 1112 3741 constitutionem
1141 3686 1351 3753 mundi,
1377 3696 1433 3741 ut
1460 3694 1645 3742 essent
1671 3685 1844 3741 sancti

238 3785 293 3830 et
324 3775 700 3842 immaculati,
734 3784 791 3832 et
830 3776 1097 3834 haberent
1134 3779 1487 3847 adoptionem
1518 3795 1617 3851 per
1656 3778 1841 3835 Jesum

235 3866 520 3923 Christum
559 3887 575 3926 ;
603 3869 746 3926 alios
772 3870 977 3928 ultima:
1004 3870 1328 3939 conditioni,
1358 3883 1414 3926 et
1443 3873 1616 3943 pinnis
1641 3887 1842 3943 perpe-

236 3964 353 4020 tuis
391 3963 727 4020 destinasse.

312 4055 500 4128 (Vers.
526 4055 606 4127 6.)
624 4055 688 4110 In
717 4058 926 4113 laudem
946 4059 1130 4129 gloritc
1146 4059 1332 4131 gratia:
1354 4074 1486 4127 sure,
1517 4060 1571 4114 in
1594 4076 1695 4129 qua
1723 4075 1844 4130 gra-

238 4147 451 4217 tificavit
491 4165 587 4203 nos
629 4150 684 4204 in
728 4148 945 4205 dilecto.
992 4151 1124 4216 Qum
1157 4151 1297 4221 laus,
1326 4151 1614 4221 inquiunt,
1648 4152 1844 4222 gloria:

237 4243 436 4311 gratia:
485 4241 578 4297 Dei
625 4252 741 4308 est,
773 4244 914 4298 alios
960 4243 1270 4314 gratiﬁeare
1313 4243 1367 4298 in
1411 4243 1662 4312 Christo,
1703 4244 1847 4300 alios

235 4334 466 4389 internis
493 4350 807 4405 praeparare
839 4336 1126 4406 suppliciis
1169 4353 1184 4393 :
1231 4351 1421 4392 amare
1450 4337 1650 4403 Jacob,
1684 4346 1841 4393 ante-

233 4439 400 4495 quam
427 4429 638 4481 oriatnr
662 4445 727 4481 ex
754 4436 940 4493 utero;
964 4429 1148 4482 odisse
1175 4430 1311 4483 Esttu
1338 4430 1651 4499 priusquam
1683 4433 1840 4499 digna

227 4516 358 4573 odio
383 4527 735 4587 perpetraret
759 4560 775 4584 ,
802 4520 908 4573 nisi
931 4535 1109 4574 caua
1135 4524 1520 4588 pta-cesserint
1541 4538 1660 4591 qum
1682 4523 1843 4590 justi-

231 4607 363 4663 tiam
403 4610 495 4664 Dei
547 4610 815 4678 probent?
844 4609 1036 4667 Omnis
1077 4627 1208 4682 ergo
1246 4613 1419 4682 gratia
1451 4628 1611 4683 quam
1650 4628 1843 4669 cense-
1871 4592 1922 4652 D

229 4698 457 4770 quimur
472 4700 525 4753 in
555 4702 809 4771 gloriam,
830 4713 887 4756 et
910 4702 1123 4758 laudem
1142 4702 1260 4773 ejus
1288 4703 1379 4773 qui
1406 4718 1504 4757 nos
1521 4702 1842 4773 justilicavit

229 4786 370 4863 [ΑΙ.
389 4792 758 4868 gratiﬁeavit]
793 4796 846 4850 itt
878 4795 1105 4861 dilectu,
1136 4794 1242 4852 hoc
1272 4808 1378 4865 est,
1404 4796 1458 4851 in
1484 4797 1714 4853 Domino
1745 4815 1843 4853 no-

226 4894 369 4954 stro,
401 4895 459 4943 et
486 4887 773 4945 Salvatore
794 4892 1134 4961 completur:
1155 4890 1278 4961 quia
1308 4892 1513 4963 absque
1544 4894 1838 4965 sapientia,

302 5056 332 5084 λ
374 5046 676 5117 Voculam,
716 5064 919 5118 sermo,
962 5062 1087 5119 qua:
1124 5048 1348 5114 deerat,
1383 5052 1557 5106 nostri
1606 5052 1839 5109 interse-

230 5129 360 5174 runt
407 5134 541 5171 mss.

306 5189 345 5265 bi
384 5190 580 5265 Verius
610 5190 835 5259 legerit,
863 5207 961 5265 nec
998 5191 1283 5245 secundum
1316 5192 1693 5265 beneplacitnm
1721 5194 1842 5263 Dei,

226 5259 462 5316 Bullinus
487 5263 583 5318 lib.
611 5277 671 5325 tl,
698 5280 826 5316 ttttttt
852 5264 920 5317 ’ςὶῖ
946 5273 1002 5315 et
1031 5277 1177 5328 Scip,
1206 5281 1366 5331 queltt
1394 5259 1626 5319 vitiosis.

312 5343 335 5405 ξε
378 5334 548 5387 Addit
573 5333 713 5386 idem
744 5334 976 5388 [latinus
1007 5333 1096 5387 hic
1118 5342 1346 5389 verbum
1367 5374 1383 5398 ,
1416 5337 1690 5405 referetur.

300 5399 330 5440 ἀ
381 5404 760 5473 Ex-criptures
804 5406 1010 5473 antiqui
1063 5407 1378 5460 nescierunt
1429 5399 1623 5461 Dei-ius
1676 5407 1843 5462 fuisse

230 5477 506 5545 cogn-imit
528 5487 647 5528 atus
682 5474 855 5528 Mures
899 5477 979 5542 (ut
1014 5473 1077 5528 P.
1117 5475 1307 5531 Decius
1340 5474 1462 5531 Mus
1489 5479 1626 5545 apud
1661 5478 1838 5531 Valer.

230 5544 443 5618 Martini
480 5548 573 5600 Iilt.
610 5562 625 5600 ι
651 5547 719 5598 de
745 5546 1006 5602 Sontuits.
1032 5561 1150 5612 cap.
1180 5548 1267 5618 7):
1301 5549 1426 5600 Ideo
1448 5544 1744 5616 sepatatitn
1771 5550 1844 5603 leo

228 5630 361 5686 gout
396 5617 573 5671 Mures
612 5618 757 5671 inter
786 5618 968 5671 elatio-8
994 5634 1129 5684 quas
1161 5618 1307 5673 Decii
1341 5627 1397 5672 et
1424 5620 1513 5671 atii
1547 5621 1660 5671 suis
1692 5635 1846 5671 Illur-

230 5689 376 5739 tthus
400 5687 784 5757 t'epre~serint.
818 5688 971 5741 Hunc
1000 5703 1268 5745 errorem.
1306 5707 1405 5742 net-
1435 5692 1718 5755 Erasmus,
1745 5706 1845 5745 nec

230 5757 509 5829 μειτὶαιμιβ
542 5758 811 5829 Victorius
837 5757 1121 5829 castigavit
1149 5760 1199 5813 in
1232 5775 1326 5813 sua
1356 5760 1619 5827 editione,
1651 5763 1749 5814 sed
1776 5763 1845 5815 de

232 5824 609 5896 inemendatis
637 5824 1001 5891 inemendata'
1014 5833 1353 5907 scripserunt
1382 5834 1564 5904 ambo,
1595 5824 1845 5907 quamvis

1952 5544 2155 5599 habet:

1958 1930 2026 1970 eo
2055 1916 2199 1982 quod
2228 1916 2478 1971 absolute
2514 1917 2731 1972 loeutus
2759 1928 2866 1987 est,
2895 1917 3090 1973 dicens
3118 1936 3130 1969 :
3166 1921 3221 1973 in
3247 1920 3463 1984 dilecto,
3493 1919 3566 1974 ita

1963 2008 2092 2060 mihi
2128 2007 2548 2078 intelligendum
2583 2008 2823 2075 videtur,
2848 2021 2907 2066 ttt
2935 2010 3313 2067 subaudiatur.
3348 2012 3413 2064 ab
3452 2026 3566 2064 om-

1957 2096 2128 2151 nibus.
2165 2099 2221 2154 Si
2274 2100 2420 2154 enim
2467 2098 2758 2169 Christus,
2792 2111 2850 2156 ut
2875 2116 3025 2170 sape
3047 2102 3158 2171 jam
3185 2100 3443 2168 diximus,
3472 2117 3561 2157 sa-

1957 2189 2160 2259 pientia
2192 2199 2306 2253 est,
2345 2192 2552 2259 justitia
2578 2234 2593 2258 ,
2630 2208 2727 2262 pax
2756 2234 2772 2259 ,
2800 2193 3083 2262 gaudium,
3113 2195 3478 2262 continentia,
3507 2203 3565 2249 et

1954 2290 2187 2351 cetera,
2230 2282 2347 2336 haec
2376 2282 2636 2337 virtutum
2664 2285 2929 2339 vocabula
2972 2289 3140 2339 etiam
3183 2284 3235 2339 ht
3280 2286 3373 2355 qui
3402 2284 3564 2356 sequi

1955 2383 2237 2443 nequeunt
2278 2373 2550 2444 diligunt,
2582 2384 2636 2430 et
2682 2376 2865 2430 nullus
2910 2385 3016 2430 tant
3049 2375 3290 2431 confessi
3335 2378 3562 2432 sceleris

1953 2478 2060 2531 est.
2094 2479 2153 2522 ut
2182 2482 2293 2522 non
2329 2468 2661 2539 sapientiam
2694 2482 2749 2523 et
2775 2468 3042 2538 justitiam
3088 2484 3276 2524 amare
3304 2483 3366 2523 se
3395 2467 3561 2531 dicat.

1953 2561 2242 2639 Quomon
2283 2571 2339 2616 et
2381 2562 2451 2616 de
2488 2562 2794 2617 substantia
2846 2563 2938 2617 Dei
2983 2563 3229 2617 omnium
3275 2562 3555 2618 hominum

1952 2658 2231 2713 consentit
2255 2657 2462 2727 op;nio,
2492 2656 2637 2727 quod
2661 2659 2845 2711 divma
2866 2667 2959 2721 stt,
2983 2667 3037 2712 et
3066 2658 3269 2711 nullius
3294 2673 3461 2714 sensu
3486 2659 3562 2713 ia-

1951 2753 2057 2808 etle
2086 2752 2608 2822 eontprehendatur,
2643 2763 2790 2806 errat
2819 2769 2953 2808 vero
2985 2754 3397 2825 unusquisque,
3423 2754 3552 2810 dum

1951 2845 2142 2909 talem,
2167 2849 2250 2900 vel
2286 2846 2449 2899 talem
2470 2860 2588 2899 eam
2617 2854 2770 2916 putat
2800 2864 2814 2900 :
2846 2848 2917 2901 ita
2950 2858 3005 2903 et
3032 2855 3058 2902 ί
3078 2847 3332 2915 hristutu,
3360 2864 3559 2906 secun-

1948 2939 2076 2994 dum
2110 2939 2272 3011 553
2318 2938 2369 2993 id
2403 2939 2545 3006 quod
2580 2940 2826 2994 diversas
2855 2940 3086 2996 virtutes
3127 2950 3324 3008 sonat,
3354 2958 3551 3000 omnes

1948 3033 2201 3105 diligunt,
2230 3035 2359 3088 licet
2385 3035 2574 3100 plures
2591 3035 2745 3088 laetis
2774 3050 2881 3088 non
2913 3038 3116 3103 possint
3145 3036 3383 3106 probare
3404 3037 3550 3107 quod

1947 3124 2201 3194 diligunt.
2232 3124 2339 3180 lste
2368 3134 2456 3179 est
2497 3125 2735 3180 dilectus
2784 3142 2947 3194 quem
2979 3130 3193 3183 aestimo
3223 3138 3279 3183 et
3320 3131 3375 3183 itt
3410 3130 3547 3185 Isaia

2362 3215 2596 3271 Cantabo
2631 3216 2821 3271 dilxto
2861 3219 3122 3272 canticum
3169 3219 3345 3274 dilecti
3387 3222 3548 3275 uineta

1945 3325 2073 3364 mea:
2101 3307 2258 3380 (Isai.
2289 3324 2346 3374 ν,
2380 3311 2470 3378 1);
2520 3318 2611 3363 et:
2648 3308 2814 3363 Vinea
2844 3316 2983 3379 facta
3017 3322 3089 3364 est
3115 3311 3351 3379 dilecto;
3405 3323 3461 3368 et
3491 3313 3544 3369 in

1945 3407 2217 3478 vigesimo
2256 3417 2452 3460 octavo
2487 3406 2698 3475 psalmo
2732 3422 2745 3460 :
2775 3406 3016 3460 Conteret
3058 3403 3318 3461 Dominus
3364 3408 3550 3463 cedre:

1945 3503 2164 3570 Libani,
2198 3513 2247 3557 et
2277 3504 2593 3556 comminuet
2620 3517 2731 3564 eas,
2766 3510 2820 3553 ut
2851 3502 3073 3553 vitulum
3098 3499 3305 3569 Libani,
3338 3510 3386 3555 et
3416 3503 3548 3557 dile-

1945 3604 2058 3649 ctus
2079 3598 2213 3649 sicut
2243 3593 2387 3662 ﬁlius
2414 3593 2748 3646 unicoruium
2780 3590 2954 3661 (Psal.
2984 3607 3181 3659 xxviii,
3210 3591 3289 3663 (ι).

2018 3687 2198 3759 (Vers.
2231 3685 2310 3758 7.)
2357 3686 2424 3740 In
2450 3702 2556 3757 quo
2586 3685 2832 3739 habemus
2863 3686 3270 3758 redemptionim
3300 3703 3393 3754 per
3418 3702 3547 3741 san-

1943 3782 2149 3852 guinem
2172 3780 2359 3848 ipsitts,
2380 3781 2733 3833 rem‘ssionem
2758 3791 3109 3849 peccatorum.
3139 3779 3230 3834 Ille
3259 3778 3545 3834 redimitur

1945 3874 2033 3944 qui
2049 3887 2163 3941 capt
2177 3871 2220 3925 it
2239 3887 2300 3926 us
2314 3881 2419 3939 est,
2433 3870 2557 3926 etin
2575 3870 2812 3927 hostium
2830 3872 3055 3925 veniens
3069 3880 3390 3941 poteSIati-m
3407 3871 3546 3927 liher

1942 3980 2065 4020 esse
2085 3965 2321 4019 desivit:
2355 3964 2429 4017 ita
2452 3974 2504 4017 et
2533 3978 2632 4018 nos
2661 3963 2882 4032 quidam
2913 3963 3100 4019 dicunt
3132 3965 3185 4018 in
3208 3963 3313 4018 hoc
3339 3964 3543 4019 mundo

1944 4076 2068 4117 esse
2089 4060 2350 4131 captivos,
2380 4068 2435 4113 et
2455 4060 2554 4113 sub
2584 4058 2916 4128 principibus
2943 4068 2995 4113 et
3025 4059 3389 4129 potestatibus
3412 4057 3544 4128 jugo

1946 4153 2227 4209 servitutis
2258 4152 2433 4208 teneri
2453 4193 2468 4217 ,
2496 4166 2598 4206 uec
2629 4166 2757 4206 ante
2786 4152 2995 4205 vinctas
3022 4153 3231 4206 catenis
3266 4151 3548 4221 expliCate

1947 4263 2139 4302 manus
2160 4288 2176 4313 ,
2205 4256 2260 4301 ct
2283 4247 2475 4304 oculos
2526 4262 2741 4299 sursum
2773 4246 3057 4311 attollere,
3088 4246 3192 4301 nisi
3233 4246 3547 4317 redemptor

1946 4338 2248 4393 advenerit.
2282 4336 2390 4393 Sed
2424 4338 2546 4408 quis
2578 4337 2705 4402 iste,
2737 4340 2924 4403 aiunt,
2959 4348 3141 4391 tantus
3180 4347 3235 4393 et
3278 4338 3422 4405 talis,
3456 4337 3549 4407 qui

1948 4435 2118 4501 possit
2168 4434 2342 4501 pri-tio
2393 4447 2490 4484 sua
2543 4439 2711 4484 totum
2769 4431 2962 4484 urbem
3018 4430 3339 4485 redimere?
3387 4429 3548 4486 Jesus

1946 4525 2199 4579 Christus
2233 4523 2403 4579 Filius
2446 4523 2540 4577 Dei
2585 4524 2862 4591 proprium
2915 4525 3240 4588 sanguinem
3273 4522 3455 4587 dedit,
3494 4532 3552 4578 et

1950 4631 2048 4671 nos
2074 4615 2141 4669 de
2167 4615 2429 4669 servitute
2454 4616 2695 4684 eripit-ns
2719 4614 2973 4668 libertate
2998 4614 3243 4668 donavit.
3267 4615 3335 4670 Et
3358 4630 3551 4671 revera

1948 4711 1992 4762 si
2045 4704 2289 4760 htstoriis
2345 4704 2637 4774 gentilium
2679 4705 2956 4759 credimus
2983 4747 2998 4769 ,
3042 4706 3186 4773 quod
3229 4704 3465 4775 Codrus,
3499 4719 3555 4763 et

1948 4796 2192 4862 Curtius,
2220 4807 2276 4851 et
2306 4795 2454 4851 Decii
2483 4792 2510 4832 δ
2540 4796 2721 4851 Mmes
2750 4797 3093 4862 pestilentias
3118 4800 3361 4863 urbium,
3388 4808 3444 4853 et
3471 4800 3550 4853 ia-

1950 4909 2102 4959 mes,
2155 4902 2209 4946 et
2259 4891 2402 4947 bella
2446 4894 2562 4945 suis
2613 4891 2882 4946 mortibus
2913 4892 3319 4961 represserint,
3347 4901 3552 4964 quanto

1947 5048 2186 5123 aliottuin
2229 5048 2425 5102 eruditi
2467 5047 2591 5123 viri.
2635 5049 2849 5105 Codrus
2880 5050 3093 5123 itaque.
3124 5068 3219 5109 rex
3251 5036 3553 5112 Athenian-

1948 5122 2114 5193 sinm,
2142 5135 2236 5180 pro
2261 5126 2445 5186 pati-ise
2475 5122 2671 5184 salute,
2688 5122 3004 5177 Certissima:
3035 5139 3095 5179 se
3119 5136 3277 5178 tnortt
3310 5128 3552 5193 objecta-

1948 5194 2046 5245 vil.
2085 5192 2421 5258 llesmnsuut
2466 5193 2610 5245 enim
2650 5208 2971 5258 acceperant
3006 5197 3408 5263 l‘elopmteti~es
3435 5240 3446 5256 .
3479 5204 3550 5253 ita

1950 5264 2169 5314 tletttttttt
2200 5275 2259 5312 so
2291 5262 2686 5327 itttpt-ralut'us,
2718 5268 2759 5315 si
2806 5264 3034 5318 lto~liutll
3065 5262 3249 5330 regem
3281 5284 3385 5321 non
3409 5271 3556 5323 occi-

1950 5333 2177 5387 dissent.
2223 5330 2439 5385 Ευΐσνιιίι
2466 5349 2611 5409 _i-rgo
2637 5350 2728 5387 eos
2761 5336 2942 5389 habitu
2974 5342 3203 5391 mendici
3224 5379 3238 5399 ,
3268 5354 3470 5409 easque
3500 5341 3551 5394 in

1952 5418 2316 5475 suamnecetu
2344 5418 2439 5471 per
2461 5405 2633 5471 jutgia
2667 5408 3027 5466 prnvt'cantlu,
3056 5425 3084 5459 a
3112 5409 3262 5463 nullo
3283 5405 3552 5475 Cogitittts,

1949 5472 2080 5550 fecit
2106 5472 2264 5526 Iidem
2292 5491 2515 5528 orando
2555 5476 2711 5530 Unde
2741 5477 2991 5546 Virgilius
3014 5479 3197 5549 ecloga
3227 5472 3415 5550 quinta
3442 5472 3558 5537 iure

2446 5619 2497 5682 Si
2525 5631 2649 5682 quos
2670 5626 2751 5682 aut
2774 5616 3008 5679 Phyllidis
3031 5619 3172 5675 ignes
3191 5659 3204 5682 ,

2078 5678 2177 5726 Aut
2201 5678 2400 5729 Alconis
2427 5678 2579 5728 habes
2601 5679 2788 5741 laudes,
2820 5678 2899 5729 aut
2919 5682 3083 5742 jurgia
3106 5678 3271 5731 Co'lri.

1947 5761 2170 5834 Curtius
2209 5780 2362 5829 vero,
2399 5766 2732 5834 pra-nomine
2762 5766 3004 5830 Mari-us,
3036 5768 3078 5819 is
3116 5780 3198 5822 εει
3239 5768 3556 5825 adolescens

1949 5831 2225 5899 Romanus
2252 5831 2475 5911 nobilis,
2507 5838 2706 5913 quise,
2736 5853 2835 5915 pro
2868 5842 3045 5899 salute
3069 5842 3286 5918 patriae,
3315 5839 3422 5904 diis
3444 5841 3557 5905 ita-
