4056 6298
512 307 618 369 451

1757 291 1816 350 S.
1858 287 2126 349 EUSEDII
2167 285 2554 347 lllERONYMI

3707 279 3830 343 ιω

518 428 695 498 magis
747 428 850 482 boc
893 423 948 478 in
1000 417 1094 475 Dei
1128 413 1267 472 Filio
1315 411 1572 483 possibile
1600 408 1952 480 iudicandum
2000 414 2106 474 est,
2139 413 2187 472 Α
2215 407 2316 461 sint
2347 404 2527 477 (Joau.
2563 418 2694 472 xvu,
2723 401 2841 474 21).
2874 401 2984 457 llas
3029 399 3252 457 divitias
3286 402 3582 474 gratiarum
3631 399 3725 457 ille
3761 400 3830 457 in

519 522 664 592 quod
699 535 897 575 cruore
929 529 1047 577 suo,
1083 527 1186 564 non
1213 509 1400 562 urbem
1438 523 1623 570 unam,
1659 505 1750 556 sed
1784 515 1952 556 totum
1984 518 2116 573 pur-

520 610 902 684 garitorbent!
934 603 1228 672 Dupliciter
1256 616 1384 654 vero
1415 597 1885 668 sanguisUtristi,
1911 605 1965 650 ct
1989 611 2117 651 raro

521 702 863 770 intelligitur,
887 697 970 752 vel
996 705 1024 734 ει
1047 692 1350 765 spiritualis
1375 691 1462 744 illa
1491 699 1656 760 atque
1680 688 1892 754 divina,
1914 688 1983 743 de
2013 704 2113 757 qua

518 797 635 867 ipse
666 796 840 850 dixit:
887 789 1024 846 Caro
1054 803 1168 842 mea
1206 802 1320 840 vere
1347 795 1420 839 est
1449 783 1624 848 cibus,
1662 793 1710 836 et
1736 782 1948 852 sanguis
1975 799 2117 834 mens

521 905 635 944 uere
663 896 738 942 est
771 896 916 956 potus
949 883 1134 956 (Joan.
1169 897 1243 949 τι,
1273 880 1388 950 56);
1420 887 1503 934 et:
1540 876 1662 932 Nisi
1688 876 2118 931 manducaveritis

521 995 732 1035 carnem
758 994 941 1041 meam,
965 985 1013 1030 et
1040 975 1347 1047 sanguinem
1375 986 1541 1024 meum
1566 969 1818 1039 biberitis,
1843 984 1945 1022 nan
1966 967 2121 1020 Imbe-

523 1073 640 1128 bitis
679 1073 832 1126 vitam
860 1079 1111 1125 retentam
1143 1064 1334 1136 (Ibid.,
1365 1062 1490 1134 5i);
1519 1063 1604 1117 vel
1635 1077 1764 1118 caro
1794 1072 1848 1117 et
1878 1061 2117 1130 sanguis,

520 1180 643 1237 quae
676 1162 935 1220 cruciﬂxa
965 1170 1076 1226 cst,
1107 1167 1162 1214 et
1190 1159 1280 1225 qui
1311 1156 1500 1212 militis
1519 1154 1546 1194 δ
1569 1155 1774 1210 ell‘usus
1798 1164 1880 1210 est
1910 1153 2116 1208 lancea.

523 1256 685 1314 Juxta
723 1256 864 1310 hanc
905 1251 1232 1308 divisionem
1265 1260 1320 1304 et
1352 1250 1404 1302 in
1433 1248 1636 1302 sanctis
1675 1249 1796 1314 ejus
1834 1244 2123 1300 diversitas

522 1348 805 1420 sanguinis
833 1356 888 1402 et
915 1345 1102 1402 carnis
1128 1343 1414 1413 accipitur,
1444 1349 1503 1396 ut
1529 1342 1631 1395 alia
1659 1340 1727 1394 sit
1755 1354 1882 1395 caro
1912 1354 2034 1409 quae
2055 1338 2128 1390 vi.-

525 1454 652 1496 sura
683 1450 768 1495 est
797 1438 1035 1494 salutare
1068 1434 1161 1490 Dei
1193 1452 1207 1488 :
1248 1434 1354 1487 alia
1381 1449 1510 1487 caro
1539 1442 1594 1487 et
1640 1432 1861 1500 sanguis
1891 1446 2008 1499 qua!
2039 1446 2124 1484 rt:-

526 1545 692 1601 gnum
718 1528 812 1585 Dei
839 1543 944 1581 non
969 1535 1169 1592 queant
1187 1525 1492 1595 possidere.
1508 1521 1920 1592 Consequenter
1942 1536 2118 1575 autem

530 1634 653 1696 post
682 1623 1111 1691 redemptionem
1141 1617 1416 1687 sanguinis
1444 1615 1648 1668 Christi
1669 1656 1684 1680 ,
1733 1612 1898 1685 554
1934 1615 2124 1666 remis-

531 1718 743 1773 sionem
792 1713 1069 1783 accepisse
1113 1709 1408 1764 scribiutur
1437 1716 1822 1776 peccatorum:
1863 1705 1986 1775 quia
2023 1706 2121 1757 nisi

2219 515 2276 552 sc
2307 515 2410 552 nou
2445 497 2565 550 facit
2599 511 2814 560 vacuas,
2845 496 2934 563 qtti
2977 507 3235 565 quantum
3268 496 3409 548 \':t|«'l
3443 496 3676 548 humana
3713 493 3831 548 tra-

2218 595 2438 663 gilitas,
2492 592 2702 655 nititur,
2759 592 3008 655 laborat,
3061 603 3221 660 atque
3267 589 3568 654 cntztcndit,
3613 598 3671 644 ct
3695 601 3827 644 cum

2223 688 2257 736 .-\
2271 685 2484 754 poztolo
2512 683 2782 753 loquitur:
2815 680 2996 734 Gratia
3026 682 3135 750 ejus
3166 683 3220 734 in
3245 697 3324 735 me
3350 697 3452 735 non
3479 681 3584 751 fuit
3612 690 3634 717 ο
3659 695 3833 734 vacua

2224 776 2273 846 (Ι
2304 774 2425 830 Cor.
2464 775 2572 846 l5).
2618 775 2719 841 Qui
2757 789 2891 828 vero
2941 773 3193 829 beneficii
3240 772 3670 844 magnitudinem
3713 786 3827 826 non

2221 869 2513 924 recordans
2542 909 2556 934 ,
2605 868 2672 921 ad
2728 867 2999 921 deteriora
3057 867 3371 934 delabitur,
3429 867 3481 922 in
3526 866 3633 920 isto
3670 863 3830 920 dives

2219 962 2393 1032 gratia
2455 961 2595 1027 Dei,
2649 969 2704 1016 et
2761 959 3021 1030 opulenta
3085 959 3299 1028 largitio
3364 966 3686 1028 paupertate
3742 963 3829 1012 te-

2223 1063 2441 1109 nuntur.

2294 1145 2477 1219 (Vers.
2509 1147 2588 1215 9.)
2619 1144 2680 1198 In
2711 1146 2851 1199 omni
2871 1144 3127 1214 sapientia
3156 1152 3202 1197 et
3230 1142 3506 1214 prudentia
3537 1150 3712 1196 notum
3743 1156 3834 1195 no-

2224 1239 2302 1292 bis
2333 1239 2527 1308 faciens
2561 1239 2862 1308 mysterium
2905 1239 3182 1293 voluntatis
3223 1253 3351 1292 sum.
3400 1234 3739 1306 Sapientiam
3769 1239 3834 1288 et

2229 1331 2568 1400 prudentiam
2603 1345 2724 1385 esse
2750 1330 3014 1394 diversas,
3046 1331 3214 1385 Stoici
3257 1344 3473 1399 quoque
3501 1327 3828 1394 Opinantur,

2225 1422 2502 1476 dicentes:
2536 1439 2555 1472 ι
2587 1420 2865 1490 Sapientia
2897 1432 2979 1476 est
3004 1439 3184 1475 rerum
3213 1419 3523 1474 divinarum
3557 1417 3831 1471 humana-

2230 1527 2457 1584 rumque
2510 1514 2794 1582 cognitio;
2847 1513 3131 1583 prudentia
3186 1526 3320 1566 vcro
3363 1521 3569 1565 tantum
3617 1517 3833 1563 morta-

2231 1607 2380 1659 littm.
2413 1625 2431 1657 ι
2463 1605 2620 1659 Juxta
2652 1606 2792 1660 banc
2822 1606 3148 1660 divisionem
3181 1619 3472 1674 possumus
3503 1603 3834 1672 sapientiam

2231 1681 2627 1762 invisibiliutn,
2683 1709 2737 1753 et
2787 1701 3080 1753 visibilium
3134 1699 3425 1768 accipere;
3485 1695 3835 1767 prudentiam

532 1811 799 1879 redempti
831 1806 1122 1865 fuerimus,
1155 1803 1352 1856 frustra
1385 1800 1542 1854 nobis
1575 1807 1792 1868 peccata
1829 1797 2068 1851 donantu
2095 1817 2121 1849 -.
2161 1803 2204 1862 Β
2235 1811 2370 1851 vero
2413 1807 2622 1850 tantum
2665 1796 2980 1849 visibilium.
3019 1796 3292 1859 Qua-ritur
3330 1795 3515 1860 itaque
3557 1787 3836 1861 quomodo

533 1903 643 1960 Nec
671 1913 797 1957 ante
828 1899 1036 1954 veniam
1079 1894 1334 1963 accipere
1361 1906 1650 1962 possumus
1680 1889 2003 1944 delictorum
2030 1931 2044 1953 ,
2079 1898 2132 1943 et

533 1995 674 2050 servi
705 2006 828 2046 esse
847 2003 1147 2055 cessamus,
1169 1986 1274 2040 nisi
1306 1986 1536 2054 pretium
1565 1997 1664 2053 pro
1687 1982 1843 2037 nobis
1868 1989 2131 2036 cruentus

531 2082 803 2157 quondam
831 2081 1005 2150 victor
1031 2075 1328 2146 acceperit.

609 2173 798 2244 (Vers.
843 2168 924 2240 8.)
955 2167 1253 2224 Secundum
1281 2165 1490 2218 divitias
1518 2163 1702 2234 gratia
1739 2163 1852 2232 ejus
1881 2177 1984 2232 qua
2019 2159 2130 2230 [AL

534 2263 684 2336 qum]
714 2261 998 2316 abundavit
1023 2260 1077 2312 in
1108 2257 1280 2311 nobis.
1337 2256 1438 2324 Qui
1471 2255 1726 2324 intelligit
1751 2256 1853 2307 boc
1881 2253 2024 2322 quod
2053 2252 2138 2306 di-

458 2413 470 2424 ,
540 2371 690 2416 etum
709 2367 793 2412 est
810 2374 824 2410 :
840 2354 1021 2409 Gratia
1044 2353 1164 2406 estis
1179 2352 1441 2417 salvati,et
1463 2366 1562 2402 non
1576 2363 1642 2402 ea:
1655 2349 1892 2420 operibus
1911 2345 2132 2415 (Ephes.

541 2453 626 2523 tt),
658 2458 715 2505 et
741 2447 1129 2520 quinquaginta
1159 2455 1210 2498 et
1251 2443 1670 2513 quingentorum
1699 2441 2050 2495 denariorum
2084 2441 2134 2493 in

545 2542 844 2614 Evangelia
872 2540 1172 2595 debitorem
1203 2534 1460 2610 (Luc.vn)
1485 2553 1498 2587 :
1530 2533 1672 2604 quod
1701 2534 1789 2603 qui
1819 2533 1937 2602 plus
1957 2533 2138 2586 dimit-

542 2639 701 2703 titur,
736 2635 858 2706 plus
896 2633 1120 2701 diligat:
1157 2632 1258 2685 istc
1286 2638 1465 2700 potest
1493 2629 1634 2684 scire
1663 2626 1806 2698 quod
1839 2627 2138 2680 secundum

543 2728 763 2786 divitias
787 2739 916 2782 suas
949 2723 1046 2779 Dei
1076 2723 1249 2793 gratia
1277 2721 1567 2775 abundarit
1598 2717 1650 2773 in
1683 2716 1838 2773 nobis
1865 2737 1878 2773 :
1909 2718 2142 2773 maxime

545 2825 603 2881 in
632 2822 878 2878 Ecclesia
907 2819 976 2875 de
1001 2817 1254 2888 gentibus
1285 2823 1630 2886 congregata,
1654 2828 1776 2884 qua:
1820 2813 1992 2866 alicna
2044 2810 2144 2864 fuit

547 2933 578 2974 s
613 2924 939 2972 testamento
967 2921 1024 2970 et
1055 2909 1504 2981 promissionibus
1533 2907 1696 2964 lsracl
1719 2953 1733 2977 ,
1760 2907 1915 2977 cujus
1942 2907 2142 2962 delicto

548 3027 653 3067 nos
680 3010 912 3065 salutem
941 3006 1223 3062 consecuti
1253 3021 1462 3059 sumus.
1494 3006 1689 3057 Annon
1718 3013 1803 3058 est
1833 3000 2144 3071 magnitudo

545 3105 840 3177 gratiarum
874 3102 928 3157 in
961 3100 1150 3165 Paulo,
1182 3107 1238 3155 et
1267 3099 1318 3155 in
1351 3098 1567 3152 caeteris
1596 3095 1822 3163 sanctis,
1853 3096 1920 3150 de
1949 3097 2143 3166 quibus

2235 1888 2391 1942 nobis
2432 1887 2594 1952 Dens,
2627 1887 2680 1941 in
2711 1888 2860 1940 omni
2887 1887 3151 1953 sapientia
3176 1926 3190 1947 ,
3235 1895 3287 1939 et
3319 1881 3609 1953 prudentia
3645 1888 3834 1936 notum

2235 1979 2398 2052 555
2433 1977 2624 2034 fecerit
2663 1981 2979 2052 mysterium
3011 1979 3303 2032 voluntatis
3341 1993 3476 2030 sum.
3515 1976 3581 2030 Et
3612 1975 3836 2046 quidem

2235 2074 2466 2144 primmn
2511 2073 2834 2142 simpliciter
2861 2071 3275 2142 accipit-udum,
3315 2072 3460 2143 quod
3512 2071 3838 2142 mysterium

2236 2166 2535 2220 voluntatis
2557 2165 2700 2235 ejus,
2727 2167 3030 2235 redemptio
3059 2178 3244 2221 nostra
3269 2166 3359 2230 sit,
3391 2179 3487 2234 per
3516 2164 3839 2234 sanguinem

2238 2258 2364 2313 Filii
2396 2260 2594 2329 ipsius,
2629 2271 2683 2315 et
2714 2261 2968 2316 remissio
2997 2268 3379 2328 peccatorum,
3422 2261 3717 2315 secundum
3747 2257 3838 2313 di-

2239 2353 2400 2406 vitias
2425 2354 2613 2423 gratim
2640 2353 2757 2422 ejus
2781 2369 2881 2424 qua
2923 2351 3031 2425 [AL
3064 2351 3208 2424 ηυδε]
3240 2353 3534 2406 abundavit
3566 2351 3618 2406 in
3653 2350 3834 2406 nobis.

2239 2446 2393 2512 Quod
2450 2445 2662 2500 scilicttt
2713 2459 2812 2499 nos
2859 2446 2911 2499 itt
2970 2445 3180 2499 Domini
3235 2444 3487 2513 passione
3547 2444 3840 2498 credentes

2242 2540 2384 2612 (qua:
2409 2551 2491 2595 est
2517 2541 2744 2594 stultitia
2773 2555 2879 2594 non
2913 2539 3292 2608 credi-utilius)
3314 2538 3632 2608 sapientiam
3667 2537 3844 2606 possi-

2245 2633 2472 2688 deamus
2493 2643 2652 2702 atque
2684 2631 3046 2700 prudentiam.
3076 2631 3278 2686 Deinde
3300 2629 3439 2699 quod
3473 2645 3570 2700 per
3591 2629 3840 2698 Scriptu-

2247 2741 2336 2780 ras
2388 2740 2516 2780 suas
2555 2725 2708 2779 nobis
2735 2735 2857 2779 nota
2884 2725 3072 2780 l'eccrit
3095 2724 3346 2778 universa
3379 2725 3639 2794 mysteria
3668 2740 3680 2776 :
3711 2735 3842 2792 quo-

2244 2819 2407 2875 modo
2437 2821 2670 2891 primum
2701 2821 2899 2876 malum
2927 2861 2938 2882 ,
2973 2829 3027 2874 et
3057 2829 3257 2874 terram
3290 2818 3631 2873 macbiuatus
3661 2817 3751 2881 sit,
3783 2823 3842 2870 et

2243 2913 2424 2967 omnia
2472 2929 2593 2981 quae
2643 2916 2780 2967 intra
2821 2927 2885 2967 ea
2926 2922 3085 2978 sunt,
3118 2911 3345 2975 fecerit,
3381 2908 3646 2964 ordinarit
3675 2919 3840 2977 atque

2245 3005 2591 3060 distinxerit:
2620 3015 2674 3058 ut
2706 3004 3007 3072 plasmatus
3039 3003 3224 3072 homo,
3254 3012 3306 3058 et
3335 3015 3504 3072 usque
3535 3001 3603 3055 ad
3635 2999 3844 3070 passio-

2248 3112 2368 3150 nem
2397 3094 2602 3150 Christi
2633 3095 2867 3149 mttndus
2908 3095 3157 3164 impletus
3188 3093 3276 3157 sit,
3311 3091 3588 3163 quomodo
3615 3107 3679 3146 ex
3711 3089 3843 3145 visi-

542 3195 776 3253 dicitur:
804 3193 1030 3249 Nescitis
1051 3193 1297 3260 quoniam
1322 3189 1548 3265 Angelos
1561 3189 1915 3260 judicabinms
1944 3191 1988 3256 (I
2017 3188 2136 3243 Cor.
2167 3193 2210 3256 (ἶ
2249 3187 2447 3242 bilibus
2469 3203 2533 3244 ea
2559 3202 2678 3258 qua:
2702 3199 2826 3242 sunt
2869 3187 3158 3241 invisibilia
3189 3193 3613 3255 cognoscantur.
3643 3184 3715 3238 Ad
3745 3198 3842 3238 ex-

540 3305 596 3355 v.
623 3289 721 3361 3)?
747 3299 800 3345 et
823 3288 876 3344 in
901 3288 1009 3342 alio
1040 3288 1158 3342 loco
1183 3302 1196 3338 :
1230 3284 1294 3338 In
1321 3301 1469 3356 quem
1499 3283 1795 3336 desiderant
1817 3280 1988 3352 angeli
2019 3298 2142 3336 con-

535 3384 770 3440 siderare
799 3383 842 3454 (l
867 3381 1014 3436 Petr.
1047 3397 1084 3445 ι,
1110 3381 1224 3448 12):
1260 3389 1314 3434 et
1344 3391 1602 3432 rursum:
1638 3375 1814 3440 Pater,
1838 3375 1989 3427 da'ut
2013 3391 2142 3444 quo-

536 3479 690 3535 modo
709 3494 826 3552 ego,
853 3486 901 3530 et
933 3485 989 3530 tu
1017 3490 1176 3528 unum
1201 3487 1400 3537 sumus,
1428 3471 1502 3524 sic
1525 3478 1572 3523 et
1600 3470 1702 3538 ipsi
1724 3470 1780 3524 in
1808 3469 1953 3523 nobis
1979 3485 2139 3522 unum

536 3661 695 3718 nibus
715 3655 958 3714 devovit.
985 3655 1118 3709 Nam
1147 3667 1272 3706 cum
1315 3662 1456 3707 terra
1489 3653 1541 3704 in
1572 3649 1752 3704 medio
1779 3648 1898 3704 l'oro
1927 3647 2134 3717 ingenti

537 3735 688 3788 hiatu
712 3729 1038 3786 desedisset.
1073 3738 1504 3791 responsumque
1530 3732 1700 3787 chet,
1734 3737 1838 3774 non
1869 3721 2131 3774 coiturum

538 3807 714 3860 labem
734 3841 750 3866 ,
777 3796 1206 3866 nisi'quisqnant
1233 3809 1297 3848 ex
1334 3793 1519 3861 prima-
1548 3793 1746 3866 speciei
1775 3791 2135 3846 adolescruti-

539 3876 641 3930 bus
667 3863 790 3926 scée
828 3871 880 3923 itt
930 3863 1131 3919 biattitu
1177 3865 1460 3933 drjecisset
1491 3906 1506 3928 ,
1537 3863 1757 3917 Curtius
1801 3874 2075 3928 acreptaut
2104 3879 2134 3916 a

541 3946 716 4016 patria
748 3943 946 4016 vitam,
979 3937 1155 4016 eidem
1193 3935 1510 4016 impendere
1538 3950 1642 4016 non
1672 3934 1959 4015 dubitavit.
1990 3933 2132 3986 Con-

539 4005 735 4071 sceuso
752 4010 912 4081 igitur
933 4023 1098 4078 equo,
1116 4009 1234 4081 sin_e
1250 4023 1399 4081 mora
1422 4011 1472 4058 itt
1497 4005 1700 4059 hiatum
1730 4005 2054 4081 praecipiti-tu
2077 4020 2137 4061 se

581 4077 795 4154 rojecit:
815 4081 935 4138 Liv.
961 4077 1055 4133 lib.
1080 4093 1152 4154 [ι.
1179 4077 1317 4134 Tres
1343 4079 1512 4131 Curtii
1546 4094 1602 4130 se
1631 4092 1728 4146 pro
1749 4077 2138 4154 _sa|u_t_e_rei_pu-

582 4146 698 4213 lica:
722 4150 1334 4210 devoveruut.Duorutn
1368 4159 1570 4200 tantum
1603 4146 2133 4202 tuctuiuitValerius.

545 4228 642 4284 lib.
674 4243 708 4281 v
752 4227 820 4279 de
858 4223 1065 4278 Pietate
1095 4236 1219 4345 er'ga
1245 4219 1499 4282 Patriam,
1534 4234 1654 4285 cap.
1687 4220 1741 4286 4,
1774 4219 1893 4287 ejus
1933 4219 2137 4274 scilicet

545 4301 633 4345 nni
672 4296 1012 4345 coiisulatum
1047 4293 1098 4345 in
1169 4291 1406 4345 atniliam
1434 4305 1584 4343 suam
1618 4290 1822 4345 nrituus
1851 4289 2053 4345 intulit.
2081 4299 2135 4344 et

542 4301 633 4370 qui
672 4296 1012 4370 consulatum
1047 4293 1098 4347 in
1149 4289 1406 4370 latitiliam
1434 4305 1584 4343 suam
1618 4290 1822 4370 primus
1851 4289 2053 4350 intulit,
2081 4299 2135 4344 et

547 4363 690 4426 filius
717 4368 958 4439 ejusdem
982 4364 1243 4439 consulis,
1267 4378 1355 4439 qui
1391 4376 1558 4430 pilll‘iS
1578 4363 1882 4439 exemplum
1915 4370 2136 4439 Septimis

545 4453 649 4498 est.
681 4428 1007 4505 lle'utroque
1025 4435 1272 4489 Valerius
1290 4428 1552 4505 Maximus
1578 4434 1695 4486 loco
1721 4433 1886 4505 citato
1909 4449 1918 4483 :
1950 4428 2134 4498 Itaque

547 4512 778 4583 dignosci
823 4503 1046 4583 arduum
1087 4513 1201 4583 est,
1251 4516 1424 4556 utrum
1469 4503 1706 4583 Romana
1737 4503 1913 4583 civitas
1953 4506 2134 4583 utilius

547 4575 780 4638 habuerit
827 4580 1010 4633 Decios
1063 4578 1262 4639 duces,
1311 4591 1378 4628 an
1427 4576 1674 4628 amiserit.
1728 4575 1983 4640 Quoniam
2035 4577 2138 4628 vita

546 4671 724 4710 eorum
771 4668 836 4707 ne
862 4652 1146 4704 vinceretur
1193 4649 1420 4711 obstitit,
1474 4662 1612 4699 mors
1658 4648 1776 4715 fecit
1816 4656 1870 4698 ut
1899 4647 2135 4700 vinceret.

547 4726 694 4782 Decii
728 4734 906 4778 tamen
941 4731 1050 4774 tres
1078 4719 1327 4780 luerunt,
1368 4725 1542 4786 pater,
1576 4717 1712 4770 [ilius
1744 4726 1800 4771 et
1831 4731 1915 4783 ne;
1937 4731 2014 4771 os.
2053 4717 2135 4770 (3i-

547 4813 674 4854 cero
702 4812 718 4852 1
745 4793 1042 4851 Tusculani.
1074 4807 1088 4845 :
1146 4789 1286 4843 Nam
1321 4805 1437 4841 cum
1475 4787 1674 4841 Latinis
1705 4786 1969 4840 decrrtans
1996 4800 2140 4858 pater

545 4868 758 4932 Decius,
780 4883 897 4920 cum
923 4861 1197 4916 Hetruscis
1218 4862 1382 4929 ﬁlius,
1409 4863 1563 4915 etiam
1587 4877 1699 4932 cum
1733 4860 1933 4932 I’ytrlto
1957 4877 2134 4926 nepos,

547 4959 601 4995 se
642 4929 868 4992 hostium
908 4935 1020 4989 telis
1059 4934 1396 5006 objtjcissent,
1439 4941 1546 4984 etc.
1581 4931 1757 4985 MART.
1787 4929 2136 5006 TANotatum

547 5023 604 5066 ct
626 5014 932 5064 Illartia‘naeo
961 5000 1137 5060 Deciis
1160 5004 1263 5058 hoc
1295 5005 1456 5056 luisse
1488 5017 1786 5071 cognomen
1814 5000 2014 5064 Mures,
2046 5017 2138 5056 ve-

550 5093 798 5148 teri-sque
838 5080 979 5148 adeo,
1004 5090 1230 5145 peccare
1257 5075 1544 5138 editiones,
1579 5088 1697 5142 quia
1725 5073 2016 5148 separatim
2053 5073 2134 5126 le-

546 5161 689 5226 gunt
712 5143 922 5214 Mures,
969 5143 1223 5213 interque
1251 5160 1344 5199 eas
1369 5143 1913 5226 -ttllllt(3rDttl-S!lade.5,
1941 5159 2140 5224 quase

454 5221 460 5228 ’
547 5213 724 5280 Deciis
762 5237 858 5276 sua
900 5213 1041 5274 unus
1086 5215 1412 5285 repres~etit
1442 5224 1634 5270 morte.
1677 5213 1786 5268 Nos
1815 5214 1880 5285 ad
1919 5215 2136 5268 Verissi-

549 5312 693 5353 matn
721 5292 1002 5348 lectionem
1021 5283 1367 5342 asseremlam
1396 5286 1642 5354 quaedam
1665 5283 2002 5339 laudabimus
2028 5287 2140 5340 An-

551 5369 820 5440 tiquorum
854 5359 1180 5440 tesibtttittia.
1211 5355 1404 5440 ilicem
1436 5357 1731 5440 Pbilippica
1763 5370 1857 5440 xl"
1880 5373 1993 5440 ,un.
2029 5359 2138 5440 1}:

549 5427 643 5496 Es't
676 5438 829 5490 etiam
857 5433 922 5486 ibi
957 5431 1144 5484 Decius
1175 5429 1237 5481 ab
1265 5427 1372 5482 illis
1397 5469 1412 5492 ,
1443 5438 1496 5480 ut
1528 5430 1731 5497 opinor,
1775 5427 2004 5497 bluribus
2038 5427 2141 5481 De-

547 5513 662 5574 ciis,
693 5518 798 5562 etc.
829 5505 1021 5559 Levius
1054 5503 1150 5574 lilt_.
1185 5514 1310 5574 vui:
1341 5496 1587 5574 Creat'ere
1617 5496 1844 5574 coss._T.
1880 5497 2136 5574 Manlium

552 5569 867 5650 Torquatum
906 5570 1180 5650 tu,_et_i’.
1225 5570 1440 5650 Decium
1466 5569 1712 5650 Murem;
1743 5569 1896 5650 Tum.
1919 5571 2086 5650 lib."x
2114 5585 2128 5622 :

545 5638 692 5707 Coss'.
735 5651 850 5700 novi
893 5646 958 5710 ρ.
999 5643 1198 5698 Fabius
1231 5643 1496 5696 Maximus
1539 5656 1619 5704 III,
1669 5639 1737 5694 P.
1773 5639 1968 5710 Decius
1990 5638 2132 5694 Mus.

546 5723 772 5776 Densum
801 5708 1090 5770 Frontinus
1121 5715 1188 5768 de
1212 5711 1258 5767 A
1299 5712 1672 5766 uteductibus:
1714 5711 1884 5782 Appia
1911 5708 1989 5763 Η.
2033 5710 2138 5766 Va-

546 5791 673 5842 tm‘o
691 5786 950 5842 Iasium.
977 5783 1048 5842 Ρ.
1064 5782 1225 5842 Decio
1247 5729 1402 5842 aurs
1426 5797 1561 5842 coss.
1583 5797 1719 5841 anno
1746 5796 1858 5842 ut.
1885 5790 1997 5842 post
2023 5782 2132 5842 ini-

543 5791 673 5854 lsrio
691 5786 950 5858 latinia,
977 5783 1048 5844 Ρ.
1064 5782 1225 5844 Decio
1247 5782 1402 5842 Mars
1426 5797 1561 5842 coss.
1583 5797 1719 5841 anno
1746 5796 1858 5854 ut,
1884 5790 1997 5857 post
2023 5782 2132 5844 ini-

2241 3289 2498 3344 tremum,
2529 3279 2672 3350 quod
2699 3282 2860 3335 etiam
2884 3294 2946 3334 ea
2977 3294 3101 3348 quae
3132 3279 3186 3332 in
3215 3288 3359 3332 terra
3391 3286 3541 3341 sunt,
3572 3276 3841 3344 sapit-nti:

2240 3375 2516 3443 indigeant
2568 3386 2730 3446 atque
2778 3374 3088 3444 prudentia.
3144 3374 3354 3439 Quotus
3410 3373 3555 3427 enim
3610 3372 3842 3441 quisque

2239 3480 2485 3524 nostrum
2509 3471 2610 3523 scit
2635 3469 2762 3540 quid
2792 3470 2864 3524 sit
2893 3469 3020 3522 illud
3047 3470 3190 3539 quod
3213 3481 3342 3523 aves
3373 3467 3424 3521 in
3451 3481 3577 3522 aera
3607 3479 3842 3535 suspenc

2242 3651 2372 3705 tium
2414 3650 2685 3706 Samnitici
2737 3649 2862 3704 belli
2890 3651 3105 3705 inducta
3134 3660 3208 3705 est
3244 3652 3413 3718 Appio
3443 3649 3662 3704 Claudio
3683 3691 3700 3715 ,
3729 3658 3838 3706 ctc.

2247 3722 2418 3776 Porro
2458 3725 2660 3792 absqut-
2713 3730 3072 3792 cognomento
3130 3724 3355 3777 Murtutn
3414 3723 3678 3776 notissimi
3729 3731 3840 3778 tres

2243 3803 2370 3847 sunt
2397 3793 2449 3848 in
2473 3791 2712 3848 Romana
2743 3791 2964 3848 historia
2993 3793 3163 3858 Decii,
3189 3804 3358 3861 pater,
3379 3793 3540 3857 liiius,
3565 3805 3616 3846 et
3641 3809 3835 3861 nepos,

2243 3866 2332 3934 qui
2363 3867 2430 3918 ad
2463 3882 2564 3919 non
2591 3865 2802 3918 dubiam
2835 3874 3046 3917 mortem
3078 3876 3438 3930 cucurrerunt,
3459 3876 3517 3918 ut
3547 3865 3623 3918 ait
3649 3873 3668 3916 t
3693 3866 3840 3918 it-ero

2246 3951 2261 3990 t
2291 3937 2511 3991 Tuscttl.
2561 3936 2817 4005 diSpuIat.
2861 3951 3010 3989 nunt.
3043 3937 3109 3990 57
3137 3953 3148 3987 :
3193 3936 3318 3988 Cum
3349 3936 3547 3988 Latinis
3573 3936 3841 3990 decertans

2247 4017 2390 4078 pater
2428 4007 2632 4070 Decius,
2663 4024 2780 4062 cum
2814 4005 3081 4060 Hetruscis
3113 4006 3275 4073 ﬁlius,
3309 4023 3422 4078 cum
3457 4005 3627 4077 Pyrro
3656 4022 3834 4072 nepos.

2246 4078 2849 4149 CodriAthettiensiuttt
2882 4078 3058 4145 regis,
3095 4091 3146 4131 ct
3172 4079 3337 4132 (Ittt'ti:
3371 4077 3604 4133 Romani
3636 4080 3839 4149 equitis

2245 4148 2487 4203 IIISIOI'i;n
2519 4165 2786 4203 nenttttcut
2822 4149 3007 4203 latent.

2317 4229 2339 4255 ⁸·
2376 4221 2617 4274 Divinam
2649 4220 2733 4271 hic
2757 4232 2809 4273 et
2835 4220 3169 4289 spiritualent
3195 4234 3410 4272 carm-nt
3442 4218 3646 4274 011τίεῆ
3683 4237 3728 4268 τι
3753 4227 3839 4274 cat

2244 4291 2626 4361 liiet't-nyttttts,
2657 4297 2778 4360 quia
2813 4294 2862 4344 in
2894 4304 3236 4345 sacramento
3265 4291 3617 4346 Encltaristim
3649 4292 3834 4346 divina

2247 4365 2442 4415 virtute
2480 4374 2829 4417 (:0.t.~t‘Ct‘:tlllt'
2854 4378 2868 4427 ;
2896 4364 3196 4429 Spiritualis
3237 4373 3289 4415 «ιι
3333 4362 3628 4416 invisibilis
3655 4362 3840 4417 existit

2245 4435 2295 4487 itt
2344 4448 2438 4497 t-o;
2485 4452 2544 4487 ac
2589 4434 2820 4501 denith
2854 4434 3202 4486 invi~ibi|tter
3247 4444 3300 4486 et
3347 4433 3707 4502 spiritualiter
3739 4433 3836 4488 sub

2243 4506 2426 4574 sperie
2444 4505 2638 4560 visibili
2662 4504 2954 4557 suntiturt-t
2983 4504 3361 4558 manducatur.
3379 4507 3635 4571 Quamvis
3657 4518 3832 4558 autem

2171 4552 2219 4612 υ
2248 4552 2328 4631 bis
2354 4577 2609 4630 omnibus
2633 4576 2807 4629 modis
2829 4581 2897 4628 sit
2916 4575 3097 4628 divma
3127 4592 3254 4628 caro
3273 4584 3328 4628 et
3348 4552 3673 4641 spiritualis:
3713 4588 3834 4630 vera

2247 4659 2425 4702 tatnen
2480 4663 2543 4701 ac
2611 4646 2982 4700 substantialis
3032 4661 3107 4700 εει
3168 4647 3312 4713 iuxta
3367 4651 3832 4713 cotnput'ntinnt‘m

2244 4735 2404 4785 quam
2445 4729 2841 4787 consequenter
2873 4718 3102 4771 iu-tituit
3152 4718 3290 4772 idem
3327 4718 3690 4787 llicronytuus
3721 4761 3734 4780 ,
3766 4716 3834 4773 de

2245 4790 2562 4844 diversitate
2593 4790 2869 4858 sanguinis
2893 4801 2945 4844 et
2974 4789 3156 4843 carnis
3179 4789 3230 4841 in
3263 4790 3480 4843 bomiue
3501 4790 3831 4843 Christiano.

2244 4861 2421 4914 MART.
2451 4892 2522 4903 —
2550 4861 2726 4929 Atque
2769 4860 2872 4914 hoc
2904 4876 3092 4914 rursus
3121 4872 3362 4913 notatum
3395 4869 3520 4913 ante
3551 4875 3650 4914 nos
3698 4861 3839 4914 alar-

2245 4933 2479 4995 tiauteo,
2520 4932 2854 4998 spiritualcm
2907 4933 3002 4984 abs
3045 4931 3378 5000 Hieronymo
3422 4947 3642 4984 carnem
3697 4930 3829 4998 dici,

2244 5002 2384 5070 quod
2428 5002 2479 5056 in
2525 5003 2879 5057 Encbaristitc
2923 5011 3266 5056 sacramento
3307 5002 3638 5071 spiritualis,
3675 5015 3833 5070 atque

2241 5073 2526 5127 invisibilis
2551 5077 2641 5134 sit,
2671 5073 2851 5127 divina
2880 5085 3057 5127 tamen
3087 5082 3137 5126 et
3182 5087 3310 5126 vera
3339 5087 3486 5142 caro,
3525 5083 3582 5128 ut
3617 5091 3682 5127 cx
3719 5076 3834 5143 ipso

2238 5155 2496 5200 Contextu
2529 5145 2714 5213 liquet.

2312 5213 2340 5252 δ
2365 5215 2540 5284 Aique
2574 5218 2711 5270 bene
2745 5233 2880 5270 unus
2913 5215 3297 5272 Cistercicnsis
3320 5232 3449 5283 ms.,
3481 5223 3529 5270 et
3554 5231 3669 5284 quae
3697 5213 3831 5270 mili-

2242 5288 2308 5340 tis
2337 5286 2522 5353 e/fossa
2549 5294 2621 5340 est
2649 5284 2850 5342 lancea.

2319 5368 2340 5394 ε
2369 5357 2612 5412 Notauda
2646 5357 2804 5411 lcetio
2835 5357 3041 5412 codicis
3067 5357 3465 5424 Cisterciettsis,
3498 5373 3657 5429 parva
3677 5400 3693 5422 ,
3741 5370 3830 5426 pro

2243 5444 2438 5482 vacua:
2472 5445 2592 5482 nam
2633 5437 2687 5484 et
2717 5430 2920 5484 scimus
2953 5432 3248 5484 vetustiora
3276 5429 3479 5484 Latina:
3510 5437 3833 5496 interpreta-

2243 5501 2404 5553 tionis
2433 5501 2768 5566 exemplaria
2801 5500 3105 5568 prartulisse
3135 5500 3262 5555 olim
3295 5542 3308 5562 ,
3365 5517 3550 5568 parca,
3607 5516 3675 5554 ex
3727 5513 3832 5570 quo

2241 5571 2680 5644 ambrosiaster,
2724 5588 2957 5644 paupera
2983 5614 2997 5637 ,
3045 5572 3498 5644 legisseidicitur,
3536 5579 3593 5624 et
3640 5585 3826 5644 pauper

2238 5639 2461 5717 Gnaeus
2489 5658 2706 5714 quoque
2725 5639 2905 5698 'variat
2937 5639 3118 5698 textus
3143 5645 3194 5698 iu
3220 5643 3425 5714 aliquot
3454 5643 3698 5712 libris,itt
3723 5641 3834 5717 qli-

2240 5714 2339 5772 bus
2364 5723 2450 5772 est
2475 5719 2693 5788 πτωχὴ,
2727 5729 2825 5787 pro
2853 5719 2990 5773 κενὴ.
