  <div class='ocr_page' id='page_1' title='image "/cluster/home/n/w/nwhite01/storage/ocr_20150623/26/uva.x000826568/234.png"; bbox 0 0 4056 6370; ppageno 0'>
   <div class='ocr_carea' id='block_1_1' title="bbox 258 379 368 436">
    <p class='ocr_par' dir='ltr' id='par_1_1' title="bbox 258 379 368 436">
     <span class='ocr_line' id='line_1_1' title="bbox 258 379 368 436; baseline 0 0"><span class='ocrx_word' id='word_1_1' title='bbox 258 379 368 436; x_wconf 70' lang='grc' dir='ltr'><strong>ιόὅ</strong></span> 
     </span>
    </p>
   </div>
   <div class='ocr_carea' id='block_1_2' title="bbox 796 366 1873 434">
    <p class='ocr_par' dir='ltr' id='par_1_2' title="bbox 796 369 1873 434">
     <span class='ocr_line' id='line_1_2' title="bbox 796 369 1873 434; baseline -0.006 0"><span class='ocrx_word' id='word_1_2' title='bbox 796 373 1448 434; x_wconf 73' lang='lat' dir='ltr'><strong>COMMENTARIORUM</strong></span> <span class='ocrx_word' id='word_1_3' title='bbox 1486 372 1555 430; x_wconf 82' lang='lat' dir='ltr'><strong>IN</strong></span> <span class='ocrx_word' id='word_1_4' title='bbox 1595 369 1873 429; x_wconf 83' lang='lat' dir='ltr'><strong>EPISTOI.</strong></span> 
     </span>
    </p>
   </div>
   <div class='ocr_carea' id='block_1_3' title="bbox 1978 366 3041 434">
    <p class='ocr_par' dir='ltr' id='par_1_3' title="bbox 1978 369 3041 432">
     <span class='ocr_line' id='line_1_3' title="bbox 1978 369 3041 432; baseline 0 -5"><span class='ocrx_word' id='word_1_5' title='bbox 1978 369 1990 427; x_wconf 90' lang='lat' dir='ltr'>I</span> <span class='ocrx_word' id='word_1_6' title='bbox 2029 372 2121 428; x_wconf 80' lang='lat' dir='ltr'><strong>AD</strong></span> <span class='ocrx_word' id='word_1_7' title='bbox 2160 372 2502 432; x_wconf 78' lang='lat' dir='ltr'><strong>EPHESIUS</strong></span> <span class='ocrx_word' id='word_1_8' title='bbox 2541 372 2672 429; x_wconf 81' lang='lat' dir='ltr'><strong>LIB.</strong></span> <span class='ocrx_word' id='word_1_9' title='bbox 2713 373 2759 430; x_wconf 91' lang='grc' dir='ltr'><strong>ι.</strong></span> <span class='ocrx_word' id='word_1_10' title='bbox 2801 371 2956 429; x_wconf 84' lang='lat' dir='ltr'><strong>CAP.</strong></span> <span class='ocrx_word' id='word_1_11' title='bbox 2998 370 3041 428; x_wconf 89' lang='grc' dir='ltr'><strong>Ι.</strong></span> 
     </span>
    </p>
   </div>
   <div class='ocr_carea' id='block_1_4' title="bbox 3460 366 3572 429">
    <p class='ocr_par' dir='ltr' id='par_1_4' title="bbox 3460 366 3572 429">
     <span class='ocr_line' id='line_1_4' title="bbox 3460 366 3572 429; baseline 0 0"><span class='ocrx_word' id='word_1_12' title='bbox 3460 366 3572 429; x_wconf 67' lang='grc' dir='ltr'><strong>ιω</strong></span> 
     </span>
    </p>
   </div>
   <div class='ocr_carea' id='block_1_5' title="bbox 258 482 3566 563">
    <p class='ocr_par' dir='ltr' id='par_1_5' title="bbox 258 482 3566 563">
     <span class='ocr_line' id='line_1_5' title="bbox 258 482 3566 563; baseline -0.001 -16"><span class='ocrx_word' id='word_1_13' title='bbox 258 495 377 563; x_wconf 82' lang='lat' dir='ltr'><strong>dat,</strong></span> <span class='ocrx_word' id='word_1_14' title='bbox 402 492 587 560; x_wconf 73' lang='lat' dir='ltr'><strong>pisces</strong></span> <span class='ocrx_word' id='word_1_15' title='bbox 618 492 670 545; x_wconf 91' lang='lat' dir='ltr'><strong>in</strong></span> <span class='ocrx_word' id='word_1_16' title='bbox 703 490 981 555; x_wconf 80' lang='lat' dir='ltr'><strong>ﬂuctibus,</strong></span> <span class='ocrx_word' id='word_1_17' title='bbox 1014 500 1037 527; x_wconf 72' lang='grc'>⁸</span> <span class='ocrx_word' id='word_1_18' title='bbox 1071 482 1169 544; x_wconf 77' lang='lat' dir='ltr'><strong>nec</strong></span> <span class='ocrx_word' id='word_1_19' title='bbox 1192 504 1299 544; x_wconf 90' lang='lat' dir='ltr'><strong>non</strong></span> <span class='ocrx_word' id='word_1_20' title='bbox 1328 489 1605 543; x_wconf 82' lang='lat' dir='ltr'><strong>hominum</strong></span> <span class='ocrx_word' id='word_1_21' title='bbox 1645 502 1864 557; x_wconf 77' lang='lat' dir='ltr'><strong>gressus</strong></span> <span class='ocrx_word' id='word_1_22' title='bbox 1896 492 1939 549; x_wconf 83' lang='grc' dir='ltr'><strong>Λ</strong></span> <span class='ocrx_word' id='word_1_23' title='bbox 1973 504 2077 541; x_wconf 88' lang='lat' dir='ltr'><strong>non</strong></span> <span class='ocrx_word' id='word_1_24' title='bbox 2120 489 2203 543; x_wconf 84' lang='lat' dir='ltr'><strong>usi</strong></span> <span class='ocrx_word' id='word_1_25' title='bbox 2251 489 2361 544; x_wconf 87' lang='lat' dir='ltr'><strong>sint</strong></span> <span class='ocrx_word' id='word_1_26' title='bbox 2410 489 2799 556; x_wconf 75' lang='lat' dir='ltr'><strong>translatores,</strong></span> <span class='ocrx_word' id='word_1_27' title='bbox 2828 504 2951 543; x_wconf 88' lang='lat' dir='ltr'><strong>cum</strong></span> <span class='ocrx_word' id='word_1_28' title='bbox 2984 486 3293 545; x_wconf 75' lang='lat' dir='ltr'><strong>istiusmodi</strong></span> <span class='ocrx_word' id='word_1_29' title='bbox 3323 489 3566 557; x_wconf 73' lang='lat' dir='ltr'><strong>licentia,</strong></span> 
     </span>
    </p>
   </div>
   <div class='ocr_carea' id='block_1_6' title="bbox 258 581 1869 661">
    <p class='ocr_par' dir='ltr' id='par_1_6' title="bbox 258 581 1869 661">
     <span class='ocr_line' id='line_1_6' title="bbox 258 581 1869 661; baseline -0.006 -17"><span class='ocrx_word' id='word_1_30' title='bbox 258 594 613 661; x_wconf 86' lang='lat' dir='ltr'><strong>promoveat,</strong></span> <span class='ocrx_word' id='word_1_31' title='bbox 639 596 696 640; x_wconf 91' lang='lat' dir='ltr'><strong>et</strong></span> <span class='ocrx_word' id='word_1_32' title='bbox 728 586 931 639; x_wconf 85' lang='lat' dir='ltr'><strong>rabiem</strong></span> <span class='ocrx_word' id='word_1_33' title='bbox 957 584 1145 640; x_wconf 87' lang='lat' dir='ltr'><strong>incitet</strong></span> <span class='ocrx_word' id='word_1_34' title='bbox 1176 581 1511 638; x_wconf 84' lang='lat' dir='ltr'><strong>bestiarum?</strong></span> <span class='ocrx_word' id='word_1_35' title='bbox 1536 581 1642 637; x_wconf 85' lang='lat' dir='ltr'><strong>Sed</strong></span> <span class='ocrx_word' id='word_1_36' title='bbox 1671 582 1757 651; x_wconf 90' lang='lat' dir='ltr'><strong>qui</strong></span> <span class='ocrx_word' id='word_1_37' title='bbox 1784 581 1869 635; x_wconf 65' lang='lat' dir='ltr'><strong>dio</strong></span> 
     </span>
    </p>
   </div>
   <div class='ocr_carea' id='block_1_7' title="bbox 260 673 1865 751">
    <p class='ocr_par' dir='ltr' id='par_1_7' title="bbox 260 673 1865 751">
     <span class='ocr_line' id='line_1_7' title="bbox 260 673 1865 751; baseline -0.006 -14"><span class='ocrx_word' id='word_1_38' title='bbox 260 683 440 751; x_wconf 85' lang='lat' dir='ltr'><strong>ligeus</strong></span> <span class='ocrx_word' id='word_1_39' title='bbox 480 679 655 734; x_wconf 86' lang='lat' dir='ltr'><strong>lector</strong></span> <span class='ocrx_word' id='word_1_40' title='bbox 697 686 805 742; x_wconf 86' lang='lat' dir='ltr'><strong>est,</strong></span> <span class='ocrx_word' id='word_1_41' title='bbox 838 677 1018 731; x_wconf 81' lang='lat' dir='ltr'><strong>statim</strong></span> <span class='ocrx_word' id='word_1_42' title='bbox 1061 677 1219 731; x_wconf 88' lang='lat' dir='ltr'><strong>nobis</strong></span> <span class='ocrx_word' id='word_1_43' title='bbox 1250 676 1379 729; x_wconf 88' lang='lat' dir='ltr'><strong>illttd</strong></span> <span class='ocrx_word' id='word_1_44' title='bbox 1409 684 1680 742; x_wconf 80' lang='lat' dir='ltr'><strong>opponet:</strong></span> <span class='ocrx_word' id='word_1_45' title='bbox 1714 673 1771 727; x_wconf 88' lang='lat' dir='ltr'><strong>Si</strong></span> <span class='ocrx_word' id='word_1_46' title='bbox 1800 688 1865 727; x_wconf 79' lang='lat' dir='ltr'><strong>ex</strong></span> 
     </span>
    </p>
   </div>
   <div class='ocr_carea' id='block_1_8' title="bbox 263 770 1868 848">
    <p class='ocr_par' dir='ltr' id='par_1_8' title="bbox 263 770 1868 848">
     <span class='ocr_line' id='line_1_8' title="bbox 263 770 1868 848; baseline -0.007 -16"><span class='ocrx_word' id='word_1_47' title='bbox 263 784 424 848; x_wconf 79' lang='lat' dir='ltr'><strong>parte</strong></span> <span class='ocrx_word' id='word_1_48' title='bbox 466 776 755 845; x_wconf 72' lang='lat' dir='ltr'><strong>cognoscit</strong></span> <span class='ocrx_word' id='word_1_49' title='bbox 807 773 1002 826; x_wconf 79' lang='lat' dir='ltr'><strong>Paulus</strong></span> <span class='ocrx_word' id='word_1_50' title='bbox 1026 814 1042 839; x_wconf 87' lang='lat'><strong>,</strong></span> <span class='ocrx_word' id='word_1_51' title='bbox 1086 782 1140 827; x_wconf 92' lang='lat' dir='ltr'><strong>et</strong></span> <span class='ocrx_word' id='word_1_52' title='bbox 1187 786 1253 826; x_wconf 77' lang='lat' dir='ltr'><strong>ex</strong></span> <span class='ocrx_word' id='word_1_53' title='bbox 1286 784 1442 840; x_wconf 86' lang='lat' dir='ltr'><strong>parte</strong></span> <span class='ocrx_word' id='word_1_54' title='bbox 1472 770 1778 839; x_wconf 57' lang='lat' dir='ltr'><strong>prophetat,</strong></span> <span class='ocrx_word' id='word_1_55' title='bbox 1812 776 1868 821; x_wconf 89' lang='lat' dir='ltr'><strong>et</strong></span> 
     </span>
    </p>
   </div>
   <div class='ocr_carea' id='block_1_9' title="bbox 264 857 1863 935">
    <p class='ocr_par' dir='ltr' id='par_1_9' title="bbox 264 857 1863 935">
     <span class='ocr_line' id='line_1_9' title="bbox 264 857 1863 935; baseline -0.006 -12"><span class='ocrx_word' id='word_1_56' title='bbox 264 881 418 923; x_wconf 78' lang='lat' dir='ltr'><strong>nunc</strong></span> <span class='ocrx_word' id='word_1_57' title='bbox 444 868 597 921; x_wconf 83' lang='lat' dir='ltr'><strong>videt</strong></span> <span class='ocrx_word' id='word_1_58' title='bbox 623 880 722 935; x_wconf 82' lang='lat' dir='ltr'><strong>per</strong></span> <span class='ocrx_word' id='word_1_59' title='bbox 748 866 1033 934; x_wconf 85' lang='lat' dir='ltr'><strong>speculum</strong></span> <span class='ocrx_word' id='word_1_60' title='bbox 1076 864 1131 918; x_wconf 90' lang='lat' dir='ltr'><strong>in</strong></span> <span class='ocrx_word' id='word_1_61' title='bbox 1170 865 1458 932; x_wconf 69' lang='lat' dir='ltr'><strong>aenigmate</strong></span> <span class='ocrx_word' id='word_1_62' title='bbox 1488 861 1531 929; x_wconf 84' lang='grc' dir='ltr'><strong>(Ι</strong></span> <span class='ocrx_word' id='word_1_63' title='bbox 1562 859 1684 914; x_wconf 88' lang='lat' dir='ltr'><strong>Cor.</strong></span> <span class='ocrx_word' id='word_1_64' title='bbox 1723 857 1863 930; x_wconf 83' lang='lat' dir='ltr'><strong>xui),</strong></span> 
     </span>
    </p>
   </div>
   <div class='ocr_carea' id='block_1_10' title="bbox 266 952 1869 1034">
    <p class='ocr_par' dir='ltr' id='par_1_10' title="bbox 266 952 1869 1034">
     <span class='ocr_line' id='line_1_10' title="bbox 266 952 1869 1034; baseline -0.008 -17"><span class='ocrx_word' id='word_1_65' title='bbox 266 960 546 1034; x_wconf 77' lang='lat' dir='ltr'><strong>quomodo</strong></span> <span class='ocrx_word' id='word_1_66' title='bbox 566 960 655 1015; x_wconf 82' lang='lat' dir='ltr'><strong>vel</strong></span> <span class='ocrx_word' id='word_1_67' title='bbox 681 958 811 1028; x_wconf 83' lang='lat' dir='ltr'><strong>ipsi,</strong></span> <span class='ocrx_word' id='word_1_68' title='bbox 828 958 914 1011; x_wconf 88' lang='lat' dir='ltr'><strong>vel</strong></span> <span class='ocrx_word' id='word_1_69' title='bbox 938 956 1216 1027; x_wconf 86' lang='lat' dir='ltr'><strong>Ephesiis,</strong></span> <span class='ocrx_word' id='word_1_70' title='bbox 1243 956 1295 1010; x_wconf 93' lang='lat' dir='ltr'><strong>in</strong></span> <span class='ocrx_word' id='word_1_71' title='bbox 1325 956 1474 1010; x_wconf 88' lang='lat' dir='ltr'><strong>omni</strong></span> <span class='ocrx_word' id='word_1_72' title='bbox 1496 952 1758 1023; x_wconf 77' lang='lat' dir='ltr'><strong>sapientia</strong></span> <span class='ocrx_word' id='word_1_73' title='bbox 1785 961 1869 1006; x_wconf 81' lang='lat' dir='ltr'><strong>at-</strong></span> 
     </span>
    </p>
   </div>
   <div class='ocr_carea' id='block_1_11' title="bbox 272 1044 1867 1126">
    <p class='ocr_par' dir='ltr' id='par_1_11' title="bbox 272 1044 1867 1126">
     <span class='ocr_line' id='line_1_11' title="bbox 272 1044 1867 1126; baseline -0.008 -14"><span class='ocrx_word' id='word_1_74' title='bbox 272 1071 382 1125; x_wconf 76' lang='lat' dir='ltr'><strong>que</strong></span> <span class='ocrx_word' id='word_1_75' title='bbox 434 1053 719 1126; x_wconf 74' lang='lat' dir='ltr'><strong>prudentia</strong></span> <span class='ocrx_word' id='word_1_76' title='bbox 765 1050 856 1106; x_wconf 83' lang='lat' dir='ltr'><strong>Dei</strong></span> <span class='ocrx_word' id='word_1_77' title='bbox 904 1049 1231 1122; x_wconf 75' lang='lat' dir='ltr'><strong>my~tcrium</strong></span> <span class='ocrx_word' id='word_1_78' title='bbox 1262 1050 1561 1103; x_wconf 85' lang='lat' dir='ltr'><strong>revelatum</strong></span> <span class='ocrx_word' id='word_1_79' title='bbox 1594 1046 1724 1102; x_wconf 76' lang='lat' dir='ltr'><strong>esti</strong></span> <span class='ocrx_word' id='word_1_80' title='bbox 1754 1044 1867 1100; x_wconf 87' lang='lat' dir='ltr'><strong>Hac</strong></span> 
     </span>
    </p>
   </div>
   <div class='ocr_carea' id='block_1_12' title="bbox 276 1138 1861 1221">
    <p class='ocr_par' dir='ltr' id='par_1_12' title="bbox 276 1138 1861 1221">
     <span class='ocr_line' id='line_1_12' title="bbox 276 1138 1861 1221; baseline -0.009 -14"><span class='ocrx_word' id='word_1_81' title='bbox 276 1149 463 1221; x_wconf 87' lang='lat' dir='ltr'><strong>itaque</strong></span> <span class='ocrx_word' id='word_1_82' title='bbox 508 1147 833 1204; x_wconf 80' lang='lat' dir='ltr'><strong>necessitate</strong></span> <span class='ocrx_word' id='word_1_83' title='bbox 861 1144 1242 1215; x_wconf 83' lang='lat' dir='ltr'><strong>compellimur</strong></span> <span class='ocrx_word' id='word_1_84' title='bbox 1267 1155 1481 1198; x_wconf 82' lang='lat' dir='ltr'><strong>mutare</strong></span> <span class='ocrx_word' id='word_1_85' title='bbox 1515 1139 1758 1194; x_wconf 83' lang='lat' dir='ltr'><strong>ordinem</strong></span> <span class='ocrx_word' id='word_1_86' title='bbox 1785 1138 1861 1193; x_wconf 85' lang='lat' dir='ltr'><strong>le-</strong></span> 
     </span>
    </p>
   </div>
   <div class='ocr_carea' id='block_1_13' title="bbox 274 1233 1863 1307">
    <p class='ocr_par' dir='ltr' id='par_1_13' title="bbox 274 1233 1863 1307">
     <span class='ocr_line' id='line_1_13' title="bbox 274 1233 1863 1307; baseline -0.009 -6"><span class='ocrx_word' id='word_1_87' title='bbox 274 1241 499 1307; x_wconf 83' lang='lat' dir='ltr'><strong>etionis,</strong></span> <span class='ocrx_word' id='word_1_88' title='bbox 512 1249 568 1296; x_wconf 89' lang='lat' dir='ltr'><strong>et</strong></span> <span class='ocrx_word' id='word_1_89' title='bbox 594 1238 772 1295; x_wconf 81' lang='lat' dir='ltr'><strong>facere</strong></span> <span class='ocrx_word' id='word_1_90' title='bbox 795 1237 1129 1293; x_wconf 79' lang='lat' dir='ltr'><strong>:Serundum</strong></span> <span class='ocrx_word' id='word_1_91' title='bbox 1155 1237 1402 1307; x_wconf 84' lang='lat' dir='ltr'><strong>placitum</strong></span> <span class='ocrx_word' id='word_1_92' title='bbox 1429 1233 1709 1287; x_wconf 75' lang='lat' dir='ltr'><strong>voluntatis</strong></span> <span class='ocrx_word' id='word_1_93' title='bbox 1735 1245 1863 1293; x_wconf 66' lang='lat' dir='ltr'><strong>stuc,</strong></span> 
     </span>
    </p>
   </div>
   <div class='ocr_carea' id='block_1_14' title="bbox 270 1323 1866 1403">
    <p class='ocr_par' dir='ltr' id='par_1_14' title="bbox 270 1323 1866 1403">
     <span class='ocr_line' id='line_1_14' title="bbox 270 1323 1866 1403; baseline -0.009 -13"><span class='ocrx_word' id='word_1_94' title='bbox 270 1336 328 1390; x_wconf 84' lang='lat' dir='ltr'><strong>in</strong></span> <span class='ocrx_word' id='word_1_95' title='bbox 349 1332 558 1388; x_wconf 82' lang='lat' dir='ltr'><strong>laudent</strong></span> <span class='ocrx_word' id='word_1_96' title='bbox 583 1332 763 1403; x_wconf 73' lang='lat' dir='ltr'><strong>glorior</strong></span> <span class='ocrx_word' id='word_1_97' title='bbox 787 1330 974 1402; x_wconf 70' lang='lat' dir='ltr'><strong>gratia</strong></span> <span class='ocrx_word' id='word_1_98' title='bbox 998 1341 1119 1395; x_wconf 67' lang='lat' dir='ltr'><strong>tua,</strong></span> <span class='ocrx_word' id='word_1_99' title='bbox 1148 1329 1200 1381; x_wconf 90' lang='lat' dir='ltr'><strong>in</strong></span> <span class='ocrx_word' id='word_1_100' title='bbox 1229 1343 1331 1397; x_wconf 86' lang='lat' dir='ltr'><strong>qua</strong></span> <span class='ocrx_word' id='word_1_101' title='bbox 1361 1324 1668 1397; x_wconf 76' lang='lat' dir='ltr'><strong>grati/icavit</strong></span> <span class='ocrx_word' id='word_1_102' title='bbox 1694 1339 1788 1377; x_wconf 87' lang='lat' dir='ltr'><strong>nos</strong></span> <span class='ocrx_word' id='word_1_103' title='bbox 1813 1323 1866 1377; x_wconf 84' lang='lat' dir='ltr'><strong>in</strong></span> 
     </span>
    </p>
   </div>
   <div class='ocr_carea' id='block_1_15' title="bbox 271 1418 1865 1492">
    <p class='ocr_par' dir='ltr' id='par_1_15' title="bbox 271 1418 1865 1492">
     <span class='ocr_line' id='line_1_15' title="bbox 271 1418 1865 1492; baseline -0.01 -9"><span class='ocrx_word' id='word_1_104' title='bbox 271 1429 505 1492; x_wconf 81' lang='lat' dir='ltr'><strong>dilecto;</strong></span> <span class='ocrx_word' id='word_1_105' title='bbox 533 1426 588 1478; x_wconf 89' lang='lat' dir='ltr'><strong>in</strong></span> <span class='ocrx_word' id='word_1_106' title='bbox 620 1441 723 1484; x_wconf 81' lang='lat' dir='ltr'><strong>suo</strong></span> <span class='ocrx_word' id='word_1_107' title='bbox 752 1423 996 1478; x_wconf 73' lang='lat' dir='ltr'><strong>habemus</strong></span> <span class='ocrx_word' id='word_1_108' title='bbox 1022 1422 1421 1489; x_wconf 69' lang='lat' dir='ltr'><strong>redemptionem</strong></span> <span class='ocrx_word' id='word_1_109' title='bbox 1450 1434 1542 1488; x_wconf 84' lang='lat' dir='ltr'><strong>per</strong></span> <span class='ocrx_word' id='word_1_110' title='bbox 1565 1418 1865 1488; x_wconf 83' lang='lat' dir='ltr'><strong>sanguinem</strong></span> 
     </span>
    </p>
   </div>
   <div class='ocr_carea' id='block_1_16' title="bbox 271 1501 1867 1595">
    <p class='ocr_par' dir='ltr' id='par_1_16' title="bbox 271 1501 1867 1595">
     <span class='ocr_line' id='line_1_16' title="bbox 271 1501 1867 1595; baseline -0.01 -18"><span class='ocrx_word' id='word_1_111' title='bbox 271 1521 457 1595; x_wconf 85' lang='lat' dir='ltr'><strong>ipsius,</strong></span> <span class='ocrx_word' id='word_1_112' title='bbox 472 1518 826 1574; x_wconf 79' lang='lat' dir='ltr'><strong>remissionem</strong></span> <span class='ocrx_word' id='word_1_113' title='bbox 848 1501 1201 1585; x_wconf 74' lang='lat' dir='ltr'><strong>peccatorum,</strong></span> <span class='ocrx_word' id='word_1_114' title='bbox 1216 1512 1497 1567; x_wconf 72' lang='lat' dir='ltr'><strong>secundum</strong></span> <span class='ocrx_word' id='word_1_115' title='bbox 1517 1511 1723 1564; x_wconf 69' lang='lat' dir='ltr'><strong>diuitias</strong></span> <span class='ocrx_word' id='word_1_116' title='bbox 1748 1527 1867 1581; x_wconf 87' lang='lat' dir='ltr'><strong>gra-</strong></span> 
     </span>
    </p>
   </div>
   <div class='ocr_carea' id='block_1_17' title="bbox 273 1601 1868 1684">
    <p class='ocr_par' dir='ltr' id='par_1_17' title="bbox 273 1601 1868 1684">
     <span class='ocr_line' id='line_1_17' title="bbox 273 1601 1868 1684; baseline -0.008 -18"><span class='ocrx_word' id='word_1_117' title='bbox 273 1611 360 1666; x_wconf 73' lang='lat' dir='ltr'><strong>tiae</strong></span> <span class='ocrx_word' id='word_1_118' title='bbox 386 1613 520 1684; x_wconf 78' lang='lat' dir='ltr'><strong>ejus,</strong></span> <span class='ocrx_word' id='word_1_119' title='bbox 549 1625 655 1680; x_wconf 78' lang='lat' dir='ltr'><strong>qua</strong></span> <span class='ocrx_word' id='word_1_120' title='bbox 699 1605 983 1662; x_wconf 81' lang='lat' dir='ltr'><strong>abundabit</strong></span> <span class='ocrx_word' id='word_1_121' title='bbox 1011 1606 1065 1659; x_wconf 84' lang='lat' dir='ltr'><strong>in</strong></span> <span class='ocrx_word' id='word_1_122' title='bbox 1107 1603 1253 1658; x_wconf 76' lang='lat' dir='ltr'><strong>nobis</strong></span> <span class='ocrx_word' id='word_1_123' title='bbox 1276 1604 1331 1656; x_wconf 88' lang='lat' dir='ltr'><strong>in</strong></span> <span class='ocrx_word' id='word_1_124' title='bbox 1360 1602 1500 1656; x_wconf 88' lang='lat' dir='ltr'><strong>omni</strong></span> <span class='ocrx_word' id='word_1_125' title='bbox 1540 1601 1793 1672; x_wconf 84' lang='lat' dir='ltr'><strong>sapientia</strong></span> <span class='ocrx_word' id='word_1_126' title='bbox 1821 1607 1868 1653; x_wconf 88' lang='lat' dir='ltr'><strong>et</strong></span> 
     </span>
    </p>
   </div>
   <div class='ocr_carea' id='block_1_18' title="bbox 275 1692 1869 1774">
    <p class='ocr_par' dir='ltr' id='par_1_18' title="bbox 275 1692 1869 1774">
     <span class='ocr_line' id='line_1_18' title="bbox 275 1692 1869 1774; baseline -0.008 -18"><span class='ocrx_word' id='word_1_127' title='bbox 275 1701 556 1774; x_wconf 76' lang='lat' dir='ltr'><strong>prudentia</strong></span> <span class='ocrx_word' id='word_1_128' title='bbox 576 1740 591 1767; x_wconf 87' lang='lat'><strong>,</strong></span> <span class='ocrx_word' id='word_1_129' title='bbox 626 1708 685 1755; x_wconf 89' lang='lat' dir='ltr'><strong>ut</strong></span> <span class='ocrx_word' id='word_1_130' title='bbox 712 1715 833 1754; x_wconf 89' lang='lat' dir='ltr'><strong>cum</strong></span> <span class='ocrx_word' id='word_1_131' title='bbox 868 1699 1144 1766; x_wconf 76' lang='lat' dir='ltr'><strong>hucusque</strong></span> <span class='ocrx_word' id='word_1_132' title='bbox 1172 1695 1604 1754; x_wconf 44' lang='lat' dir='ltr'><strong>distinxerimus,</strong></span> <span class='ocrx_word' id='word_1_133' title='bbox 1632 1707 1741 1762; x_wconf 90' lang='lat' dir='ltr'><strong>quo</strong></span> <span class='ocrx_word' id='word_1_134' title='bbox 1766 1692 1869 1746; x_wconf 71' lang='lat' dir='ltr'><strong>sci~</strong></span> 
     </span>
    </p>
   </div>
   <div class='ocr_carea' id='block_1_19' title="bbox 276 1784 1869 1865">
    <p class='ocr_par' dir='ltr' id='par_1_19' title="bbox 276 1784 1869 1865">
     <span class='ocr_line' id='line_1_19' title="bbox 276 1784 1869 1865; baseline -0.008 -14"><span class='ocrx_word' id='word_1_135' title='bbox 276 1797 436 1863; x_wconf 87' lang='lat' dir='ltr'><strong>licet,</strong></span> <span class='ocrx_word' id='word_1_136' title='bbox 466 1795 610 1850; x_wconf 74' lang='lat' dir='ltr'><strong>omni</strong></span> <span class='ocrx_word' id='word_1_137' title='bbox 634 1793 891 1865; x_wconf 73' lang='lat' dir='ltr'><strong>sapientia</strong></span> <span class='ocrx_word' id='word_1_138' title='bbox 921 1799 969 1844; x_wconf 90' lang='lat' dir='ltr'><strong>et</strong></span> <span class='ocrx_word' id='word_1_139' title='bbox 994 1788 1301 1861; x_wconf 74' lang='lat' dir='ltr'><strong>prudentia,</strong></span> <span class='ocrx_word' id='word_1_140' title='bbox 1333 1786 1401 1841; x_wconf 90' lang='lat' dir='ltr'><strong>ad</strong></span> <span class='ocrx_word' id='word_1_141' title='bbox 1432 1786 1714 1855; x_wconf 83' lang='lat' dir='ltr'><strong>superiora</strong></span> <span class='ocrx_word' id='word_1_142' title='bbox 1740 1784 1869 1852; x_wconf 83' lang='lat' dir='ltr'><strong>jun-</strong></span> 
     </span>
    </p>
   </div>
   <div class='ocr_carea' id='block_1_20' title="bbox 1970 579 3568 650">
    <p class='ocr_par' dir='ltr' id='par_1_20' title="bbox 1970 579 3568 650">
     <span class='ocr_line' id='line_1_20' title="bbox 1970 579 3568 650; baseline 0.001 -15"><span class='ocrx_word' id='word_1_143' title='bbox 1970 580 2252 636; x_wconf 80' lang='lat' dir='ltr'><strong>dialecticn</strong></span> <span class='ocrx_word' id='word_1_144' title='bbox 2280 590 2337 638; x_wconf 89' lang='lat' dir='ltr'><strong>et</strong></span> <span class='ocrx_word' id='word_1_145' title='bbox 2375 580 2720 650; x_wconf 69' lang='lat' dir='ltr'><strong>philosophia</strong></span> <span class='ocrx_word' id='word_1_146' title='bbox 2761 582 2901 635; x_wconf 88' lang='lat' dir='ltr'><strong>sicut</strong></span> <span class='ocrx_word' id='word_1_147' title='bbox 2938 579 2993 634; x_wconf 91' lang='lat' dir='ltr'><strong>in</strong></span> <span class='ocrx_word' id='word_1_148' title='bbox 3042 579 3234 636; x_wconf 71' lang='lat' dir='ltr'><strong>Grmco</strong></span> <span class='ocrx_word' id='word_1_149' title='bbox 3277 581 3568 648; x_wconf 86' lang='lat' dir='ltr'><strong>habentur,</strong></span> 
     </span>
    </p>
   </div>
   <div class='ocr_carea' id='block_1_21' title="bbox 1970 673 3573 744">
    <p class='ocr_par' dir='ltr' id='par_1_21' title="bbox 1970 673 3573 744">
     <span class='ocr_line' id='line_1_21' title="bbox 1970 673 3573 744; baseline 0.003 -18"><span class='ocrx_word' id='word_1_150' title='bbox 1970 685 2259 744; x_wconf 63' lang='lat' dir='ltr'><strong>assumpta!</strong></span> <span class='ocrx_word' id='word_1_151' title='bbox 2284 674 2415 729; x_wconf 89' lang='lat' dir='ltr'><strong>sint.</strong></span> <span class='ocrx_word' id='word_1_152' title='bbox 2444 673 2577 728; x_wconf 82' lang='lat' dir='ltr'><strong>Nam</strong></span> <span class='ocrx_word' id='word_1_153' title='bbox 2605 684 2661 729; x_wconf 89' lang='lat' dir='ltr'><strong>et</strong></span> <span class='ocrx_word' id='word_1_154' title='bbox 2682 684 2933 730; x_wconf 72' lang='lat' dir='ltr'><strong>oratores</strong></span> <span class='ocrx_word' id='word_1_155' title='bbox 2962 674 3015 728; x_wconf 91' lang='lat' dir='ltr'><strong>in</strong></span> <span class='ocrx_word' id='word_1_156' title='bbox 3050 673 3306 743; x_wconf 76' lang='lat' dir='ltr'><strong>epilogis,</strong></span> <span class='ocrx_word' id='word_1_157' title='bbox 3330 673 3415 729; x_wconf 88' lang='lat' dir='ltr'><strong>vel</strong></span> <span class='ocrx_word' id='word_1_158' title='bbox 3443 684 3573 731; x_wconf 86' lang='lat' dir='ltr'><strong>ante</strong></span> 
     </span>
    </p>
   </div>
   <div class='ocr_carea' id='block_1_22' title="bbox 1971 765 3575 840">
    <p class='ocr_par' dir='ltr' id='par_1_22' title="bbox 1971 765 3575 840">
     <span class='ocr_line' id='line_1_22' title="bbox 1971 765 3575 840; baseline 0.001 -19"><span class='ocrx_word' id='word_1_159' title='bbox 1971 765 2081 839; x_wconf 80' lang='grc' dir='ltr'><strong>[ΑΙ.</strong></span> <span class='ocrx_word' id='word_1_160' title='bbox 2116 767 2291 839; x_wconf 72' lang='lat' dir='ltr'><strong>inter]</strong></span> <span class='ocrx_word' id='word_1_161' title='bbox 2322 768 2570 839; x_wconf 82' lang='lat' dir='ltr'><strong>epilogos</strong></span> <span class='ocrx_word' id='word_1_162' title='bbox 2594 810 2610 835; x_wconf 93' lang='lat'><strong>,</strong></span> <span class='ocrx_word' id='word_1_163' title='bbox 2643 770 2695 822; x_wconf 90' lang='lat' dir='ltr'><strong>in</strong></span> <span class='ocrx_word' id='word_1_164' title='bbox 2724 768 2832 823; x_wconf 83' lang='lat' dir='ltr'><strong>line</strong></span> <span class='ocrx_word' id='word_1_165' title='bbox 2859 782 3150 822; x_wconf 77' lang='lat' dir='ltr'><strong>causarum</strong></span> <span class='ocrx_word' id='word_1_166' title='bbox 3193 779 3419 840; x_wconf 77' lang='lat' dir='ltr'><strong>propter</strong></span> <span class='ocrx_word' id='word_1_167' title='bbox 3461 783 3575 824; x_wconf 84' lang='lat' dir='ltr'><strong>me-</strong></span> 
     </span>
    </p>
   </div>
   <div class='ocr_carea' id='block_1_23' title="bbox 1972 860 3572 932">
    <p class='ocr_par' dir='ltr' id='par_1_23' title="bbox 1972 860 3572 932">
     <span class='ocr_line' id='line_1_23' title="bbox 1972 860 3572 932; baseline 0.001 -19"><span class='ocrx_word' id='word_1_168' title='bbox 1972 860 2451 930; x_wconf 78' lang='lat' dir='ltr'><strong>moriam‘judicum</strong></span> <span class='ocrx_word' id='word_1_169' title='bbox 2463 868 2520 915; x_wconf 88' lang='lat' dir='ltr'><strong>et</strong></span> <span class='ocrx_word' id='word_1_170' title='bbox 2529 875 2717 915; x_wconf 90' lang='lat' dir='ltr'><strong>eorum</strong></span> <span class='ocrx_word' id='word_1_171' title='bbox 2737 860 2832 930; x_wconf 86' lang='lat' dir='ltr'><strong>qui</strong></span> <span class='ocrx_word' id='word_1_172' title='bbox 2848 861 3078 917; x_wconf 82' lang='lat' dir='ltr'><strong>audiere</strong></span> <span class='ocrx_word' id='word_1_173' title='bbox 3098 861 3336 932; x_wconf 84' lang='lat' dir='ltr'><strong>negotia,</strong></span> <span class='ocrx_word' id='word_1_174' title='bbox 3358 871 3383 900; x_wconf 75' lang='grc' dir='ltr'><strong>ο</strong></span> <span class='ocrx_word' id='word_1_175' title='bbox 3398 876 3572 915; x_wconf 76' lang='lat' dir='ltr'><strong>recor-</strong></span> 
     </span>
    </p>
   </div>
   <div class='ocr_carea' id='block_1_24' title="bbox 1972 950 3570 1028">
    <p class='ocr_par' dir='ltr' id='par_1_24' title="bbox 1972 950 3570 1028">
     <span class='ocr_line' id='line_1_24' title="bbox 1972 950 3570 1028; baseline 0.003 -22"><span class='ocrx_word' id='word_1_176' title='bbox 1972 953 2253 1020; x_wconf 84' lang='lat' dir='ltr'><strong>dationem,</strong></span> <span class='ocrx_word' id='word_1_177' title='bbox 2273 952 2328 1007; x_wconf 92' lang='lat' dir='ltr'><strong>id</strong></span> <span class='ocrx_word' id='word_1_178' title='bbox 2347 963 2449 1018; x_wconf 86' lang='lat' dir='ltr'><strong>est,</strong></span> <span class='ocrx_word' id='word_1_179' title='bbox 2467 950 2898 1028; x_wconf 67' lang='grc' dir='ltr'><strong>ἀνακεφαλαίωσιν</strong></span> <span class='ocrx_word' id='word_1_180' title='bbox 2922 954 3101 1010; x_wconf 68' lang='lat' dir='ltr'><strong>soluit</strong></span> <span class='ocrx_word' id='word_1_181' title='bbox 3130 953 3338 1018; x_wconf 76' lang='lat' dir='ltr'><strong>facere,</strong></span> <span class='ocrx_word' id='word_1_182' title='bbox 3366 965 3425 1009; x_wconf 85' lang='lat' dir='ltr'><strong>ut</strong></span> <span class='ocrx_word' id='word_1_183' title='bbox 3446 969 3570 1025; x_wconf 67' lang='lat' dir='ltr'><strong>qua:</strong></span> 
     </span>
    </p>
   </div>
   <div class='ocr_carea' id='block_1_25' title="bbox 1970 1045 3572 1116">
    <p class='ocr_par' dir='ltr' id='par_1_25' title="bbox 1970 1045 3572 1116">
     <span class='ocr_line' id='line_1_25' title="bbox 1970 1045 3572 1116; baseline 0.002 -17"><span class='ocrx_word' id='word_1_184' title='bbox 1970 1046 2125 1116; x_wconf 90' lang='lat' dir='ltr'><strong>prius</strong></span> <span class='ocrx_word' id='word_1_185' title='bbox 2153 1046 2313 1100; x_wconf 70' lang='lat' dir='ltr'><strong>latius</strong></span> <span class='ocrx_word' id='word_1_186' title='bbox 2334 1045 2695 1115; x_wconf 69' lang='lat' dir='ltr'><strong>disputat-ant,</strong></span> <span class='ocrx_word' id='word_1_187' title='bbox 2730 1046 2882 1101; x_wconf 82' lang='lat' dir='ltr'><strong>brevi</strong></span> <span class='ocrx_word' id='word_1_188' title='bbox 2912 1055 3100 1116; x_wconf 85' lang='lat' dir='ltr'><strong>postea</strong></span> <span class='ocrx_word' id='word_1_189' title='bbox 3141 1062 3395 1104; x_wconf 85' lang='lat' dir='ltr'><strong>sermone</strong></span> <span class='ocrx_word' id='word_1_190' title='bbox 3419 1062 3572 1104; x_wconf 79' lang='lat' dir='ltr'><strong>eom-</strong></span> 
     </span>
    </p>
   </div>
   <div class='ocr_carea' id='block_1_26' title="bbox 1973 1137 3573 1209">
    <p class='ocr_par' dir='ltr' id='par_1_26' title="bbox 1973 1137 3573 1209">
     <span class='ocr_line' id='line_1_26' title="bbox 1973 1137 3573 1209; baseline 0.003 -17"><span class='ocrx_word' id='word_1_191' title='bbox 1973 1137 2335 1208; x_wconf 85' lang='lat' dir='ltr'><strong>prehendant,</strong></span> <span class='ocrx_word' id='word_1_192' title='bbox 2354 1146 2408 1192; x_wconf 92' lang='lat' dir='ltr'><strong>et</strong></span> <span class='ocrx_word' id='word_1_193' title='bbox 2435 1140 2805 1208; x_wconf 81' lang='lat' dir='ltr'><strong>unusquisque</strong></span> <span class='ocrx_word' id='word_1_194' title='bbox 2828 1139 3105 1195; x_wconf 79' lang='lat' dir='ltr'><strong>recordari</strong></span> <span class='ocrx_word' id='word_1_195' title='bbox 3131 1156 3321 1195; x_wconf 88' lang='lat' dir='ltr'><strong>eorum</strong></span> <span class='ocrx_word' id='word_1_196' title='bbox 3344 1139 3573 1209; x_wconf 76' lang='lat' dir='ltr'><strong>incipiat</strong></span> 
     </span>
    </p>
   </div>
   <div class='ocr_carea' id='block_1_27' title="bbox 1971 1227 3568 1300">
    <p class='ocr_par' dir='ltr' id='par_1_27' title="bbox 1971 1227 3568 1300">
     <span class='ocr_line' id='line_1_27' title="bbox 1971 1227 3568 1300; baseline 0.004 -19"><span class='ocrx_word' id='word_1_197' title='bbox 1971 1244 2093 1299; x_wconf 68' lang='lat' dir='ltr'><strong>quae</strong></span> <span class='ocrx_word' id='word_1_198' title='bbox 2119 1227 2344 1283; x_wconf 82' lang='lat' dir='ltr'><strong>audivit.</strong></span> <span class='ocrx_word' id='word_1_199' title='bbox 2368 1227 2583 1284; x_wconf 84' lang='lat' dir='ltr'><strong>Sensus</strong></span> <span class='ocrx_word' id='word_1_200' title='bbox 2605 1229 2791 1299; x_wconf 84' lang='lat' dir='ltr'><strong>itaque</strong></span> <span class='ocrx_word' id='word_1_201' title='bbox 2820 1227 2874 1283; x_wconf 91' lang='lat' dir='ltr'><strong>in</strong></span> <span class='ocrx_word' id='word_1_202' title='bbox 2899 1231 3151 1300; x_wconf 67' lang='lat' dir='ltr'><strong>praesenti</strong></span> <span class='ocrx_word' id='word_1_203' title='bbox 3175 1233 3296 1287; x_wconf 89' lang='lat' dir='ltr'><strong>loco</strong></span> <span class='ocrx_word' id='word_1_204' title='bbox 3321 1232 3422 1288; x_wconf 89' lang='lat' dir='ltr'><strong>iste</strong></span> <span class='ocrx_word' id='word_1_205' title='bbox 3447 1241 3568 1288; x_wconf 84' lang='lat' dir='ltr'><strong>est:</strong></span> 
     </span>
    </p>
   </div>
   <div class='ocr_carea' id='block_1_28' title="bbox 1972 1321 3570 1397">
    <p class='ocr_par' dir='ltr' id='par_1_28' title="bbox 1972 1321 3570 1397">
     <span class='ocr_line' id='line_1_28' title="bbox 1972 1321 3570 1397; baseline 0.004 -21"><span class='ocrx_word' id='word_1_206' title='bbox 1972 1321 2162 1377; x_wconf 82' lang='lat' dir='ltr'><strong>Omnis</strong></span> <span class='ocrx_word' id='word_1_207' title='bbox 2189 1323 2526 1392; x_wconf 80' lang='lat' dir='ltr'><strong>dispensatio</strong></span> <span class='ocrx_word' id='word_1_208' title='bbox 2554 1337 2677 1394; x_wconf 77' lang='lat' dir='ltr'><strong>qute</strong></span> <span class='ocrx_word' id='word_1_209' title='bbox 2717 1332 2772 1378; x_wconf 90' lang='lat' dir='ltr'><strong>et</strong></span> <span class='ocrx_word' id='word_1_210' title='bbox 2797 1336 2925 1379; x_wconf 85' lang='lat' dir='ltr'><strong>ante</strong></span> <span class='ocrx_word' id='word_1_211' title='bbox 2954 1324 3214 1380; x_wconf 89' lang='lat' dir='ltr'><strong>mundum</strong></span> <span class='ocrx_word' id='word_1_212' title='bbox 3235 1367 3251 1393; x_wconf 97' lang='lat'><strong>,</strong></span> <span class='ocrx_word' id='word_1_213' title='bbox 3296 1333 3353 1381; x_wconf 93' lang='lat' dir='ltr'><strong>et</strong></span> <span class='ocrx_word' id='word_1_214' title='bbox 3381 1334 3570 1397; x_wconf 86' lang='lat' dir='ltr'><strong>postca</strong></span> 
     </span>
    </p>
   </div>
   <div class='ocr_carea' id='block_1_29' title="bbox 1974 1400 3575 1489">
    <p class='ocr_par' dir='ltr' id='par_1_29' title="bbox 1974 1400 3575 1489">
     <span class='ocr_line' id='line_1_29' title="bbox 1974 1400 3575 1489; baseline 0.003 -20"><span class='ocrx_word' id='word_1_215' title='bbox 1974 1430 2096 1470; x_wconf 80' lang='lat' dir='ltr'><strong>csse.</strong></span> <span class='ocrx_word' id='word_1_216' title='bbox 2125 1417 2292 1486; x_wconf 69' lang='lat' dir='ltr'><strong>cmpit</strong></span> <span class='ocrx_word' id='word_1_217' title='bbox 2322 1417 2374 1471; x_wconf 91' lang='lat' dir='ltr'><strong>in</strong></span> <span class='ocrx_word' id='word_1_218' title='bbox 2405 1416 2628 1485; x_wconf 80' lang='lat' dir='ltr'><strong>mundo,</strong></span> <span class='ocrx_word' id='word_1_219' title='bbox 2664 1426 2772 1471; x_wconf 91' lang='lat' dir='ltr'><strong>tam</strong></span> <span class='ocrx_word' id='word_1_220' title='bbox 2815 1417 3167 1472; x_wconf 83' lang='lat' dir='ltr'><strong>iuvisibilium</strong></span> <span class='ocrx_word' id='word_1_221' title='bbox 3198 1434 3359 1489; x_wconf 88' lang='lat' dir='ltr'><strong>quam</strong></span> <span class='ocrx_word' id='word_1_222' title='bbox 3386 1400 3575 1476; x_wconf 72' lang='lat' dir='ltr'><strong>visibi-</strong></span> 
     </span>
    </p>
   </div>
   <div class='ocr_carea' id='block_1_30' title="bbox 1978 1507 3575 1581">
    <p class='ocr_par' dir='ltr' id='par_1_30' title="bbox 1978 1507 3575 1581">
     <span class='ocr_line' id='line_1_30' title="bbox 1978 1507 3575 1581; baseline 0.004 -21"><span class='ocrx_word' id='word_1_223' title='bbox 1978 1507 2107 1561; x_wconf 90' lang='lat' dir='ltr'><strong>lium</strong></span> <span class='ocrx_word' id='word_1_224' title='bbox 2136 1518 2539 1573; x_wconf 83' lang='lat' dir='ltr'><strong>creaturarum,</strong></span> <span class='ocrx_word' id='word_1_225' title='bbox 2571 1508 2864 1564; x_wconf 70' lang='lat' dir='ltr'><strong>adventuum</strong></span> <span class='ocrx_word' id='word_1_226' title='bbox 2893 1508 2989 1565; x_wconf 87' lang='lat' dir='ltr'><strong>Dei</strong></span> <span class='ocrx_word' id='word_1_227' title='bbox 3012 1508 3173 1581; x_wconf 74' lang='lat'><strong>557</strong></span> <span class='ocrx_word' id='word_1_228' title='bbox 3205 1509 3325 1565; x_wconf 76' lang='lat' dir='ltr'><strong>Filii</strong></span> <span class='ocrx_word' id='word_1_229' title='bbox 3353 1511 3575 1581; x_wconf 80' lang='lat' dir='ltr'><strong>pollice-</strong></span> 
     </span>
    </p>
   </div>
   <div class='ocr_carea' id='block_1_31' title="bbox 1976 1598 3576 1672">
    <p class='ocr_par' dir='ltr' id='par_1_31' title="bbox 1976 1598 3576 1672">
     <span class='ocr_line' id='line_1_31' title="bbox 1976 1598 3576 1672; baseline 0.003 -19"><span class='ocrx_word' id='word_1_230' title='bbox 1976 1598 2153 1654; x_wconf 80' lang='lat' dir='ltr'><strong>batur.</strong></span> <span class='ocrx_word' id='word_1_231' title='bbox 2181 1599 2335 1668; x_wconf 81' lang='lat' dir='ltr'><strong>Qnod</strong></span> <span class='ocrx_word' id='word_1_232' title='bbox 2368 1600 2539 1655; x_wconf 77' lang='lat' dir='ltr'><strong>Adam</strong></span> <span class='ocrx_word' id='word_1_233' title='bbox 2569 1601 2663 1672; x_wconf 89' lang='lat' dir='ltr'><strong>qui</strong></span> <span class='ocrx_word' id='word_1_234' title='bbox 2703 1600 2773 1656; x_wconf 88' lang='lat' dir='ltr'><strong>de</strong></span> <span class='ocrx_word' id='word_1_235' title='bbox 2815 1602 3068 1671; x_wconf 84' lang='lat' dir='ltr'><strong>paradiso</strong></span> <span class='ocrx_word' id='word_1_236' title='bbox 3102 1606 3311 1670; x_wconf 81' lang='lat' dir='ltr'><strong>ejectus</strong></span> <span class='ocrx_word' id='word_1_237' title='bbox 3334 1614 3439 1665; x_wconf 85' lang='lat' dir='ltr'><strong>est,</strong></span> <span class='ocrx_word' id='word_1_238' title='bbox 3475 1617 3576 1672; x_wconf 85' lang='lat' dir='ltr'><strong>per</strong></span> 
     </span>
    </p>
   </div>
   <div class='ocr_carea' id='block_1_32' title="bbox 1976 1693 3573 1771">
    <p class='ocr_par' dir='ltr' id='par_1_32' title="bbox 1976 1693 3573 1771">
     <span class='ocr_line' id='line_1_32' title="bbox 1976 1693 3573 1771; baseline 0.001 -20"><span class='ocrx_word' id='word_1_239' title='bbox 1976 1693 2313 1751; x_wconf 85' lang='lat' dir='ltr'><strong>Salvatorem</strong></span> <span class='ocrx_word' id='word_1_240' title='bbox 2343 1698 2681 1752; x_wconf 69' lang='lat' dir='ltr'><strong>resocandtts</strong></span> <span class='ocrx_word' id='word_1_241' title='bbox 2702 1705 2822 1752; x_wconf 84' lang='lat' dir='ltr'><strong>erat</strong></span> <span class='ocrx_word' id='word_1_242' title='bbox 2849 1696 3058 1769; x_wconf 80' lang='lat' dir='ltr'><strong>(Genes.</strong></span> <span class='ocrx_word' id='word_1_243' title='bbox 3091 1696 3192 1771; x_wconf 91' lang='grc' dir='ltr'><strong>ιιι).</strong></span> <span class='ocrx_word' id='word_1_244' title='bbox 3221 1697 3378 1767; x_wconf 85' lang='lat' dir='ltr'><strong>Quod</strong></span> <span class='ocrx_word' id='word_1_245' title='bbox 3403 1698 3456 1753; x_wconf 89' lang='lat' dir='ltr'><strong>in</strong></span> <span class='ocrx_word' id='word_1_246' title='bbox 3491 1698 3573 1753; x_wconf 80' lang='lat' dir='ltr'><strong>ia-</strong></span> 
     </span>
    </p>
   </div>
   <div class='ocr_carea' id='block_1_33' title="bbox 1979 1786 3571 1864">
    <p class='ocr_par' dir='ltr' id='par_1_33' title="bbox 1979 1786 3571 1864">
     <span class='ocr_line' id='line_1_33' title="bbox 1979 1786 3571 1864; baseline 0.004 -23"><span class='ocrx_word' id='word_1_247' title='bbox 1979 1786 2282 1844; x_wconf 76' lang='lat' dir='ltr'><strong>bricatione</strong></span> <span class='ocrx_word' id='word_1_248' title='bbox 2308 1788 2509 1857; x_wconf 88' lang='lat' dir='ltr'><strong>turris,</strong></span> <span class='ocrx_word' id='word_1_249' title='bbox 2538 1788 2843 1860; x_wconf 74' lang='lat' dir='ltr'><strong>linguarum</strong></span> <span class='ocrx_word' id='word_1_250' title='bbox 2870 1791 3049 1846; x_wconf 88' lang='lat' dir='ltr'><strong>unitas</strong></span> <span class='ocrx_word' id='word_1_251' title='bbox 3095 1789 3267 1846; x_wconf 89' lang='lat' dir='ltr'><strong>scissa</strong></span> <span class='ocrx_word' id='word_1_252' title='bbox 3302 1799 3389 1848; x_wconf 85' lang='lat' dir='ltr'><strong>est</strong></span> <span class='ocrx_word' id='word_1_253' title='bbox 3415 1789 3571 1864; x_wconf 83' lang='lat' dir='ltr'><strong>(Gen.</strong></span> 
     </span>
    </p>
   </div>
   <div class='ocr_carea' id='block_1_34' title="bbox 273 1874 3577 1959">
    <p class='ocr_par' dir='ltr' id='par_1_34' title="bbox 273 1874 3577 1959">
     <span class='ocr_line' id='line_1_34' title="bbox 273 1874 3577 1959; baseline -0.005 -16"><span class='ocrx_word' id='word_1_254' title='bbox 273 1897 508 1959; x_wconf 80' lang='lat' dir='ltr'><strong>gantur,</strong></span> <span class='ocrx_word' id='word_1_255' title='bbox 555 1885 816 1955; x_wconf 81' lang='lat' dir='ltr'><strong>deinceps</strong></span> <span class='ocrx_word' id='word_1_256' title='bbox 865 1882 1163 1938; x_wconf 76' lang='lat' dir='ltr'><strong>inferamus</strong></span> <span class='ocrx_word' id='word_1_257' title='bbox 1196 1896 1210 1932; x_wconf 88' lang='lat'><strong>:</strong></span> <span class='ocrx_word' id='word_1_258' title='bbox 1254 1888 1434 1932; x_wconf 87' lang='lat' dir='ltr'><strong>notum</strong></span> <span class='ocrx_word' id='word_1_259' title='bbox 1484 1877 1685 1949; x_wconf 73' lang='lat' dir='ltr'><strong>faciens</strong></span> <span class='ocrx_word' id='word_1_260' title='bbox 1728 1874 1871 1929; x_wconf 84' lang='lat' dir='ltr'><strong>nobis</strong></span> <span class='ocrx_word' id='word_1_261' title='bbox 1905 1884 1951 1948; x_wconf 69' lang='grc' dir='ltr'><strong>Β</strong></span> <span class='ocrx_word' id='word_1_262' title='bbox 1980 1880 2091 1953; x_wconf 76' lang='grc' dir='ltr'><strong>χι),</strong></span> <span class='ocrx_word' id='word_1_263' title='bbox 2127 1884 2181 1936; x_wconf 90' lang='lat' dir='ltr'><strong>in</strong></span> <span class='ocrx_word' id='word_1_264' title='bbox 2211 1881 2438 1937; x_wconf 79' lang='lat' dir='ltr'><strong>Actibus</strong></span> <span class='ocrx_word' id='word_1_265' title='bbox 2476 1884 2850 1951; x_wconf 86' lang='lat' dir='ltr'><strong>apostolorum</strong></span> <span class='ocrx_word' id='word_1_266' title='bbox 2894 1884 3254 1953; x_wconf 79' lang='lat' dir='ltr'><strong>portendebat</strong></span> <span class='ocrx_word' id='word_1_267' title='bbox 3300 1884 3443 1939; x_wconf 72' lang='lat' dir='ltr'><strong>dona</strong></span> <span class='ocrx_word' id='word_1_268' title='bbox 3473 1884 3577 1940; x_wconf 77' lang='grc' dir='ltr'><strong>ιίη-</strong></span> 
     </span>
    </p>
   </div>
   <div class='ocr_carea' id='block_1_35' title="bbox 275 1971 1867 2053">
    <p class='ocr_par' dir='ltr' id='par_1_35' title="bbox 275 1971 1867 2053">
     <span class='ocr_line' id='line_1_35' title="bbox 275 1971 1867 2053; baseline -0.008 -16"><span class='ocrx_word' id='word_1_269' title='bbox 275 1982 578 2053; x_wconf 72' lang='lat' dir='ltr'><strong>mysterium</strong></span> <span class='ocrx_word' id='word_1_270' title='bbox 610 1979 890 2034; x_wconf 72' lang='lat' dir='ltr'><strong>uoluntatis</strong></span> <span class='ocrx_word' id='word_1_271' title='bbox 936 1991 1042 2030; x_wconf 69' lang='lat' dir='ltr'><strong>sua:</strong></span> <span class='ocrx_word' id='word_1_272' title='bbox 1069 1974 1350 2029; x_wconf 77' lang='lat' dir='ltr'><strong>secundum</strong></span> <span class='ocrx_word' id='word_1_273' title='bbox 1394 1971 1647 2041; x_wconf 80' lang='lat' dir='ltr'><strong>placitum</strong></span> <span class='ocrx_word' id='word_1_274' title='bbox 1692 1986 1867 2025; x_wconf 84' lang='lat' dir='ltr'><strong>suum.</strong></span> 
     </span>
    </p>
   </div>
   <div class='ocr_carea' id='block_1_36' title="bbox 276 2053 1871 2135">
    <p class='ocr_par' dir='ltr' id='par_1_36' title="bbox 276 2053 1871 2135">
     <span class='ocr_line' id='line_1_36' title="bbox 276 2053 1871 2135; baseline -0.009 -3"><span class='ocrx_word' id='word_1_275' title='bbox 276 2076 464 2132; x_wconf 85' lang='lat' dir='ltr'><strong>Potest</strong></span> <span class='ocrx_word' id='word_1_276' title='bbox 510 2082 693 2129; x_wconf 82' lang='lat' dir='ltr'><strong>autem</strong></span> <span class='ocrx_word' id='word_1_277' title='bbox 744 2080 798 2127; x_wconf 89' lang='lat' dir='ltr'><strong>et</strong></span> <span class='ocrx_word' id='word_1_278' title='bbox 842 2070 944 2125; x_wconf 88' lang='lat' dir='ltr'><strong>bac</strong></span> <span class='ocrx_word' id='word_1_279' title='bbox 989 2053 1242 2124; x_wconf 81' lang='lat' dir='ltr'><strong>manente</strong></span> <span class='ocrx_word' id='word_1_280' title='bbox 1271 2065 1583 2129; x_wconf 88' lang='lat' dir='ltr'><strong>sententia,</strong></span> <span class='ocrx_word' id='word_1_281' title='bbox 1627 2063 1772 2135; x_wconf 85' lang='lat' dir='ltr'><strong>quod</strong></span> <span class='ocrx_word' id='word_1_282' title='bbox 1803 2078 1871 2118; x_wconf 91' lang='lat' dir='ltr'><strong>cx</strong></span> 
     </span>
    </p>
   </div>
   <div class='ocr_carea' id='block_1_37' title="bbox 274 2155 1871 2241">
    <p class='ocr_par' dir='ltr' id='par_1_37' title="bbox 274 2155 1871 2241">
     <span class='ocr_line' id='line_1_37' title="bbox 274 2155 1871 2241; baseline -0.008 -18"><span class='ocrx_word' id='word_1_283' title='bbox 274 2180 433 2241; x_wconf 80' lang='lat' dir='ltr'><strong>parte</strong></span> <span class='ocrx_word' id='word_1_284' title='bbox 461 2167 703 2232; x_wconf 84' lang='lat' dir='ltr'><strong>videant,</strong></span> <span class='ocrx_word' id='word_1_285' title='bbox 733 2174 788 2220; x_wconf 87' lang='lat' dir='ltr'><strong>et</strong></span> <span class='ocrx_word' id='word_1_286' title='bbox 808 2179 877 2219; x_wconf 87' lang='lat' dir='ltr'><strong>ex</strong></span> <span class='ocrx_word' id='word_1_287' title='bbox 907 2169 1061 2234; x_wconf 81' lang='lat' dir='ltr'><strong>parte</strong></span> <span class='ocrx_word' id='word_1_288' title='bbox 1095 2159 1441 2231; x_wconf 87' lang='lat' dir='ltr'><strong>prophetent,</strong></span> <span class='ocrx_word' id='word_1_289' title='bbox 1475 2171 1617 2212; x_wconf 90' lang='lat' dir='ltr'><strong>nunc</strong></span> <span class='ocrx_word' id='word_1_290' title='bbox 1637 2155 1692 2211; x_wconf 90' lang='lat' dir='ltr'><strong>in</strong></span> <span class='ocrx_word' id='word_1_291' title='bbox 1722 2156 1871 2211; x_wconf 90' lang='lat' dir='ltr'><strong>omni</strong></span> 
     </span>
    </p>
   </div>
   <div class='ocr_carea' id='block_1_38' title="bbox 275 2249 1874 2331">
    <p class='ocr_par' dir='ltr' id='par_1_38' title="bbox 275 2249 1874 2331">
     <span class='ocr_line' id='line_1_38' title="bbox 275 2249 1874 2331; baseline -0.01 -14"><span class='ocrx_word' id='word_1_292' title='bbox 275 2260 542 2331; x_wconf 81' lang='lat' dir='ltr'><strong>sapientia</strong></span> <span class='ocrx_word' id='word_1_293' title='bbox 570 2266 624 2314; x_wconf 89' lang='lat' dir='ltr'><strong>et</strong></span> <span class='ocrx_word' id='word_1_294' title='bbox 651 2254 967 2328; x_wconf 88' lang='lat' dir='ltr'><strong>prudentia,</strong></span> <span class='ocrx_word' id='word_1_295' title='bbox 996 2254 1102 2309; x_wconf 91' lang='lat' dir='ltr'><strong>dici</strong></span> <span class='ocrx_word' id='word_1_296' title='bbox 1155 2250 1457 2308; x_wconf 86' lang='lat' dir='ltr'><strong>revelatum</strong></span> <span class='ocrx_word' id='word_1_297' title='bbox 1486 2249 1568 2305; x_wconf 90' lang='lat' dir='ltr'><strong>eis</strong></span> <span class='ocrx_word' id='word_1_298' title='bbox 1601 2262 1724 2305; x_wconf 85' lang='lat' dir='ltr'><strong>esse</strong></span> <span class='ocrx_word' id='word_1_299' title='bbox 1756 2263 1874 2320; x_wconf 81' lang='lat' dir='ltr'><strong>my-</strong></span> 
     </span>
    </p>
   </div>
   <div class='ocr_carea' id='block_1_39' title="bbox 273 2341 1869 2420">
    <p class='ocr_par' dir='ltr' id='par_1_39' title="bbox 273 2341 1869 2420">
     <span class='ocr_line' id='line_1_39' title="bbox 273 2341 1869 2420; baseline -0.009 -10"><span class='ocrx_word' id='word_1_300' title='bbox 273 2351 521 2410; x_wconf 85' lang='lat' dir='ltr'><strong>sterium.</strong></span> <span class='ocrx_word' id='word_1_301' title='bbox 545 2351 663 2406; x_wconf 80' lang='lat' dir='ltr'><strong>Non</strong></span> <span class='ocrx_word' id='word_1_302' title='bbox 690 2364 797 2420; x_wconf 91' lang='lat' dir='ltr'><strong>quo</strong></span> <span class='ocrx_word' id='word_1_303' title='bbox 824 2348 1008 2418; x_wconf 69' lang='lat' dir='ltr'><strong>ipsiin</strong></span> <span class='ocrx_word' id='word_1_304' title='bbox 1039 2347 1188 2402; x_wconf 90' lang='lat' dir='ltr'><strong>omni</strong></span> <span class='ocrx_word' id='word_1_305' title='bbox 1211 2344 1481 2416; x_wconf 80' lang='lat' dir='ltr'><strong>sapientia</strong></span> <span class='ocrx_word' id='word_1_306' title='bbox 1501 2354 1551 2399; x_wconf 91' lang='lat' dir='ltr'><strong>et</strong></span> <span class='ocrx_word' id='word_1_307' title='bbox 1585 2341 1869 2414; x_wconf 86' lang='lat' dir='ltr'><strong>prudentia</strong></span> 
     </span>
    </p>
   </div>
   <div class='ocr_carea' id='block_1_40' title="bbox 274 2433 1870 2518">
    <p class='ocr_par' dir='ltr' id='par_1_40' title="bbox 274 2433 1870 2518">
     <span class='ocr_line' id='line_1_40' title="bbox 274 2433 1870 2518; baseline -0.008 -18"><span class='ocrx_word' id='word_1_308' title='bbox 274 2441 597 2518; x_wconf 79' lang='lat' dir='ltr'><strong>mysterium</strong></span> <span class='ocrx_word' id='word_1_309' title='bbox 636 2440 969 2508; x_wconf 82' lang='lat' dir='ltr'><strong>didicerint,</strong></span> <span class='ocrx_word' id='word_1_310' title='bbox 1003 2438 1101 2495; x_wconf 89' lang='lat' dir='ltr'><strong>sed</strong></span> <span class='ocrx_word' id='word_1_311' title='bbox 1149 2439 1291 2494; x_wconf 90' lang='lat' dir='ltr'><strong>Deus</strong></span> <span class='ocrx_word' id='word_1_312' title='bbox 1338 2437 1391 2491; x_wconf 92' lang='lat' dir='ltr'><strong>in</strong></span> <span class='ocrx_word' id='word_1_313' title='bbox 1422 2435 1572 2492; x_wconf 90' lang='lat' dir='ltr'><strong>omni</strong></span> <span class='ocrx_word' id='word_1_314' title='bbox 1603 2433 1870 2504; x_wconf 83' lang='lat' dir='ltr'><strong>sapientia</strong></span> 
     </span>
    </p>
   </div>
   <div class='ocr_carea' id='block_1_41' title="bbox 273 2532 1868 2610">
    <p class='ocr_par' dir='ltr' id='par_1_41' title="bbox 273 2532 1868 2610">
     <span class='ocr_line' id='line_1_41' title="bbox 273 2532 1868 2610; baseline -0.007 -14"><span class='ocrx_word' id='word_1_315' title='bbox 273 2556 373 2596; x_wconf 87' lang='lat' dir='ltr'><strong>sua</strong></span> <span class='ocrx_word' id='word_1_316' title='bbox 403 2551 569 2610; x_wconf 88' lang='lat' dir='ltr'><strong>atque</strong></span> <span class='ocrx_word' id='word_1_317' title='bbox 599 2537 909 2609; x_wconf 83' lang='lat' dir='ltr'><strong>prudentia,</strong></span> <span class='ocrx_word' id='word_1_318' title='bbox 938 2536 1089 2606; x_wconf 85' lang='lat' dir='ltr'><strong>juxta</strong></span> <span class='ocrx_word' id='word_1_319' title='bbox 1122 2534 1265 2605; x_wconf 85' lang='lat' dir='ltr'><strong>quod</strong></span> <span class='ocrx_word' id='word_1_320' title='bbox 1299 2532 1563 2603; x_wconf 80' lang='lat' dir='ltr'><strong>consequi</strong></span> <span class='ocrx_word' id='word_1_321' title='bbox 1600 2539 1868 2602; x_wconf 74' lang='lat' dir='ltr'><strong>poterant,</strong></span> 
     </span>
    </p>
   </div>
   <div class='ocr_carea' id='block_1_42' title="bbox 273 2630 1077 2705">
    <p class='ocr_par' dir='ltr' id='par_1_42' title="bbox 273 2630 1077 2705">
     <span class='ocr_line' id='line_1_42' title="bbox 273 2630 1077 2705; baseline -0.006 -15"><span class='ocrx_word' id='word_1_322' title='bbox 273 2635 356 2691; x_wconf 88' lang='lat' dir='ltr'><strong>eis</strong></span> <span class='ocrx_word' id='word_1_323' title='bbox 380 2633 700 2705; x_wconf 81' lang='lat' dir='ltr'><strong>mysterium</strong></span> <span class='ocrx_word' id='word_1_324' title='bbox 732 2630 1077 2688; x_wconf 86' lang='lat' dir='ltr'><strong>revelaverit.</strong></span> 
     </span>
    </p>
   </div>
   <div class='ocr_carea' id='block_1_43' title="bbox 348 2713 1872 2800">
    <p class='ocr_par' dir='ltr' id='par_1_43' title="bbox 348 2713 1872 2800">
     <span class='ocr_line' id='line_1_43' title="bbox 348 2713 1872 2800; baseline -0.01 -19"><span class='ocrx_word' id='word_1_325' title='bbox 348 2725 515 2800; x_wconf 72' lang='lat'><strong>556</strong></span> <span class='ocrx_word' id='word_1_326' title='bbox 545 2724 845 2780; x_wconf 83' lang='lat' dir='ltr'><strong>Secundum</strong></span> <span class='ocrx_word' id='word_1_327' title='bbox 872 2721 1125 2795; x_wconf 86' lang='lat' dir='ltr'><strong>placitum</strong></span> <span class='ocrx_word' id='word_1_328' title='bbox 1155 2735 1303 2774; x_wconf 82' lang='lat' dir='ltr'><strong>suum</strong></span> <span class='ocrx_word' id='word_1_329' title='bbox 1337 2718 1479 2790; x_wconf 85' lang='lat' dir='ltr'><strong>quod</strong></span> <span class='ocrx_word' id='word_1_330' title='bbox 1520 2715 1791 2786; x_wconf 70' lang='lat' dir='ltr'><strong>proposuit</strong></span> <span class='ocrx_word' id='word_1_331' title='bbox 1818 2713 1872 2767; x_wconf 85' lang='lat' dir='ltr'><strong>in</strong></span> 
     </span>
    </p>
   </div>
   <div class='ocr_carea' id='block_1_44' title="bbox 275 2806 1873 2891">
    <p class='ocr_par' dir='ltr' id='par_1_44' title="bbox 275 2806 1873 2891">
     <span class='ocr_line' id='line_1_44' title="bbox 275 2806 1873 2891; baseline -0.009 -16"><span class='ocrx_word' id='word_1_332' title='bbox 275 2835 336 2876; x_wconf 87' lang='lat' dir='ltr'><strong>eo</strong></span> <span class='ocrx_word' id='word_1_333' title='bbox 373 2821 428 2873; x_wconf 86' lang='lat' dir='ltr'><strong>in</strong></span> <span class='ocrx_word' id='word_1_334' title='bbox 457 2817 842 2891; x_wconf 77' lang='lat' dir='ltr'><strong>dispensatione</strong></span> <span class='ocrx_word' id='word_1_335' title='bbox 878 2812 1218 2887; x_wconf 77' lang='lat' dir='ltr'><strong>plenitudinis</strong></span> <span class='ocrx_word' id='word_1_336' title='bbox 1246 2821 1552 2883; x_wconf 85' lang='lat' dir='ltr'><strong>temporum.</strong></span> <span class='ocrx_word' id='word_1_337' title='bbox 1585 2807 1759 2878; x_wconf 80' lang='lat' dir='ltr'><strong>Supra</strong></span> <span class='ocrx_word' id='word_1_338' title='bbox 1791 2806 1873 2860; x_wconf 81' lang='lat' dir='ltr'><strong>di-</strong></span> 
     </span>
    </p>
   </div>
   <div class='ocr_carea' id='block_1_45' title="bbox 275 2905 1875 2980">
    <p class='ocr_par' dir='ltr' id='par_1_45' title="bbox 275 2905 1875 2980">
     <span class='ocr_line' id='line_1_45' title="bbox 275 2905 1875 2980; baseline -0.011 -11"><span class='ocrx_word' id='word_1_339' title='bbox 275 2920 467 2978; x_wconf 75' lang='lat' dir='ltr'><strong>xerat,</strong></span> <span class='ocrx_word' id='word_1_340' title='bbox 508 2910 795 2967; x_wconf 83' lang='lat' dir='ltr'><strong>secundum</strong></span> <span class='ocrx_word' id='word_1_341' title='bbox 832 2908 1081 2980; x_wconf 84' lang='lat' dir='ltr'><strong>placitum</strong></span> <span class='ocrx_word' id='word_1_342' title='bbox 1110 2905 1388 2960; x_wconf 77' lang='lat' dir='ltr'><strong>uoluntatis</strong></span> <span class='ocrx_word' id='word_1_343' title='bbox 1412 2917 1549 2969; x_wconf 75' lang='lat' dir='ltr'><strong>sure;</strong></span> <span class='ocrx_word' id='word_1_344' title='bbox 1586 2915 1748 2965; x_wconf 88' lang='lat' dir='ltr'><strong>nunc,</strong></span> <span class='ocrx_word' id='word_1_345' title='bbox 1793 2914 1875 2953; x_wconf 87' lang='lat' dir='ltr'><strong>se-</strong></span> 
     </span>
    </p>
   </div>
   <div class='ocr_carea' id='block_1_46' title="bbox 275 2990 1870 3075">
    <p class='ocr_par' dir='ltr' id='par_1_46' title="bbox 275 2990 1870 3075">
     <span class='ocr_line' id='line_1_46' title="bbox 275 2990 1870 3075; baseline -0.011 -11"><span class='ocrx_word' id='word_1_346' title='bbox 275 3008 503 3064; x_wconf 80' lang='lat' dir='ltr'><strong>cundum</strong></span> <span class='ocrx_word' id='word_1_347' title='bbox 557 3006 809 3075; x_wconf 80' lang='lat' dir='ltr'><strong>placitum</strong></span> <span class='ocrx_word' id='word_1_348' title='bbox 851 3017 1008 3059; x_wconf 85' lang='lat' dir='ltr'><strong>suum</strong></span> <span class='ocrx_word' id='word_1_349' title='bbox 1036 3046 1051 3071; x_wconf 98' lang='lat'><strong>,</strong></span> <span class='ocrx_word' id='word_1_350' title='bbox 1100 2999 1381 3055; x_wconf 83' lang='lat' dir='ltr'><strong>voluntate</strong></span> <span class='ocrx_word' id='word_1_351' title='bbox 1408 2995 1436 3035; x_wconf 70' lang='grc' dir='ltr'><strong>ι’</strong></span> <span class='ocrx_word' id='word_1_352' title='bbox 1475 2996 1740 3051; x_wconf 84' lang='lat' dir='ltr'><strong>detracta.</strong></span> <span class='ocrx_word' id='word_1_353' title='bbox 1793 2990 1870 3047; x_wconf 89' lang='lat' dir='ltr'><strong>lbi</strong></span> 
     </span>
    </p>
   </div>
   <div class='ocr_carea' id='block_1_47' title="bbox 275 3086 1874 3178">
    <p class='ocr_par' dir='ltr' id='par_1_47' title="bbox 275 3086 1874 3178">
     <span class='ocr_line' id='line_1_47' title="bbox 275 3086 1874 3178; baseline -0.013 -20"><span class='ocrx_word' id='word_1_354' title='bbox 275 3100 625 3178; x_wconf 79' lang='grc' dir='ltr'><strong>πρωρισμόν,</strong></span> <span class='ocrx_word' id='word_1_355' title='bbox 662 3096 715 3152; x_wconf 87' lang='lat' dir='ltr'><strong>id</strong></span> <span class='ocrx_word' id='word_1_356' title='bbox 757 3105 870 3160; x_wconf 82' lang='lat' dir='ltr'><strong>est,</strong></span> <span class='ocrx_word' id='word_1_357' title='bbox 923 3090 1430 3166; x_wconf 83' lang='lat' dir='ltr'><strong>prtedestinationem</strong></span> <span class='ocrx_word' id='word_1_358' title='bbox 1456 3088 1509 3141; x_wconf 87' lang='lat' dir='ltr'><strong>in</strong></span> <span class='ocrx_word' id='word_1_359' title='bbox 1539 3086 1874 3152; x_wconf 80' lang='lat' dir='ltr'><strong>adoptionem</strong></span> 
     </span>
    </p>
   </div>
   <div class='ocr_carea' id='block_1_48' title="bbox 276 3176 1874 3264">
    <p class='ocr_par' dir='ltr' id='par_1_48' title="bbox 276 3176 1874 3264">
     <span class='ocr_line' id='line_1_48' title="bbox 276 3176 1874 3264; baseline -0.012 -16"><span class='ocrx_word' id='word_1_360' title='bbox 276 3176 507 3264; x_wconf 72' lang='lat' dir='ltr'><strong>ﬁliorum</strong></span> <span class='ocrx_word' id='word_1_361' title='bbox 531 3206 624 3263; x_wconf 86' lang='lat' dir='ltr'><strong>per</strong></span> <span class='ocrx_word' id='word_1_362' title='bbox 647 3187 830 3243; x_wconf 73' lang='lat' dir='ltr'><strong>Iesum</strong></span> <span class='ocrx_word' id='word_1_363' title='bbox 857 3185 1124 3242; x_wconf 77' lang='lat' dir='ltr'><strong>Christum</strong></span> <span class='ocrx_word' id='word_1_364' title='bbox 1153 3181 1374 3254; x_wconf 81' lang='lat' dir='ltr'><strong>posuit:</strong></span> <span class='ocrx_word' id='word_1_365' title='bbox 1402 3178 1490 3234; x_wconf 87' lang='lat' dir='ltr'><strong>hic</strong></span> <span class='ocrx_word' id='word_1_366' title='bbox 1519 3193 1651 3233; x_wconf 82' lang='lat' dir='ltr'><strong>vero</strong></span> <span class='ocrx_word' id='word_1_367' title='bbox 1687 3176 1874 3251; x_wconf 78' lang='grc' dir='ltr'><strong>πρόθε-</strong></span> 
     </span>
    </p>
   </div>
   <div class='ocr_carea' id='block_1_49' title="bbox 1971 1975 3576 2050">
    <p class='ocr_par' dir='ltr' id='par_1_49' title="bbox 1971 1975 3576 2050">
     <span class='ocr_line' id='line_1_49' title="bbox 1971 1975 3576 2050; baseline 0.002 -19"><span class='ocrx_word' id='word_1_368' title='bbox 1971 1991 2204 2047; x_wconf 78' lang='lat' dir='ltr'><strong>guarum</strong></span> <span class='ocrx_word' id='word_1_369' title='bbox 2238 1975 2439 2048; x_wconf 79' lang='lat' dir='ltr'><strong>(Actor.</strong></span> <span class='ocrx_word' id='word_1_370' title='bbox 2465 1976 2549 2049; x_wconf 89' lang='grc' dir='ltr'><strong>ιι).</strong></span> <span class='ocrx_word' id='word_1_371' title='bbox 2576 1977 2731 2044; x_wconf 85' lang='lat' dir='ltr'><strong>Quod</strong></span> <span class='ocrx_word' id='word_1_372' title='bbox 2770 1977 2921 2034; x_wconf 85' lang='lat' dir='ltr'><strong>lsaac</strong></span> <span class='ocrx_word' id='word_1_373' title='bbox 2946 1979 3001 2033; x_wconf 90' lang='lat' dir='ltr'><strong>in</strong></span> <span class='ocrx_word' id='word_1_374' title='bbox 3033 1986 3162 2050; x_wconf 87' lang='lat' dir='ltr'><strong>typo</strong></span> <span class='ocrx_word' id='word_1_375' title='bbox 3186 1978 3421 2044; x_wconf 87' lang='lat' dir='ltr'><strong>Domini,</strong></span> <span class='ocrx_word' id='word_1_376' title='bbox 3449 1994 3576 2034; x_wconf 82' lang='lat' dir='ltr'><strong>cru-</strong></span> 
     </span>
    </p>
   </div>
   <div class='ocr_carea' id='block_1_50' title="bbox 1972 2068 3574 2141">
    <p class='ocr_par' dir='ltr' id='par_1_50' title="bbox 1972 2068 3574 2141">
     <span class='ocr_line' id='line_1_50' title="bbox 1972 2068 3574 2141; baseline 0.003 -18"><span class='ocrx_word' id='word_1_377' title='bbox 1972 2081 2091 2123; x_wconf 86' lang='lat' dir='ltr'><strong>cem</strong></span> <span class='ocrx_word' id='word_1_378' title='bbox 2124 2083 2277 2123; x_wconf 88' lang='lat' dir='ltr'><strong>suam</strong></span> <span class='ocrx_word' id='word_1_379' title='bbox 2320 2068 2439 2139; x_wconf 87' lang='lat' dir='ltr'><strong>ipse</strong></span> <span class='ocrx_word' id='word_1_380' title='bbox 2489 2069 2728 2139; x_wconf 84' lang='lat' dir='ltr'><strong>portavit</strong></span> <span class='ocrx_word' id='word_1_381' title='bbox 2775 2068 2984 2141; x_wconf 77' lang='lat' dir='ltr'><strong>(Cenes.</strong></span> <span class='ocrx_word' id='word_1_382' title='bbox 3018 2074 3122 2141; x_wconf 88' lang='grc' dir='ltr'><strong>ιιι).</strong></span> <span class='ocrx_word' id='word_1_383' title='bbox 3153 2071 3309 2138; x_wconf 83' lang='lat' dir='ltr'><strong>Quod</strong></span> <span class='ocrx_word' id='word_1_384' title='bbox 3339 2072 3574 2128; x_wconf 87' lang='lat' dir='ltr'><strong>Samson</strong></span> 
     </span>
    </p>
   </div>
   <div class='ocr_carea' id='block_1_51' title="bbox 1972 2161 3585 2235">
    <p class='ocr_par' dir='ltr' id='par_1_51' title="bbox 1972 2161 3585 2235">
     <span class='ocr_line' id='line_1_51' title="bbox 1972 2161 3585 2235; baseline 0.004 -21"><span class='ocrx_word' id='word_1_385' title='bbox 1972 2169 2216 2215; x_wconf 85' lang='lat' dir='ltr'><strong>sanctam</strong></span> <span class='ocrx_word' id='word_1_386' title='bbox 2256 2175 2471 2216; x_wconf 87' lang='lat' dir='ltr'><strong>comam</strong></span> <span class='ocrx_word' id='word_1_387' title='bbox 2521 2163 2805 2229; x_wconf 87' lang='lat' dir='ltr'><strong>nutriens,</strong></span> <span class='ocrx_word' id='word_1_388' title='bbox 2856 2161 3043 2217; x_wconf 74' lang='lat' dir='ltr'><strong>Dalilze</strong></span> <span class='ocrx_word' id='word_1_389' title='bbox 3081 2164 3344 2235; x_wconf 81' lang='lat' dir='ltr'><strong>pauperis</strong></span> <span class='ocrx_word' id='word_1_390' title='bbox 3385 2164 3585 2221; x_wconf 77' lang='lat' dir='ltr'><strong>dilexit</strong></span> 
     </span>
    </p>
   </div>
   <div class='ocr_carea' id='block_1_52' title="bbox 1972 2252 3578 2321">
    <p class='ocr_par' dir='ltr' id='par_1_52' title="bbox 1972 2252 3578 2321">
     <span class='ocr_line' id='line_1_52' title="bbox 1972 2252 3578 2321; baseline 0.004 -15"><span class='ocrx_word' id='word_1_391' title='bbox 1972 2252 2287 2321; x_wconf 84' lang='lat' dir='ltr'><strong>amplexus,</strong></span> <span class='ocrx_word' id='word_1_392' title='bbox 2318 2262 2375 2308; x_wconf 88' lang='lat' dir='ltr'><strong>et</strong></span> <span class='ocrx_word' id='word_1_393' title='bbox 2401 2254 2584 2308; x_wconf 86' lang='lat' dir='ltr'><strong>omnia</strong></span> <span class='ocrx_word' id='word_1_394' title='bbox 2615 2255 2797 2310; x_wconf 87' lang='lat' dir='ltr'><strong>cordis</strong></span> <span class='ocrx_word' id='word_1_395' title='bbox 2826 2255 2911 2311; x_wconf 87' lang='lat' dir='ltr'><strong>sui</strong></span> <span class='ocrx_word' id='word_1_396' title='bbox 2936 2262 3149 2311; x_wconf 81' lang='lat' dir='ltr'><strong>secreta</strong></span> <span class='ocrx_word' id='word_1_397' title='bbox 3175 2255 3458 2313; x_wconf 78' lang='lat' dir='ltr'><strong>confessus</strong></span> <span class='ocrx_word' id='word_1_398' title='bbox 3491 2263 3578 2313; x_wconf 80' lang='lat' dir='ltr'><strong>est</strong></span> 
     </span>
    </p>
   </div>
   <div class='ocr_carea' id='block_1_53' title="bbox 1974 2341 3576 2415">
    <p class='ocr_par' dir='ltr' id='par_1_53' title="bbox 1974 2341 3576 2415">
     <span class='ocr_line' id='line_1_53' title="bbox 1974 2341 3576 2415; baseline 0.005 -17"><span class='ocrx_word' id='word_1_399' title='bbox 1974 2341 2175 2411; x_wconf 74' lang='lat' dir='ltr'><strong>(ludio.</strong></span> <span class='ocrx_word' id='word_1_400' title='bbox 2202 2345 2337 2415; x_wconf 74' lang='lat' dir='ltr'><strong>xvi).</strong></span> <span class='ocrx_word' id='word_1_401' title='bbox 2368 2343 2667 2401; x_wconf 82' lang='lat' dir='ltr'><strong>Salvatoris</strong></span> <span class='ocrx_word' id='word_1_402' title='bbox 2697 2358 2751 2402; x_wconf 90' lang='lat' dir='ltr'><strong>et</strong></span> <span class='ocrx_word' id='word_1_403' title='bbox 2779 2347 3036 2403; x_wconf 72' lang='lat' dir='ltr'><strong>Ecclesia:</strong></span> <span class='ocrx_word' id='word_1_404' title='bbox 3062 2362 3130 2404; x_wconf 91' lang='lat' dir='ltr'><strong>ex</strong></span> <span class='ocrx_word' id='word_1_405' title='bbox 3151 2345 3420 2405; x_wconf 87' lang='lat' dir='ltr'><strong>Gentibus</strong></span> <span class='ocrx_word' id='word_1_406' title='bbox 3441 2364 3576 2406; x_wconf 86' lang='lat' dir='ltr'><strong>vere</strong></span> 
     </span>
    </p>
   </div>
   <div class='ocr_carea' id='block_1_54' title="bbox 1977 2438 3575 2513">
    <p class='ocr_par' dir='ltr' id='par_1_54' title="bbox 1977 2438 3575 2513">
     <span class='ocr_line' id='line_1_54' title="bbox 1977 2438 3575 2513; baseline 0.004 -23"><span class='ocrx_word' id='word_1_407' title='bbox 1977 2438 2231 2508; x_wconf 79' lang='lat' dir='ltr'><strong>pauperis</strong></span> <span class='ocrx_word' id='word_1_408' title='bbox 2250 2449 2302 2491; x_wconf 90' lang='lat' dir='ltr'><strong>et</strong></span> <span class='ocrx_word' id='word_1_409' title='bbox 2327 2451 2511 2507; x_wconf 69' lang='lat' dir='ltr'><strong>egena:</strong></span> <span class='ocrx_word' id='word_1_410' title='bbox 2532 2439 2854 2510; x_wconf 87' lang='lat' dir='ltr'><strong>mysterium</strong></span> <span class='ocrx_word' id='word_1_411' title='bbox 2881 2439 3221 2511; x_wconf 80' lang='lat' dir='ltr'><strong>signiﬁcabat</strong></span> <span class='ocrx_word' id='word_1_412' title='bbox 3238 2440 3415 2512; x_wconf 82' lang='lat' dir='ltr'><strong>(Joan.</strong></span> <span class='ocrx_word' id='word_1_413' title='bbox 3435 2443 3575 2513; x_wconf 81' lang='lat' dir='ltr'><strong>xix).</strong></span> 
     </span>
    </p>
   </div>
   <div class='ocr_carea' id='block_1_55' title="bbox 1974 2528 3578 2604">
    <p class='ocr_par' dir='ltr' id='par_1_55' title="bbox 1974 2528 3578 2604">
     <span class='ocr_line' id='line_1_55' title="bbox 1974 2528 3578 2604; baseline 0.002 -20"><span class='ocrx_word' id='word_1_414' title='bbox 1974 2528 2032 2584; x_wconf 89' lang='lat' dir='ltr'><strong>In</strong></span> <span class='ocrx_word' id='word_1_415' title='bbox 2059 2543 2229 2585; x_wconf 89' lang='lat' dir='ltr'><strong>cruce</strong></span> <span class='ocrx_word' id='word_1_416' title='bbox 2272 2531 2454 2598; x_wconf 87' lang='lat' dir='ltr'><strong>itaque</strong></span> <span class='ocrx_word' id='word_1_417' title='bbox 2487 2529 2726 2597; x_wconf 88' lang='lat' dir='ltr'><strong>Domini,</strong></span> <span class='ocrx_word' id='word_1_418' title='bbox 2759 2541 2815 2587; x_wconf 88' lang='lat' dir='ltr'><strong>et</strong></span> <span class='ocrx_word' id='word_1_419' title='bbox 2853 2531 2909 2585; x_wconf 92' lang='lat' dir='ltr'><strong>iu</strong></span> <span class='ocrx_word' id='word_1_420' title='bbox 2939 2533 3192 2603; x_wconf 86' lang='lat' dir='ltr'><strong>passione</strong></span> <span class='ocrx_word' id='word_1_421' title='bbox 3220 2533 3340 2603; x_wconf 77' lang='lat' dir='ltr'><strong>ejus</strong></span> <span class='ocrx_word' id='word_1_422' title='bbox 3367 2532 3578 2604; x_wconf 87' lang='lat' dir='ltr'><strong>recapi-</strong></span> 
     </span>
    </p>
   </div>
   <div class='ocr_carea' id='block_1_56' title="bbox 1975 2622 3579 2702">
    <p class='ocr_par' dir='ltr' id='par_1_56' title="bbox 1975 2622 3579 2702">
     <span class='ocr_line' id='line_1_56' title="bbox 1975 2622 3579 2702; baseline 0.006 -26"><span class='ocrx_word' id='word_1_423' title='bbox 1975 2624 2140 2677; x_wconf 89' lang='lat' dir='ltr'><strong>tulata</strong></span> <span class='ocrx_word' id='word_1_424' title='bbox 2170 2632 2296 2677; x_wconf 90' lang='lat' dir='ltr'><strong>sunt</strong></span> <span class='ocrx_word' id='word_1_425' title='bbox 2321 2622 2500 2677; x_wconf 87' lang='lat' dir='ltr'><strong>omnia</strong></span> <span class='ocrx_word' id='word_1_426' title='bbox 2521 2665 2537 2691; x_wconf 95' lang='lat'><strong>,</strong></span> <span class='ocrx_word' id='word_1_427' title='bbox 2568 2624 2621 2679; x_wconf 93' lang='lat' dir='ltr'><strong>id</strong></span> <span class='ocrx_word' id='word_1_428' title='bbox 2656 2635 2772 2690; x_wconf 89' lang='lat' dir='ltr'><strong>est,</strong></span> <span class='ocrx_word' id='word_1_429' title='bbox 2804 2627 3060 2682; x_wconf 86' lang='lat' dir='ltr'><strong>universa</strong></span> <span class='ocrx_word' id='word_1_430' title='bbox 3104 2628 3159 2682; x_wconf 92' lang='lat' dir='ltr'><strong>in</strong></span> <span class='ocrx_word' id='word_1_431' title='bbox 3192 2628 3295 2683; x_wconf 86' lang='lat' dir='ltr'><strong>hac</strong></span> <span class='ocrx_word' id='word_1_432' title='bbox 3326 2629 3579 2702; x_wconf 69' lang='grc' dir='ltr'><strong>ἀνακεφα-</strong></span> 
     </span>
    </p>
   </div>
   <div class='ocr_carea' id='block_1_57' title="bbox 1971 2716 3579 2794">
    <p class='ocr_par' dir='ltr' id='par_1_57' title="bbox 1971 2716 3579 2794">
     <span class='ocr_line' id='line_1_57' title="bbox 1971 2716 3579 2794; baseline 0.004 -23"><span class='ocrx_word' id='word_1_433' title='bbox 1971 2716 2184 2772; x_wconf 62' lang='lat' dir='ltr'><strong>laedis-st</strong></span> <span class='ocrx_word' id='word_1_434' title='bbox 2225 2725 2536 2786; x_wconf 87' lang='lat' dir='ltr'><strong>supputata.</strong></span> <span class='ocrx_word' id='word_1_435' title='bbox 2564 2717 2719 2784; x_wconf 83' lang='lat' dir='ltr'><strong>Quod</strong></span> <span class='ocrx_word' id='word_1_436' title='bbox 2761 2727 2823 2775; x_wconf 90' lang='lat' dir='ltr'><strong>ut</strong></span> <span class='ocrx_word' id='word_1_437' title='bbox 2851 2721 3194 2777; x_wconf 77' lang='lat' dir='ltr'><strong>manifestius</strong></span> <span class='ocrx_word' id='word_1_438' title='bbox 3235 2721 3351 2788; x_wconf 86' lang='lat' dir='ltr'><strong>liat,</strong></span> <span class='ocrx_word' id='word_1_439' title='bbox 3393 2721 3579 2794; x_wconf 80' lang='lat' dir='ltr'><strong>quoti-</strong></span> 
     </span>
    </p>
   </div>
   <div class='ocr_carea' id='block_1_58' title="bbox 1974 2808 3573 2885">
    <p class='ocr_par' dir='ltr' id='par_1_58' title="bbox 1974 2808 3573 2885">
     <span class='ocr_line' id='line_1_58' title="bbox 1974 2808 3573 2885; baseline 0.004 -20"><span class='ocrx_word' id='word_1_440' title='bbox 1974 2808 2149 2865; x_wconf 67' lang='lat' dir='ltr'><strong>dianae</strong></span> <span class='ocrx_word' id='word_1_441' title='bbox 2189 2809 2607 2865; x_wconf 86' lang='lat' dir='ltr'><strong>consuetudinis</strong></span> <span class='ocrx_word' id='word_1_442' title='bbox 2656 2811 2874 2881; x_wconf 87' lang='lat' dir='ltr'><strong>aliquod</strong></span> <span class='ocrx_word' id='word_1_443' title='bbox 2927 2828 3192 2881; x_wconf 87' lang='lat' dir='ltr'><strong>ponamus</strong></span> <span class='ocrx_word' id='word_1_444' title='bbox 3240 2815 3573 2885; x_wconf 86' lang='lat' dir='ltr'><strong>exemplum.</strong></span> 
     </span>
    </p>
   </div>
   <div class='ocr_carea' id='block_1_59' title="bbox 1975 2901 3579 2980">
    <p class='ocr_par' dir='ltr' id='par_1_59' title="bbox 1975 2901 3579 2980">
     <span class='ocr_line' id='line_1_59' title="bbox 1975 2901 3579 2980; baseline 0.006 -24"><span class='ocrx_word' id='word_1_445' title='bbox 1975 2901 2145 2957; x_wconf 81' lang='lat' dir='ltr'><strong>Verbi</strong></span> <span class='ocrx_word' id='word_1_446' title='bbox 2171 2917 2364 2957; x_wconf 88' lang='lat' dir='ltr'><strong>causa:</strong></span> <span class='ocrx_word' id='word_1_447' title='bbox 2399 2901 2602 2972; x_wconf 81' lang='lat' dir='ltr'><strong>Viginti</strong></span> <span class='ocrx_word' id='word_1_448' title='bbox 2633 2904 2890 2960; x_wconf 85' lang='lat' dir='ltr'><strong>denarios</strong></span> <span class='ocrx_word' id='word_1_449' title='bbox 2912 2907 3150 2977; x_wconf 88' lang='lat' dir='ltr'><strong>erogavi,</strong></span> <span class='ocrx_word' id='word_1_450' title='bbox 3180 2920 3397 2964; x_wconf 87' lang='lat' dir='ltr'><strong>rursum</strong></span> <span class='ocrx_word' id='word_1_451' title='bbox 3420 2909 3579 2980; x_wconf 88' lang='lat' dir='ltr'><strong>quin-</strong></span> 
     </span>
    </p>
   </div>
   <div class='ocr_carea' id='block_1_60' title="bbox 1974 2996 3580 3072">
    <p class='ocr_par' dir='ltr' id='par_1_60' title="bbox 1974 2996 3580 3072">
     <span class='ocr_line' id='line_1_60' title="bbox 1974 2996 3580 3072; baseline 0.005 -20"><span class='ocrx_word' id='word_1_452' title='bbox 1974 3011 2100 3068; x_wconf 89' lang='lat' dir='ltr'><strong>que,</strong></span> <span class='ocrx_word' id='word_1_453' title='bbox 2121 3004 2177 3052; x_wconf 91' lang='lat' dir='ltr'><strong>et</strong></span> <span class='ocrx_word' id='word_1_454' title='bbox 2195 2997 2333 3052; x_wconf 85' lang='lat' dir='ltr'><strong>alios</strong></span> <span class='ocrx_word' id='word_1_455' title='bbox 2351 2996 2698 3067; x_wconf 88' lang='lat' dir='ltr'><strong>quindecim;</strong></span> <span class='ocrx_word' id='word_1_456' title='bbox 2729 2999 2948 3071; x_wconf 87' lang='lat' dir='ltr'><strong>triginta</strong></span> <span class='ocrx_word' id='word_1_457' title='bbox 2964 3016 3182 3072; x_wconf 90' lang='lat' dir='ltr'><strong>quoque</strong></span> <span class='ocrx_word' id='word_1_458' title='bbox 3195 3013 3248 3057; x_wconf 77' lang='lat' dir='ltr'><strong>et</strong></span> <span class='ocrx_word' id='word_1_459' title='bbox 3274 3012 3355 3057; x_wconf 89' lang='lat' dir='ltr'><strong>ter</strong></span> <span class='ocrx_word' id='word_1_460' title='bbox 3370 3002 3580 3071; x_wconf 85' lang='lat' dir='ltr'><strong>decies,</strong></span> 
     </span>
    </p>
   </div>
   <div class='ocr_carea' id='block_1_61' title="bbox 1977 3091 3577 3162">
    <p class='ocr_par' dir='ltr' id='par_1_61' title="bbox 1977 3091 3577 3162">
     <span class='ocr_line' id='line_1_61' title="bbox 1977 3091 3577 3162; baseline 0.004 -17"><span class='ocrx_word' id='word_1_461' title='bbox 1977 3106 2073 3160; x_wconf 90' lang='lat' dir='ltr'><strong>per</strong></span> <span class='ocrx_word' id='word_1_462' title='bbox 2102 3091 2315 3145; x_wconf 87' lang='lat' dir='ltr'><strong>diversa</strong></span> <span class='ocrx_word' id='word_1_463' title='bbox 2357 3099 2603 3162; x_wconf 83' lang='lat' dir='ltr'><strong>tempora</strong></span> <span class='ocrx_word' id='word_1_464' title='bbox 2633 3091 2783 3147; x_wconf 86' lang='lat' dir='ltr'><strong>dedi.</strong></span> <span class='ocrx_word' id='word_1_465' title='bbox 2816 3092 2944 3147; x_wconf 70' lang='lat' dir='ltr'><strong>Haec</strong></span> <span class='ocrx_word' id='word_1_466' title='bbox 2972 3093 3019 3148; x_wconf 88' lang='lat' dir='ltr'><strong>si</strong></span> <span class='ocrx_word' id='word_1_467' title='bbox 3068 3094 3121 3149; x_wconf 90' lang='lat' dir='ltr'><strong>in</strong></span> <span class='ocrx_word' id='word_1_468' title='bbox 3155 3110 3317 3149; x_wconf 89' lang='lat' dir='ltr'><strong>unum</strong></span> <span class='ocrx_word' id='word_1_469' title='bbox 3351 3096 3577 3150; x_wconf 89' lang='lat' dir='ltr'><strong>voluero</strong></span> 
     </span>
    </p>
   </div>
   <div class='ocr_carea' id='block_1_62' title="bbox 1975 3184 3575 3255">
    <p class='ocr_par' dir='ltr' id='par_1_62' title="bbox 1975 3184 3575 3255">
     <span class='ocr_line' id='line_1_62' title="bbox 1975 3184 3575 3255; baseline 0.004 -18"><span class='ocrx_word' id='word_1_470' title='bbox 1975 3192 2296 3255; x_wconf 81' lang='lat' dir='ltr'><strong>supputare,</strong></span> <span class='ocrx_word' id='word_1_471' title='bbox 2327 3184 2634 3240; x_wconf 88' lang='lat' dir='ltr'><strong>centenarii</strong></span> <span class='ocrx_word' id='word_1_472' title='bbox 2671 3184 2801 3240; x_wconf 90' lang='lat' dir='ltr'><strong>mihi</strong></span> <span class='ocrx_word' id='word_1_473' title='bbox 2832 3186 3047 3241; x_wconf 89' lang='lat' dir='ltr'><strong>numeri</strong></span> <span class='ocrx_word' id='word_1_474' title='bbox 3084 3202 3294 3242; x_wconf 90' lang='lat' dir='ltr'><strong>summa</strong></span> <span class='ocrx_word' id='word_1_475' title='bbox 3350 3203 3575 3244; x_wconf 79' lang='lat' dir='ltr'><strong>succrc-</strong></span> 
     </span>
    </p>
   </div>
   <div class='ocr_carea' id='block_1_63' title="bbox 276 3269 3582 3352">
    <p class='ocr_par' dir='ltr' id='par_1_63' title="bbox 276 3269 3582 3352">
     <span class='ocr_line' id='line_1_63' title="bbox 276 3269 3582 3352; baseline -0.002 -11"><span class='ocrx_word' id='word_1_476' title='bbox 276 3302 398 3352; x_wconf 77' lang='grc' dir='ltr'><strong>σιν,</strong></span> <span class='ocrx_word' id='word_1_477' title='bbox 438 3282 493 3338; x_wconf 90' lang='lat' dir='ltr'><strong>id</strong></span> <span class='ocrx_word' id='word_1_478' title='bbox 530 3288 616 3338; x_wconf 86' lang='lat' dir='ltr'><strong>est</strong></span> <span class='ocrx_word' id='word_1_479' title='bbox 638 3323 653 3348; x_wconf 95' lang='lat'><strong>,</strong></span> <span class='ocrx_word' id='word_1_480' title='bbox 687 3280 1112 3352; x_wconf 84' lang='lat' dir='ltr'><strong>propositionem.</strong></span> <span class='ocrx_word' id='word_1_481' title='bbox 1145 3276 1289 3330; x_wconf 87' lang='lat' dir='ltr'><strong>Inter</strong></span> <span class='ocrx_word' id='word_1_482' title='bbox 1332 3269 1867 3344; x_wconf 63' lang='lat' dir='ltr'><strong>praedestinationcm</strong></span> <span class='ocrx_word' id='word_1_483' title='bbox 1895 3271 1943 3336; x_wconf 85' lang='lat' dir='ltr'><strong>C</strong></span> <span class='ocrx_word' id='word_1_484' title='bbox 1973 3275 2099 3339; x_wconf 88' lang='lat' dir='ltr'><strong>scit,</strong></span> <span class='ocrx_word' id='word_1_485' title='bbox 2134 3283 2188 3329; x_wconf 89' lang='lat' dir='ltr'><strong>et</strong></span> <span class='ocrx_word' id='word_1_486' title='bbox 2216 3276 2268 3329; x_wconf 90' lang='lat' dir='ltr'><strong>in</strong></span> <span class='ocrx_word' id='word_1_487' title='bbox 2303 3290 2411 3329; x_wconf 89' lang='lat' dir='ltr'><strong>uno</strong></span> <span class='ocrx_word' id='word_1_488' title='bbox 2451 3291 2680 3331; x_wconf 89' lang='lat' dir='ltr'><strong>numero</strong></span> <span class='ocrx_word' id='word_1_489' title='bbox 2711 3274 2925 3333; x_wconf 87' lang='lat' dir='ltr'><strong>habebo</strong></span> <span class='ocrx_word' id='word_1_490' title='bbox 2945 3279 3124 3333; x_wconf 88' lang='lat' dir='ltr'><strong>omnia</strong></span> <span class='ocrx_word' id='word_1_491' title='bbox 3151 3294 3274 3350; x_wconf 64' lang='lat' dir='ltr'><strong>quae</strong></span> <span class='ocrx_word' id='word_1_492' title='bbox 3322 3290 3449 3335; x_wconf 90' lang='lat' dir='ltr'><strong>autc</strong></span> <span class='ocrx_word' id='word_1_493' title='bbox 3484 3280 3582 3336; x_wconf 87' lang='lat' dir='ltr'><strong>de-</strong></span> 
     </span>
    </p>
   </div>
   <div class='ocr_carea' id='block_1_64' title="bbox 276 3360 1874 3444">
    <p class='ocr_par' dir='ltr' id='par_1_64' title="bbox 276 3360 1874 3444">
     <span class='ocr_line' id='line_1_64' title="bbox 276 3360 1874 3444; baseline -0.01 -13"><span class='ocrx_word' id='word_1_494' title='bbox 276 3386 487 3441; x_wconf 88' lang='lat' dir='ltr'><strong>autem,</strong></span> <span class='ocrx_word' id='word_1_495' title='bbox 514 3383 572 3430; x_wconf 94' lang='lat' dir='ltr'><strong>et</strong></span> <span class='ocrx_word' id='word_1_496' title='bbox 601 3371 967 3444; x_wconf 87' lang='lat' dir='ltr'><strong>propositum,</strong></span> <span class='ocrx_word' id='word_1_497' title='bbox 993 3370 1045 3425; x_wconf 85' lang='lat' dir='ltr'><strong>ui</strong></span> <span class='ocrx_word' id='word_1_498' title='bbox 1067 3369 1159 3440; x_wconf 90' lang='lat' dir='ltr'><strong>qui</strong></span> <span class='ocrx_word' id='word_1_499' title='bbox 1187 3367 1369 3422; x_wconf 87' lang='lat' dir='ltr'><strong>solent</strong></span> <span class='ocrx_word' id='word_1_500' title='bbox 1398 3366 1537 3419; x_wconf 88' lang='lat' dir='ltr'><strong>inter</strong></span> <span class='ocrx_word' id='word_1_501' title='bbox 1568 3362 1732 3417; x_wconf 81' lang='lat' dir='ltr'><strong>verba</strong></span> <span class='ocrx_word' id='word_1_502' title='bbox 1761 3360 1874 3415; x_wconf 89' lang='lat' dir='ltr'><strong>dis-</strong></span> 
     </span>
    </p>
   </div>
   <div class='ocr_carea' id='block_1_65' title="bbox 274 3452 1874 3536">
    <p class='ocr_par' dir='ltr' id='par_1_65' title="bbox 274 3452 1874 3536">
     <span class='ocr_line' id='line_1_65' title="bbox 274 3452 1874 3536; baseline -0.011 -12"><span class='ocrx_word' id='word_1_503' title='bbox 274 3477 501 3536; x_wconf 86' lang='lat' dir='ltr'><strong>cutere,</strong></span> <span class='ocrx_word' id='word_1_504' title='bbox 533 3464 639 3521; x_wconf 80' lang='lat' dir='ltr'><strong>hoc</strong></span> <span class='ocrx_word' id='word_1_505' title='bbox 666 3472 916 3519; x_wconf 87' lang='lat' dir='ltr'><strong>asserunt</strong></span> <span class='ocrx_word' id='word_1_506' title='bbox 958 3461 1256 3520; x_wconf 79' lang='lat' dir='ltr'><strong>interesse,</strong></span> <span class='ocrx_word' id='word_1_507' title='bbox 1288 3455 1433 3526; x_wconf 87' lang='lat' dir='ltr'><strong>quod</strong></span> <span class='ocrx_word' id='word_1_508' title='bbox 1469 3452 1874 3524; x_wconf 70' lang='lat' dir='ltr'><strong>prmdestinatio</strong></span> 
     </span>
    </p>
   </div>
   <div class='ocr_carea' id='block_1_66' title="bbox 275 3546 1874 3631">
    <p class='ocr_par' dir='ltr' id='par_1_66' title="bbox 275 3546 1874 3631">
     <span class='ocr_line' id='line_1_66' title="bbox 275 3546 1874 3631; baseline -0.011 -14"><span class='ocrx_word' id='word_1_509' title='bbox 275 3558 509 3631; x_wconf 75' lang='lat' dir='ltr'><strong>alicujus</strong></span> <span class='ocrx_word' id='word_1_510' title='bbox 548 3559 630 3615; x_wconf 84' lang='lat' dir='ltr'><strong>rei</strong></span> <span class='ocrx_word' id='word_1_511' title='bbox 669 3557 844 3613; x_wconf 90' lang='lat' dir='ltr'><strong>multo</strong></span> <span class='ocrx_word' id='word_1_512' title='bbox 888 3565 1017 3610; x_wconf 85' lang='lat' dir='ltr'><strong>ante</strong></span> <span class='ocrx_word' id='word_1_513' title='bbox 1058 3554 1112 3608; x_wconf 91' lang='lat' dir='ltr'><strong>in</strong></span> <span class='ocrx_word' id='word_1_514' title='bbox 1145 3562 1326 3607; x_wconf 85' lang='lat' dir='ltr'><strong>mente</strong></span> <span class='ocrx_word' id='word_1_515' title='bbox 1356 3549 1475 3618; x_wconf 80' lang='lat' dir='ltr'><strong>ejus</strong></span> <span class='ocrx_word' id='word_1_516' title='bbox 1514 3547 1605 3619; x_wconf 91' lang='lat' dir='ltr'><strong>qui</strong></span> <span class='ocrx_word' id='word_1_517' title='bbox 1634 3546 1874 3601; x_wconf 80' lang='lat' dir='ltr'><strong>destinet</strong></span> 
     </span>
    </p>
   </div>
   <div class='ocr_carea' id='block_1_67' title="bbox 272 3641 1868 3726">
    <p class='ocr_par' dir='ltr' id='par_1_67' title="bbox 272 3641 1868 3726">
     <span class='ocr_line' id='line_1_67' title="bbox 272 3641 1868 3726; baseline -0.011 -16"><span class='ocrx_word' id='word_1_518' title='bbox 272 3653 408 3726; x_wconf 89' lang='lat' dir='ltr'><strong>quid</strong></span> <span class='ocrx_word' id='word_1_519' title='bbox 440 3653 681 3709; x_wconf 80' lang='lat' dir='ltr'><strong>futurum</strong></span> <span class='ocrx_word' id='word_1_520' title='bbox 722 3651 830 3717; x_wconf 87' lang='lat' dir='ltr'><strong>sit,</strong></span> <span class='ocrx_word' id='word_1_521' title='bbox 878 3648 1238 3720; x_wconf 71' lang='lat' dir='ltr'><strong>prmﬁguret:</strong></span> <span class='ocrx_word' id='word_1_522' title='bbox 1280 3641 1622 3713; x_wconf 82' lang='lat' dir='ltr'><strong>Pr0positutn</strong></span> <span class='ocrx_word' id='word_1_523' title='bbox 1666 3648 1868 3707; x_wconf 87' lang='lat' dir='ltr'><strong>autem,</strong></span> 
     </span>
    </p>
   </div>
   <div class='ocr_carea' id='block_1_68' title="bbox 272 3731 1875 3813">
    <p class='ocr_par' dir='ltr' id='par_1_68' title="bbox 272 3731 1875 3813">
     <span class='ocr_line' id='line_1_68' title="bbox 272 3731 1875 3813; baseline -0.009 -12"><span class='ocrx_word' id='word_1_524' title='bbox 272 3758 401 3801; x_wconf 87' lang='lat' dir='ltr'><strong>cum</strong></span> <span class='ocrx_word' id='word_1_525' title='bbox 418 3744 536 3813; x_wconf 72' lang='lat' dir='ltr'><strong>iam</strong></span> <span class='ocrx_word' id='word_1_526' title='bbox 555 3742 733 3800; x_wconf 80' lang='lat' dir='ltr'><strong>vicina</strong></span> <span class='ocrx_word' id='word_1_527' title='bbox 760 3741 831 3797; x_wconf 90' lang='lat' dir='ltr'><strong>sit</strong></span> <span class='ocrx_word' id='word_1_528' title='bbox 854 3739 1213 3806; x_wconf 80' lang='lat' dir='ltr'><strong>machinatio,</strong></span> <span class='ocrx_word' id='word_1_529' title='bbox 1244 3745 1299 3792; x_wconf 92' lang='lat' dir='ltr'><strong>et</strong></span> <span class='ocrx_word' id='word_1_530' title='bbox 1327 3751 1463 3806; x_wconf 81' lang='lat' dir='ltr'><strong>pene</strong></span> <span class='ocrx_word' id='word_1_531' title='bbox 1488 3731 1875 3805; x_wconf 83' lang='lat' dir='ltr'><strong>cogitationem</strong></span> 
     </span>
    </p>
   </div>
   <div class='ocr_carea' id='block_1_69' title="bbox 272 3825 1876 3911">
    <p class='ocr_par' dir='ltr' id='par_1_69' title="bbox 272 3825 1876 3911">
     <span class='ocr_line' id='line_1_69' title="bbox 272 3825 1876 3911; baseline -0.009 -16"><span class='ocrx_word' id='word_1_532' title='bbox 272 3847 538 3911; x_wconf 80' lang='lat' dir='ltr'><strong>sequatur</strong></span> <span class='ocrx_word' id='word_1_533' title='bbox 560 3836 807 3893; x_wconf 65' lang='lat' dir='ltr'><strong>eiectus.</strong></span> <span class='ocrx_word' id='word_1_534' title='bbox 833 3832 991 3903; x_wconf 86' lang='lat' dir='ltr'><strong>Quod</strong></span> <span class='ocrx_word' id='word_1_535' title='bbox 1019 3848 1150 3889; x_wconf 87' lang='lat' dir='ltr'><strong>vero</strong></span> <span class='ocrx_word' id='word_1_536' title='bbox 1176 3832 1276 3897; x_wconf 90' lang='lat' dir='ltr'><strong>ait,</strong></span> <span class='ocrx_word' id='word_1_537' title='bbox 1312 3829 1577 3902; x_wconf 80' lang='lat' dir='ltr'><strong>praposuit</strong></span> <span class='ocrx_word' id='word_1_538' title='bbox 1606 3828 1661 3882; x_wconf 88' lang='lat' dir='ltr'><strong>in</strong></span> <span class='ocrx_word' id='word_1_539' title='bbox 1690 3842 1772 3893; x_wconf 88' lang='lat' dir='ltr'><strong>eo,</strong></span> <span class='ocrx_word' id='word_1_540' title='bbox 1805 3825 1876 3881; x_wconf 85' lang='lat' dir='ltr'><strong>ad</strong></span> 
     </span>
    </p>
   </div>
   <div class='ocr_carea' id='block_1_70' title="bbox 273 3919 1878 4006">
    <p class='ocr_par' dir='ltr' id='par_1_70' title="bbox 273 3919 1878 4006">
     <span class='ocr_line' id='line_1_70' title="bbox 273 3919 1878 4006; baseline -0.009 -17"><span class='ocrx_word' id='word_1_541' title='bbox 273 3931 598 4006; x_wconf 79' lang='lat' dir='ltr'><strong>mysterium</strong></span> <span class='ocrx_word' id='word_1_542' title='bbox 642 3926 987 3987; x_wconf 74' lang='lat' dir='ltr'><strong>referendum</strong></span> <span class='ocrx_word' id='word_1_543' title='bbox 1032 3935 1158 3983; x_wconf 86' lang='lat' dir='ltr'><strong>est:</strong></span> <span class='ocrx_word' id='word_1_544' title='bbox 1214 3923 1479 3996; x_wconf 88' lang='lat' dir='ltr'><strong>siquidem</strong></span> <span class='ocrx_word' id='word_1_545' title='bbox 1521 3936 1689 3992; x_wconf 88' lang='lat' dir='ltr'><strong>supra</strong></span> <span class='ocrx_word' id='word_1_546' title='bbox 1722 3919 1878 3975; x_wconf 86' lang='lat' dir='ltr'><strong>dixe-</strong></span> 
     </span>
    </p>
   </div>
   <div class='ocr_carea' id='block_1_71' title="bbox 276 4013 1874 4096">
    <p class='ocr_par' dir='ltr' id='par_1_71' title="bbox 276 4013 1874 4096">
     <span class='ocr_line' id='line_1_71' title="bbox 276 4013 1874 4096; baseline -0.011 -13"><span class='ocrx_word' id='word_1_547' title='bbox 276 4036 402 4084; x_wconf 87' lang='lat' dir='ltr'><strong>rat:</strong></span> <span class='ocrx_word' id='word_1_548' title='bbox 428 4037 487 4082; x_wconf 85' lang='lat' dir='ltr'><strong>ut</strong></span> <span class='ocrx_word' id='word_1_549' title='bbox 514 4033 701 4081; x_wconf 83' lang='lat' dir='ltr'><strong>notum</strong></span> <span class='ocrx_word' id='word_1_550' title='bbox 725 4025 913 4096; x_wconf 74' lang='lat' dir='ltr'><strong>faceret</strong></span> <span class='ocrx_word' id='word_1_551' title='bbox 940 4022 1089 4078; x_wconf 72' lang='lat' dir='ltr'><strong>nobis</strong></span> <span class='ocrx_word' id='word_1_552' title='bbox 1117 4020 1419 4093; x_wconf 76' lang='lat' dir='ltr'><strong>mysterium</strong></span> <span class='ocrx_word' id='word_1_553' title='bbox 1442 4013 1724 4071; x_wconf 74' lang='lat' dir='ltr'><strong>uoluntatis</strong></span> <span class='ocrx_word' id='word_1_554' title='bbox 1748 4028 1874 4081; x_wconf 68' lang='lat' dir='ltr'><strong>sure,</strong></span> 
     </span>
    </p>
   </div>
   <div class='ocr_carea' id='block_1_72' title="bbox 275 4108 1880 4192">
    <p class='ocr_par' dir='ltr' id='par_1_72' title="bbox 275 4108 1880 4192">
     <span class='ocr_line' id='line_1_72' title="bbox 275 4108 1880 4192; baseline -0.009 -16"><span class='ocrx_word' id='word_1_555' title='bbox 275 4121 421 4192; x_wconf 84' lang='lat' dir='ltr'><strong>quod</strong></span> <span class='ocrx_word' id='word_1_556' title='bbox 459 4120 784 4192; x_wconf 86' lang='lat' dir='ltr'><strong>mysterium</strong></span> <span class='ocrx_word' id='word_1_557' title='bbox 811 4116 1143 4189; x_wconf 87' lang='lat' dir='ltr'><strong>dispensatio</strong></span> <span class='ocrx_word' id='word_1_558' title='bbox 1173 4124 1256 4169; x_wconf 89' lang='lat' dir='ltr'><strong>est</strong></span> <span class='ocrx_word' id='word_1_559' title='bbox 1285 4108 1638 4183; x_wconf 87' lang='lat' dir='ltr'><strong>plenitudinis</strong></span> <span class='ocrx_word' id='word_1_560' title='bbox 1668 4117 1880 4179; x_wconf 85' lang='lat' dir='ltr'><strong>tempo-</strong></span> 
     </span>
    </p>
   </div>
   <div class='ocr_carea' id='block_1_73' title="bbox 277 4199 1877 4281">
    <p class='ocr_par' dir='ltr' id='par_1_73' title="bbox 277 4199 1877 4281">
     <span class='ocr_line' id='line_1_73' title="bbox 277 4199 1877 4281; baseline -0.008 -15"><span class='ocrx_word' id='word_1_561' title='bbox 277 4227 399 4266; x_wconf 82' lang='lat' dir='ltr'><strong>rum</strong></span> <span class='ocrx_word' id='word_1_562' title='bbox 412 4257 426 4281; x_wconf 88' lang='lat'><strong>,</strong></span> <span class='ocrx_word' id='word_1_563' title='bbox 445 4223 501 4266; x_wconf 89' lang='lat' dir='ltr'><strong>ut</strong></span> <span class='ocrx_word' id='word_1_564' title='bbox 514 4219 720 4264; x_wconf 77' lang='lat' dir='ltr'><strong>Statuto</strong></span> <span class='ocrx_word' id='word_1_565' title='bbox 735 4218 981 4279; x_wconf 83' lang='lat' dir='ltr'><strong>tempore</strong></span> <span class='ocrx_word' id='word_1_566' title='bbox 998 4206 1177 4261; x_wconf 82' lang='lat' dir='ltr'><strong>omnia</strong></span> <span class='ocrx_word' id='word_1_567' title='bbox 1191 4199 1877 4276; x_wconf 83' lang='lat' dir='ltr'><strong>compleantur.Quomodo</strong></span> 
     </span>
    </p>
   </div>
   <div class='ocr_carea' id='block_1_74' title="bbox 275 4296 1877 4374">
    <p class='ocr_par' dir='ltr' id='par_1_74' title="bbox 275 4296 1877 4374">
     <span class='ocr_line' id='line_1_74' title="bbox 275 4296 1877 4374; baseline -0.008 -13"><span class='ocrx_word' id='word_1_568' title='bbox 275 4305 428 4361; x_wconf 81' lang='lat' dir='ltr'><strong>enim</strong></span> <span class='ocrx_word' id='word_1_569' title='bbox 452 4304 631 4361; x_wconf 70' lang='lat' dir='ltr'><strong>haeres</strong></span> <span class='ocrx_word' id='word_1_570' title='bbox 657 4303 911 4374; x_wconf 84' lang='lat' dir='ltr'><strong>quanuliu</strong></span> <span class='ocrx_word' id='word_1_571' title='bbox 938 4301 1199 4372; x_wconf 75' lang='lat' dir='ltr'><strong>parvulus</strong></span> <span class='ocrx_word' id='word_1_572' title='bbox 1229 4311 1338 4365; x_wconf 87' lang='lat' dir='ltr'><strong>cst,</strong></span> <span class='ocrx_word' id='word_1_573' title='bbox 1370 4298 1501 4353; x_wconf 85' lang='lat' dir='ltr'><strong>licet</strong></span> <span class='ocrx_word' id='word_1_574' title='bbox 1531 4298 1704 4366; x_wconf 75' lang='lat' dir='ltr'><strong>ipsius</strong></span> <span class='ocrx_word' id='word_1_575' title='bbox 1734 4296 1877 4351; x_wconf 84' lang='lat' dir='ltr'><strong>bona</strong></span> 
     </span>
    </p>
   </div>
   <div class='ocr_carea' id='block_1_75' title="bbox 276 4386 1874 4463">
    <p class='ocr_par' dir='ltr' id='par_1_75' title="bbox 276 4386 1874 4463">
     <span class='ocr_line' id='line_1_75' title="bbox 276 4386 1874 4463; baseline -0.006 -12"><span class='ocrx_word' id='word_1_576' title='bbox 276 4397 413 4463; x_wconf 86' lang='lat' dir='ltr'><strong>sint,</strong></span> <span class='ocrx_word' id='word_1_577' title='bbox 439 4404 617 4450; x_wconf 87' lang='lat' dir='ltr'><strong>tamen</strong></span> <span class='ocrx_word' id='word_1_578' title='bbox 646 4394 876 4450; x_wconf 84' lang='lat' dir='ltr'><strong>necdum</strong></span> <span class='ocrx_word' id='word_1_579' title='bbox 905 4393 957 4448; x_wconf 89' lang='lat' dir='ltr'><strong>ei</strong></span> <span class='ocrx_word' id='word_1_580' title='bbox 984 4392 1213 4447; x_wconf 78' lang='lat' dir='ltr'><strong>debetur</strong></span> <span class='ocrx_word' id='word_1_581' title='bbox 1232 4388 1523 4444; x_wconf 71' lang='lat' dir='ltr'><strong>ltmreditas</strong></span> <span class='ocrx_word' id='word_1_582' title='bbox 1549 4387 1752 4458; x_wconf 78' lang='lat' dir='ltr'><strong>(Galat.</strong></span> <span class='ocrx_word' id='word_1_583' title='bbox 1774 4386 1874 4456; x_wconf 82' lang='lat' dir='ltr'><strong>tv):</strong></span> 
     </span>
    </p>
   </div>
   <div class='ocr_carea' id='block_1_76' title="bbox 278 4478 1877 4558">
    <p class='ocr_par' dir='ltr' id='par_1_76' title="bbox 278 4478 1877 4558">
     <span class='ocr_line' id='line_1_76' title="bbox 278 4478 1877 4558; baseline -0.009 -16"><span class='ocrx_word' id='word_1_584' title='bbox 278 4486 354 4543; x_wconf 84' lang='lat' dir='ltr'><strong>ita</strong></span> <span class='ocrx_word' id='word_1_585' title='bbox 388 4493 445 4544; x_wconf 89' lang='lat' dir='ltr'><strong>et</strong></span> <span class='ocrx_word' id='word_1_586' title='bbox 487 4486 806 4558; x_wconf 80' lang='lat' dir='ltr'><strong>mysterium</strong></span> <span class='ocrx_word' id='word_1_587' title='bbox 835 4482 981 4555; x_wconf 92' lang='lat' dir='ltr'><strong>quod</strong></span> <span class='ocrx_word' id='word_1_588' title='bbox 1009 4481 1454 4552; x_wconf 63' lang='lat' dir='ltr'><strong>praedestinatum</strong></span> <span class='ocrx_word' id='word_1_589' title='bbox 1498 4479 1675 4534; x_wconf 84' lang='lat' dir='ltr'><strong>fuerat</strong></span> <span class='ocrx_word' id='word_1_590' title='bbox 1702 4493 1733 4533; x_wconf 89' lang='lat' dir='ltr'><strong>a</strong></span> <span class='ocrx_word' id='word_1_591' title='bbox 1766 4478 1877 4533; x_wconf 73' lang='lat' dir='ltr'><strong>Deo</strong></span> 
     </span>
    </p>
   </div>
   <div class='ocr_carea' id='block_1_77' title="bbox 277 4572 1879 4650">
    <p class='ocr_par' dir='ltr' id='par_1_77' title="bbox 277 4572 1879 4650">
     <span class='ocr_line' id='line_1_77' title="bbox 277 4572 1879 4650; baseline -0.007 -13"><span class='ocrx_word' id='word_1_592' title='bbox 277 4581 335 4637; x_wconf 85' lang='lat' dir='ltr'><strong>in</strong></span> <span class='ocrx_word' id='word_1_593' title='bbox 366 4578 714 4650; x_wconf 86' lang='lat' dir='ltr'><strong>adoptionem</strong></span> <span class='ocrx_word' id='word_1_594' title='bbox 745 4577 980 4633; x_wconf 80' lang='lat' dir='ltr'><strong>ﬁliorum</strong></span> <span class='ocrx_word' id='word_1_595' title='bbox 1007 4575 1150 4645; x_wconf 84' lang='lat' dir='ltr'><strong>ejus,</strong></span> <span class='ocrx_word' id='word_1_596' title='bbox 1175 4583 1304 4628; x_wconf 88' lang='lat' dir='ltr'><strong>ante</strong></span> <span class='ocrx_word' id='word_1_597' title='bbox 1332 4587 1441 4628; x_wconf 88' lang='lat' dir='ltr'><strong>non</strong></span> <span class='ocrx_word' id='word_1_598' title='bbox 1468 4574 1643 4641; x_wconf 86' lang='lat' dir='ltr'><strong>potuit</strong></span> <span class='ocrx_word' id='word_1_599' title='bbox 1660 4572 1879 4642; x_wconf 84' lang='lat' dir='ltr'><strong>dispen-</strong></span> 
     </span>
    </p>
   </div>
   <div class='ocr_carea' id='block_1_78' title="bbox 1974 3364 3576 3441">
    <p class='ocr_par' dir='ltr' id='par_1_78' title="bbox 1974 3364 3576 3441">
     <span class='ocr_line' id='line_1_78' title="bbox 1974 3364 3576 3441; baseline 0.003 -20"><span class='ocrx_word' id='word_1_600' title='bbox 1974 3364 2193 3436; x_wconf 90' lang='lat' dir='ltr'><strong>scripsi.</strong></span> <span class='ocrx_word' id='word_1_601' title='bbox 2237 3365 2329 3423; x_wconf 90' lang='lat' dir='ltr'><strong>Sic</strong></span> <span class='ocrx_word' id='word_1_602' title='bbox 2364 3367 2544 3435; x_wconf 82' lang='lat' dir='ltr'><strong>itaque</strong></span> <span class='ocrx_word' id='word_1_603' title='bbox 2590 3369 2848 3424; x_wconf 87' lang='lat' dir='ltr'><strong>universa</strong></span> <span class='ocrx_word' id='word_1_604' title='bbox 2876 3369 3138 3441; x_wconf 82' lang='lat' dir='ltr'><strong>mysteria</strong></span> <span class='ocrx_word' id='word_1_605' title='bbox 3168 3381 3221 3424; x_wconf 90' lang='lat' dir='ltr'><strong>et</strong></span> <span class='ocrx_word' id='word_1_606' title='bbox 3251 3372 3429 3425; x_wconf 89' lang='lat' dir='ltr'><strong>omnis</strong></span> <span class='ocrx_word' id='word_1_607' title='bbox 3461 3372 3576 3427; x_wconf 85' lang='lat' dir='ltr'><strong>tlis-</strong></span> 
     </span>
    </p>
   </div>
   <div class='ocr_carea' id='block_1_79' title="bbox 1977 3458 3578 3534">
    <p class='ocr_par' dir='ltr' id='par_1_79' title="bbox 1977 3458 3578 3534">
     <span class='ocr_line' id='line_1_79' title="bbox 1977 3458 3578 3534; baseline 0.007 -23"><span class='ocrx_word' id='word_1_608' title='bbox 1977 3458 2224 3526; x_wconf 86' lang='lat' dir='ltr'><strong>pensatio</strong></span> <span class='ocrx_word' id='word_1_609' title='bbox 2272 3460 2559 3515; x_wconf 83' lang='lat' dir='ltr'><strong>vetustatis</strong></span> <span class='ocrx_word' id='word_1_610' title='bbox 2610 3476 2720 3515; x_wconf 90' lang='lat' dir='ltr'><strong>non</strong></span> <span class='ocrx_word' id='word_1_611' title='bbox 2772 3462 2952 3517; x_wconf 89' lang='lat' dir='ltr'><strong>solum</strong></span> <span class='ocrx_word' id='word_1_612' title='bbox 2982 3478 3105 3534; x_wconf 66' lang='lat' dir='ltr'><strong>quae</strong></span> <span class='ocrx_word' id='word_1_613' title='bbox 3148 3464 3203 3519; x_wconf 89' lang='lat' dir='ltr'><strong>in</strong></span> <span class='ocrx_word' id='word_1_614' title='bbox 3250 3465 3449 3531; x_wconf 87' lang='lat' dir='ltr'><strong>terris,</strong></span> <span class='ocrx_word' id='word_1_615' title='bbox 3482 3465 3578 3522; x_wconf 85' lang='lat' dir='ltr'><strong>sed</strong></span> 
     </span>
    </p>
   </div>
   <div class='ocr_carea' id='block_1_80' title="bbox 1975 3549 3581 3626">
    <p class='ocr_par' dir='ltr' id='par_1_80' title="bbox 1975 3549 3581 3626">
     <span class='ocr_line' id='line_1_80' title="bbox 1975 3549 3581 3626; baseline 0.007 -22"><span class='ocrx_word' id='word_1_616' title='bbox 1975 3549 2138 3604; x_wconf 89' lang='lat' dir='ltr'><strong>etiam</strong></span> <span class='ocrx_word' id='word_1_617' title='bbox 2186 3565 2308 3619; x_wconf 73' lang='lat' dir='ltr'><strong>qua:</strong></span> <span class='ocrx_word' id='word_1_618' title='bbox 2358 3550 2411 3605; x_wconf 91' lang='lat' dir='ltr'><strong>in</strong></span> <span class='ocrx_word' id='word_1_619' title='bbox 2460 3549 2620 3608; x_wconf 66' lang='lat' dir='ltr'><strong>caelis</strong></span> <span class='ocrx_word' id='word_1_620' title='bbox 2647 3560 2801 3624; x_wconf 85' lang='lat' dir='ltr'><strong>gesta</strong></span> <span class='ocrx_word' id='word_1_621' title='bbox 2848 3561 2966 3623; x_wconf 88' lang='lat' dir='ltr'><strong>est,</strong></span> <span class='ocrx_word' id='word_1_622' title='bbox 3011 3555 3065 3610; x_wconf 90' lang='lat' dir='ltr'><strong>in</strong></span> <span class='ocrx_word' id='word_1_623' title='bbox 3091 3552 3295 3611; x_wconf 86' lang='lat' dir='ltr'><strong>Christi</strong></span> <span class='ocrx_word' id='word_1_624' title='bbox 3326 3559 3581 3626; x_wconf 81' lang='lat' dir='ltr'><strong>passione</strong></span> 
     </span>
    </p>
   </div>
   <div class='ocr_carea' id='block_1_81' title="bbox 1974 3642 3581 3724">
    <p class='ocr_par' dir='ltr' id='par_1_81' title="bbox 1974 3642 3581 3724">
     <span class='ocr_line' id='line_1_81' title="bbox 1974 3642 3581 3724; baseline 0.009 -29"><span class='ocrx_word' id='word_1_625' title='bbox 1974 3643 2297 3712; x_wconf 88' lang='lat' dir='ltr'><strong>completur.</strong></span> <span class='ocrx_word' id='word_1_626' title='bbox 2344 3642 2479 3699; x_wconf 87' lang='lat' dir='ltr'><strong>Cum</strong></span> <span class='ocrx_word' id='word_1_627' title='bbox 2511 3647 2661 3701; x_wconf 90' lang='lat' dir='ltr'><strong>enim</strong></span> <span class='ocrx_word' id='word_1_628' title='bbox 2708 3649 2878 3704; x_wconf 90' lang='lat' dir='ltr'><strong>semel</strong></span> <span class='ocrx_word' id='word_1_629' title='bbox 2915 3649 3046 3704; x_wconf 83' lang='lat' dir='ltr'><strong>milii</strong></span> <span class='ocrx_word' id='word_1_630' title='bbox 3096 3646 3345 3707; x_wconf 83' lang='lat' dir='ltr'><strong>Chrisms</strong></span> <span class='ocrx_word' id='word_1_631' title='bbox 3384 3666 3581 3724; x_wconf 83' lang='lat' dir='ltr'><strong>passus</strong></span> 
     </span>
    </p>
   </div>
   <div class='ocr_carea' id='block_1_82' title="bbox 1977 3733 3584 3807">
    <p class='ocr_par' dir='ltr' id='par_1_82' title="bbox 1977 3733 3584 3807">
     <span class='ocr_line' id='line_1_82' title="bbox 1977 3733 3584 3807; baseline 0.009 -20"><span class='ocrx_word' id='word_1_632' title='bbox 1977 3733 2161 3800; x_wconf 77' lang='lat' dir='ltr'><strong>fuerit,</strong></span> <span class='ocrx_word' id='word_1_633' title='bbox 2183 3743 2240 3789; x_wconf 90' lang='lat' dir='ltr'><strong>et</strong></span> <span class='ocrx_word' id='word_1_634' title='bbox 2269 3735 2538 3805; x_wconf 88' lang='lat' dir='ltr'><strong>sepultus,</strong></span> <span class='ocrx_word' id='word_1_635' title='bbox 2563 3747 2616 3793; x_wconf 93' lang='lat' dir='ltr'><strong>et</strong></span> <span class='ocrx_word' id='word_1_636' title='bbox 2643 3740 2968 3807; x_wconf 84' lang='lat' dir='ltr'><strong>resurrexit,</strong></span> <span class='ocrx_word' id='word_1_637' title='bbox 2998 3751 3051 3796; x_wconf 92' lang='lat' dir='ltr'><strong>et</strong></span> <span class='ocrx_word' id='word_1_638' title='bbox 3072 3742 3140 3796; x_wconf 90' lang='lat' dir='ltr'><strong>ad</strong></span> <span class='ocrx_word' id='word_1_639' title='bbox 3163 3740 3383 3798; x_wconf 88' lang='lat' dir='ltr'><strong>Patrem</strong></span> <span class='ocrx_word' id='word_1_640' title='bbox 3407 3747 3584 3801; x_wconf 88' lang='lat' dir='ltr'><strong>victor</strong></span> 
     </span>
    </p>
   </div>
   <div class='ocr_carea' id='block_1_83' title="bbox 1976 3826 3580 3907">
    <p class='ocr_par' dir='ltr' id='par_1_83' title="bbox 1976 3826 3580 3907">
     <span class='ocr_line' id='line_1_83' title="bbox 1976 3826 3580 3907; baseline 0.009 -27"><span class='ocrx_word' id='word_1_641' title='bbox 1976 3826 2288 3881; x_wconf 88' lang='lat' dir='ltr'><strong>ascenderit</strong></span> <span class='ocrx_word' id='word_1_642' title='bbox 2316 3843 2331 3881; x_wconf 90' lang='lat'><strong>:</strong></span> <span class='ocrx_word' id='word_1_643' title='bbox 2366 3842 2475 3883; x_wconf 91' lang='lat' dir='ltr'><strong>non</strong></span> <span class='ocrx_word' id='word_1_644' title='bbox 2522 3844 2746 3887; x_wconf 84' lang='lat' dir='ltr'><strong>necesse</strong></span> <span class='ocrx_word' id='word_1_645' title='bbox 2779 3832 2948 3888; x_wconf 84' lang='lat' dir='ltr'><strong>habeo</strong></span> <span class='ocrx_word' id='word_1_646' title='bbox 2977 3844 3221 3891; x_wconf 89' lang='lat' dir='ltr'><strong>veterem</strong></span> <span class='ocrx_word' id='word_1_647' title='bbox 3254 3852 3538 3894; x_wconf 86' lang='lat' dir='ltr'><strong>numerum</strong></span> <span class='ocrx_word' id='word_1_648' title='bbox 3563 3881 3580 3907; x_wconf 94' lang='lat'><strong>,</strong></span> 
     </span>
    </p>
   </div>
   <div class='ocr_carea' id='block_1_84' title="bbox 1976 3920 3579 4002">
    <p class='ocr_par' dir='ltr' id='par_1_84' title="bbox 1976 3920 3579 4002">
     <span class='ocr_line' id='line_1_84' title="bbox 1976 3920 3579 4002; baseline 0.009 -30"><span class='ocrx_word' id='word_1_649' title='bbox 1976 3920 2099 3989; x_wconf 89' lang='lat' dir='ltr'><strong>quia</strong></span> <span class='ocrx_word' id='word_1_650' title='bbox 2134 3920 2187 3973; x_wconf 92' lang='lat' dir='ltr'><strong>in</strong></span> <span class='ocrx_word' id='word_1_651' title='bbox 2214 3933 2329 3974; x_wconf 91' lang='lat' dir='ltr'><strong>uno</strong></span> <span class='ocrx_word' id='word_1_652' title='bbox 2352 3920 2535 3976; x_wconf 89' lang='lat' dir='ltr'><strong>omnia</strong></span> <span class='ocrx_word' id='word_1_653' title='bbox 2565 3933 2748 3979; x_wconf 88' lang='lat' dir='ltr'><strong>teneo.</strong></span> <span class='ocrx_word' id='word_1_654' title='bbox 2786 3924 3083 3995; x_wconf 80' lang='lat' dir='ltr'><strong>Diligenter</strong></span> <span class='ocrx_word' id='word_1_655' title='bbox 3107 3928 3402 3995; x_wconf 83' lang='lat' dir='ltr'><strong>attendite,</strong></span> <span class='ocrx_word' id='word_1_656' title='bbox 3433 3929 3579 4002; x_wconf 83' lang='lat' dir='ltr'><strong>quod</strong></span> 
     </span>
    </p>
   </div>
   <div class='ocr_carea' id='block_1_85' title="bbox 1978 4013 3580 4095">
    <p class='ocr_par' dir='ltr' id='par_1_85' title="bbox 1978 4013 3580 4095">
     <span class='ocr_line' id='line_1_85' title="bbox 1978 4013 3580 4095; baseline 0.009 -29"><span class='ocrx_word' id='word_1_657' title='bbox 1978 4026 2087 4067; x_wconf 86' lang='lat' dir='ltr'><strong>non</strong></span> <span class='ocrx_word' id='word_1_658' title='bbox 2134 4013 2312 4067; x_wconf 89' lang='lat' dir='ltr'><strong>solum</strong></span> <span class='ocrx_word' id='word_1_659' title='bbox 2356 4026 2547 4070; x_wconf 84' lang='lat' dir='ltr'><strong>omnes</strong></span> <span class='ocrx_word' id='word_1_660' title='bbox 2593 4015 2846 4071; x_wconf 77' lang='lat' dir='ltr'><strong>histOrite</strong></span> <span class='ocrx_word' id='word_1_661' title='bbox 2892 4018 3326 4090; x_wconf 87' lang='lat' dir='ltr'><strong>Scripturarum,</strong></span> <span class='ocrx_word' id='word_1_662' title='bbox 3357 4039 3492 4095; x_wconf 85' lang='lat' dir='ltr'><strong>quas</strong></span> <span class='ocrx_word' id='word_1_663' title='bbox 3524 4024 3580 4081; x_wconf 90' lang='lat' dir='ltr'><strong>iu</strong></span> 
     </span>
    </p>
   </div>
   <div class='ocr_carea' id='block_1_86' title="bbox 1980 4107 3578 4178">
    <p class='ocr_par' dir='ltr' id='par_1_86' title="bbox 1980 4107 3578 4178">
     <span class='ocr_line' id='line_1_86' title="bbox 1980 4107 3578 4178; baseline 0.01 -19"><span class='ocrx_word' id='word_1_664' title='bbox 1980 4114 2122 4160; x_wconf 80' lang='lat' dir='ltr'><strong>terra</strong></span> <span class='ocrx_word' id='word_1_665' title='bbox 2164 4115 2350 4178; x_wconf 84' lang='lat' dir='ltr'><strong>gestas</strong></span> <span class='ocrx_word' id='word_1_666' title='bbox 2393 4107 2635 4178; x_wconf 82' lang='lat' dir='ltr'><strong>Spiritus</strong></span> <span class='ocrx_word' id='word_1_667' title='bbox 2664 4119 2887 4167; x_wconf 84' lang='lat' dir='ltr'><strong>sanctus</strong></span> <span class='ocrx_word' id='word_1_668' title='bbox 2931 4125 3254 4171; x_wconf 86' lang='lat' dir='ltr'><strong>enumerat:</strong></span> <span class='ocrx_word' id='word_1_669' title='bbox 3288 4120 3383 4173; x_wconf 81' lang='lat' dir='ltr'><strong>sed</strong></span> <span class='ocrx_word' id='word_1_670' title='bbox 3415 4120 3578 4175; x_wconf 81' lang='lat' dir='ltr'><strong>etiam</strong></span> 
     </span>
    </p>
   </div>
   <div class='ocr_carea' id='block_1_87' title="bbox 1979 4198 3584 4274">
    <p class='ocr_par' dir='ltr' id='par_1_87' title="bbox 1979 4198 3584 4274">
     <span class='ocr_line' id='line_1_87' title="bbox 1979 4198 3584 4274; baseline 0.009 -21"><span class='ocrx_word' id='word_1_671' title='bbox 1979 4198 2032 4253; x_wconf 89' lang='lat' dir='ltr'><strong>in</strong></span> <span class='ocrx_word' id='word_1_672' title='bbox 2073 4199 2397 4256; x_wconf 63' lang='lat' dir='ltr'><strong>calestihus</strong></span> <span class='ocrx_word' id='word_1_673' title='bbox 2443 4215 2569 4271; x_wconf 67' lang='lat' dir='ltr'><strong>qua:</strong></span> <span class='ocrx_word' id='word_1_674' title='bbox 2627 4201 2785 4258; x_wconf 86' lang='lat' dir='ltr'><strong>nobis</strong></span> <span class='ocrx_word' id='word_1_675' title='bbox 2835 4206 3034 4260; x_wconf 70' lang='lat' dir='ltr'><strong>oculta:</strong></span> <span class='ocrx_word' id='word_1_676' title='bbox 3074 4216 3233 4274; x_wconf 84' lang='lat' dir='ltr'><strong>sunt,</strong></span> <span class='ocrx_word' id='word_1_677' title='bbox 3270 4209 3323 4264; x_wconf 91' lang='lat' dir='ltr'><strong>in</strong></span> <span class='ocrx_word' id='word_1_678' title='bbox 3379 4209 3584 4268; x_wconf 85' lang='lat' dir='ltr'><strong>Christi</strong></span> 
     </span>
    </p>
   </div>
   <div class='ocr_carea' id='block_1_88' title="bbox 1979 4293 2955 4365">
    <p class='ocr_par' dir='ltr' id='par_1_88' title="bbox 1979 4293 2955 4365">
     <span class='ocr_line' id='line_1_88' title="bbox 1979 4293 2955 4365; baseline 0.003 -16"><span class='ocrx_word' id='word_1_679' title='bbox 1979 4293 2335 4362; x_wconf 76' lang='lat' dir='ltr'><strong>reetipitulata</strong></span> <span class='ocrx_word' id='word_1_680' title='bbox 2364 4295 2618 4365; x_wconf 87' lang='lat' dir='ltr'><strong>passione</strong></span> <span class='ocrx_word' id='word_1_681' title='bbox 2648 4305 2955 4353; x_wconf 89' lang='lat' dir='ltr'><strong>teneantur.</strong></span> 
     </span>
    </p>
   </div>
   <div class='ocr_carea' id='block_1_89' title="bbox 2050 4386 3583 4469">
    <p class='ocr_par' dir='ltr' id='par_1_89' title="bbox 2050 4386 3583 4469">
     <span class='ocr_line' id='line_1_89' title="bbox 2050 4386 3583 4469; baseline 0.01 -28"><span class='ocrx_word' id='word_1_682' title='bbox 2050 4386 2237 4455; x_wconf 78' lang='lat' dir='ltr'><strong>(Vcrs.</strong></span> <span class='ocrx_word' id='word_1_683' title='bbox 2270 4390 2386 4456; x_wconf 84' lang='lat' dir='ltr'><strong>il.)</strong></span> <span class='ocrx_word' id='word_1_684' title='bbox 2412 4387 2480 4443; x_wconf 84' lang='lat' dir='ltr'><strong>In</strong></span> <span class='ocrx_word' id='word_1_685' title='bbox 2499 4406 2604 4462; x_wconf 87' lang='lat' dir='ltr'><strong>quo</strong></span> <span class='ocrx_word' id='word_1_686' title='bbox 2628 4399 2677 4445; x_wconf 89' lang='lat' dir='ltr'><strong>et</strong></span> <span class='ocrx_word' id='word_1_687' title='bbox 2704 4401 2845 4447; x_wconf 87' lang='lat' dir='ltr'><strong>sorte</strong></span> <span class='ocrx_word' id='word_1_688' title='bbox 2871 4394 3042 4447; x_wconf 78' lang='lat' dir='ltr'><strong>uocati</strong></span> <span class='ocrx_word' id='word_1_689' title='bbox 3058 4410 3239 4451; x_wconf 84' lang='lat' dir='ltr'><strong>sumus</strong></span> <span class='ocrx_word' id='word_1_690' title='bbox 3257 4412 3276 4451; x_wconf 91' lang='lat'><strong><em>:</em></strong></span> <span class='ocrx_word' id='word_1_691' title='bbox 3306 4400 3583 4469; x_wconf 64' lang='lat' dir='ltr'><strong>prtedtsti-</strong></span> 
     </span>
    </p>
   </div>
   <div class='ocr_carea' id='block_1_90' title="bbox 1978 4479 3581 4565">
    <p class='ocr_par' dir='ltr' id='par_1_90' title="bbox 1978 4479 3581 4565">
     <span class='ocr_line' id='line_1_90' title="bbox 1978 4479 3581 4565; baseline 0.009 -32"><span class='ocrx_word' id='word_1_692' title='bbox 1978 4479 2089 4533; x_wconf 86' lang='lat' dir='ltr'><strong>nati</strong></span> <span class='ocrx_word' id='word_1_693' title='bbox 2114 4481 2400 4534; x_wconf 83' lang='lat' dir='ltr'><strong>secundum</strong></span> <span class='ocrx_word' id='word_1_694' title='bbox 2451 4485 2775 4555; x_wconf 84' lang='lat' dir='ltr'><strong>propositum</strong></span> <span class='ocrx_word' id='word_1_695' title='bbox 2804 4487 2919 4558; x_wconf 87' lang='lat' dir='ltr'><strong>ejus</strong></span> <span class='ocrx_word' id='word_1_696' title='bbox 2943 4487 3033 4559; x_wconf 88' lang='lat' dir='ltr'><strong>qui</strong></span> <span class='ocrx_word' id='word_1_697' title='bbox 3060 4489 3305 4543; x_wconf 77' lang='lat' dir='ltr'><strong>uniuersa</strong></span> <span class='ocrx_word' id='word_1_698' title='bbox 3333 4502 3581 4565; x_wconf 83' lang='lat' dir='ltr'><strong>operatur</strong></span> 
     </span>
    </p>
   </div>
   <div class='ocr_carea' id='block_1_91' title="bbox 1978 4573 3584 4643">
    <p class='ocr_par' dir='ltr' id='par_1_91' title="bbox 1978 4573 3584 4643">
     <span class='ocr_line' id='line_1_91' title="bbox 1978 4573 3584 4643; baseline 0.012 -19"><span class='ocrx_word' id='word_1_699' title='bbox 1978 4573 2261 4625; x_wconf 84' lang='lat' dir='ltr'><strong>secundum</strong></span> <span class='ocrx_word' id='word_1_700' title='bbox 2285 4574 2558 4628; x_wconf 76' lang='lat' dir='ltr'><strong>consilium</strong></span> <span class='ocrx_word' id='word_1_701' title='bbox 2588 4576 2871 4631; x_wconf 78' lang='lat' dir='ltr'><strong>voluntatis</strong></span> <span class='ocrx_word' id='word_1_702' title='bbox 2914 4594 3042 4633; x_wconf 72' lang='lat' dir='ltr'><strong>stite.</strong></span> <span class='ocrx_word' id='word_1_703' title='bbox 3070 4579 3316 4637; x_wconf 81' lang='lat' dir='ltr'><strong>Verbum</strong></span> <span class='ocrx_word' id='word_1_704' title='bbox 3347 4584 3584 4643; x_wconf 66' lang='lat' dir='ltr'><strong>incredi-</strong></span> 
     </span>
    </p>
   </div>
   <div class='ocr_carea' id='block_1_92' title="bbox 276 4656 1873 4748">
    <p class='ocr_par' dir='ltr' id='par_1_92' title="bbox 276 4665 1873 4741">
     <span class='ocr_line' id='line_1_92' title="bbox 276 4665 1873 4741; baseline -0.008 -11"><span class='ocrx_word' id='word_1_705' title='bbox 276 4675 410 4737; x_wconf 84' lang='lat' dir='ltr'><strong>sari,</strong></span> <span class='ocrx_word' id='word_1_706' title='bbox 434 4673 542 4729; x_wconf 89' lang='lat' dir='ltr'><strong>nisi</strong></span> <span class='ocrx_word' id='word_1_707' title='bbox 569 4687 671 4727; x_wconf 87' lang='lat' dir='ltr'><strong>suo</strong></span> <span class='ocrx_word' id='word_1_708' title='bbox 691 4670 903 4727; x_wconf 62' lang='lat' dir='ltr'><strong>veniret</strong></span> <span class='ocrx_word' id='word_1_709' title='bbox 922 4680 1188 4741; x_wconf 87' lang='lat' dir='ltr'><strong>tempore.</strong></span> <span class='ocrx_word' id='word_1_710' title='bbox 1218 4667 1292 4722; x_wconf 88' lang='lat' dir='ltr'><strong>De</strong></span> <span class='ocrx_word' id='word_1_711' title='bbox 1314 4681 1420 4735; x_wconf 86' lang='lat' dir='ltr'><strong>quo</strong></span> <span class='ocrx_word' id='word_1_712' title='bbox 1451 4674 1507 4720; x_wconf 89' lang='lat' dir='ltr'><strong>et</strong></span> <span class='ocrx_word' id='word_1_713' title='bbox 1534 4665 1661 4719; x_wconf 86' lang='lat' dir='ltr'><strong>alibi</strong></span> <span class='ocrx_word' id='word_1_714' title='bbox 1694 4680 1873 4718; x_wconf 71' lang='grc' dir='ltr'><strong>ιιιιιιιει-</strong></span> 
     </span>
    </p>
   </div>
   <div class='ocr_carea' id='block_1_93' title="bbox 1978 4656 3573 4748">
    <p class='ocr_par' dir='ltr' id='par_1_93' title="bbox 1979 4663 3573 4748">
     <span class='ocr_line' id='line_1_93' title="bbox 1979 4663 3573 4748; baseline 0.01 -33"><span class='ocrx_word' id='word_1_715' title='bbox 1979 4663 2105 4717; x_wconf 90' lang='lat' dir='ltr'><strong>tatis</strong></span> <span class='ocrx_word' id='word_1_716' title='bbox 2136 4672 2191 4718; x_wconf 91' lang='lat' dir='ltr'><strong>et</strong></span> <span class='ocrx_word' id='word_1_717' title='bbox 2215 4664 2407 4732; x_wconf 83' lang='lat' dir='ltr'><strong>sortis,</strong></span> <span class='ocrx_word' id='word_1_718' title='bbox 2442 4681 2539 4733; x_wconf 88' lang='lat' dir='ltr'><strong>per</strong></span> <span class='ocrx_word' id='word_1_719' title='bbox 2570 4680 2704 4735; x_wconf 84' lang='lat' dir='ltr'><strong>quas</strong></span> <span class='ocrx_word' id='word_1_720' title='bbox 2732 4668 2789 4721; x_wconf 91' lang='lat' dir='ltr'><strong>in</strong></span> <span class='ocrx_word' id='word_1_721' title='bbox 2833 4668 3035 4725; x_wconf 77' lang='lat' dir='ltr'><strong>Christi</strong></span> <span class='ocrx_word' id='word_1_722' title='bbox 3060 4680 3271 4742; x_wconf 88' lang='lat' dir='ltr'><strong>partem</strong></span> <span class='ocrx_word' id='word_1_723' title='bbox 3302 4680 3573 4748; x_wconf 73' lang='lat' dir='ltr'><strong>venimus,</strong></span> 
     </span>
    </p>
   </div>
   <div class='ocr_carea' id='block_1_94' title="bbox 274 4754 1878 4836">
    <p class='ocr_par' dir='ltr' id='par_1_94' title="bbox 274 4754 1878 4836">
     <span class='ocr_line' id='line_1_94' title="bbox 274 4754 1878 4836; baseline -0.01 -13"><span class='ocrx_word' id='word_1_724' title='bbox 274 4780 343 4823; x_wconf 88' lang='lat' dir='ltr'><strong>ro</strong></span> <span class='ocrx_word' id='word_1_725' title='bbox 392 4764 653 4836; x_wconf 79' lang='lat' dir='ltr'><strong>singulari</strong></span> <span class='ocrx_word' id='word_1_726' title='bbox 702 4763 898 4818; x_wconf 81' lang='lat' dir='ltr'><strong>Paulus</strong></span> <span class='ocrx_word' id='word_1_727' title='bbox 943 4762 1066 4815; x_wconf 86' lang='lat' dir='ltr'><strong>ait:</strong></span> <span class='ocrx_word' id='word_1_728' title='bbox 1126 4757 1196 4814; x_wconf 81' lang='lat' dir='ltr'><strong>Ut</strong></span> <span class='ocrx_word' id='word_1_729' title='bbox 1236 4765 1411 4811; x_wconf 85' lang='lat' dir='ltr'><strong>autem</strong></span> <span class='ocrx_word' id='word_1_730' title='bbox 1450 4756 1582 4809; x_wconf 80' lang='lat' dir='ltr'><strong>venit</strong></span> <span class='ocrx_word' id='word_1_731' title='bbox 1616 4754 1878 4826; x_wconf 85' lang='lat' dir='ltr'><strong>plenitudo</strong></span> 
     </span>
    </p>
   </div>
   <div class='ocr_carea' id='block_1_95' title="bbox 274 4846 1878 4929">
    <p class='ocr_par' dir='ltr' id='par_1_95' title="bbox 274 4846 1878 4929">
     <span class='ocr_line' id='line_1_95' title="bbox 274 4846 1878 4929; baseline -0.008 -16"><span class='ocrx_word' id='word_1_732' title='bbox 274 4857 559 4929; x_wconf 84' lang='lat' dir='ltr'><strong>temporis,</strong></span> <span class='ocrx_word' id='word_1_733' title='bbox 592 4856 727 4911; x_wconf 85' lang='lat' dir='ltr'><strong>misit</strong></span> <span class='ocrx_word' id='word_1_734' title='bbox 756 4853 895 4908; x_wconf 86' lang='lat' dir='ltr'><strong>Deus</strong></span> <span class='ocrx_word' id='word_1_735' title='bbox 925 4851 1124 4907; x_wconf 83' lang='lat' dir='ltr'><strong>Filium</strong></span> <span class='ocrx_word' id='word_1_736' title='bbox 1143 4865 1299 4905; x_wconf 87' lang='lat' dir='ltr'><strong>suum</strong></span> <span class='ocrx_word' id='word_1_737' title='bbox 1327 4846 1520 4919; x_wconf 86' lang='lat' dir='ltr'><strong>(Ibid.,</strong></span> <span class='ocrx_word' id='word_1_738' title='bbox 1545 4863 1617 4912; x_wconf 83' lang='lat' dir='ltr'><strong>tv,</strong></span> <span class='ocrx_word' id='word_1_739' title='bbox 1650 4847 1709 4917; x_wconf 71' lang='grc' dir='ltr'><strong>ι)</strong></span> <span class='ocrx_word' id='word_1_740' title='bbox 1739 4864 1752 4902; x_wconf 92' lang='lat'>:</span> <span class='ocrx_word' id='word_1_741' title='bbox 1786 4846 1878 4915; x_wconf 86' lang='lat' dir='ltr'><strong>qui</strong></span> 
     </span>
    </p>
   </div>
   <div class='ocr_carea' id='block_1_96' title="bbox 273 4941 1882 5019">
    <p class='ocr_par' dir='ltr' id='par_1_96' title="bbox 273 4941 1882 5019">
     <span class='ocr_line' id='line_1_96' title="bbox 273 4941 1882 5019; baseline -0.007 -14"><span class='ocrx_word' id='word_1_742' title='bbox 273 4963 405 5006; x_wconf 87' lang='lat' dir='ltr'><strong>ante</strong></span> <span class='ocrx_word' id='word_1_743' title='bbox 426 4948 620 5006; x_wconf 85' lang='lat' dir='ltr'><strong>venire</strong></span> <span class='ocrx_word' id='word_1_744' title='bbox 644 4965 750 5004; x_wconf 89' lang='lat' dir='ltr'><strong>non</strong></span> <span class='ocrx_word' id='word_1_745' title='bbox 778 4947 971 5019; x_wconf 88' lang='lat' dir='ltr'><strong>potuit,</strong></span> <span class='ocrx_word' id='word_1_746' title='bbox 1005 4944 1108 5000; x_wconf 85' lang='lat' dir='ltr'><strong>nisi</strong></span> <span class='ocrx_word' id='word_1_747' title='bbox 1140 4942 1458 5016; x_wconf 79' lang='lat' dir='ltr'><strong>mysterium</strong></span> <span class='ocrx_word' id='word_1_748' title='bbox 1484 4941 1748 5011; x_wconf 86' lang='lat' dir='ltr'><strong>temporis</strong></span> <span class='ocrx_word' id='word_1_749' title='bbox 1779 4942 1882 4995; x_wconf 77' lang='lat' dir='ltr'><strong>im-</strong></span> 
     </span>
    </p>
   </div>
   <div class='ocr_carea' id='block_1_97' title="bbox 272 5044 545 5116">
    <p class='ocr_par' dir='ltr' id='par_1_97' title="bbox 272 5044 545 5116">
     <span class='ocr_line' id='line_1_97' title="bbox 272 5044 545 5116; baseline -0.018 -15"><span class='ocrx_word' id='word_1_750' title='bbox 272 5044 545 5116; x_wconf 82' lang='lat' dir='ltr'><strong>pieretur.</strong></span> 
     </span>
    </p>
   </div>
   <div class='ocr_carea' id='block_1_98' title="bbox 348 5122 1879 5207">
    <p class='ocr_par' dir='ltr' id='par_1_98' title="bbox 348 5122 1879 5207">
     <span class='ocr_line' id='line_1_98' title="bbox 348 5122 1879 5207; baseline -0.007 -16"><span class='ocrx_word' id='word_1_751' title='bbox 348 5134 535 5207; x_wconf 79' lang='lat' dir='ltr'><strong>(Vers.</strong></span> <span class='ocrx_word' id='word_1_752' title='bbox 573 5130 687 5203; x_wconf 76' lang='grc'><strong>10.)</strong></span> <span class='ocrx_word' id='word_1_753' title='bbox 721 5127 1087 5201; x_wconf 81' lang='lat' dir='ltr'><strong>Recapitulare</strong></span> <span class='ocrx_word' id='word_1_754' title='bbox 1127 5128 1301 5183; x_wconf 86' lang='lat' dir='ltr'><strong>omnia</strong></span> <span class='ocrx_word' id='word_1_755' title='bbox 1330 5130 1385 5182; x_wconf 88' lang='lat' dir='ltr'><strong>in</strong></span> <span class='ocrx_word' id='word_1_756' title='bbox 1416 5122 1653 5189; x_wconf 79' lang='lat' dir='ltr'><strong>Christo.</strong></span> <span class='ocrx_word' id='word_1_757' title='bbox 1682 5141 1795 5196; x_wconf 73' lang='lat' dir='ltr'><strong>quae</strong></span> <span class='ocrx_word' id='word_1_758' title='bbox 1821 5127 1879 5181; x_wconf 81' lang='lat' dir='ltr'><strong>in</strong></span> 
     </span>
    </p>
   </div>
   <div class='ocr_carea' id='block_1_99' title="bbox 274 5217 1878 5294">
    <p class='ocr_par' dir='ltr' id='par_1_99' title="bbox 274 5217 1878 5294">
     <span class='ocr_line' id='line_1_99' title="bbox 274 5217 1878 5294; baseline -0.005 -12"><span class='ocrx_word' id='word_1_759' title='bbox 274 5230 420 5284; x_wconf 74' lang='lat' dir='ltr'><strong>cmlis</strong></span> <span class='ocrx_word' id='word_1_760' title='bbox 440 5269 453 5288; x_wconf 88' lang='lat'><strong>,</strong></span> <span class='ocrx_word' id='word_1_761' title='bbox 483 5237 532 5281; x_wconf 89' lang='lat' dir='ltr'><strong>et</strong></span> <span class='ocrx_word' id='word_1_762' title='bbox 562 5238 678 5293; x_wconf 72' lang='lat' dir='ltr'><strong>quae</strong></span> <span class='ocrx_word' id='word_1_763' title='bbox 712 5225 765 5277; x_wconf 87' lang='lat' dir='ltr'><strong>in</strong></span> <span class='ocrx_word' id='word_1_764' title='bbox 799 5234 937 5278; x_wconf 87' lang='lat' dir='ltr'><strong>terra</strong></span> <span class='ocrx_word' id='word_1_765' title='bbox 965 5220 1085 5294; x_wconf 72' lang='lat' dir='ltr'><strong>(Al.</strong></span> <span class='ocrx_word' id='word_1_766' title='bbox 1122 5221 1271 5275; x_wconf 85' lang='lat' dir='ltr'><strong>addit</strong></span> <span class='ocrx_word' id='word_1_767' title='bbox 1303 5229 1422 5274; x_wconf 85' lang='lat' dir='ltr'><strong>sunt</strong></span> <span class='ocrx_word' id='word_1_768' title='bbox 1442 5219 1485 5291; x_wconf 87' lang='grc' dir='ltr'><strong>Ι,</strong></span> <span class='ocrx_word' id='word_1_769' title='bbox 1518 5220 1570 5273; x_wconf 87' lang='lat' dir='ltr'><strong>in</strong></span> <span class='ocrx_word' id='word_1_770' title='bbox 1608 5220 1740 5290; x_wconf 88' lang='lat' dir='ltr'><strong>ipso.</strong></span> <span class='ocrx_word' id='word_1_771' title='bbox 1772 5217 1878 5274; x_wconf 89' lang='lat' dir='ltr'><strong>Pro</strong></span> 
     </span>
    </p>
   </div>
   <div class='ocr_carea' id='block_1_100' title="bbox 271 5314 1881 5390">
    <p class='ocr_par' dir='ltr' id='par_1_100' title="bbox 271 5314 1881 5390">
     <span class='ocr_line' id='line_1_100' title="bbox 271 5314 1881 5390; baseline -0.006 -16"><span class='ocrx_word' id='word_1_772' title='bbox 271 5317 630 5390; x_wconf 79' lang='lat' dir='ltr'><strong>recapitulare</strong></span> <span class='ocrx_word' id='word_1_773' title='bbox 648 5319 699 5371; x_wconf 91' lang='lat' dir='ltr'><strong>iu</strong></span> <span class='ocrx_word' id='word_1_774' title='bbox 726 5315 935 5371; x_wconf 80' lang='lat' dir='ltr'><strong>Latinis</strong></span> <span class='ocrx_word' id='word_1_775' title='bbox 957 5314 1238 5370; x_wconf 89' lang='lat' dir='ltr'><strong>codicibus</strong></span> <span class='ocrx_word' id='word_1_776' title='bbox 1265 5316 1534 5386; x_wconf 86' lang='lat' dir='ltr'><strong>scriptum</strong></span> <span class='ocrx_word' id='word_1_777' title='bbox 1555 5321 1661 5379; x_wconf 83' lang='lat' dir='ltr'><strong>est,</strong></span> <span class='ocrx_word' id='word_1_778' title='bbox 1684 5314 1881 5367; x_wconf 83' lang='lat' dir='ltr'><strong>instau-</strong></span> 
     </span>
    </p>
   </div>
   <div class='ocr_carea' id='block_1_101' title="bbox 270 5405 1881 5483">
    <p class='ocr_par' dir='ltr' id='par_1_101' title="bbox 270 5405 1881 5483">
     <span class='ocr_line' id='line_1_101' title="bbox 270 5405 1881 5483; baseline -0.002 -17"><span class='ocrx_word' id='word_1_779' title='bbox 270 5428 395 5466; x_wconf 84' lang='lat' dir='ltr'><strong>rare</strong></span> <span class='ocrx_word' id='word_1_780' title='bbox 412 5410 525 5483; x_wconf 77' lang='lat' dir='ltr'><strong>[AL</strong></span> <span class='ocrx_word' id='word_1_781' title='bbox 557 5405 897 5479; x_wconf 81' lang='lat' dir='ltr'><strong>restaurare].</strong></span> <span class='ocrx_word' id='word_1_782' title='bbox 925 5406 992 5461; x_wconf 88' lang='lat' dir='ltr'><strong>Et</strong></span> <span class='ocrx_word' id='word_1_783' title='bbox 1019 5407 1190 5463; x_wconf 86' lang='lat' dir='ltr'><strong>miror</strong></span> <span class='ocrx_word' id='word_1_784' title='bbox 1216 5422 1316 5463; x_wconf 90' lang='lat' dir='ltr'><strong>cur</strong></span> <span class='ocrx_word' id='word_1_785' title='bbox 1342 5408 1463 5477; x_wconf 90' lang='lat' dir='ltr'><strong>ipso</strong></span> <span class='ocrx_word' id='word_1_786' title='bbox 1494 5405 1662 5460; x_wconf 85' lang='lat' dir='ltr'><strong>verbo</strong></span> <span class='ocrx_word' id='word_1_787' title='bbox 1686 5405 1881 5462; x_wconf 69' lang='lat' dir='ltr'><strong>Graeco</strong></span> 
     </span>
    </p>
   </div>
   <div class='ocr_carea' id='block_1_102' title="bbox 350 5529 1885 5598">
    <p class='ocr_par' dir='ltr' id='par_1_102' title="bbox 350 5529 1885 5598">
     <span class='ocr_line' id='line_1_102' title="bbox 350 5529 1885 5598; baseline -0.001 -11"><span class='ocrx_word' id='word_1_788' title='bbox 350 5541 377 5571; x_wconf 77' lang='grc' dir='ltr'><strong>ι</strong></span> <span class='ocrx_word' id='word_1_789' title='bbox 392 5531 701 5597; x_wconf 84' lang='lat' dir='ltr'><strong>Perplacuit</strong></span> <span class='ocrx_word' id='word_1_790' title='bbox 721 5530 912 5584; x_wconf 79' lang='lat' dir='ltr'><strong>isthaec</strong></span> <span class='ocrx_word' id='word_1_791' title='bbox 932 5536 1241 5584; x_wconf 89' lang='lat' dir='ltr'><strong>nostrorum</strong></span> <span class='ocrx_word' id='word_1_792' title='bbox 1260 5529 1422 5585; x_wconf 88' lang='lat' dir='ltr'><strong>codd.</strong></span> <span class='ocrx_word' id='word_1_793' title='bbox 1438 5538 1600 5595; x_wconf 86' lang='lat' dir='ltr'><strong>atque</strong></span> <span class='ocrx_word' id='word_1_794' title='bbox 1616 5529 1885 5598; x_wconf 89' lang='lat' dir='ltr'><strong>imprimis</strong></span> 
     </span>
    </p>
   </div>
   <div class='ocr_carea' id='block_1_103' title="bbox 270 5601 1886 5671">
    <p class='ocr_par' dir='ltr' id='par_1_103' title="bbox 270 5601 1886 5671">
     <span class='ocr_line' id='line_1_103' title="bbox 270 5601 1886 5671; baseline -0.002 -11"><span class='ocrx_word' id='word_1_795' title='bbox 270 5602 729 5660; x_wconf 83' lang='lat' dir='ltr'><strong>Cisterciensium</strong></span> <span class='ocrx_word' id='word_1_796' title='bbox 764 5601 949 5665; x_wconf 85' lang='lat' dir='ltr'><strong>lectio,</strong></span> <span class='ocrx_word' id='word_1_797' title='bbox 969 5615 1187 5671; x_wconf 85' lang='lat' dir='ltr'><strong>necnon,</strong></span> <span class='ocrx_word' id='word_1_798' title='bbox 1218 5618 1316 5667; x_wconf 87' lang='lat' dir='ltr'><strong>pro</strong></span> <span class='ocrx_word' id='word_1_799' title='bbox 1342 5616 1450 5671; x_wconf 91' lang='lat' dir='ltr'><strong>quo</strong></span> <span class='ocrx_word' id='word_1_800' title='bbox 1480 5601 1673 5656; x_wconf 87' lang='lat' dir='ltr'><strong>eratin</strong></span> <span class='ocrx_word' id='word_1_801' title='bbox 1698 5602 1886 5671; x_wconf 81' lang='lat' dir='ltr'><strong>vulga-</strong></span> 
     </span>
    </p>
   </div>
   <div class='ocr_carea' id='block_1_104' title="bbox 273 5670 1633 5736">
    <p class='ocr_par' dir='ltr' id='par_1_104' title="bbox 273 5670 1633 5736">
     <span class='ocr_line' id='line_1_104' title="bbox 273 5670 1633 5736; baseline -0.006 -4"><span class='ocrx_word' id='word_1_802' title='bbox 273 5677 349 5732; x_wconf 74' lang='lat' dir='ltr'><strong>tis</strong></span> <span class='ocrx_word' id='word_1_803' title='bbox 375 5685 537 5729; x_wconf 82' lang='lat' dir='ltr'><strong>antea</strong></span> <span class='ocrx_word' id='word_1_804' title='bbox 568 5671 729 5729; x_wconf 75' lang='lat' dir='ltr'><strong>libris</strong></span> <span class='ocrx_word' id='word_1_805' title='bbox 750 5670 1099 5725; x_wconf 80' lang='lat' dir='ltr'><strong>ineommodo</strong></span> <span class='ocrx_word' id='word_1_806' title='bbox 1126 5687 1314 5736; x_wconf 73' lang='lat' dir='ltr'><strong>sensu,</strong></span> <span class='ocrx_word' id='word_1_807' title='bbox 1344 5670 1445 5725; x_wconf 78' lang='lat' dir='ltr'><strong>non</strong></span> <span class='ocrx_word' id='word_1_808' title='bbox 1474 5681 1633 5726; x_wconf 84' lang='lat' dir='ltr'><strong>necet.</strong></span> 
     </span>
    </p>
   </div>
   <div class='ocr_carea' id='block_1_105' title="bbox 350 5740 1614 5805">
    <p class='ocr_par' dir='ltr' id='par_1_105' title="bbox 350 5740 1614 5805">
     <span class='ocr_line' id='line_1_105' title="bbox 350 5740 1614 5805; baseline 0 -7"><span class='ocrx_word' id='word_1_809' title='bbox 350 5744 381 5785; x_wconf 73' lang='grc' dir='ltr'><strong>ιι</strong></span> <span class='ocrx_word' id='word_1_810' title='bbox 411 5744 468 5798; x_wconf 92' lang='lat' dir='ltr'><strong>In</strong></span> <span class='ocrx_word' id='word_1_811' title='bbox 495 5760 606 5800; x_wconf 90' lang='lat' dir='ltr'><strong>uno</strong></span> <span class='ocrx_word' id='word_1_812' title='bbox 633 5740 1006 5805; x_wconf 86' lang='lat' dir='ltr'><strong>Cisterciensi,</strong></span> <span class='ocrx_word' id='word_1_813' title='bbox 1039 5741 1306 5797; x_wconf 83' lang='lat' dir='ltr'><strong>voluntate</strong></span> <span class='ocrx_word' id='word_1_814' title='bbox 1333 5744 1614 5799; x_wconf 85' lang='lat' dir='ltr'><strong>destructa.</strong></span> 
     </span>
    </p>
   </div>
   <div class='ocr_carea' id='block_1_106' title="bbox 357 5810 1886 5885">
    <p class='ocr_par' dir='ltr' id='par_1_106' title="bbox 357 5810 1886 5885">
     <span class='ocr_line' id='line_1_106' title="bbox 357 5810 1886 5885; baseline 0.001 -14"><span class='ocrx_word' id='word_1_815' title='bbox 357 5826 382 5856; x_wconf 74' lang='grc' dir='ltr'><strong>ο</strong></span> <span class='ocrx_word' id='word_1_816' title='bbox 400 5813 597 5885; x_wconf 22' lang='grc' dir='ltr'><strong>Ἀωιὶιη</strong></span> <span class='ocrx_word' id='word_1_817' title='bbox 622 5810 861 5885; x_wconf 78' lang='lat' dir='ltr'><strong>rescribi</strong></span> <span class='ocrx_word' id='word_1_818' title='bbox 886 5823 1015 5885; x_wconf 66' lang='lat' dir='ltr'><strong>eum</strong></span> <span class='ocrx_word' id='word_1_819' title='bbox 1052 5826 1123 5868; x_wconf 80' lang='lat' dir='ltr'><strong>ex</strong></span> <span class='ocrx_word' id='word_1_820' title='bbox 1151 5813 1746 5885; x_wconf 78' lang='lat' dir='ltr'><strong>orationisproposito,</strong></span> <span class='ocrx_word' id='word_1_821' title='bbox 1772 5823 1886 5874; x_wconf 87' lang='lat' dir='ltr'><strong>tum</strong></span> 
     </span>
    </p>
   </div>
   <div class='ocr_carea' id='block_1_107' title="bbox 276 5878 1887 5963">
    <p class='ocr_par' dir='ltr' id='par_1_107' title="bbox 276 5878 1887 5963">
     <span class='ocr_line' id='line_1_107' title="bbox 276 5878 1887 5963; baseline -0.004 -13"><span class='ocrx_word' id='word_1_822' title='bbox 276 5905 352 5963; x_wconf 78' lang='lat' dir='ltr'><strong>ex</strong></span> <span class='ocrx_word' id='word_1_823' title='bbox 381 5883 590 5947; x_wconf 60' lang='grc' dir='ltr'><strong>σηοω</strong></span> <span class='ocrx_word' id='word_1_824' title='bbox 619 5883 775 5942; x_wconf 84' lang='lat' dir='ltr'><strong>vocis</strong></span> <span class='ocrx_word' id='word_1_825' title='bbox 811 5878 1148 5959; x_wconf 74' lang='lat' dir='ltr'><strong>signiﬁcatu,</strong></span> <span class='ocrx_word' id='word_1_826' title='bbox 1179 5878 1679 5958; x_wconf 77' lang='lat' dir='ltr'><strong>recapitulationem.</strong></span> <span class='ocrx_word' id='word_1_827' title='bbox 1712 5878 1887 5944; x_wconf 79' lang='lat' dir='ltr'><strong>Caele-</strong></span> 
     </span>
    </p>
   </div>
   <div class='ocr_carea' id='block_1_108' title="bbox 1979 4754 3586 4828">
    <p class='ocr_par' dir='ltr' id='par_1_108' title="bbox 1979 4754 3586 4828">
     <span class='ocr_line' id='line_1_108' title="bbox 1979 4754 3586 4828; baseline 0.009 -18"><span class='ocrx_word' id='word_1_828' title='bbox 1979 4754 2224 4811; x_wconf 90' lang='lat' dir='ltr'><strong>ostendit</strong></span> <span class='ocrx_word' id='word_1_829' title='bbox 2258 4770 2359 4811; x_wconf 88' lang='lat' dir='ltr'><strong>nos</strong></span> <span class='ocrx_word' id='word_1_830' title='bbox 2400 4755 2470 4811; x_wconf 89' lang='lat' dir='ltr'><strong>de</strong></span> <span class='ocrx_word' id='word_1_831' title='bbox 2509 4758 2613 4811; x_wconf 90' lang='lat' dir='ltr'><strong>alia</strong></span> <span class='ocrx_word' id='word_1_832' title='bbox 2663 4768 2942 4828; x_wconf 86' lang='lat' dir='ltr'><strong>potestate</strong></span> <span class='ocrx_word' id='word_1_833' title='bbox 2982 4762 3051 4817; x_wconf 85' lang='lat' dir='ltr'><strong>ad</strong></span> <span class='ocrx_word' id='word_1_834' title='bbox 3108 4764 3271 4820; x_wconf 88' lang='lat' dir='ltr'><strong>aliam</strong></span> <span class='ocrx_word' id='word_1_835' title='bbox 3324 4774 3586 4825; x_wconf 65' lang='lat' dir='ltr'><strong>transiui-</strong></span> 
     </span>
    </p>
   </div>
   <div class='ocr_carea' id='block_1_109' title="bbox 1981 4849 3577 4924">
    <p class='ocr_par' dir='ltr' id='par_1_109' title="bbox 1981 4849 3577 4924">
     <span class='ocr_line' id='line_1_109' title="bbox 1981 4849 3577 4924; baseline 0.009 -21"><span class='ocrx_word' id='word_1_836' title='bbox 1981 4863 2173 4920; x_wconf 86' lang='lat' dir='ltr'><strong>grasse</strong></span> <span class='ocrx_word' id='word_1_837' title='bbox 2202 4866 2216 4904; x_wconf 89' lang='lat'><strong>:</strong></span> <span class='ocrx_word' id='word_1_838' title='bbox 2250 4856 2305 4904; x_wconf 91' lang='lat' dir='ltr'><strong>et</strong></span> <span class='ocrx_word' id='word_1_839' title='bbox 2335 4849 2636 4904; x_wconf 86' lang='lat' dir='ltr'><strong>secundum</strong></span> <span class='ocrx_word' id='word_1_840' title='bbox 2686 4850 2821 4907; x_wconf 91' lang='lat' dir='ltr'><strong>illud</strong></span> <span class='ocrx_word' id='word_1_841' title='bbox 2863 4854 3007 4924; x_wconf 91' lang='lat' dir='ltr'><strong>quod</strong></span> <span class='ocrx_word' id='word_1_842' title='bbox 3041 4856 3095 4911; x_wconf 91' lang='lat' dir='ltr'><strong>in</strong></span> <span class='ocrx_word' id='word_1_843' title='bbox 3139 4857 3577 4918; x_wconf 87' lang='lat' dir='ltr'><strong>Deuteronotnio</strong></span> 
     </span>
    </p>
   </div>
   <div class='ocr_carea' id='block_1_110' title="bbox 1981 4943 3582 5028">
    <p class='ocr_par' dir='ltr' id='par_1_110' title="bbox 1981 4943 3582 5028">
     <span class='ocr_line' id='line_1_110' title="bbox 1981 4943 3582 5028; baseline 0.01 -30"><span class='ocrx_word' id='word_1_844' title='bbox 1981 4943 2247 5011; x_wconf 87' lang='lat' dir='ltr'><strong>scriptum</strong></span> <span class='ocrx_word' id='word_1_845' title='bbox 2297 4950 2383 4998; x_wconf 86' lang='lat' dir='ltr'><strong>est</strong></span> <span class='ocrx_word' id='word_1_846' title='bbox 2418 4961 2432 4998; x_wconf 88' lang='lat'><strong>:</strong></span> <span class='ocrx_word' id='word_1_847' title='bbox 2468 4943 2692 5010; x_wconf 83' lang='lat' dir='ltr'><strong>Quando</strong></span> <span class='ocrx_word' id='word_1_848' title='bbox 2737 4946 2998 5004; x_wconf 79' lang='lat' dir='ltr'><strong>dividebat</strong></span> <span class='ocrx_word' id='word_1_849' title='bbox 3043 4949 3342 5010; x_wconf 79' lang='lat' dir='ltr'><strong>Altissimus</strong></span> <span class='ocrx_word' id='word_1_850' title='bbox 3383 4968 3582 5028; x_wconf 84' lang='lat' dir='ltr'><strong>gentes,</strong></span> 
     </span>
    </p>
   </div>
   <div class='ocr_carea' id='block_1_111' title="bbox 1983 5035 3587 5118">
    <p class='ocr_par' dir='ltr' id='par_1_111' title="bbox 1983 5035 3587 5118">
     <span class='ocr_line' id='line_1_111' title="bbox 1983 5035 3587 5118; baseline 0.009 -28"><span class='ocrx_word' id='word_1_851' title='bbox 1983 5051 2101 5090; x_wconf 83' lang='lat' dir='ltr'><strong>cum</strong></span> <span class='ocrx_word' id='word_1_852' title='bbox 2126 5035 2491 5090; x_wconf 83' lang='lat' dir='ltr'><strong>disseminaret</strong></span> <span class='ocrx_word' id='word_1_853' title='bbox 2513 5036 2655 5106; x_wconf 80' lang='lat' dir='ltr'><strong>ﬁlios</strong></span> <span class='ocrx_word' id='word_1_854' title='bbox 2680 5037 2850 5092; x_wconf 81' lang='lat' dir='ltr'><strong>Adam</strong></span> <span class='ocrx_word' id='word_1_855' title='bbox 2875 5038 3056 5111; x_wconf 89' lang='lat' dir='ltr'><strong>(Deut.</strong></span> <span class='ocrx_word' id='word_1_856' title='bbox 3088 5058 3245 5110; x_wconf 66' lang='grc' dir='ltr'><strong>χχιιι,</strong></span> <span class='ocrx_word' id='word_1_857' title='bbox 3268 5045 3352 5118; x_wconf 79' lang='lat'><strong>8),</strong></span> <span class='ocrx_word' id='word_1_858' title='bbox 3374 5050 3443 5104; x_wconf 91' lang='lat' dir='ltr'><strong>de</strong></span> <span class='ocrx_word' id='word_1_859' title='bbox 3488 5066 3587 5105; x_wconf 90' lang='lat' dir='ltr'><strong>an-</strong></span> 
     </span>
    </p>
   </div>
   <div class='ocr_carea' id='block_1_112' title="bbox 1980 5127 3585 5201">
    <p class='ocr_par' dir='ltr' id='par_1_112' title="bbox 1980 5127 3585 5201">
     <span class='ocr_line' id='line_1_112' title="bbox 1980 5127 3585 5201; baseline 0.009 -17"><span class='ocrx_word' id='word_1_860' title='bbox 1980 5129 2231 5200; x_wconf 88' lang='lat' dir='ltr'><strong>gelorum</strong></span> <span class='ocrx_word' id='word_1_861' title='bbox 2261 5127 2469 5185; x_wconf 89' lang='lat' dir='ltr'><strong>ditione</strong></span> <span class='ocrx_word' id='word_1_862' title='bbox 2490 5130 2556 5184; x_wconf 89' lang='lat' dir='ltr'><strong>ad</strong></span> <span class='ocrx_word' id='word_1_863' title='bbox 2589 5141 2800 5201; x_wconf 88' lang='lat' dir='ltr'><strong>partem</strong></span> <span class='ocrx_word' id='word_1_864' title='bbox 2833 5132 3049 5190; x_wconf 89' lang='lat' dir='ltr'><strong>Domini</strong></span> <span class='ocrx_word' id='word_1_865' title='bbox 3081 5152 3205 5193; x_wconf 87' lang='lat' dir='ltr'><strong>esse</strong></span> <span class='ocrx_word' id='word_1_866' title='bbox 3264 5143 3585 5199; x_wconf 70' lang='lat' dir='ltr'><strong>translates.</strong></span> 
     </span>
    </p>
   </div>
   <div class='ocr_carea' id='block_1_113' title="bbox 1986 5221 3590 5297">
    <p class='ocr_par' dir='ltr' id='par_1_113' title="bbox 1986 5221 3590 5297">
     <span class='ocr_line' id='line_1_113' title="bbox 1986 5221 3590 5297; baseline 0.013 -20"><span class='ocrx_word' id='word_1_867' title='bbox 1986 5221 2053 5277; x_wconf 84' lang='lat' dir='ltr'><strong>Et</strong></span> <span class='ocrx_word' id='word_1_868' title='bbox 2075 5222 2149 5276; x_wconf 90' lang='lat' dir='ltr'><strong>illi</strong></span> <span class='ocrx_word' id='word_1_869' title='bbox 2176 5221 2402 5293; x_wconf 89' lang='lat' dir='ltr'><strong>quidem</strong></span> <span class='ocrx_word' id='word_1_870' title='bbox 2427 5223 2630 5295; x_wconf 83' lang='lat' dir='ltr'><strong>aliena,</strong></span> <span class='ocrx_word' id='word_1_871' title='bbox 2662 5235 2718 5281; x_wconf 90' lang='lat' dir='ltr'><strong>et</strong></span> <span class='ocrx_word' id='word_1_872' title='bbox 2747 5226 2853 5282; x_wconf 90' lang='lat' dir='ltr'><strong>sibi</strong></span> <span class='ocrx_word' id='word_1_873' title='bbox 2888 5227 2970 5283; x_wconf 74' lang='lat' dir='ltr'><strong>vel</strong></span> <span class='ocrx_word' id='word_1_874' title='bbox 2996 5232 3286 5289; x_wconf 69' lang='lat' dir='ltr'><strong>commissa</strong></span> <span class='ocrx_word' id='word_1_875' title='bbox 3313 5238 3400 5292; x_wconf 90' lang='lat' dir='ltr'><strong>vel</strong></span> <span class='ocrx_word' id='word_1_876' title='bbox 3428 5255 3590 5297; x_wconf 84' lang='lat' dir='ltr'><strong>usur-</strong></span> 
     </span>
    </p>
   </div>
   <div class='ocr_carea' id='block_1_114' title="bbox 1985 5316 3589 5391">
    <p class='ocr_par' dir='ltr' id='par_1_114' title="bbox 1985 5316 3589 5391">
     <span class='ocr_line' id='line_1_114' title="bbox 1985 5316 3589 5391; baseline 0.012 -22"><span class='ocrx_word' id='word_1_877' title='bbox 1985 5325 2111 5386; x_wconf 89' lang='lat' dir='ltr'><strong>pata</strong></span> <span class='ocrx_word' id='word_1_878' title='bbox 2135 5324 2455 5372; x_wconf 85' lang='lat' dir='ltr'><strong>tenuerunt.</strong></span> <span class='ocrx_word' id='word_1_879' title='bbox 2481 5316 2589 5373; x_wconf 87' lang='lat' dir='ltr'><strong>iste</strong></span> <span class='ocrx_word' id='word_1_880' title='bbox 2623 5334 2755 5375; x_wconf 89' lang='lat' dir='ltr'><strong>vero</strong></span> <span class='ocrx_word' id='word_1_881' title='bbox 2778 5320 2989 5391; x_wconf 90' lang='lat' dir='ltr'><strong>recepit</strong></span> <span class='ocrx_word' id='word_1_882' title='bbox 3020 5338 3116 5378; x_wconf 83' lang='lat' dir='ltr'><strong>sua</strong></span> <span class='ocrx_word' id='word_1_883' title='bbox 3148 5342 3162 5381; x_wconf 90' lang='lat'><strong>:</strong></span> <span class='ocrx_word' id='word_1_884' title='bbox 3198 5337 3254 5381; x_wconf 90' lang='lat' dir='ltr'><strong>et</strong></span> <span class='ocrx_word' id='word_1_885' title='bbox 3279 5331 3589 5391; x_wconf 76' lang='lat' dir='ltr'><strong>ascendens</strong></span> 
     </span>
    </p>
   </div>
   <div class='ocr_carea' id='block_1_115' title="bbox 1990 5411 3587 5502">
    <p class='ocr_par' dir='ltr' id='par_1_115' title="bbox 1990 5411 3587 5502">
     <span class='ocr_line' id='line_1_115' title="bbox 1990 5411 3587 5502; baseline 0.013 -37"><span class='ocrx_word' id='word_1_886' title='bbox 1990 5411 2044 5465; x_wconf 90' lang='lat' dir='ltr'><strong>in</strong></span> <span class='ocrx_word' id='word_1_887' title='bbox 2078 5412 2248 5465; x_wconf 87' lang='lat' dir='ltr'><strong>altum</strong></span> <span class='ocrx_word' id='word_1_888' title='bbox 2276 5414 2550 5482; x_wconf 82' lang='lat' dir='ltr'><strong>captivam</strong></span> <span class='ocrx_word' id='word_1_889' title='bbox 2581 5413 3136 5487; x_wconf 88' lang='lat' dir='ltr'><strong>duxitcaptivitatem</strong></span> <span class='ocrx_word' id='word_1_890' title='bbox 3157 5420 3278 5494; x_wconf 85' lang='lat' dir='ltr'><strong>(Ps.</strong></span> <span class='ocrx_word' id='word_1_891' title='bbox 3307 5426 3499 5502; x_wconf 80' lang='grc' dir='ltr'><strong>ιινιι),</strong></span> <span class='ocrx_word' id='word_1_892' title='bbox 3535 5431 3587 5487; x_wconf 83' lang='lat' dir='ltr'><strong>id</strong></span> 
     </span>
    </p>
   </div>
   <div class='ocr_carea' id='block_1_116' title="bbox 1988 5536 3588 5613">
    <p class='ocr_par' dir='ltr' id='par_1_116' title="bbox 1988 5536 3588 5613">
     <span class='ocr_line' id='line_1_116' title="bbox 1988 5536 3588 5613; baseline 0.014 -26"><span class='ocrx_word' id='word_1_893' title='bbox 1988 5551 2107 5613; x_wconf 73' lang='lat' dir='ltr'><strong>rum</strong></span> <span class='ocrx_word' id='word_1_894' title='bbox 2139 5545 2197 5593; x_wconf 86' lang='lat' dir='ltr'><strong>et</strong></span> <span class='ocrx_word' id='word_1_895' title='bbox 2222 5536 2450 5613; x_wconf 83' lang='lat' dir='ltr'><strong>Latinos</strong></span> <span class='ocrx_word' id='word_1_896' title='bbox 2477 5539 2988 5613; x_wconf 71' lang='lat' dir='ltr'><strong>nonnullosi’atres</strong></span> <span class='ocrx_word' id='word_1_897' title='bbox 3015 5543 3215 5613; x_wconf 88' lang='lat' dir='ltr'><strong>legisse</strong></span> <span class='ocrx_word' id='word_1_898' title='bbox 3255 5557 3468 5605; x_wconf 82' lang='lat' dir='ltr'><strong>constat</strong></span> <span class='ocrx_word' id='word_1_899' title='bbox 3501 5554 3588 5612; x_wconf 87' lang='lat' dir='ltr'><strong>hic</strong></span> 
     </span>
    </p>
   </div>
   <div class='ocr_carea' id='block_1_117' title="bbox 1989 5608 3591 5692">
    <p class='ocr_par' dir='ltr' id='par_1_117' title="bbox 1989 5608 3591 5692">
     <span class='ocr_line' id='line_1_117' title="bbox 1989 5608 3591 5692; baseline 0.009 -28"><span class='ocrx_word' id='word_1_900' title='bbox 1989 5608 2125 5692; x_wconf 74' lang='lat' dir='ltr'><strong>loci,</strong></span> <span class='ocrx_word' id='word_1_901' title='bbox 2156 5610 2533 5692; x_wconf 45' lang='lat' dir='ltr'><strong>reneapitulare,</strong></span> <span class='ocrx_word' id='word_1_902' title='bbox 2582 5612 2724 5692; x_wconf 85' lang='lat' dir='ltr'><strong>quod</strong></span> <span class='ocrx_word' id='word_1_903' title='bbox 2777 5608 3115 5692; x_wconf 61' lang='lat' dir='ltr'><strong>Hieronymo</strong></span> <span class='ocrx_word' id='word_1_904' title='bbox 3142 5617 3327 5692; x_wconf 59' lang='lat' dir='ltr'><strong>magis</strong></span> <span class='ocrx_word' id='word_1_905' title='bbox 3359 5608 3591 5691; x_wconf 68' lang='lat' dir='ltr'><strong>arridet,</strong></span> 
     </span>
    </p>
   </div>
   <div class='ocr_carea' id='block_1_118' title="bbox 1982 5681 3584 5763">
    <p class='ocr_par' dir='ltr' id='par_1_118' title="bbox 1982 5681 3584 5763">
     <span class='ocr_line' id='line_1_118' title="bbox 1982 5681 3584 5763; baseline 0.011 -30"><span class='ocrx_word' id='word_1_906' title='bbox 1982 5681 2139 5763; x_wconf 80' lang='lat' dir='ltr'><strong>juxta</strong></span> <span class='ocrx_word' id='word_1_907' title='bbox 2188 5681 2440 5763; x_wconf 56' lang='lat' dir='ltr'><strong>(iracpm</strong></span> <span class='ocrx_word' id='word_1_908' title='bbox 2492 5689 2705 5737; x_wconf 80' lang='lat' dir='ltr'><strong>textum</strong></span> <span class='ocrx_word' id='word_1_909' title='bbox 2735 5681 3362 5763; x_wconf 57' lang='lat' dir='ltr'><strong>;_dico_Tertulli_auum</strong></span> <span class='ocrx_word' id='word_1_910' title='bbox 3396 5692 3489 5747; x_wconf 79' lang='lat' dir='ltr'><strong>lili.</strong></span> <span class='ocrx_word' id='word_1_911' title='bbox 3532 5681 3584 5763; x_wconf 64' lang='grc' dir='ltr'><strong>ν,</strong></span> 
     </span>
    </p>
   </div>
   <div class='ocr_carea' id='block_1_119' title="bbox 1987 5751 3589 5901">
    <p class='ocr_par' dir='ltr' id='par_1_119' title="bbox 1987 5751 3589 5901">
     <span class='ocr_line' id='line_1_119' title="bbox 1987 5751 3589 5901; baseline 0.016 -98"><span class='ocrx_word' id='word_1_912' title='bbox 1987 5759 2178 5893; x_wconf 52' lang='lat' dir='ltr'><strong>(:3)th</strong></span> <span class='ocrx_word' id='word_1_913' title='bbox 2194 5751 2553 5901; x_wconf 42' lang='lat' dir='ltr'><strong>glagciionem,</strong></span> <span class='ocrx_word' id='word_1_914' title='bbox 2576 5769 2703 5827; x_wconf 84' lang='lat' dir='ltr'><strong>cap.</strong></span> <span class='ocrx_word' id='word_1_915' title='bbox 2728 5754 2826 5826; x_wconf 75' lang='lat' dir='ltr'><strong>i7;</strong></span> <span class='ocrx_word' id='word_1_916' title='bbox 2849 5764 2908 5815; x_wconf 85' lang='lat' dir='ltr'><strong>et</strong></span> <span class='ocrx_word' id='word_1_917' title='bbox 2930 5755 2991 5817; x_wconf 80' lang='lat' dir='ltr'><strong>S.</strong></span> <span class='ocrx_word' id='word_1_918' title='bbox 3015 5756 3211 5819; x_wconf 72' lang='lat' dir='ltr'><strong>lrenaei</strong></span> <span class='ocrx_word' id='word_1_919' title='bbox 3231 5751 3589 5839; x_wconf 66' lang='lat' dir='ltr'><strong>interpretem</strong></span> 
     </span>
    </p>
   </div>
  </div>
