4046 6366
397 359 403 365 ν
493 320 603 382 455

1744 321 1798 379 S.
1850 319 2123 377 lil'Sl‘Bll
2165 319 2540 378 HlERUNVlll

3687 323 3796 384 ‘56

497 455 606 509 est,
630 457 726 499 eos
756 442 848 512 qui
873 451 994 495 ante
1016 438 1157 507 capti
1188 436 1401 492 fuerant
1438 436 1490 489 iu
1524 436 1916 502 perditionem,
1972 438 2086 505 ipse
2118 442 2160 494 Α
2193 449 2248 493 et
2280 456 2427 496 nunc
2450 456 2518 493 ex
2549 448 2700 508 parte
2732 439 2978 495 videmus
3012 438 3240 508 (ικιιιωιί,
3264 438 3390 510 quia
3416 439 3520 495 alia
3554 441 3627 496 sit
3651 456 3791 496 mer-

498 538 648 606 Ccpit
678 539 743 590 ad
776 539 959 597 vitam,
986 545 1041 587 ut
1065 533 1353 588 reduceret
1381 532 1545 604 558
1573 533 1624 585 in
1669 532 1955 585 excelsum
1992 546 2007 586 :
2037 539 2089 584 et

490 631 897 700 quodamnnnlo
919 638 1003 683 est
1035 640 1193 695 capta
1219 626 1532 697 captivitas,
1574 627 1701 679 dum
1752 642 1848 691 per
1892 641 2089 678 secun-

494 722 619 778 dum
646 725 1014 789 captivitatetn
1055 735 1145 790 qui
1192 721 1339 788 ptius
1386 718 1533 788 capti
1575 719 1813 777 fueiaut.
1852 717 2091 772 liberan-

493 822 606 869 tur.
665 812 1131 869 Considerandum
1185 813 1331 883 quod
1391 821 1447 867 et
1512 812 1603 868 hic
1657 813 1977 891 προορισμός
2033 822 2088 866 et

491 910 754 985 πρόθεσις,
788 907 841 962 id
870 914 977 969 est,
1009 906 1401 980 prwdatinatio
1437 914 1494 962 et
1536 908 1880 976 propositum,
1928 903 2088 959 simul

494 1003 670 1073 posita
696 1003 830 1069 sint,
859 999 1017 1071 juxta
1049 1015 1172 1070 qua:
1199 1010 1458 1070 operatur
1479 1000 1662 1053 omnia
1707 999 1849 1053 Deus
1887 1012 2088 1052 secun-

486 1095 617 1148 dum
639 1094 935 1149 consilium
966 1094 1268 1148 voluntatis
1299 1107 1436 1147 sum.
1462 1089 1581 1146 Non
1614 1106 1722 1162 quo
1750 1091 1930 1145 Omnia
1967 1103 2088 1159 quae

486 1186 540 1241 in
573 1186 777 1241 mundo
807 1186 960 1251 fiant,
995 1185 1088 1241 Dei
1118 1186 1398 1240 voluntate
1428 1195 1483 1239 et
1526 1184 1764 1240 consilio
1820 1199 2090 1252 peragan-

488 1286 622 1334 tur:
655 1277 898 1348 alioquin
927 1286 985 1333 et
1017 1276 1156 1331 mala
1197 1276 1310 1332 Deo
1352 1285 1613 1346 poterunt
1654 1275 1941 1345 imputari;
1988 1274 2084 1328 sed

488 1386 598 1441 quo
629 1370 886 1425 universa
913 1385 1037 1440 qua:
1068 1369 1218 1435 facit,
1246 1368 1478 1423 consilio
1506 1367 1669 1422 faciat
1699 1378 1753 1423 et
1783 1368 2084 1434 voluntate,

487 1463 631 1533 quod
663 1464 873 1518 scilicet
898 1474 952 1517 et
981 1462 1201 1516 ratione
1233 1460 1390 1530 plena
1425 1459 1536 1514 sint
1578 1471 1633 1514 et
1683 1469 1954 1529 potestate
2009 1461 2087 1512 la-

483 1560 708 1616 cientis.
736 1558 845 1615 Nos
862 1557 1115 1613 homines
1135 1558 1396 1627 pleraque
1421 1557 1675 1624 Volumus
1700 1553 1882 1608 faccre
1905 1549 2088 1606 consi-

485 1652 605 1709 lio:
639 1651 735 1707 sed
764 1665 1107 1722 nequaquam
1155 1650 1502 1706 voluntatem
1544 1649 1792 1720 sequitur
1834 1645 2082 1700 effectus.

486 1741 568 1798 illi
610 1753 794 1798 autem
820 1742 1001 1797 nullus
1033 1742 1292 1797 resistere
1323 1753 1527 1812 potest,
1556 1743 1691 1811 quin
1730 1740 1915 1796 omnia
1963 1752 2088 1809 qum

2194 546 2287 585 ccs
2316 532 2454 598 ejus,
2481 534 2570 602 qui
2605 532 2886 588 voluntate
2915 542 3176 602 srquatur
3202 532 3399 600 Deum,
3435 532 3539 588 alia
3569 534 3662 605 qui
3697 549 3790 589 ne-

2195 627 2474 681 cessitate.
2508 625 2899 681 Verumtamen
2950 627 3065 682 sive
3114 641 3211 696 per
3255 627 3628 695 occasionem,
3675 626 3788 684 sive

2195 734 2292 788 per
2322 719 2607 773 veritatem
2627 759 2643 785 ,
2687 729 2896 775 tantum
2926 717 3179 775 Christus
3208 720 3601 775 annuntietur:
3630 718 3789 776 dum-

2194 812 2354 867 modo
2384 813 2544 876 sciat,
2575 822 2632 869 et
2662 828 2914 883 sperans,
2945 823 2999 869 et
3027 822 3154 870 ante
3198 829 3454 884 sperans,
3496 804 3646 884 quod
3692 830 3787 884 pro

2191 906 2509 963 diversitate
2531 908 2648 975 spei
2673 907 2890 962 diversa
2909 908 3019 962 sint
3041 906 3264 977 praemia
3286 906 3590 975 recepturi.

2266 999 2595 1072 (Vers.13.)
2650 998 2718 1055 In
2765 1016 2869 1073 quo
2896 1009 2945 1054 et
2989 1016 3078 1055 vos
3121 999 3305 1054 audito
3356 1000 3508 1053 verba
3558 999 3788 1055 veritatis

2193 1090 2466 1162 Evangelii
2493 1092 2680 1146 salutis
2719 1100 2919 1156 vestris,
2969 1092 3025 1146 in
3070 1108 3175 1162 quo
3211 1099 3260 1146 et
3286 1092 3553 1146 credentes
3598 1092 3791 1161 signati

2191 1186 2311 1238 estis
2344 1184 2547 1256 Spiritu
2577 1194 2760 1239 sancto
2795 1185 3178 1257 promissionis.
3232 1182 3301 1238 In
3341 1200 3441 1254 quo
3465 1200 3483 1237 :
3516 1183 3661 1239 haud
3692 1183 3790 1239 du-

2191 1277 2337 1332 bium
2369 1277 2497 1347 quin
2532 1276 2584 1331 in
2615 1277 2856 1332 Christo.
2901 1275 3048 1331 Inter
3093 1284 3328 1332 caeteros
3353 1275 3447 1346 qui
3473 1274 3786 1343 audierunt,

2190 1384 2289 1424 vos
2340 1383 2594 1440 quoque,
2642 1370 2898 1438 Ephesii,
2949 1369 3177 1425 verbum
3232 1369 3483 1425 veritatis
3532 1368 3784 1435 audistis,

2192 1461 2545 1531 Evangelium
2597 1460 2788 1514 salutis
2826 1468 3057 1527 vestrze,
3102 1460 3192 1516 cui
3221 1459 3535 1527 credentes,
3589 1460 3784 1530 signati

2190 1554 2324 1609 csds
2355 1553 2551 1624 spiritu
2576 1553 3021 1624 repromissionis
3068 1562 3281 1609 sancto.
3325 1551 3557 1607 Videtur
3601 1563 3783 1606 autem

2185 1646 2340 1718 juxta
2365 1647 2616 1703 ordinem
2642 1647 2899 1704 lectionis
2925 1663 3030 1703 non
3080 1655 3228 1703 stare
3276 1648 3570 1707 sententia.
3602 1660 3707 1702 nec
3737 1646 3789 1702 ei

2191 1741 2333 1812 quod
2368 1741 2655 1811 praelatum
2680 1750 2762 1796 est
2792 1758 2806 1794 :
2842 1739 2911 1795 In
2937 1758 3039 1813 quo
3063 1751 3113 1795 et
3135 1756 3225 1795 vos
3260 1740 3445 1795 audito
3482 1738 3633 1794 verbo
3655 1738 3789 1793 veri-

487 1835 747 1903 voluerit,
803 1834 989 1891 faciat.
1040 1833 1167 1889 Vult
1209 1845 1392 1891 autem
1447 1850 1513 1891 ea
1557 1848 1914 1905 quaecumque
1962 1838 2089 1886 sunt
2118 1824 2165 1886 Β
2193 1834 2316 1887 tatis
2340 1831 2612 1905 Evangelii
2637 1831 2822 1887 salutis
2868 1844 3066 1898 vestrm,
3104 1832 3377 1888 redditum
3409 1830 3617 1901 aliquid
3646 1829 3789 1900 quod

487 1932 650 1997 plena
682 1929 915 1984 rationis
946 1938 1109 1998 atque
1134 1927 1375 1985 consilii.
1411 1928 1527 1981 vult
1560 1928 1758 1981 salvari
1793 1940 2010 1986 omnes,
2036 1932 2092 1978 et

480 2020 539 2077 in
573 2022 906 2092 agnitionem
932 2019 1185 2073 veritatis
1216 2020 1411 2075 venire
1446 2021 1489 2089 (ι
1527 2018 1665 2073 Tim.
1689 2016 1771 2091 ιι).
1803 2016 1934 2082 Sed,
1962 2017 2089 2087 quia

484 2114 666 2167 nullus
706 2113 912 2182 absque
961 2109 1184 2181 propria
1249 2111 1539 2165 voluntate
1593 2109 1842 2163 salvator
1902 2107 2089 2179 (liberi

486 2210 633 2259 enim
662 2202 877 2259 arbitrii
905 2202 1145 2271 sumus),
1174 2203 1408 2256 vultnos
1443 2205 1641 2256 bonum
1674 2202 1841 2267 velle,
1879 2213 1935 2253 ut
1961 2216 2085 2254 cum

484 2298 847 2363 Voluerimus,
885 2294 1021 2361 velit
1071 2295 1123 2347 in
1185 2293 1342 2349 nobis
1372 2305 1422 2348 et
1471 2294 1590 2363 ipso
1638 2308 1797 2347 suum
1849 2291 2088 2363 implere

485 2393 804 2448 consilium.

554 2486 736 2557 (Vers.
774 2482 889 2555 12.)
922 2482 992 2540 Ut
1016 2487 1180 2538 simus
1209 2483 1264 2536 in
1306 2482 1518 2536 laudem
1561 2481 1747 2552 gloria:
1794 2484 1933 2555 ejus,
1992 2479 2084 2551 qui

482 2590 604 2635 ante
630 2579 950 2650 speravimus
998 2578 1053 2632 in
1105 2575 1334 2633 Christo.
1379 2576 1459 2639 Si,
1490 2575 1831 2644 speravimus,
1874 2584 2083 2628 tantum

487 2674 595 2747 [ΑΙ.
627 2669 778 2744 ante]
808 2671 1062 2742 dixisset,
1118 2674 1173 2724 in
1210 2668 1441 2736 Christo,
1474 2678 1530 2724 et
1561 2684 1667 2723 non
1700 2668 2081 2735 przemi~issct,

484 2777 605 2822 ante
657 2768 1002 2835 speravimus,
1034 2765 1177 2835 quod
1227 2764 1421 2819 Graece
1461 2764 1662 2818 dicitur
1691 2761 2081 2840 προηλωκότες,

485 2868 635 2915 essi-t
663 2857 1012 2914 manifestior
1060 2873 1278 2917 sensus,
1334 2870 1431 2909 eos
1473 2856 1566 2926 qui
1620 2862 1984 2924 ~peravetnnt
2028 2853 2080 2906 in

480 2951 721 3019 Christo,
753 2959 903 3007 sorte
931 2962 1156 3005 vocatos
1180 2965 1303 3005 es~e
1328 2946 1435 3021 [AL
1470 2957 1526 3003 et
1551 2946 1700 3019 esse]
1722 2959 1771 3001 et
1800 2945 2081 3016 prwdesti-

482 3054 641 3098 natos
667 3042 970 3099 secundum
997 3045 1339 3113 propositum
1371 3042 1513 3109 ejus,
1544 3043 1634 3111 qui
1669 3041 1925 3094 universa
1950 3053 2082 3107 ope-

482 3150 635 3193 ratur
681 3142 833 3206 juxta
885 3137 1177 3191 consilium
1220 3136 1525 3189 voluntatis
1565 3149 1698 3186 sum.
1742 3132 1895 3187 Nunc
1947 3146 2080 3186 vero

2192 1939 2472 1996 sequatur,
2499 1926 2623 1990 quia
2648 1926 2837 1981 statim
2856 1924 3097 1980 secundo
3122 1923 3364 1992 ponitur,
3396 1923 3451 1976 in
3495 1938 3619 1992 quo.
3647 1921 3788 1991 quod

2192 2023 2315 2090 quia
2344 2017 2682 2089 superfluum
2711 2026 2816 2084 est,
2852 2017 3129 2073 sublatum
3172 2032 3204 2071 e
3241 2016 3425 2072 medio
3464 2024 3650 2086 potest
3680 2025 3791 2071 tex-

2192 2120 2305 2166 tum
2337 2110 2573 2166 reddere
2601 2108 2845 2164 lectioni.
2877 2109 2992 2164 Hoc
3028 2119 3213 2164 autem
3252 2107 3560 2178 patiebatur
3589 2105 3790 2162 Paulus

2190 2205 2258 2260 de
2288 2194 2457 2259 nimio
2486 2219 2672 2259 amore
2696 2203 2927 2271 Christi,
2962 2213 3022 2258 ut
3052 2219 3176 2258 eum
3206 2217 3425 2270 semper
3455 2217 3619 2273 quem
3669 2200 3793 2258 dili-

2189 2300 2374 2370 gebat,
2401 2298 2568 2354 etiam
2597 2296 2873 2366 superflue
2905 2306 2964 2350 et
2994 2295 3432 2351 extraordinaiie
3459 2294 3787 2350 nominaret.

2189 2392 2344 2461 Quod
2372 2400 2553 2460 potest
2571 2391 2774 2462 absque
2803 2390 2961 2445 nobis
2985 2390 3036 2445 in
3060 2389 3317 2444 omnibus
3368 2388 3629 2458 Epistolis
3673 2386 3789 2458 ejus

2190 2486 2366 2540 lector
2394 2485 2631 2555 diligens
2658 2484 2922 2539 invenire.
2958 2482 3111 2539 Unde
3139 2494 3189 2538 et
3221 2497 3367 2537 nunc
3407 2482 3651 2539 secundo
3690 2496 3787 2553 po-

2187 2579 2372 2639 situm,
2402 2578 2455 2631 in
2493 2592 2594 2647 quo
2624 2574 2873 2629 ordinem
2906 2574 3340 2645 deprehenditur
3381 2575 3634 2629 turbasse
3663 2587 3789 2628 Sen-

2186 2668 2398 2734 tentiae,
2429 2678 2481 2723 et
2506 2666 2837 2721 anteriorem
2872 2666 3298 2735 propositionem
3330 2666 3621 2737 reliquisse
3655 2680 3784 2736 pen-

2184 2762 2425 2817 dentem.
2451 2759 2635 2830 Ni-quc
2657 2776 2795 2815 vero
2819 2774 2980 2824 parva
3003 2758 3122 2814 laus
3151 2758 3513 2828 Ephesiorum
3543 2768 3650 2820 est,
3679 2772 3783 2814 non

2186 2852 2658 2925 prmilmationem,
2682 2851 2777 2906 sed
2800 2851 3291 2906 vcrliumverttatis
3311 2850 3550 2906 audisse.
3592 2850 3782 2921 Siqui-

2180 2948 2302 3002 dem
2324 2944 2924 3013 ἰιιίθνιινέυάιοτιιὶοιιοηι
2946 2954 3000 2998 et
3019 2944 3250 2998 Verbum
3285 2942 3782 2998 veritatismnltam

2183 3056 2305 3095 esse
2321 3039 2720 3103 distantiam,et
2736 3036 2790 3092 in
2807 3038 2909 3091 alia
2931 3034 3173 3107 Epistula
3190 3036 3422 3108 legimus
3441 3053 3457 3093 :
3474 3034 3540 3092 Et
3553 3036 3781 3101 verbum,

2185 3132 2377 3203 inquit,
2404 3146 2575 3185 meum
2595 3141 2642 3184 et
2664 3130 2971 3201 prwdicatio
2993 3145 3130 3197 mea,
3155 3128 3331 3184 nonin
3354 3128 3784 3196 persuasibilibus

480 3228 889 3300 pra-positionis
915 3227 1153 3298 adjectio
1182 3236 1230 3292 ιι,
1264 3226 1329 3280 ad
1356 3227 1502 3281 illam
1533 3241 1633 3280 nos
1659 3222 2075 3294 intelligentiam
2105 3210 2151 3273 C
2183 3225 2455 3290 sapientia:
2483 3222 2667 3289 verbis,
2708 3222 2798 3275 sed
2839 3222 2894 3275 in
2922 3221 3214 3276 ostensione
3259 3220 3477 3293 spiritus
3507 3230 3555 3276 et
3580 3221 3783 3275 virtutis

481 3322 669 3383 trahit,
697 3321 765 3377 de
810 3336 917 3391 qua
967 3319 1222 3391 superius
1261 3318 1683 3387 disputavimus,
1734 3323 2079 3383 espouentes

483 3411 588 3468 hoc
629 3412 774 3482 quod
824 3411 1086 3482 scriptum
1117 3421 1246 3464 est:
1281 3410 1381 3473 ()ui
1412 3408 1671 3463 benedixit
1694 3424 1787 3460 nos
1835 3408 1888 3459 in
1939 3407 2081 3460 omni

482 3504 836 3559 benedictione
863 3504 1153 3575 spirituali,
1182 3502 1237 3555 in
1277 3500 1567 3556 coelestibus
1598 3501 1651 3553 in
1684 3498 1910 3563 Christo,
1941 3500 2079 3552 sicut

476 3597 623 3667 elegit
665 3613 759 3650 nos
782 3597 834 3649 in
858 3596 973 3663 ipso
1003 3602 1122 3647 ante
1149 3594 1565 3645 constilu'ioucm
1609 3591 1809 3658 mundi,
1842 3602 1897 3644 ut
1943 3608 2079 3645 esse-

479 3708 595 3745 mus
623 3692 789 3744 sancti
816 3698 866 3742 et
893 3686 1221 3740 immaculati
1263 3700 1437 3738 coram
1488 3684 1650 3746 ipso:
1688 3684 1834 3753 quod
1866 3684 2078 3739 scil;cet

477 3786 748 3854 sicutjam
773 3799 879 3836 non
912 3779 1258 3836 benedixerit
1297 3778 1448 3831 onini
1496 3777 1878 3833 benedictione
1909 3779 2074 3849 spiri-

480 3876 616 3930 tnali
643 3878 694 3928 in
725 3873 1060 3935 cmlestibos,
1107 3879 1164 3925 ct
1198 3870 1430 3939 elegerit
1457 3880 1586 3926 ante
1622 3871 2074 3927 causiiiutionem

479 3967 708 4023 mundi:
740 3968 810 4019 ita
842 3964 1003 4017 etiam
1058 3978 1201 4016 nunc
1246 3977 1501 4031 sperasse
1556 3972 1684 4018 ante
1728 3962 1976 4018 dicamur
2022 3965 2074 4019 in

480 4060 722 4124 Lbristo,
752 4074 819 4113 ex
842 4072 912 4112 eo
940 4066 1191 4126 tempore
1235 4069 1344 4124 quo
1382 4055 1545 4110 electi
1578 4065 1631 4111 ct
1677 4057 2071 4125 prwdCStinuli,

479 4164 537 4208 et
570 4144 851 4207 benedicti
874 4165 1064 4205 sumus
1115 4150 1167 4203 in
1216 4149 1554 4204 caelestibus.
1602 4150 1758 4203 Alius
1806 4166 1939 4205 vero
1972 4154 2075 4208 hoc

476 4246 676 4311 dogma
710 4259 815 4298 non
841 4242 1140 4309 sustinens,
1172 4241 1316 4311 quod
1345 4249 1475 4295 ante
1506 4240 1772 4296 fuerimus
1811 4252 1865 4297 et
1886 4259 2074 4312 spera-

479 4337 724 4393 verimus
751 4340 804 4389 in
836 4334 1078 4400 Clu-ism,
1112 4348 1274 4401 quam
1328 4334 1380 4386 in
1435 4334 1539 4387 isto
1570 4348 1798 4402 corpore
1844 4337 2071 4406 (legere.

480 4444 627 4493 mus,
664 4429 755 4482 illo
784 4427 1093 4496 intelligent
1114 4442 1201 4480 aut
1227 4425 1523 4481 transferet
1551 4424 1660 4497 [AL
1691 4427 1987 4500 transfert],
2012 4440 2076 4483 ut

478 4523 667 4578 dicat:
701 4521 757 4576 In
781 4520 1018 4575 adventu
1044 4519 1258 4574 Domini
1289 4519 1621 4582 Salvatoiis,
1655 4519 1819 4594 559
1856 4525 2070 4589 quando

2185 3317 2486 3390 (lCor.xt,
2532 3316 2644 3386 M).
2696 3315 3019 3382 Qua-ramus
3077 3315 3240 3388 560
3296 3314 3645 3385 diligentius,
3694 3312 3783 3369 ubi

2181 3410 2308 3464 alibi
2341 3408 2607 3479 scriptum
2636 3409 2728 3475 sit,
2775 3408 2919 3478 quod
2950 3407 3174 3463 verbum
3210 3408 3331 3477 quis
3370 3405 3609 3461 audierit
3640 3406 3785 3461 veri-

2184 3505 2332 3572 tatis,
2359 3513 2415 3556 ut
2445 3518 2511 3557 ex
2542 3501 2838 3556 collaticiie
2870 3517 3063 3556 eorum
3103 3500 3275 3569 possit
3309 3499 3595 3569 perspicue
3623 3497 3781 3553 Pauli

2180 3611 2376 3651 sensus
2404 3594 2645 3664 aperiri:
2680 3594 2770 3648 ubi
2803 3610 3022 3664 quoque
3049 3592 3405 3665 Evangelinm
3440 3590 3780 3648 nominatum

2180 3690 2273 3750 sit,
2311 3689 2426 3741 sive
2479 3702 2605 3742 cum
2664 3687 3075 3754 additamenta,
3124 3685 3236 3741 sive
3285 3685 3556 3741 absolute.
3617 3685 3782 3741 Verbi

2179 3785 2350 3853 gratia
2379 3801 2501 3839 cum
2555 3785 2947 3851 additamento,
2986 3782 3325 3855 Evangelium
3372 3798 3544 3836 meum
3596 3779 3775 3852 (Rom.

2180 3891 2289 3939 xw,
2320 3877 2437 3947 25),
2475 3887 2528 3931 et
2555 3876 2899 3949 Evangeliam
2925 3874 3054 3928 Jesu
3082 3873 3273 3930 Christi
3318 3872 3384 3938 (ll
3415 3873 3538 3928 Cor.
3571 3889 3633 3942 tt,
3667 3872 3780 3946 il),

2179 3980 2233 4025 ct
2268 3969 2611 4041 Emmgelinm
2625 3978 2875 4023 wternnm
2897 3968 3083 4037 (Apoc.
3112 3982 3222 4029 xiv,
3252 3965 3331 4034 6);
3358 3967 3442 4020 vel
3467 3969 3614 4035 quod
3641 3982 3783 4023 nunc

2178 4064 2379 4117 dicitur
2437 4064 2504 4118 ad
2569 4062 2872 4130 Ephesios,
2926 4060 3265 4129 Erangelium
3318 4059 3504 4115 salutis
3576 4073 3777 4118 vestrm.

2177 4154 2448 4211 Absomte
2472 4171 2623 4218 vero,
2656 4163 2714 4208 ut
2759 4169 2880 4207 cum
2905 4152 3148 4222 loquitur
3178 4152 3245 4206 de
3273 4151 3444 4217 Luca,
3468 4150 3635 4222 Cujus
3666 4155 3781 4208 laus

2177 4251 2231 4304 in
2260 4247 2539 4319 Evangelia
2563 4264 2655 4315 per
2682 4262 2857 4300 omnes
2910 4244 3172 4300 Ecclesias
3223 4251 3238 4314 ζ
3251 4245 3294 4301 ll
3334 4244 3456 4299 Cor.
3489 4262 3608 4311 vtlt,
3665 4246 3775 4314 18).

2177 4342 2434 4413 Siguamr
2487 4351 2669 4394 autem
2710 4339 2799 4410 qui
2848 4339 3092 4393 audierit
3130 4337 3359 4394 verbum
3394 4337 3669 4400 veritatis,
3724 4346 3781 4393 et

2176 4434 2475 4490 crediderit
2503 4435 2553 4487 in
2587 4448 2675 4497 eo,
2709 4433 2900 4500 Spiritu
2934 4431 3377 4501 repromissionis
3407 4442 3619 4486 sancto.
3640 4430 3777 4499 Quia

2178 4531 2333 4584 multi
2366 4538 2485 4582 sunt
2523 4528 2611 4597 qui
2641 4528 2954 4592 audierunt,
2988 4536 3039 4580 et
3068 4525 3335 4582 increduli
3369 4534 3775 4595 permanentes,

476 4615 532 4671 in
558 4614 780 4669 nomine
801 4614 921 4683 ejus
949 4628 1111 4666 mune
1142 4628 1281 4683 genu
1312 4613 1562 4669 flectetur
1600 4615 1812 4669 caelesti
1841 4633 1930 4676 :m.
1967 4627 2073 4672 ter-

2185 4639 2521 4693 tta-quoquam
2582 4621 2920 4688 signaculum
2971 4621 3146 4674 sancti
3201 4619 3441 4687 Spiritus
3494 4618 3775 4674 consecuti

475 4708 730 4764 restrium
763 4719 817 4761 et
844 4708 1206 4771 infernurmn,
1228 4717 1283 4763 et
1305 4708 1483 4763 omnis
1507 4711 1683 4781 lingua
1703 4710 2067 4779 confitebitur,

473 4802 600 4872 quia
636 4801 896 4853 lloininus
920 4800 1080 4855 Ji-sus
1105 4799 1359 4854 Christus
1382 4801 1432 4852 iu
1465 4800 1635 4869 pluria
1668 4812 1751 4854 est
1784 4802 1871 4854 lti-i
1896 4802 2072 4856 Patris

473 4892 734 4967 (Pliil'pp.
763 4891 863 4964 tn),
894 4907 1019 4947 cum
1047 4891 1099 4946 ei
1133 4890 1335 4946 fuerint
1364 4891 1613 4946 universa
1644 4892 1905 4962 subjecta.
1934 4895 2071 4947 alios

472 4988 785 5050 voluntate,
815 4985 953 5039 alios
975 4983 1303 5039 necessitate
1342 4983 1733 5050 subjiciendus,
1764 4996 1813 5038 et
1853 5000 1948 5040 eos
1978 4987 2068 5056 qui

470 5087 598 5133 ante
630 5078 974 5147 praesentiam
1009 5075 1316 5144 majestatis
1339 5076 1456 5145 ejus
1478 5076 1816 5142 speraverint
1842 5080 1891 5132 in
1914 5095 2064 5146 eum,

468 5172 684 5224 futuros
739 5183 863 5223 esse
917 5168 971 5222 in
1028 5167 1244 5222 laudem
1305 5167 1496 5237 gloria?
1557 5168 1697 5238 ejus,
1765 5178 1821 5223 et
1885 5172 2068 5225 vocari

466 5259 497 5301 δ
525 5262 877 5321 cimini-2.6m;
911 5276 926 5318 :
959 5275 1056 5315 eos
1087 5274 1217 5313 vero
1237 5261 1327 5329 qui
1361 5259 1565 5328 reperti
1605 5261 1807 5316 iuerint
1830 5265 2071 5318 net-essi-

468 5364 580 5411 tate
601 5356 910 5414 credentes.
940 5370 1007 5409 eo
1039 5363 1288 5419 tempore
1316 5370 1424 5424 quo
1454 5370 1554 5409 nec
1577 5355 1858 5423 diabolus,
1890 5368 1945 5413 et
1972 5376 2068 5414 an-

465 5450 569 5518 geli
599 5447 720 5519 ejus
748 5457 1003 5517 poterunt
1035 5462 1241 5509 negare
1281 5459 1627 5519 regnantem,
1671 5465 1791 5504 esse
1837 5465 2064 5519 Speran-

464 5549 547 5594 te's
576 5557 589 5596 :
623 5539 719 5593 sed
753 5554 859 5591 non
894 5539 946 5590 in
980 5538 1192 5590 laudum
1226 5537 1414 5607 gloriae
1464 5540 1604 5609 (Ἴης.
1655 5542 1808 5609 Quod
1847 5545 2062 5613 quidam

539 5688 562 5716 υ
606 5678 856 5760 finimus,
906 5692 1070 5760 quem
1089 5678 1371 5760 conferas,
1405 5681 1498 5760 lib.
1535 5683 1574 5742 1,
1603 5702 1751 5738 num.
1778 5688 1867 5753 29,
1898 5691 1987 5758 δυ,
2014 5700 2067 5746 οι

457 5765 577 5833 seq.
617 5748 719 5833 Ibic
742 5750 1050 5833 interserit,
1082 5750 1257 5833 idest,
1284 5763 1420 5833 ante.
1453 5754 1624 5833 l‘anlo
1650 5748 1883 5833 quoque,
1916 5748 2061 5833 post,

465 5818 819 5884 benedixerat,
851 5831 900 5875 ct
935 5818 1182 5888 elegerat,
1222 5837 1319 5894 pro
1368 5818 1706 5900 lzeiu'dixerit,
1751 5818 1804 5891 cl
1833 5818 2066 5913 elegerit;

2092 6002 2219 6025 .-ρ-ι’
2300 6004 2514 6023 ’θρα-»ριν-
2564 6004 2685 6019 ›Α“‹ἐ
2756 6007 2765 6019 ι

2175 4727 2324 4769 sunt.
2362 4715 2566 4767 Dii-itur
2594 4721 2648 4768 et
2669 4712 2733 4766 ad
2766 4710 3063 4781 principem
3093 4710 3247 4780 Tyri,
3271 4709 3352 4763 Tu
3373 4726 3426 4762 es
3448 4707 3778 4780 signaculum

2175 4806 2535 4861 similitudinis
2583 4802 2680 4856 Dei
2711 4803 2892 4868 (Ezec.
2933 4816 3118 4866 xxviii,
3156 4801 3266 4868 19.).
3294 4802 3643 4871 Signaculum
3673 4817 3770 4856 au-

2177 4912 2283 4956 tem
2313 4902 2404 4954 Dei
2436 4909 2544 4961 est,
2567 4910 2621 4952 ut
2651 4895 2924 4966 quomodo
2955 4898 3168 4964 primus
3200 4895 3364 4948 homo
3413 4893 3668 4950 conditus
3690 4900 3779 4949 est

2173 4996 2240 5050 ad
2277 4991 2567 5060 imaginem
2605 5000 2661 5045 et
2703 4990 3115 5045 similitudinem
3147 4989 3241 5042 Dei
3272 5005 3288 5043 :
3319 4989 3398 5043 sic
3437 4988 3491 5043 in
3531 4987 3773 5042 secunda

2177 5086 2594 5155 rcgeneratione
2649 5082 2974 5148 quicumque
3012 5080 3279 5149 Spiritum
3312 5088 3557 5132 sanctum
3606 5077 3780 5133 fuerit

2174 5187 2529 5245 consecutus,
2584 5175 2837 5243 signetur
2878 5172 2948 5227 ab
2978 5187 3065 5236 eo,
3105 5183 3161 5228 et
3210 5171 3437 5240 figuram
3468 5169 3776 5226 conditoris

2173 5269 2427 5332 accipiat.
2460 5268 2825 5334 Quasreudum
2858 5264 3020 5320 etiam
3055 5264 3145 5318 tibi
3190 5263 3320 5318 alibi
3351 5261 3620 5331 scriptum
3674 5261 3773 5328 sit,

2172 5365 2385 5434 spiritus
2413 5361 2830 5434 repromissionis
2874 5369 3082 5415 sanctus
3107 5376 3126 5415 :
3172 5359 3258 5415 vel
3288 5358 3416 5427 quid
3473 5358 3767 5428 signiﬁcet.

2176 5456 2291 5525 Ego
2312 5456 2453 5509 enim
2475 5454 2688 5507 aestimo
2706 5452 2829 5523 quia
2856 5453 2998 5507 sicut
3023 5451 3255 5521 Spiritus
3277 5459 3494 5505 sanctus
3520 5461 3770 5505 sanctum

2176 5550 2306 5605 facit
2346 5565 2477 5603 cum
2499 5548 2583 5603 cui
2627 5547 2788 5601 fuerit
2833 5546 3084 5602 infusus:
3115 5553 3170 5600 et
3196 5543 3419 5615 spiritus
3460 5544 3772 5614 sapientiae,

2177 5691 2268 5751 ιιῖε
2289 5709 2372 5761 pie
2394 5689 2587 5744 similia
2619 5690 2823 5744 rectius
2854 5687 3023 5745 ferme
3043 5687 3194 5761 legil-

2249 5758 2363 5823 1"lu
2382 5761 2734 5822 Cisterciens.
2767 5772 2898 5833 ms.,
2924 5758 3329 5843 «permisisse.

2960 6007 2981 6016 ι-
3014 6006 3109 6019 ,δν-...ι
