4046 6414
252 441 359 498 45³1

777 440 1429 502 COMMENTARIORUM
1470 440 1536 498 IN
1581 438 1967 497 stusrouu
2006 437 2100 496 AD
2142 438 2475 498 EPIIESIOS
2515 438 2640 495 us.
2693 438 2731 495 ι.
2775 404 2927 497 CAP.
2968 442 3037 498 ιι.

2954 44 3143 57 ..ηυγ-ν,
3188 42 3197 43 7

3449 450 3554 501 458

251 558 556 628 sapientem
587 575 602 614 ε
633 569 689 615 et
720 561 1116 630 intelligentiae,
1171 558 1609 628 intelligentem:
1641 564 1695 611 et
1721 571 1856 611 eon-
1885 559 1934 619 Α
1961 555 2341 625 promissionis
2382 566 2624 624 sanctus,
2658 557 2747 621 qui
2796 568 2880 612 est
2928 558 3170 615 arrhabo
3223 559 3556 616 haereditatis

251 651 383 715 silii,
410 661 631 707 cautum
662 663 825 723 atque
851 653 1165 709 consultmn
1194 669 1208 706 :
1258 661 1312 708 et
1359 649 1716 714 fortitudinis,
1749 649 1859 704 for-

251 749 360 798 tem
395 753 488 798 :et
514 743 789 812 scientiae,
835 745 1147 801 scientem:
1192 751 1251 800 et
1283 743 1524 813 pietatis,
1567 740 1756 812 pium:
1807 750 1862 796 et

252 834 492 901 timoris,
525 837 799 905 timidum,
850 838 1056 911 Deique
1098 838 1297 894 timore
1344 838 1743 909 trepidantem:
1787 837 1859 892 ita

250 937 310 986 et
331 930 561 1000 spiritus
585 932 1056 1002 repromissionis,
1087 933 1177 989 vel
1208 931 1433 1003 spiritus
1468 931 1584 999 Dei,
1630 944 1861 1003 sponso-

249 1039 369 1079 rem
401 1034 457 1079 et
479 1023 650 1080 Deum
684 1024 816 1080 facit
845 1040 969 1081 eum
1026 1025 1083 1081 in
1139 1041 1249 1096 quo
1311 1024 1657 1080 habitaverit.
1716 1022 1864 1091 Quo-

256 1114 425 1172 modo
445 1117 1088 1174 econtrarioimmundus
1104 1118 1328 1190 spiritus
1353 1117 1689 1173 immundum
1715 1116 1860 1184 iacit,

258 1218 313 1264 et
333 1223 588 1280 spurcam
616 1209 715 1266 sibi
737 1209 964 1266 domum
994 1223 1267 1284 prmparat
1289 1226 1521 1279 Spurcus
1549 1211 1860 1267 habitator:

258 1299 644 1358 fornicationis
681 1318 898 1374 quoque
935 1305 1159 1377 spiritus
1198 1304 1373 1361 efficit
1399 1314 1761 1373 scortatores,
1796 1305 1864 1360 de

255 1396 456 1466 quibus
500 1404 556 1451 et
608 1395 871 1466 prOpheta
925 1398 1205 1470 loquitur:
1243 1398 1443 1472 Spiritu
1496 1399 1864 1469 fornicationis

255 1489 458 1544 seducti
485 1498 607 1544 sunt
629 1489 787 1562 (Osee
814 1506 889 1559 tv,
923 1490 1011 1563 12)
1048 1508 1062 1547 :
1104 1503 1160 1548 et
1210 1507 1445 1564 nequam
1489 1493 1738 1561 spiritus,
1770 1508 1865 1548 ne-

256 1597 422 1654 quam
454 1583 589 1638 facit
641 1582 892 1640 homines
921 1594 1085 1655 atque
1124 1600 1458 1656 perversos:
1490 1597 1543 1641 et
1592 1596 1617 1623 ει
1661 1586 1864 1641 daemo-

257 1675 475 1741 niacus,
506 1676 787 1734 daemones
820 1694 834 1731 :
869 1678 1156 1748 qualiSque
1185 1678 1349 1736 fuerit
1370 1680 1568 1751 liquor,
1596 1679 1687 1750 qui
1712 1694 1866 1734 novae

261 1778 422 1825 testa:
450 1769 663 1828 infusus
689 1779 796 1839 est,
827 1772 988 1828 talem
1017 1771 1107 1828 diu
1130 1780 1270 1829 teata
1299 1785 1352 1830 et
1374 1774 1598 1830 odorem
1642 1773 1860 1842 retinet,

261 1873 317 1920 et
343 1880 620 1934 saporem.

1963 657 2188 711 nostrae,
2223 649 2430 706 idcirco
2474 665 2617 705 nunc
2655 652 2860 705 sanctis
2891 651 3071 720 datur,
3117 661 3175 707 ut
3217 654 3560 709 redimantur

1961 754 2015 800 et
2054 745 2381 814 copulentur
2423 747 2535 801 Deo
2587 748 2642 802 in
2690 747 2902 803 laudem
2949 750 3141 820 gloriae
3190 750 3380 820 ipsius.
3440 752 3557 807 Non

1960 836 2104 907 quod
2145 837 2290 893 Deus
2316 837 2475 894 laude
2500 838 2730 908 alicujus
2770 840 3030 911 indigeat,
3055 843 3151 897 sed
3183 859 3291 913 quo
3316 845 3431 898 laus
3461 843 3558 900 Dei

1961 926 2335 986 laudatoribus
2365 932 2561 1001 prosit,
2595 943 2650 989 ct
2680 933 2808 987 dum
2838 950 2933 1004 per
2970 936 3182 1007 singula
3233 952 3399 1008 opera
3437 954 3558 994 ma-

1958 1018 2210 1089 jestatem
2263 1022 2436 1091 ipsius
2492 1024 3033 1096 magnitudinemque
3082 1042 3444 1099 cognoscunt,
3492 1031 3559 1086 ad

1964 1113 2290 1169 laudandum
2322 1130 2445 1170 eum
2475 1115 2742 1171 miraculo
2763 1121 3004 1186 stuporis
3031 1133 3341 1191 erumpant.

2037 1204 2221 1271 (Vers.
2276 1207 2345 1262 15
2374 1206 2557 1279 seqq.)
2601 1208 2762 1281 562
2796 1207 3077 1279 Propterea
3120 1222 3167 1266 et
3213 1230 3306 1285 ego
3346 1215 3562 1270 audiens

1967 1298 2123 1368 ﬁdem
2152 1309 2373 1353 uestram
2413 1300 2468 1353 in
2513 1297 2738 1354 Domino
2766 1299 2914 1369 Jesu,
2948 1312 2993 1356 et
3035 1304 3090 1357 in
3140 1322 3310 1360 omnes
3335 1320 3562 1373 sanctos,

1966 1408 2069 1446 non
2098 1408 2241 1448 cesso
2263 1394 2458 1464 gratias
2479 1410 2636 1465 agens
2660 1412 2753 1463 pro
2782 1395 2944 1462 vobis,
2976 1399 3277 1451 mentm-inm
3306 1404 3459 1455 vestri
3486 1406 3567 1472 fa-

1966 1485 2107 1540 ciens
2133 1486 2190 1539 in
2221 1486 2547 1541 orationibus
2608 1490 2734 1542 meis
2778 1505 2795 1540 :
2835 1498 2891 1541 ut
2946 1487 3088 1544 Deus
3137 1489 3345 1546 Domini
3404 1496 3565 1549 nostri

1967 1573 2099 1629 Iesu
2124 1573 2342 1641 Christi,
2369 1574 2532 1631 Pater
2570 1576 2780 1647 gloriae,
2814 1578 2899 1633 det
2925 1578 3067 1633 vobis
3096 1582 3333 1652 spiritum
3360 1585 3567 1657 sapien-

1970 1670 2055 1724 tia:
2095 1679 2143 1723 et
2188 1669 2523 1727 reuelationis
2564 1674 2617 1727 in
2650 1674 2918 1745 agnitione
2935 1676 3069 1746 ejus,
3095 1677 3416 1733 illuminatos
3446 1696 3567 1735 ocu-

1969 1759 2051 1815 los
2094 1764 2265 1818 cordis
2309 1766 2482 1819 vestri.
2538 1765 2694 1823 Licet
2744 1767 2895 1822 verbi
2940 1768 3007 1822 ad
3044 1770 3265 1825 verbum
3308 1787 3569 1841 expressa

1972 1854 2257 1911 translatio
2300 1857 2473 1928 possit
2513 1860 2835 1929 Apostolum
2893 1861 3140 1933 diligenti
3179 1879 3452 1921 excusare
3492 1868 3571 1922 le-

336 1957 520 2031 (vem
558 1958 672 2030 η.)
710 1959 815 2026 Qui
864 1969 939 2015 es,
995 1960 1187 2035 pignus
1214 1961 1537 2017 [mrem-W5,
1585 1972 1776 2018 ηοδιηε
1813 1965 1868 2019 in
1900 1951 1944 2011 B
1975 1948 2134 2013 ctori,
2168 1951 2312 2020 quod
2354 1950 2609 2008 videatur
2653 1954 2830 2008 omnis
2859 1958 3148 2011 sententia:
3199 1973 3412 2016 scatere
3441 1975 3573 2016 ceu-

262 2052 673 2121 redemptionem
720 2051 1045 2124 adoptionis,
1096 2054 1149 2108 in
1202 2054 1411 2109 laudem
1463 2054 1645 2127 gloria:
1687 2056 1869 2128 ipsius.

266 2141 474 2217 Pignus
502 2143 733 2200 Latinus
759 2145 1034 2216 interpres
1062 2161 1159 2217 pro
1200 2147 1494 2201 arrhabone
1521 2149 1722 2218 posuit.
1754 2148 1871 2205 Non

267 2236 507 2309 idipsum
538 2246 721 2294 autem
774 2238 1036 2305 arrhabo,
1087 2239 1232 2310 quod
1293 2241 1479 2313 pignus
1533 2252 1710 2297 sonat.
1774 2248 1875 2298 Ar-

268 2331 449 2388 rhabo
517 2331 664 2388 enim
739 2330 938 2388 futura:
982 2332 1288 2404 .emptioni
1363 2337 1520 2405 quasi
1598 2335 1871 2407 quoddam

268 2423 433 2497 εει
466 2425 867 2491 testimonium,
897 2435 952 2480 et
984 2425 1419 2497 obligamentum
1448 2427 1631 2484 datur.
1674 2429 1876 2501 Pignus

274 2528 430 2582 vero,
465 2514 570 2572 hoc
600 2526 707 2583 est,
741 2520 1011 2595 ἐνέχυρον,
1043 2534 1140 2587 pro
1173 2529 1359 2575 mutua
1390 2523 1620 2589 pecunia
1645 2524 1877 2593 opponi-

272 2615 363 2662 tur
390 2624 404 2662 :
431 2619 491 2663 ut
541 2624 667 2665 cum
710 2610 805 2666 illa
858 2612 1071 2667 reddita
1116 2612 1298 2680 fuerit,
1341 2614 1592 2672 reddenti
1630 2618 1873 2675 debitum

273 2701 478 2774 pignus
508 2719 538 2759 a
562 2704 839 2761 creditore
866 2705 1149 2762 reddatur.
1179 2706 1415 2764 Rursum
1449 2709 1502 2765 in
1532 2726 1597 2766 eo
1625 2711 1720 2766 ubi
1750 2713 1829 2767 ait
1860 2730 1874 2768 :

273 2791 344 2848 In
374 2795 779 2868 redemptionem
825 2797 1143 2871 adoptionis,
1217 2814 1324 2856 non
1371 2800 1537 2858 habet
1578 2802 1633 2858 in
1684 2803 1879 2860 Graeco

273 2888 557 2956 υεοθσσίαν,
583 2888 613 2928 δ
640 2890 735 2947 sed
763 2894 1110 2971 περιποίησιν,
1141 2909 1304 2965 quam
1332 2910 1431 2950 uos
1461 2897 1876 2968 acquisitionem,

275 2982 394 3038 sive
432 2984 830 3056 possessionem,
861 3001 1154 3056 possumus
1178 2986 1364 3045 dicere
1392 3006 1405 3043 :
1434 3004 1536 3045 nee
1563 3000 1743 3046 tamen
1771 2991 1879 3047 vim

276 3074 553 3131 sermonis
579 3079 970 3148 expressimus.
1003 3078 1168 3135 Multa
1197 3080 1343 3136 enim
1376 3081 1543 3137 verba
1575 3091 1722 3152 sunt,
1758 3099 1882 3155 quae

276 3180 381 3221 nec
410 3166 476 3222 de
497 3166 692 3224 Grmco
719 3169 773 3224 iu
804 3168 1059 3226 Latinum
1091 3170 1385 3228 transferri
1440 3174 1647 3240 valent,
1679 3191 1780 3232 nec
1810 3175 1881 3231 de

278 3258 552 3316 Hebraico
599 3261 655 3314 in
684 3260 933 3318 Graecum
967 3281 981 3319 :
1010 3273 1064 3319 et
1095 3264 1379 3337 reciproco
1425 3282 1524 3323 nec
1571 3267 1641 3325 de
1686 3267 1882 3325 Latino

1978 2047 2179 2109 textus,
2219 2052 2275 2097 et
2302 2043 2651 2100 solmcismus
2696 2046 2837 2115 fieri,
2882 2057 3064 2103 tamen
3102 2060 3157 2104 et
3186 2049 3239 2106 in
3271 2051 3464 2109 ϐιωεο
3494 2056 3575 2109 vi-

1980 2133 2111 2188 tium
2134 2145 2311 2191 sonat.
2341 2135 2495 2193 Unde
2525 2146 2581 2194 et
2620 2154 2722 2195 nos
2764 2140 2970 2197 Crzecis
2994 2143 3178 2213 potius
3217 2146 3578 2203 calumniato—

1977 2224 2131 2281 ribus
2182 2229 2606 2300 respondentes,
2654 2233 2977 2289 conabimur
3024 2235 3096 2291 ita
3129 2237 3285 2307 juxta
3350 2256 3574 2297 sensum

1980 2325 2293 2388 temperare
2327 2321 2607 2377 :ordinem
2634 2323 2912 2391 lectionis,
2947 2334 3004 2381 ut
3031 2327 3280 2385 dicamus
3332 2334 3577 2391 Audiens

1978 2410 2141 2466 fidem
2171 2422 2411 2469 vestram
2452 2414 2505 2469 in
2541 2416 2767 2473 Domino
2793 2418 2943 2486 Jesu,
2976 2433 3031 2476 et
3058 2423 3109 2476 in
3144 2439 3334 2481 oumes
3356 2439 3576 2485 sanctos

1979 2504 2139 2575 ejus:
2167 2506 2465 2579 vidensque
2502 2507 2867 2567 differentiam
2920 2513 3044 2569 lidei
3076 2526 3271 2572 vestrae
3302 2518 3354 2573 in
3390 2519 3577 2575 Domi-

1981 2613 2132 2665 num,
2182 2608 2238 2654 et
2283 2598 2337 2655 in
2368 2616 2561 2656 omnes
2612 2604 2997 2676 sattctosvjus,
3047 2624 3152 2663 non
3185 2625 3341 2665 cesso
3371 2613 3579 2682 gratias

1981 2705 2164 2761 agere,
2207 2701 2261 2749 et
2310 2695 2631 2751 memoriam
2686 2700 2853 2753 vestri
2888 2698 3071 2757 facere
3127 2704 3179 2757 in
3236 2708 3579 2764 orationibus

1981 2782 2152 2847 meis;
2206 2793 2266 2837 ut
2313 2784 2525 2840 Domini
2572 2788 2744 2844 nostri
2774 2788 2902 2846 Jesu
2951 2790 3150 2847 Christi
3211 2796 3372 2865 Deus,
3419 2799 3582 2856 Pater

1980 2882 2162 2929 autem
2193 2874 2407 2946 gloriae,
2436 2877 2533 2934 det
2563 2880 2715 2936 vobis
2743 2882 2993 2952 Spiritum
3020 2885 3301 2956 sapientia:
3330 2900 3385 2945 et
3424 2908 3580 2949 reve-

1982 2964 2223 3022 lationis.
2277 2968 2435 3035 Quod
2474 2980 2656 3027 autem
2701 2976 2993 3045 sequitur:
3034 2979 3354 3038 illuminutos
3393 2989 3582 3042 ‘ocutos

1982 3059 2341 3127 cordisvestri,
2358 3061 2437 3116 ita
2456 3079 2550 3131 per
2566 3062 2905 3136 hyperbaton
2927 3070 3081 3125 reddi
3097 3082 3277 3142 potest
3302 3096 3312 3130 :
3329 3075 3576 3150 Propter-

1982 3168 2045 3209 ea
2088 3162 2143 3209 et
2173 3170 2272 3226 ego
2301 3154 2534 3212 audiens
2572 3157 2730 3214 fidem
2763 3170 2997 3218 vestram
3021 3163 3075 3219 in
3104 3165 3333 3223 Domino
3361 3170 3490 3228 Jesu
3530 3174 3580 3228 in

1985 3248 2265 3319 agnitione
2290 3249 2431 3321 ejus,
2460 3251 2794 3310 illuminatos
2817 3256 3005 3312 oculos
3026 3260 3205 3316 cordis
3238 3266 3423 3331 vestri,
3449 3274 3503 3321 et
3528 3268 3581 3322 in

279 3351 335 3407 in
368 3350 642 3419 Graecum,
673 3369 772 3409 nec
798 3354 869 3410 de
895 3355 1089 3413 Graaco
1119 3357 1172 3412 in
1197 3357 1512 3416 Hebraeum.
1536 3360 1877 3434 Quicumque
1903 3341 1949 3407 (ἶ
1984 3357 2178 3400 omnes
2206 3355 2447 3411 εθηθιοεν
2480 3362 2588 3402 "0"
2621 3363 2802 3417 cess”:
2839 3350 3043 3421 Bra'ias
3070 3369 3242 3424 33305
3272 3373 3371 3426 Pl'O
3404 3360 3578 3428 VOMS,

280 3445 451 3516 igitur
483 3462 591 3501 non
622 3456 831 3502 tantum
862 3448 1125 3520 Spiritum
1154 3461 1429 3518 sanctum,
1476 3454 1572 3510 sed
1612 3453 1876 3524 Spiritum

280 3546 534 3594 sanctum
560 3541 1008 3610 repromissionis
1043 3545 1343 3615 acceperit,
1384 3546 1544 3601 simul
1575 3563 1879 3620 conseque-

284 3638 392 3697 tur,
425 3640 483 3687 et
512 3630 884 3689 arrhabonem
914 3634 1275 3706 btereditatis,
1301 3653 1422 3708 quae
1454 3638 1742 3697 luereditas
1772 3641 1880 3697 vita

282 3730 547 3794 perpetua
593 3733 698 3780 est.
742 3724 811 3781 Et
838 3728 1114 3797 quomodo
1152 3744 1221 3785 ex
1246 3730 1551 3787 arrhabone
1578 3733 1883 3789 :rstimatur

285 3814 467 3885 qualis
498 3815 703 3886 emptio
755 3815 931 3874 futura
959 3821 1051 3888 sit,
1097 3830 1153 3877 et
1201 3838 1324 3892 qua!
1372 3827 1649 3894 possessio
1681 3844 1693 3879 :
1726 3826 1881 3882 verbi

285 3919 449 3962 causa
475 3948 492 3974 ,
520 3922 589 3964 ex
609 3906 798 3964 decem
820 3909 1033 3976 solidis,
1064 3922 1280 3968 centum
1312 3914 1611 3970 solidorum
1643 3915 1795 3983 villa,
1829 3925 1884 3973 et

284 4014 356 4055 ex
382 4011 604 4057 centum
634 4003 828 4059 solidis
869 4004 1020 4060 mille
1048 4006 1347 4063 solidorum
1376 4013 1684 4080 possessio;
1712 4011 1784 4066 ita
1817 4027 1884 4068 ex

288 4095 555 4152 varietate
586 4097 937 4167 arrhabonis,
962 4098 1321 4170 haereditatis,
1349 4119 1569 4175 quoque
1584 4116 1773 4175 posma
1799 4121 1887 4162 se-

287 4195 500 4243 cutura:
559 4189 878 4260 magnitudo
934 4194 1302 4264 cognoscitur.
1376 4194 1635 4264 Quamvis
1700 4206 1885 4253 autem

287 4288 513 4338 sanctus
547 4283 620 4337 sit
643 4282 842 4354 aliquis
872 4294 1033 4354 atque
1060 4286 1355 4357 perfectus,
1386 4295 1442 4343 et
1467 4289 1711 4345 onmium
1737 4290 1887 4360 judi-

290 4374 378 4429 cio
416 4375 757 4433 beatitudine
802 4376 997 4448 dignus
1040 4391 1259 4450 putetur
1287 4398 1302 4436 :
1329 4390 1507 4438 tamen
1541 4382 1607 4437 ad
1647 4382 1885 4439 futuram

290 4467 670 4527 bmreditatem
704 4487 850 4527 nunc
882 4471 1249 4530 arrhabonem
1281 4483 1368 4531 est
1408 4475 1646 4546 Spiritus
1692 4492 1889 4533 conse-

291 4572 474 4619 cutus.
529 4564 586 4620 Si
635 4572 817 4622 autem
852 4567 1091 4624 arrhabo
1125 4578 1331 4633 tantus.
1382 4578 1584 4639 quanta
1614 4571 1721 4627 erit
1770 4571 1887 4642 ipsa

290 4656 613 4729 possessio?
640 4658 929 4727 Quomodo
966 4669 1146 4717 autem
1185 4660 1421 4718 arrhabo
1451 4663 1542 4733 qui
1598 4661 1754 4717 nobis
1797 4662 1890 4716 tri-

1982 3438 2307 3493 memoriam
2331 3440 2501 3496 vestri
2526 3441 2705 3497 facere
2729 3442 2782 3498 in
2814 3445 3150 3501 orationibus
3174 3449 3333 3517 meis,
3361 3462 3419 3506 ut
3442 3454 3583 3508 Deus

1986 3530 2199 3585 Domini
2232 3532 2404 3586 nostri
2435 3530 2569 3587 Jesu
2599 3532 2806 3589 Christi
2838 3535 2999 3592 Pater
3030 3548 3051 3576 ο
3079 3539 3269 3609 gloria:
3313 3541 3405 3598 det
3431 3544 3585 3600 vobis

1985 3624 2237 3695 spiritum
2259 3625 2560 3695 sapientiae,
2588 3633 2642 3681 et
2670 3628 3021 3684 revelationis
3046 3630 3099 3685 in
3123 3633 3451 3702 agnitionem
3477 3652 3493 3702 ;
3529 3649 3585 3693 ut

1986 3716 2172 3772 sciatis
2207 3732 2326 3788 qua:
2359 3717 2432 3773 sit
2486 3732 2612 3789 spes
2650 3721 2952 3777 vocationis
2994 3737 3212 3791 vesu'ae,
3263 3736 3368 3781 etc.
3418 3728 3591 3785 Porro

1989 3807 2133 3865 Deus
2162 3808 2377 3864 Domini
2422 3811 2592 3866 nostri
2644 3810 2773 3868 Jesu
2802 3812 3024 3883 Christi,
3056 3814 3215 3871 Pater
3259 3826 3436 3873 autem
3470 3825 3585 3891 giu-

1989 3902 2106 3969 rise,
2140 3902 2215 3956 ita
2253 3901 2663 3973 intelligendus,
2695 3913 2755 3959 ut
2789 3908 3064 3975 quomodo
3095 3908 3357 3966 Dominus
3402 3924 3591 3969 noster

1990 3993 2149 4050 Jesus
2183 3994 2436 4051 Christus
2482 3995 2599 4066 ipse
2642 4006 2726 4053 est
2776 4013 2979 4067 sermo,
3029 4003 3318 4073 sapientia,
3368 4008 3588 4074 veritas,

1994 4106 2118 4161 pax,
2138 4090 2372 4161 justitia,
2406 4090 2693 4161 fortitudo,
2726 4093 2846 4163 ipse
2871 4094 2944 4150 sit
2974 4098 3135 4153 etiam
3157 4098 3351 4169 gloria,
3392 4119 3591 4157 secuti.

1993 4184 2124 4239 dum
2152 4183 2281 4238 il!ud
2313 4184 2456 4255 quod
2504 4184 2634 4241 alibi
2664 4185 2863 4242 dicitur
2893 4206 2905 4242 :
2948 4188 3234 4261 Apparebit
3275 4193 3445 4264 gloria
3492 4193 3591 4250 Dei

1996 4277 2183 4350 (Lerit.
2208 4294 2283 4345 tx,
2307 4277 2402 4349 25)
2428 4297 2441 4334 :
2466 4279 2592 4336 etin
2612 4282 2759 4336 omni
2791 4297 2928 4351 pene
2948 4287 3119 4340 veteri
3144 4286 3309 4357 Lege,
3330 4290 3591 4360 scriptum

1997 4381 2081 4427 est
2108 4388 2275 4441 super
2315 4373 2725 4431 tabernaculum
2771 4379 3070 4435 testimonii
3104 4381 3272 4437 visam
3310 4399 3436 4439 esse
3476 4386 3595 4456 glo-

1997 4464 2133 4518 riam
2162 4463 2253 4518 Dei
2286 4465 2479 4535 (Num.
2527 4467 2637 4540 1x).
2695 4469 2762 4524 Et
2788 4469 3076 4528 Psalmista
3100 4475 3248 4530 cauit
3284 4496 3296 4532 :
3331 4476 3593 4552 Exsurge,

1997 4558 2165 4629 gloria
2195 4575 2326 4626 mea,
2362 4577 2580 4635 exsurge
2603 4559 2726 4631 (Ps.
2758 4578 2890 4633 cvn,
2925 4566 3005 4635 5).
3039 4567 3173 4635 Qua:
3194 4570 3368 4639 gloria
3398 4571 3599 4627 illumi-

1999 4666 2135 4706 nans
2175 4666 2275 4706 suo
2321 4653 2531 4725 fulgore
2574 4654 2858 4723 mundum,
2894 4659 3161 4728 templum
3194 4663 3296 4717 sibi
3328 4664 3395 4720 de
3435 4666 3601 4736 virgi-

288 4749 497 4817 buitur,
543 4768 649 4807 non
680 4761 763 4808 est
785 4763 938 4810 extra
968 4769 1103 4821 nos;
1137 4754 1232 4810 sed
1259 4752 1400 4810 intra
1431 4768 1540 4810 nos
1563 4766 1650 4810 est
1679 4772 1692 4807 :
1723 4755 1801 4810 sic
1831 4761 1879 4809 et

1997 4743 2106 4799 nali
2147 4752 2302 4800 utero
2333 4743 2590 4800 fabricata
2623 4755 2727 4803 est.
2771 4749 2943 4820 Cujus
2980 4752 3168 4822 templi
3220 4753 3380 4810 Pater
3409 4757 3602 4826 gloria:

292 4842 411 4913 ipsa
441 4843 752 4911 luereditas,
778 4844 883 4901 hoc
922 4855 1006 4903 est
1046 4862 1270 4918 regnum
1301 4847 1398 4903 Dei
1438 4847 1582 4918 quod
1615 4845 1759 4903 intra
1790 4863 1889 4904 nos

291 4943 401 5002 est,
460 4936 515 4990 in
547 4936 705 4992 nobis
741 4949 997 4994 versatur
1038 4938 1392 4994 intrinsecus.
1428 4937 1561 5008 Quae
1606 4938 1752 4995 enim
1793 4953 1891 5011 po-

293 5033 402 5082 test
431 5041 560 5082 esse
588 5028 765 5099 major
794 5028 1106 5098 hatreditas,
1141 5047 1300 5100 quant
1332 5030 1694 5101 contemplari
1726 5039 1782 5087 et
1811 5031 1892 5086 vi-

289 5117 425 5175 dere
456 5134 624 5175 sensu
660 5121 1122 5191 pulchritudinem
1163 5123 1479 5194 Sapientiae,
1526 5134 1580 5179 et
1607 5123 1797 5194 Verbi,
1835 5134 1889 5180 et

292 5209 576 5282 Veritatis,
603 5226 654 5270 et
680 5214 946 5280 Luminis,
971 5230 1025 5272 et
1047 5217 1218 5288 ipsius
1240 5217 1590 5282 ineffabilem,
1616 5226 1671 5273 et
1686 5218 1894 5289 magni-

292 5304 454 5359 licam
506 5304 607 5360 Dei
646 5308 997 5363 considerare
1044 5317 1315 5374 naturam,
1375 5308 1726 5379 omniumque
1773 5323 1895 5378 qua:

292 5394 403 5470 [ΑΙ.
441 5396 560 5469 qui]
583 5397 651 5452 ad
683 5398 1094 5455 similitudinem
1125 5399 1222 5456 Dei
1254 5400 1473 5455 condita
1511 5398 1620 5471 [AL
1656 5397 1890 5472 conditi]

292 5501 447 5559 sunt,
482 5491 847 5549 substantiam
882 5495 1169 5551 contueri?
1202 5495 1309 5551 Iste
1337 5502 1519 5552 autem
1554 5494 1779 5566 spiritus
1801 5511 1892 5551 re-
1915 5488 1937 5497 “

373 5688 399 5716 ι
439 5678 643 5749 Regius
685 5696 788 5736 ms.
823 5681 1020 5744 codex.
1047 5693 1093 5737 et
1115 5682 1484 5748 diemoniacos,
1517 5683 1899 5751 mentemque-

297 5752 649 5879 ﬁqueheth
692 5766 811 5821 quae
858 5754 1024 5809 lectio
1070 5769 1177 5808 non
1221 5764 1399 5822 potest
1446 5753 1669 5825 penitus
1707 5768 1897 5823 repro-

374 5839 440 5877 rt.
521 5838 652 5877 AB'I‘.

374 5839 417 5877 fl
426 5862 440 5877 .
465 5838 628 5877 MART
637 5862 652 5875 .

382 5891 410 5931 ι’
476 5893 731 5949 Veterem
795 5893 1041 5950 Latinam
1102 5895 1605 5963 interpretationem
1668 5895 1740 5950 ita
1798 5893 1895 5951 ha-

299 5963 509 6030 buisse,
566 5964 814 6019 nonnulli
873 5968 1175 6022 etiamnum
1232 5965 1472 6035 codices,
1527 5976 1894 6038 auctoresque

598 6057 877 6120 ΡΑτιιυι..
911 6056 1150 6122 XXVI.

2000 4833 2236 4890 efﬁcitur
2258 4834 2427 4892 Deus.
2459 4836 2527 4891 Et
2558 4836 2648 4892 ubi
2673 4836 2927 4895 Christus
2953 4840 3126 4910 gloria
3150 4854 3253 4913 est,
3289 4848 3359 4900 ibi
3391 4857 3596 4903 tantum

1999 4930 2162 4986 Pater
2187 4929 2388 4986 dicitur
2419 4948 2433 4986 :
2467 4930 2555 4985 ubi
2584 4931 2766 4997 Jcsus,
2816 4934 2887 4988 ibi
2916 4934 3058 4988 Deus
3088 4937 3231 5004 ejus,
3270 4939 3481 5008 absque
3506 4943 3600 4997 ad-

1999 5024 2297 5082 ditameuto
2329 5025 2513 5093 aliquo
2562 5024 2895 5082 nominatur.
2929 5028 3090 5100 563
3122 5029 3226 5085 Iste
3253 5029 3420 5099 igitur
3457 5034 3599 5091 Deus

2000 5121 2264 5190 assumpti
2295 5117 2553 5181 hominis,
2583 5117 2748 5173 Pater
2773 5136 2904 5176 vero
2933 5121 3143 5189 gloriae,
3176 5126 3480 5195 sapientiae,
3507 5145 3600 5184 ve.

2000 5213 2200 5278 ritatis,
2256 5212 2347 5265 dat
2403 5210 2754 5267 credentibus
2804 5212 2858 5268 in
2902 5213 3101 5269 Filium
3146 5231 3301 5271 suum
3348 5220 3598 5289 spiritum

1997 5304 2302 5375 sapientim,
2334 5313 2390 5358 et
2420 5304 2798 5372 revelationis,
2834 5317 2892 5363 ut
2921 5310 3199 5378 sapientes
3233 5313 3385 5379 liaut,
3421 5326 3477 5368 et
3509 5333 3596 5372 re-

1998 5399 2180 5455 velata
2234 5396 2370 5454 facie
2417 5398 2651 5468 gloriam
2701 5398 2917 5457 Domini
2963 5405 3425 5473 comemplentur.
3469 5410 3600 5475 Qua:

1997 5491 2263 5564 sapientia
2291 5499 2346 5546 et
2379 5490 2641 5547 revelatio
2671 5506 2798 5548 cum
2833 5509 2930 5551 eos
2951 5496 3225 5565 sapientes
3251 5497 3501 5570 fecerint,
3545 5515 3600 5561 et

2007 5683 2274 5734 testantur
2304 5691 2316 5728 :
2348 5671 2835 5752 glaremontanus,
2873 5675 3377 5752 Sangermancnsis
3404 5726 3418 5752 ,
3469 5686 3602 5739 Am-

2007 5751 2325 5819 brosiastcr,
2353 5743 2841 5819 Hierouyutinster,
2883 5743 3110 5819 nitidae.

2080 5833 2102 5860 ο
2128 5822 2241 5876 Duo
2278 5816 2672 5873 Cistercieuses
2704 5832 2835 5872 mss.
2868 5816 3077 5889 gratiis,
3111 5837 3210 5893 pro
3244 5823 3425 5893 gloria:
3455 5843 3595 5898 prte-

2006 5892 2207 5951 ferunt.

3084 6064 3160 6125 15
