4046 6334
517 282 627 348 tss
716 267 721 271 ’

1772 277 1832 338 8.
1874 274 2143 339 EUSEBII
2182 275 2565 341 HIERONYMI

3725 278 3835 339 ιω

528 398 795 476 mysteria
825 397 933 458 illis
960 396 1173 456 occulta
1217 393 1590 467 aperuerint:
1642 392 1822 449 statim
1879 393 2199 463 sequitttrA
2231 403 2287 450 et
2344 413 2355 448 :
2410 392 2488 447 Tu
2549 409 2600 449 es
2656 405 2779 463 pars
2825 387 3150 447 haereditatis
3216 402 3343 449 mea:
3388 391 3440 443 et
3487 385 3673 445 salicis
3731 391 3834 447 mei

529 505 593 551 ut
642 491 881 550 habeant
932 490 1267 545 illuminatos
1315 487 1506 542 oculos
1558 483 1760 569 cordis.
1813 481 1894 539 Ex
1947 482 2130 539 verbis

530 582 902 658 prmsentibus
927 580 1261 651 approbatur
1296 575 1600 633 secundum
1631 572 1922 632 exterioris
1955 589 2130 630 mem-

528 677 627 733 bra
657 672 917 739 hominis,
948 671 1112 728 etiam
1144 670 1425 727 interioris
1450 668 1695 727 hominis
1725 666 1972 724 membra
1999 665 2129 723 dici.

526 766 675 824 Ecce
704 766 851 823 enim
882 762 1174 821 manifeste
1200 761 1386 819 cordis
1413 761 1604 819 oculos
1638 758 1961 833 appellavit,
1995 772 2133 831 quos

528 862 739 930 absque
779 872 947 916 sensu
995 865 1052 914 et
1080 866 1266 915 mente
1310 856 1620 930 intelligere
1659 871 1766 911 non
1816 869 2127 925 possumus.

526 953 669 1008 Huic
699 960 756 1008 et
784 950 916 1007 illud
964 949 1276 1006 Psalmistte
1305 946 1563 1007 convenit
1593 967 1607 1004 :
1660 946 1917 1004 litamina
1956 947 2134 1003 oculos

524 1061 688 1111 meos,
721 1060 785 1100 ne
805 1053 1056 1116 umquam
1078 1043 1399 1101 obdormiam
1421 1044 1476 1100 in
1496 1053 1659 1099 morte
1682 1040 1803 1115 (Ps.
1829 1058 1929 1111 xtt,
1951 1041 2031 1114 4).
2063 1040 2137 1098 Et

528 1136 661 1199 alibi
699 1156 714 1193 :
749 1136 1023 1209 Sapientes
1052 1136 1193 1192 oculi
1223 1138 1279 1192 in
1304 1136 1477 1209 capite
1507 1138 1621 1209 ejus
1663 1134 1889 1209 (Ecetes.
1928 1152 1987 1205 tt,
2022 1136 2133 1211 id).

535 1232 594 1288 Si
630 1232 777 1288 enim
812 1231 1139 1303 simpliciter
1169 1230 1362 1288 oculos
1391 1232 1576 1287 carnis
1598 1228 1918 1303 accipimus,
1950 1230 2137 1303 utique

526 1342 639 1382 non
678 1325 854 1383 solum
890 1324 1174 1398 sapientis,
1221 1324 1314 1382 sed
1356 1324 1519 1382 etiam
1549 1322 1860 1396 insipientis
1908 1324 2053 1381 oculi
2081 1324 2135 1380 in

528 1418 711 1489 capite
738 1418 859 1487 ejus
885 1425 1034 1473 sunt.
1059 1416 1243 1489 Caput
1274 1417 1461 1492 itaque
1498 1416 1784 1489 sapientis,
1817 1433 2012 1476 sensus
2042 1432 2137 1475 ac-

530 1511 732 1583 cipitur
762 1530 774 1565 :
806 1511 933 1583 quia
983 1510 1094 1567 alio
1122 1510 1290 1567 verbo
1322 1527 1501 1578 mens,
1534 1520 1589 1567 et
1634 1511 1873 1581 animus,
1905 1522 1961 1567 et
1990 1511 2139 1582 prin-

530 1604 709 1675 cipale
739 1603 926 1661 cordis
957 1603 1282 1673 appellatur.
1317 1602 1474 1672 Quod
1503 1618 1635 1659 vero
1658 1603 1755 1673 ait,
1784 1604 1841 1658 in
1868 1604 2137 1679 agnitione

532 1699 672 1770 ejus,
698 1693 754 1751 id
775 1705 881 1760 est,
905 1700 933 1733 ι
950 1696 1219 1769 ἐπιγνώσει
1248 1696 1426 1763 αὐτοῦ,
1453 1694 1672 1766 quidam
1697 1695 1779 1750 sic
1800 1694 2134 1768 intelligunt,

2234 485 2413 558 (Psat.
2442 501 2532 554 xv,
2567 485 2645 557 5).
2682 481 2797 540 Non
2823 497 2954 555 ergo
2981 480 3135 554 parvi
3162 481 3326 537 studii
3357 488 3462 552 est,
3495 491 3557 535 ut
3595 480 3837 536 sciamus

2232 593 2390 651 spem
2420 576 2748 645 vocationis,
2789 585 2845 633 et
2872 576 3095 633 divitias
3133 574 3323 649 gloriae
3366 572 3706 635 haereditatis
3739 575 3837 631 Dei

2235 669 2289 728 in
2319 672 2524 728 sanctis
2548 687 2564 729 :
2589 686 2652 727 ea
2674 671 2877 745 quippe
2898 669 3205 742 indigemus
3222 666 3292 724 ad
3312 667 3430 727 haec
3447 667 3837 741 cognoscenda

2234 763 2458 830 virtute,
2488 779 2598 839 qua
2626 764 2791 820 etiam
2823 763 2878 819 in
2906 761 3048 818 Filio
3074 774 3175 818 suo
3207 760 3351 819 Deus
3389 775 3519 819 usus
3547 767 3638 819 est
3666 761 3843 820 susci-

2238 855 2401 914 tando
2431 874 2445 915 :
2475 870 2639 928 quem
2681 853 2975 911 suscitavit
3018 868 3127 910 non
3158 852 3358 921 semel,
3407 851 3507 911 sed
3551 868 3773 924 semper
3811 870 3842 909 a
3914 874 3921 881 ν

2237 944 2490 1018 mortuis,
2553 957 2608 1003 et
2659 945 2792 1003 fecit
2834 961 2960 1003 eum
2990 944 3044 1002 in
3095 945 3330 1005 mortuis
3377 945 3639 1015 liberum,
3695 946 3843 1003 nulla

2238 1039 2435 1098 mortis
2483 1038 2813 1113 contagione
2861 1037 3219 1095 maculatum.
3278 1039 3543 1108 Quotidie
3586 1040 3844 1099 Christus

2239 1130 2479 1205 resurgit
2498 1146 2569 1187 ex
2595 1131 2827 1187 mortuis
2855 1148 2869 1185 :
2893 1129 3141 1202 quotidie
3163 1127 3216 1185 in
3241 1129 3641 1203 paenitentibus
3665 1133 3846 1189 susei-

2242 1230 2407 1281 tatur.
2436 1221 2557 1281 Non
2593 1240 2704 1295 quo
2736 1237 2844 1281 non
2884 1220 3141 1280 habuerit
3176 1223 3343 1279 etiam
3375 1222 3678 1285 secundum
3721 1239 3845 1281 car-

2242 1332 2364 1374 nem
2412 1324 2735 1387 potestatem
2781 1315 2978 1371 animae
3025 1329 3140 1372 stne
3188 1314 3481 1386 ponendae,
3539 1323 3596 1372 et
3641 1300 3844 1373 iterum

2241 1409 2590 1468 resumenda:
2612 1410 2733 1480 ejus
2758 1409 2949 1485 (nemo
2977 1409 3180 1483 quippe
3207 1409 3347 1466 tollit
3367 1425 3512 1479 eam,
3538 1411 3638 1469 nisi
3669 1422 3847 1483 ponat

2239 1503 2391 1562 illam
2432 1519 2459 1559 a
2502 1502 2848 1579 semetipso),
2892 1502 2988 1559 sed
3027 1516 3135 1577 quo
3187 1501 3341 1577 juxta
3371 1502 3845 1576 dispensationem

2240 1597 2424 1655 carnis
2461 1605 2520 1654 et
2547 1595 2665 1665 ﬁlii,
2697 1596 2867 1654 homo
2895 1606 2950 1654 et
2978 1595 3148 1655 Filius
3175 1612 3205 1653 a
3252 1597 3366 1659 Deo
3394 1607 3452 1657 et
3478 1599 3635 1657 Patre
3664 1599 3848 1657 susci-

2240 1698 2387 1748 tatus
2412 1706 2537 1748 esse
2561 1689 2796 1747 dicatur.

530 1796 591 1844 ut
622 1788 764 1845 inter
791 1795 981 1863 γνῶσιν
1022 1795 1077 1842 et
1106 1789 1400 1863 ἐπίγνωσιν,
1443 1784 1549 1842 hoc
1573 1797 1681 1856 est,
1710 1784 1854 1843 inter
1874 1788 2124 1843 notionem

2308 1785 2487 1860 (Vers.
2516 1784 2640 1857 2|.)
2669 1783 2738 1842 Et
2798 1783 2977 1839 sedere
3023 1800 3143 1839 eum
3199 1783 3397 1857 faciens
3444 1783 3513 1840 ad
3572 1782 3844 1840 dexteram

529 1890 588 1937 et
625 1880 964 1953 agnitionem,
998 1878 1131 1934 illud
1163 1879 1379 1936 intersit
1414 1898 1428 1934 :
1473 1878 1618 1951 quod
1659 1879 1813 1936 notio
1839 1894 2029 1937 eorum
2062 1883 2133 1935 sit

528 1989 651 2045 qua:
678 1984 805 2029 ante
834 1987 941 2028 non
970 1972 1257 2038 scivimus,
1281 1982 1337 2030 et
1364 1988 1427 2029 ea
1450 1983 1643 2045 postea
1672 1974 1818 2033 scire
1843 1976 2127 2047 cmpimus.

526 2066 753 2139 Agnitio
788 2080 921 2123 vero
973 2082 1161 2123 eorum
1206 2081 1328 2138 qua:
1380 2067 1532 2138 prius
1587 2067 1828 2126 scientes
1871 2068 2134 2139 deinceps

527 2161 671 2219 scire
715 2160 1041 2231 desivimus,
1073 2176 1376 2231 eorumque
1408 2170 1600 2232 postea
1649 2159 2026 2230 recordamur,
2079 2170 2133 2217 et

526 2255 772 2326 priorem
797 2251 1095 2324 quamdam
1132 2254 1303 2308 vitam
1328 2251 1384 2307 in
1412 2251 1729 2308 coelestibus
1757 2251 2131 2324 suspicantur,

525 2355 819 2417 postquam
863 2346 917 2400 in
947 2359 1185 2416 corpora
1220 2344 1324 2400 ista
1356 2342 1561 2417 dejecti
1599 2354 1654 2400 et
1688 2341 1845 2400 obliti
1893 2343 1990 2400 Dei
2032 2343 2134 2400 Pa-

529 2439 654 2507 tris,
683 2453 827 2493 nunc
853 2452 977 2493 eum
1033 2452 1126 2508 per
1169 2436 1563 2492 revelationem
1615 2436 1997 2507 cognovimus,
2042 2451 2130 2492 se-

530 2530 767 2586 cundum
807 2529 945 2585 illud
997 2546 1009 2582 :
1070 2527 1488 2583 Reminiscentur
1540 2539 1590 2585 et
1648 2540 2012 2584 convertentur
2065 2529 2135 2584 ad

530 2625 818 2682 Dominum
843 2644 1019 2682 omnes
1050 2626 1179 2695 lines
1211 2636 1362 2682 terrm
1403 2623 1523 2697 (Ps.
1557 2640 1673 2694 χχι,
1706 2623 1824 2697 ἳ8),
1855 2635 1907 2683 et
1933 2634 2133 2683 caetera

528 2717 618 2775 his
658 2717 859 2775 similia
888 2716 1215 2789 replicantes
1239 2716 1350 2790 [AL
1376 2714 1757 2790 replicantur].

603 2814 788 2887 (Vers.
829 2813 896 2869 18
926 2810 1107 2885 seqq.)
1149 2809 1219 2868 Ut
1268 2810 1445 2866 sciatis
1470 2826 1586 2884 quae
1611 2811 1677 2865 sit
1706 2828 1823 2881 spes
1853 2811 2133 2868 rocationis

531 2908 667 2980 ejus,
705 2916 752 2960 et
780 2921 896 2977 qua:
925 2904 1122 2959 divitia:
1145 2904 1326 2977 gloria:
1352 2892 1675 2960 Iiwreditatis
1704 2907 1817 2977 ejus
1836 2905 1892 2958 in
1917 2905 2129 2968 sanctis,

532 3008 581 3053 et
615 3014 730 3068 qua:
772 2997 1008 3052 sublimis
1060 2997 1365 3068 magnitudo
1409 2996 1615 3051 virtutis
1645 2998 1760 3070 ejus
1808 2997 1864 3050 in
1904 3012 1996 3052 nos
2040 2996 2133 3069 qui

529 3092 792 3147 credimus
820 3090 933 3163 [AL
965 3090 1306 3164 credidimus]
1335 3092 1618 3147 secundum
1656 3093 2003 3166 operationem
2034 3110 2129 3163 po-

2237 1896 2386 1935 suant
2414 1880 2468 1933 in
2495 1877 2808 1945 cmiestibus,
2836 1893 2994 1949 super
3020 1893 3223 1932 omnem
3247 1877 3620 1952 principatum,
3669 1887 3718 1933 et
3748 1894 3845 1951 po-

2239 1980 2490 2036 testatem,
2543 1980 2591 2025 et
2632 1968 2891 2035 virtutem,
2924 1979 2972 2024 et
3002 1952 3432 2035 dominationem,
3462 1978 3510 2024 et
3554 1984 3705 2025 omne
3746 1985 3843 2027 n0-

2236 2082 2355 2120 men
2403 2063 2540 2139 quod
2584 2064 2885 2119 nominatur
2914 2079 3019 2117 non
3062 2060 3235 2119 solum
3272 2062 3324 2116 in
3360 2061 3458 2116 hac
3502 2059 3721 2131 saeculo,
3752 2061 3845 2117 sed

2236 2161 2390 2214 etiam
2426 2158 2480 2211 in
2525 2157 2724 2229 futuro.
2767 2155 2873 2212 Per
2904 2152 3197 2211 humanam
3255 2152 3702 2217 similitudinem,
3748 2154 3841 2213 Dei

2238 2251 2537 2322 potentiam
2569 2248 2977 2307 demonstravit
3008 2268 3022 2305 :
3056 2264 3167 2303 non
3208 2263 3315 2317 quo
3346 2246 3545 2303 solium
3582 2256 3840 2318 ponatur,

2235 2351 2290 2401 et
2318 2344 2466 2400 Deus
2503 2341 2668 2399 Pater
2714 2343 2765 2398 in
2810 2358 2877 2399 eo
2909 2340 3119 2409 sedeat,
3170 2355 3469 2412 secumque
3498 2338 3694 2396 Filium
3742 2338 3844 2396 ha-

2236 2437 2361 2494 beat
2408 2436 2781 2502 residentem;
2830 2436 2927 2493 sed
2972 2450 3082 2507 quo
3140 2448 3241 2492 nos
3290 2431 3447 2490 aliter
3497 2433 3838 2506 judicautcm

2235 2538 2402 2604 atque
2444 2541 2790 2602 regnantem,
2831 2528 2938 2587 nisi
2970 2544 3066 2603 per
3102 2537 3288 2585 nostra
3323 2526 3483 2584 verba
3518 2525 3839 2598 intelligere

2237 2641 2597 2697 nequeamus.
2628 2624 2710 2682 Ad
2740 2622 2844 2679 hoc
2871 2623 3133 2694 pertinet,
3167 2632 3221 2677 et
3252 2619 3384 2677 illud
3425 2618 3571 2695 quod
3611 2618 3666 2676 in
3707 2634 3839 2677 cen-

2236 2718 2432 2773 tesimo
2469 2715 2631 2793 565
2670 2730 2815 2771 nono
2853 2715 3062 2789 psalmo
3090 2713 3353 2783 scriptum
3380 2724 3466 2769 est
3492 2730 3506 2767 :
3535 2710 3683 2766 Dixit
3713 2709 3825 2769 Do-

2233 2810 2407 2867 minus
2436 2808 2662 2865 Domino
2685 2825 2795 2863 meo
2811 2825 2830 2863 :
2851 2808 2971 2865 sede
2994 2824 3028 2863 a
3057 2804 3253 2862 dextris
3271 2805 3415 2873 meis,
3448 2805 3614 2858 donec
3638 2820 3832 2875 ponam

2232 2902 2473 2958 inimicos
2495 2911 2611 2957 tuos
2641 2898 2926 2956 scabetlum
2956 2899 3147 2970 pedum
3173 2906 3383 2953 tuorum
3406 2894 3583 2966 (Psal.
3605 2911 3723 2964 etx,
3752 2899 3827 2969 Ι).

2230 2991 2290 3049 Si
2323 2993 2467 3049 enim
2508 2993 2662 3065 juxta
2695 2992 2977 3065 regnantis
3015 2989 3256 3047 habitum
3298 2988 3471 3045 Filius
3529 2987 3597 3044 ad
3648 2987 3829 3043 Patris

2230 3086 2515 3143 dexteram
2547 3085 2723 3151 sedet,
2758 3098 2985 3140 necesse
3012 3094 3093 3139 est
3126 3093 3182 3138 ut
3204 3082 3359 3153 juxta
3396 3080 3642 3136 eamdem
3672 3080 3827 3136 simi-

521 3185 697 3241 tentia:
721 3183 925 3239 virtutis
971 3184 1107 3255 ejus,
1155 3200 1312 3253 quam
1358 3195 1603 3256 aperatus
1658 3194 1733 3239 est
1782 3185 1837 3238 in
1889 3182 2120 3253 Christo,
2152 3179 2199 3246 C
2230 3177 2517 3235 litudlnem
2560 3178 2737 3249 major
2774 3177 2847 3233 sit
2882 3174 2953 3235 ab
2992 3192 3058 3231 eo
3084 3174 3178 3250 qui
3205 3175 3258 3230 in
3290 3176 3425 3231 laeva
3455 3184 3605 3242 parte
3633 3188 3829 3231 consc-

523 3279 780 3335 suscitans
818 3276 968 3333 illum
996 3293 1030 3331 a
1078 3279 1316 3332 mortuis.
1361 3274 1461 3333 Cui
1491 3276 1689 3343 semel,
1732 3276 1889 3349 juxta
1921 3277 2127 3334 oratio-

522 3390 650 3431 nem
680 3375 854 3441 Pauli,
891 3374 1051 3429 datus
1080 3371 1245 3428 fuerit
1286 3373 1514 3443 spiritus
1543 3370 1830 3443 sapientia:
1871 3381 1926 3428 et
1963 3388 2122 3428 reve-

517 3465 765 3535 lationis,
796 3474 857 3521 ut
885 3464 1092 3537 apertis
1117 3463 1293 3520 oculis
1335 3461 1520 3520 cordis
1547 3462 1796 3534 aspiciat,
1834 3463 1936 3518 iste
1983 3463 2128 3520 sciet

524 3575 649 3631 quae
678 3558 914 3630 reposita
944 3568 1073 3611 sunt
1123 3555 1356 3621 vocatis,
1390 3567 1446 3610 et
1468 3572 1589 3627 quae
1620 3555 1889 3626 speranda
1922 3557 2125 3613 sanctis

525 3652 649 3718 Dei,
682 3666 802 3723 qua:
835 3647 1203 3715 abundanter,
1237 3657 1292 3704 et
1321 3647 1471 3718 large
1500 3646 1585 3702 his
1613 3645 1703 3717 qui
1749 3646 2120 3705 ltmreditatem

523 3745 699 3817 ipsius
744 3741 1041 3807 Sustinent,
1094 3747 1178 3795 est
1219 3739 1471 3795 daturus.
1523 3737 1605 3795 Ad
1660 3753 1821 3809 quam
1876 3740 2120 3796 notitiam

520 3836 845 3907 magnitudo
883 3831 1045 3906 564.
1096 3831 1315 3887 virtutis
1354 3830 1449 3887 Dei
1491 3841 1578 3886 est
1608 3833 1914 3887 necessaria
1953 3833 2003 3887 in
2036 3832 2122 3890 his

521 3927 615 3998 qui
640 3926 792 3996 juxta
820 3922 1239 3979 similitudinem
1280 3922 1458 3988 Pauli,
1512 3923 1801 3978 credentes
1833 3934 2118 3990 vocantur,

519 4035 620 4093 per
642 4033 802 4089 quam
834 4025 1095 4086 operatus
1129 4027 1216 4073 est
1265 4016 1409 4072 Deus
1440 4016 1491 4070 in
1525 4015 1745 4073 Christo
1773 4015 1923 4083 Jesu,
1958 4034 2117 4090 quem

519 4127 551 4167 a
582 4109 814 4166 mortuis
838 4108 1208 4165 resuscitavit.
1239 4108 1539 4179 Dupliciter
1561 4118 1742 4165 autem
1766 4109 2118 4182 intelligenda

518 4199 811 4257 hmreditas
840 4219 852 4255 :
886 4202 1004 4255 sive
1041 4199 1184 4271 quod
1213 4200 1606 4270 primogenitus
1648 4202 1829 4257 omnis
1854 4215 2118 4260 creaturae

520 4292 821 4348 hmreditas
844 4292 914 4347 sit
943 4291 1138 4347 anima:
1164 4291 1375 4349 Domini
1409 4292 1578 4349 nostri
1602 4292 1732 4349 Jesu
1754 4294 1981 4364 Christi,
2011 4304 2040 4345 b
2063 4308 2118 4355 et

518 4384 639 4450 ejus
659 4382 752 4452 qui
773 4397 843 4437 ex
862 4396 1096 4451 corpore
1122 4391 1178 4438 et
1204 4383 1387 4437 anima
1410 4393 1719 4453 assumptus
1743 4393 1832 4440 est
1854 4384 2111 4454 hominis,

517 4489 731 4547 nosque
752 4490 877 4531 eum
926 4475 1244 4531 haereditate
1286 4476 1485 4530 animae
1527 4475 1913 4533 haereditemus
1945 4479 2111 4535 Deum

2229 3270 2393 3328 derit.
2428 3271 2585 3341 Quod
2613 3279 2675 3326 ιιι
2704 3271 2942 3326 sciamus
2979 3270 3139 3328 aliter
3177 3268 3413 3340 intelligi
3450 3284 3614 3338 quant
3647 3268 3822 3324 littera

2228 3375 2487 3431 resonat,
2536 3361 2677 3418 idem
2730 3363 2972 3432 psalmus
3022 3361 3076 3417 in
3127 3360 3592 3437 consequentibus
3642 3362 3822 3426 docet,

2227 3452 2448 3511 dicens:
2476 3453 2561 3509 Tu
2589 3472 2640 3510 es
2666 3455 2908 3509 sacerdos
2934 3453 2989 3510 in
3010 3464 3261 3511 telernmn
3284 3454 3566 3509 secundum
3586 3454 3825 3510 ordinem

2226 3545 2575 3602 Melchisedec
2624 3563 2640 3600 :
2696 3545 2952 3602 Dominus
3007 3565 3041 3603 a
3093 3546 3289 3603 dextris
3346 3548 3469 3603 tuis.
3537 3546 3822 3616 Quomodo

2223 3642 2371 3698 enim
2400 3656 2527 3697 eum
2557 3641 2731 3698 Filius
2763 3641 2943 3699 Patris
2969 3642 3036 3699 ad
3077 3641 3325 3699 dextram
3359 3642 3570 3711 sedeat,
3606 3657 3820 3699 rursum

2224 3732 2386 3791 Pater
2413 3750 2442 3790 a
2476 3733 2681 3791 dextris
2726 3734 2847 3805 ejus
2884 3751 3012 3792 esse
3056 3734 3411 3806 perhibetur?
3450 3732 3560 3789 Aut
3597 3750 3703 3804 qua
3734 3748 3818 3791 ra.

2223 3826 2375 3885 tione
2420 3838 2562 3885 terra
2610 3829 2909 3886 scabellutn
2955 3839 3039 3887 est
3079 3828 3287 3899 pedum
3338 3827 3483 3899 ejus,
3538 3838 3593 3882 et
3621 3828 3818 3885 ecelum

2223 3920 2455 3979 thronus
2501 3923 2697 3993 ipsius,
2747 3939 2869 3979 cum
2916 3930 2975 3978 et
3021 3933 3220 3977 terram
3271 3918 3574 3976 secundum
3621 3919 3817 3975 Isaiam

2222 4013 2428 4086 pugillo
2464 4016 2749 4072 continere
2786 4014 3025 4084 dicatur,
3068 4024 3123 4070 et
3162 4013 3365 4070 coelum
3397 4013 3597 4087 palmae
3627 4023 3819 4070 exten-

2221 4105 2377 4163 sione
2424 4107 2608 4163 metiri
2652 4107 2824 4178 (lsai.
2856 4105 3000 4180 xL)?
3041 4105 3157 4161 Non
3190 4103 3335 4161 enim
3381 4112 3559 4177 potest
3597 4107 3738 4162 intra
3767 4103 3815 4161 id

2219 4213 2341 4255 esse
2369 4199 2514 4271 quod
2540 4199 2610 4256 ab
2636 4201 2830 4258 eodem
2859 4202 3202 4258 continetur:
3231 4216 3331 4255 nec
3362 4200 3414 4254 in
3447 4215 3614 4257 manu
3645 4199 3816 4256 inelu-

2217 4304 2336 4345 sum
2378 4300 2589 4357 tenere,
2619 4307 2647 4347 a
2674 4308 2783 4364 quo
2825 4292 2941 4361 ipse
2973 4292 3127 4364 juxta
3158 4290 3399 4348 sedentis
3429 4289 3674 4346 habitum
3713 4291 3816 4345 circ

2218 4381 2527 4439 cutndetur.
2578 4383 2736 4443 Sicut
2779 4401 2909 4458 ergo
2961 4386 3272 4457 proximum
3325 4399 3452 4441 esse
3515 4384 3662 4454 Deo,
3731 4386 3813 4440 vel

2216 4476 2287 4533 ab
2331 4494 2397 4533 eo
2444 4477 2634 4550 procul
2683 4478 2973 4549 recedere,
3038 4495 3151 4535 uon
3212 4478 3516 4535 secundum
3566 4478 3811 4534 locorum

517 4569 760 4626 Verbum
792 4585 806 4623 :
849 4568 968 4625 sive
1015 4567 1160 4638 quod
1207 4568 1261 4624 in
1311 4567 1528 4624 Christo
1578 4568 1873 4627 hcereditas
1928 4583 2109 4630 nostra
2140 4576 2191 4638 D
2218 4571 2415 4640 spatia,
2442 4572 2536 4627 sed
2553 4573 2711 4643 juxta
2736 4572 2928 4629 merita
2962 4572 3303 4628 sentiendum
3335 4582 3443 4638 est,
3466 4569 3608 4645 quod
3640 4568 3811 4628 sancti

517 4666 610 4730 sit,
641 4664 819 4720 Patris
847 4672 904 4720 et
942 4662 1089 4731 Filii,
1123 4672 1178 4719 et
1207 4663 1445 4733 Spiritus
1469 4666 1648 4721 sancti
1679 4680 1781 4721 una
1810 4664 2066 4723 divinitas
2094 4686 2108 4735 ;

511 4768 572 4815 ut
599 4755 874 4829 quomodo
906 4765 1134 4811 vocatur
1162 4755 1456 4812 hmreditas
1490 4756 1777 4813 domorum
1810 4769 1977 4828 atque
2005 4758 2107 4813 vil-

512 4852 689 4908 larum
718 4866 780 4906 ea
822 4850 937 4921 ipsa
972 4863 1098 4920 qum
1128 4850 1196 4905 ab
1238 4849 1549 4906 ltmredibus
1590 4850 1940 4921 possidentur
1972 4868 1985 4907 :
2031 4852 2108 4907 sic

507 4944 626 5015 ipse
666 4945 809 4999 Deus
850 4941 1145 4998 hmreditas
1184 4942 1523 4998 credentium
1568 4944 1641 4998 sit
1674 4952 1841 5013 atque
1887 4953 2109 4999 sancto-

510 5052 653 5092 rum.
690 5036 967 5105 Seriptum
1014 5042 1100 5090 est
1138 5034 1276 5090 etin
1308 5036 1476 5092 veteri
1507 5036 1906 5091 Testamento:
1951 5033 2109 5091 Filiis

507 5138 683 5183 autem
717 5126 840 5181 Levi
870 5143 976 5181 non
1008 5126 1200 5181 dabitis
1221 5126 1576 5183 [nereditatem
1606 5128 1658 5183 in
1689 5128 1856 5183 medio
1882 5132 2107 5201 fratrum

510 5236 725 5275 suorum
754 5235 773 5271 :
815 5219 939 5288 quia
971 5234 1064 5291 ego
1092 5234 1214 5289 pars
1255 5234 1429 5273 eorum
1468 5218 1659 5291 (Num.
1695 5234 1852 5288 xvut,
1880 5221 2008 5292 20);
2053 5230 2110 5277 et

508 5312 639 5368 alibi
672 5330 685 5365 :
723 5310 975 5366 Dominus
1003 5308 1285 5365 hereditas
1312 5327 1489 5365 eorum
1511 5320 1584 5365 est
1615 5310 1795 5384 (Deut.
1832 5328 1991 5380 xvm,
2022 5311 2102 5384 2);

509 5413 566 5461 et
587 5413 810 5461 sanctus
830 5405 924 5472 qui
950 5413 1111 5459 extra
1140 5403 1310 5459 Deum
1340 5405 1476 5460 nihil
1503 5404 1708 5462 habere
1732 5420 1793 5463 se
1814 5407 1983 5475 novit,
2010 5421 2106 5462 au-

508 5496 695 5552 dacter
726 5493 966 5565 loquitur
994 5512 1005 5546 :
1041 5493 1179 5548 Pars
1204 5512 1319 5550 mea
1345 5493 1602 5551 Dominus
1631 5495 1754 5567 (Ps.
1786 5511 1960 5566 Lxxtt,
1984 5499 2100 5569 26);

582 5699 607 5726 ⁸
640 5693 815 5765 iidem
845 5707 978 5765 mss.
1016 5692 1403 5765 ιίςγέπίννωσιν,
1443 5695 1647 5763 absque
1702 5693 1888 5750 addito
1914 5694 2091 5751 αὐτοῦ.

509 5762 734 5818 Confer.
760 5762 1015 5817 Ruﬁnum
1049 5764 1144 5819 lib.
1167 5762 1214 5829 t,'
1231 5778 1351 5833 cap.
1379 5765 1469 5820 '58.

2211 4664 2370 4736 juxta
2418 4682 2545 4721 eum
2596 4667 2757 4721 sint:
2809 4677 3124 4736 peccatores
3173 4683 3328 4734 vero,
3376 4666 3445 4722 de
3492 4665 3690 4738 quibus
3738 4665 3812 4720 ait

2215 4756 2478 4829 propheta
2515 4756 2737 4814 dicens:
2762 4757 2899 4813 Ecce
2934 4759 3024 4830 qui
3053 4757 3296 4831 elongant
3333 4774 3388 4813 se
3411 4774 3444 4811 a
3470 4766 3539 4826 te,
3569 4757 3810 4828 peribunt

2214 4846 2333 4920 (Ps.
2360 4864 2527 4919 Lxxn,
2549 4849 2668 4922 27),
2694 4849 2764 4904 ab
2785 4851 2931 4905 omni
2958 4852 3081 4920 ejus
3112 4850 3308 4906 vicinia
3340 4851 3766 4907 submoveantur
3793 4867 3806 4904 :

2213 4938 2294 4996 sic
2331 4949 2386 4995 et
2415 4941 2467 4995 in
2496 4940 2705 4996 dextris
2729 4942 2814 4997 vel
2847 4942 2899 4996 in
2931 4943 3166 4998 sinistris
3196 4942 3289 4999 Dei
3328 4959 3481 5010 esse,
3533 4944 3809 5014 accipien-

2213 5032 2341 5089 dum
2371 5043 2452 5089 est
2473 5049 2487 5088 :
2510 5034 2655 5106 quod
2680 5036 2856 5091 sancti
2884 5052 2913 5090 a
2938 5038 3152 5094 dextris
3174 5037 3294 5109 ejus
3317 5038 3460 5095 sint:
3488 5046 3806 5108 peccatores

2216 5142 2350 5183 vero
2409 5142 2437 5181 a
2489 5128 2766 5195 sinistris,
2830 5128 3117 5188 Salvatore
3174 5147 3389 5204 quoque
3456 5131 3692 5205 idipsunt
3752 5132 3803 5187 in

2216 5217 2515 5290 Evangelia
2569 5222 2985 5293 comprobante,
3035 5240 3159 5281 cum
3202 5240 3331 5281 oves
3359 5240 3392 5281 a
3421 5224 3657 5291 dextris,
3690 5223 3804 5279 lue-

2213 5311 2316 5368 dos
2354 5327 2477 5369 esse
2518 5325 2782 5369 memoret
2815 5332 2841 5368 a
2885 5317 3122 5373 sinistris
3159 5316 3377 5392 (Matth.
3417 5318 3566 5391 xxv).
3602 5317 3707 5375 Sed
3747 5322 3803 5373 et

2213 5403 2391 5477 ipsum
2432 5406 2659 5462 verbum
2698 5409 2903 5477 sedere,
2951 5408 3105 5482 regni
3142 5406 3410 5481 signiﬁcat
3449 5420 3795 5480 potestatem,

2210 5513 2308 5570 per
2335 5514 2495 5573 quam
2529 5499 2854 5558 beneﬁcium
2884 5503 2962 5558 eis
2992 5505 3132 5559 Deus
3172 5502 3378 5574 tribuit,
3410 5516 3576 5578 super
3604 5496 3798 5576 quibus

2276 5694 2302 5734 δ
2345 5696 2579 5753 Rursum
2608 5713 2736 5755 mss.
2769 5699 3184 5772 Cistercit-nses,
3212 5711 3260 5759 et
3299 5703 3353 5758 in
3376 5707 3514 5777 ejus,
3544 5707 3656 5778 qui,
3687 5713 3797 5763 etc.
