4056 6316
582 299 691 356 465

1838 290 1895 352 S.
1939 285 2210 350 EUSEBII
2248 288 2629 351 HIERONYMI

3770 289 3871 350 661

583 427 659 470 est
691 431 885 490 corpus
909 412 1088 486 ipsius.
1122 409 1408 481 Quomodo
1437 409 1584 465 enim
1626 416 1786 480 caput
1811 409 2046 479 plurima
2075 408 2177 463 sibi
2205 407 2262 470 Α
2287 424 2410 478 pars
2464 408 2742 464 hominum
2789 407 3108 464 mentiatur.
3154 403 3386 471 Scribit,
3417 410 3473 462 et
3493 403 3619 461 alibi
3644 401 3874 476 Aposto-

587 509 753 562 habet
807 507 1049 562 membra
1100 503 1366 574 subjecta,
1419 517 1451 558 e
1497 501 1694 572 quibus
1740 511 1866 556 sunt
1915 501 2177 556 nonnulla

584 599 784 654 vitiosa
815 609 870 654 et
895 597 1129 654 debilia:
1160 598 1228 650 ita
1269 605 1325 651 et
1353 595 1622 651 Dominus
1652 606 1838 653 noster
1853 593 2181 652 Jesustri-

585 700 703 744 stus
752 704 873 743 cum
920 687 989 742 sit
1034 694 1196 757 caput
1237 685 1532 751 Ecclesize,
1585 685 1749 741 habet
1791 686 2034 741 membra
2083 698 2178 739 eos

583 795 776 834 omnes
823 779 916 850 qui
962 780 1016 834 in
1055 778 1302 835 Ecclesia
1349 787 1769 850 congregantur,
1803 788 1911 832 tam
1961 787 2179 832 sanctos

587 874 841 930 videlicet
870 889 1029 944 quam
1079 884 1434 944 peccatores:
1463 874 1561 930 sed
1611 883 1829 930 sanctos
1874 875 2179 940 voluntate,

581 975 903 1038 peccatores
947 983 1077 1021 vero
1122 968 1225 1022 sibi
1278 968 1608 1025 necessitate
1654 968 1951 1038 subjectos.
2001 968 2182 1036 Atque

585 1059 658 1114 ita
692 1061 770 1128 fit,
807 1069 868 1114 ut
912 1061 1076 1115 etiam
1122 1059 1327 1116 inimici
1382 1061 1613 1130 subjecti
1644 1061 1756 1116 sint
1786 1061 2012 1131 pedibus
2041 1060 2180 1131 ejus.

582 1152 927 1223 Quapropter
973 1153 1028 1208 in
1086 1169 1152 1208 eo
1185 1154 1329 1226 quod
1378 1155 1474 1219 ait,
1521 1156 1726 1224 omnia,
1760 1155 1977 1210 videtur
2003 1154 2185 1210 facere

583 1247 974 1316 quaestionem.
1025 1245 1160 1300 Nam
1213 1246 1343 1301 illud
1375 1247 1518 1316 quod
1563 1247 1766 1302 dictum
1800 1257 1884 1302 est
1921 1265 1933 1302 :
1982 1247 2118 1302 Sede
2154 1262 2186 1299 a

584 1341 780 1394 dextris
819 1340 968 1406 meis,
1012 1341 1178 1394 donec
1219 1357 1411 1409 ponam
1436 1341 1674 1395 inimicos
1706 1352 1820 1396 tuos
1847 1341 1939 1396 sub
1971 1340 2188 1413 pedibus

584 1434 612 1464 ⁸
635 1431 878 1501 tuis(Ps.
902 1447 1012 1498 cnt,
1030 1430 1106 1503 1).
1131 1433 1195 1486 Et
1217 1433 1348 1487 alibi
1371 1448 1384 1484 :
1414 1431 1630 1503 Oportet
1651 1435 1785 1487 enim
1807 1451 1928 1488 eum
1953 1451 2185 1506 regnare,

587 1523 753 1577 donec
802 1532 959 1592 ponat
1004 1539 1178 1577 omnes
1211 1525 1444 1578 inimicos
1471 1524 1562 1578 sub
1590 1523 1805 1596 pedibus
1853 1527 1964 1594 ejus
1997 1523 2039 1594 (l
2066 1522 2185 1577 Cor.

585 1630 678 1680 xv,
706 1612 833 1685 25):
866 1631 974 1669 non
1009 1629 1344 1685 magnopere
1377 1615 1576 1684 quaerit
1614 1617 1994 1684 interpretem,
2028 1622 2088 1668 ut
2126 1627 2190 1668 ea

589 1723 716 1776 quae
757 1707 976 1762 inimica
1017 1717 1164 1774 sunt,
1205 1722 1327 1762 cum
1357 1707 1560 1761 fuerint
1585 1717 1865 1776 superata,
1899 1705 2193 1776 subjiciun-

2282 500 2366 555 lus
2394 515 2409 554 :
2438 498 2693 555 Docentes
2741 516 2943 555 omnem
3001 499 3262 554 hominem
3287 497 3512 570 (Coloss.
3540 513 3620 566 ιιι,
3653 497 3764 567 16).
3812 496 3874 552 Et

2282 607 2523 662 rursum,
2591 603 2970 648 commonenles
3029 608 3233 647 onmem
3262 592 3522 646 hominem
3553 606 3572 645 :
3599 607 3705 645 non
3737 589 3871 660 quod

2283 700 2475 741 omnes
2501 687 2750 742 homines
2770 687 3055 744 docuerit:
3078 687 3266 758 quanti
3291 687 3436 742 enim
3457 694 3588 741 sunt
3603 685 3693 756 qui
3711 699 3872 754 usque

2289 778 2452 833 hodie
2481 795 2582 834 nec
2609 778 2914 834 doctrinam
2945 779 3194 850 Apostoli
3218 777 3462 844 audiere,
3494 792 3596 833 nec
3641 791 3870 842 nomen;

2284 870 2380 925 sed
2409 871 2550 941 quod
2582 886 2678 927 eos
2707 886 2899 927 omnes
2924 871 3123 927 doceat
3151 879 3207 926 et
3230 870 3541 936 admoneat,
3584 869 3676 941 qui
3706 869 3758 924 in
3781 869 3871 924 Ec-

2286 961 2455 1017 clesia
2471 973 2618 1031 sunt,
2650 972 2706 1019 et
2733 963 2964 1034 cupiunt
2993 962 3136 1019 scire
3157 977 3278 1034 quae
3305 961 3400 1018 Dei
3423 970 3570 1016 sunt.
3601 960 3870 1028 Sequitur:

2287 1053 2575 1110 Plenitudo
2603 1058 2714 1128 ejus
2727 1058 3004 1124 quiomnia
3020 1058 3076 1111 in
3099 1056 3337 1111 omnibus
3364 1055 3703 1125 adimpletur.
3728 1055 3874 1122 Quod

2287 1146 2508 1216 quidem
2563 1148 2641 1203 sic
2693 1149 3091 1217 accipiendum,
3123 1149 3584 1220 quemadmodum
3610 1159 3665 1206 et
3695 1148 3827 1204 illud
3861 1169 3872 1205 :

2289 1236 2436 1292 Tunc
2461 1240 2759 1310 subjicietur
2785 1242 2833 1294 ei
2854 1241 2943 1312 qui
2964 1240 3063 1296 sibi
3089 1241 3306 1314 subjecit
3334 1241 3532 1308 omnia,
3564 1251 3619 1294 ut
3648 1242 3712 1296 sit
3744 1241 3874 1296 Deus

2292 1334 2464 1386 omnia
2491 1333 2544 1386 in
2575 1331 2809 1388 omnibus
2848 1334 2892 1405 (l
2922 1332 3043 1389 Cor.
3092 1349 3182 1403 xv,
3231 1332 3346 1406 28).
3381 1332 3535 1389 Nunc
3561 1334 3706 1390 enim
3737 1333 3877 1389 Deus

2292 1442 2390 1497 per
2437 1434 2618 1496 partes
2667 1429 2719 1481 in
2767 1425 3000 1497 singulis
3053 1437 3159 1494 est,
3205 1427 3257 1481 in
3291 1426 3399 1481 alio
3422 1425 3659 1497 justitia,
3695 1425 3747 1481 in
3771 1425 3875 1481 alio

2293 1520 2538 1584 castitas,
2600 1519 2654 1574 in
2697 1520 2806 1574 alio
2838 1519 3220 1590 temperantia,
3265 1519 3316 1573 in
3356 1518 3466 1574 alio
3509 1518 3790 1588 sapientia,
3823 1519 3875 1573 in

2293 1611 2401 1666 alio
2424 1612 2683 1666 fortitudo
2717 1622 2807 1667 :et
2827 1610 3053 1668 difﬁcile
3089 1621 3174 1667 est
3203 1610 3372 1667 etiam
3396 1611 3451 1666 in
3491 1609 3697 1666 sanctis
3749 1609 3880 1666 viris

2295 1717 2460 1777 atque
2490 1690 2747 1776 perfectis
2770 1720 2961 1761 omnes
2992 1705 3194 1774 pariter
3224 1719 3347 1759 esse
3371 1702 3879 1760 virtutes.Cumau-

595 1810 682 1856 tor
709 1800 937 1870 pedibus
964 1801 1104 1870 ejus,
1135 1810 1191 1856 et
1219 1801 1270 1854 in
1297 1802 1518 1856 victoris
1541 1808 1821 1856 transeant
1842 1808 2186 1870 potestatem.
2221 1801 2269 1862 B
2298 1806 2404 1852 tem
2438 1799 2490 1851 in
2525 1798 2687 1852 finem
2745 1812 2954 1864 rerum,
2986 1805 3042 1853 et
3068 1797 3542 1852 consummatione
3578 1795 3786 1862 mundi,
3833 1793 3880 1852 ei

586 1893 699 1946 Cur
728 1901 910 1946 autem
958 1895 1164 1956 omnia,
1194 1892 1246 1946 id
1294 1902 1400 1958 est,
1446 1892 1664 1964 angeli,
1695 1892 1903 1958 throni,
1933 1893 2188 1947 domina-

593 1985 790 2049 tiones,
842 1992 1164 2053 potestates,
1216 1993 1274 2039 et
1317 1984 1551 2040 virtutes
1596 1996 1835 2051 cazterte,
1884 2000 2005 2056 quae
2034 2001 2193 2039 num-

588 2093 751 2148 quam
784 2077 997 2132 fuerunt
1024 2077 1314 2132 contraria:
1339 2078 1471 2145 Deo,
1487 2077 1606 2148 ejus
1637 2077 1869 2147 pedibus
1894 2077 2189 2147 subjician-

591 2180 700 2238 tur,
755 2169 970 2226 videtur
1018 2171 1335 2226 obscurum.
1371 2171 1558 2226 Potest
1606 2172 1792 2240 itaque
1844 2171 2186 2242 reSponderi,

590 2265 736 2334 quod
777 2265 986 2334 absque
1023 2274 1256 2334 peccato
1296 2265 1476 2321 nullus
1515 2265 1606 2332 sit,
1639 2277 1693 2320 et
1720 2266 1903 2320 sidera
1934 2266 2050 2336 ipsa
2081 2282 2190 2320 non

585 2361 698 2416 sint
743 2359 946 2416 munda
977 2375 1164 2415 coram
1200 2362 1333 2425 Deo,
1383 2359 1673 2431 omnisque
1715 2368 1965 2416 creatura
2000 2369 2189 2430 paveat

585 2452 871 2507 Creatoris
910 2451 1208 2507 adventum
1252 2451 1395 2522 (Job.
1425 2452 1536 2521 xv).
1570 2450 1723 2506 Unde
1749 2461 1804 2506 et
1829 2466 1960 2506 crux
1994 2451 2188 2506 Salva-

588 2546 725 2600 toris
756 2562 861 2600 non
891 2546 1070 2600 solum
1097 2561 1162 2600 ea
1189 2559 1311 2616 qua:
1339 2545 1393 2599 in
1419 2555 1588 2611 terra,
1613 2544 1710 2600 sed
1736 2545 1901 2599 etiam
1930 2544 1957 2582 δ
1987 2561 2108 2615 qua:
2135 2546 2189 2600 in

588 2637 743 2694 uelis
773 2649 928 2694 erant
956 2653 1219 2708 purgasse
1250 2637 1590 2706 perhibetur.
1623 2637 1780 2693 Alius
1807 2653 1961 2705 vero,
1989 2639 2188 2705 omnia,

590 2751 701 2790 non
743 2734 812 2790 ad
851 2735 1290 2800 universitatem,
1333 2734 1428 2788 sed
1461 2732 1526 2788 ad
1561 2748 1623 2788 ca
1656 2742 1862 2788 tantum
1895 2732 2087 2802 refert,
2121 2733 2190 2788 de

588 2830 786 2898 quibus
813 2828 1141 2898 diSputatum
1173 2836 1258 2882 est
1279 2845 1292 2881 :
1316 2837 1337 2866 ο
1358 2826 1444 2880 vel
1473 2826 1577 2880 hoc
1599 2825 1976 2890 modo,omnis
2001 2825 2191 2881 civitas

595 2921 978 2986 conclamavit,
1014 2936 1121 2975 non
1173 2935 1279 2990 quo
1327 2919 1526 2990 aliquis
1577 2928 1765 2975 tacens
1815 2920 1866 2973 in
1915 2919 2048 2974 urbe
2079 2933 2188 2973 non

591 3016 780 3081 fuerit,
809 3013 903 3069 sed
937 3029 999 3069 ex
1028 3024 1180 3084 parte
1227 3013 1468 3067 maxima
1511 3013 1675 3066 etiam
1718 3026 1779 3066 ea
1819 3027 1940 3082 quae
1974 3010 2190 3066 minora

588 3115 717 3162 sunt
743 3106 1104 3177 appellantur.
1139 3103 1207 3159 Et
1234 3103 1352 3173 ipse
1381 3104 1576 3158 Paulus
1626 3103 1906 3173 apostolus
1933 3119 1948 3158 :
1977 3104 2184 3171 Omnes,

2292 1892 2491 1948 fuerint
2519 1893 2772 1947 universa
2799 1893 3064 1962 subjecta,
3092 1890 3484 1962 adimplebitur
3509 1889 3757 1945 omniain
3773 1904 3881 1944 om.

2291 1985 2454 2041 nibus
2484 2001 2498 2040 :
2533 1993 2591 2040 ut
2615 1985 2766 2055 juxta
2797 1985 2849 2040 id
2879 1985 3023 2056 quod
3064 1985 3204 2040 Deus
3243 1992 3328 2040 est
3354 1983 3567 2039 cunctis
3597 1981 3879 2039 virtutibus

2292 2078 2506 2148 plenus,
2542 2078 2722 2133 omnia
2755 2078 2808 2133 in
2839 2078 3096 2134 omnibus
3128 2077 3515 2147 adimpleatur,
3547 2083 3604 2132 et
3629 2075 3738 2132 sint
3766 2075 3878 2131 uni-

2291 2172 2434 2226 versi
2471 2171 2737 2227 babentes
2760 2171 2964 2244 omnia,
2997 2187 3119 2242 quas
3139 2181 3268 2227 ante
3298 2171 3511 2242 singula
3537 2169 3741 2242 singuli
3763 2183 3881 2242 pos-

2291 2266 2562 2322 sidebant.
2599 2266 2707 2324 Sed
2733 2277 2786 2321 et
2815 2267 2919 2322 hoc
2945 2265 3090 2338 quod
3117 2266 3194 2321 ait
3226 2281 3239 2320 :
3274 2264 3342 2319 Et
3373 2265 3544 2334 ipsum
3571 2265 3715 2320 dedit
3739 2274 3881 2335 caput

2291 2374 2449 2427 super
2477 2357 2653 2411 omnia
2685 2356 2932 2413 Ecclesia:
2951 2373 3068 2430 qua:
3087 2367 3164 2412 est
3185 2373 3372 2425 corpus
3389 2356 3589 2426 ipsius:
3615 2356 3880 2430 plenitudo

2292 2452 2403 2522 ejus
2430 2452 2518 2522 qui
2547 2452 2722 2506 omnia
2751 2452 2804 2506 in
2835 2451 3069 2506 omnibus
3099 2450 3567 2523 adimpletur,non
3581 2452 3760 2507 solum
3792 2450 3885 2506 ho-

2293 2547 2520 2613 minum,
2553 2547 2648 2602 sed
2670 2547 2834 2602 etiam
2862 2543 2890 2583 ἀ
2912 2546 3230 2616 angelorum
3261 2554 3698 2616 cunctarumque
3723 2545 3882 2600 virtu-

2293 2652 2428 2711 tttm,
2464 2651 2517 2697 et
2545 2642 2948 2697 rationabilium
2981 2651 3354 2698 creaturarum
3378 2640 3621 2697 Ecclesia
3657 2638 3880 2710 intelligi

2292 2744 2496 2806 potest.
2521 2733 2632 2790 Nec
2657 2750 2762 2789 non
2787 2734 2991 2789 ethoc:
3020 2734 3124 2800 Qui
3155 2734 3333 2788 omnia
3362 2733 3418 2787 in
3447 2732 3688 2788 omnibus
3717 2732 3876 2786 adim-

2292 2831 2488 2901 pletur,
2522 2843 2863 2900 nequaquam
2893 2829 2964 2882 ita
2989 2834 3312 2897 utresonat,
3337 2825 3719 2895 accipiendum
3745 2843 3759 2892 ;
3784 2840 3883 2881 non

2291 2925 2434 2980 enim
2475 2925 2588 2978 ait:
2621 2923 2724 2990 Qui
2753 2925 2938 2978 omnia
2963 2923 3015 2976 in
3053 2921 3310 2977 omnibus
3333 2919 3624 2990 adimplet;
3659 2919 3781 2989 sed,
3806 2917 3886 2991 qui

2292 3017 2466 3069 omnia
2494 3015 2547 3068 in
2577 3015 2812 3069 omnibus
2847 3013 3010 3086 57o
3033 3013 3370 3082 adimpletur.
3415 3011 3699 3081 Siquidem
3743 3010 3879 3066 aliud

2293 3119 2376 3164 est
2405 3108 2657 3177 implere,
2717 3107 2863 3162 aliud
2893 3107 3106 3178 impleri
3141 3123 3155 3173 ;
3187 3106 3314 3178 quia
3343 3106 3394 3161 in
3421 3107 3598 3162 altero
3650 3106 3881 3177 agentis,

587 3201 783 3271 inquit,
824 3217 922 3254 sua
949 3206 1203 3270 quaerunt,
1235 3214 1337 3253 non
1371 3214 1431 3251 ea
1465 3215 1579 3267 quw
1606 3205 1728 3252 sunt
1758 3195 1855 3250 Dei
1902 3195 2180 3268 (Philipp.
2213 3180 2259 3243 ο
2293 3202 2345 3256 in
2379 3201 2553 3256 altero
2583 3200 2834 3270 patientis
2859 3211 2943 3254 est
2973 3200 3218 3256 verbum.
3265 3200 3417 3255 Sicut
3466 3214 3604 3271 ergo
3630 3199 3885 3269 adimple-

593 3309 655 3359 ιι,
687 3291 779 3363 21)
810 3301 934 3346 :et:
963 3290 1153 3345 Omnes
1200 3306 1278 3343 me
1326 3288 1732 3358 dereliquerunt.
1763 3286 1881 3342 Non
1920 3287 2064 3358 quod
2093 3286 2188 3341 Ti-

585 3385 858 3442 mothaeus
895 3394 951 3438 ct
987 3383 1174 3440 caeteri
1214 3382 1489 3450 discipuli,
1523 3382 1614 3450 qui
1653 3383 1749 3436 illo
1788 3389 2038 3452 tempore
2076 3395 2184 3450 quo

589 3479 851 3548 Epistolae
880 3477 1285 3545 scribebantur,
1317 3489 1441 3528 cum
1473 3488 1539 3529 eo
1562 3482 1739 3537 erant,
1770 3473 1921 3528 illum
1945 3471 2186 3542 relique-

583 3576 726 3639 rint;
767 3571 864 3628 sed
905 3570 1147 3634 idcirco,
1207 3569 1330 3638 quia
1389 3583 1417 3620 a
1477 3567 1726 3637 pluribus
1778 3567 1849 3620 sit
1895 3567 2180 3633 desertus,

581 3669 651 3724 ab
691 3665 969 3728 omnibus,
1013 3660 1067 3716 id
1106 3668 1212 3725 est,
1254 3675 1284 3713 a
1333 3659 1568 3713 maxima
1618 3666 1774 3728 parte
1809 3658 2088 3713 desertum
2119 3671 2181 3713 se

585 3777 708 3818 esse
769 3756 1141 3827 conqueritur.
1196 3752 1384 3807 Simile
1440 3752 1563 3807 huic
1613 3751 1741 3821 quid
1780 3761 1837 3806 et
1876 3751 1931 3806 in
1971 3752 2182 3821 psalmo

582 3861 771 3909 sonat:
794 3850 982 3904 Omnes
1012 3846 1422 3910 declinaverunt,
1450 3842 1608 3896 simul
1634 3840 1844 3896 inutiles
1876 3842 2002 3912 facti
2020 3851 2138 3896 sunt
2161 3858 2180 3898 :

588 3944 886 4018 569Non
909 3940 1080 4012 estqui
1100 3940 1257 4010 faciat
1284 3941 1491 4004 bonum,
1508 3953 1611 3991 non
1637 3945 1710 3992 est
1734 3952 1892 4006 usque
1918 3937 1987 3990 ad
2017 3952 2181 3991 unum

579 4038 702 4105 (Ps.
737 4052 856 4100 χιιι,
899 4035 980 4105 5).
1014 4033 1074 4089 Si
1103 4031 1250 4088 enim
1313 4045 1505 4085 omnes
1559 4028 1976 4084 declinaverunt
2007 4046 2020 4082 :
2047 4044 2179 4100 ergo

585 4128 885 4188 declinavit
905 4137 960 4184 et
990 4126 1106 4198 ipse
1135 4127 1224 4196 qui
1254 4123 1514 4195 loquitur.
1544 4121 1610 4176 Et
1639 4121 1766 4176 alibi
1805 4138 1816 4173 :
1850 4119 1967 4192 Ego
1999 4121 2182 4176 dixiin

586 4240 793 4282 excessu
819 4220 1003 4275 mentis
1018 4233 1167 4283 meat,
1199 4216 1366 4270 omnis
1391 4213 1546 4269 homo
1567 4213 1790 4268 mendas:
1812 4211 1930 4283 (Ps.
1954 4229 2075 4282 cxv,
2101 4215 2176 4284 2).

586 4318 693 4373 Aut
720 4316 864 4371 enim
893 4327 1083 4368 verum
1135 4317 1220 4364 est
1245 4307 1350 4362 hoc
1384 4305 1527 4377 quod
1561 4305 1722 4372 dixit,
1753 4313 1848 4360 aut
1878 4305 2094 4361 falsum.
2125 4306 2182 4363 Si

590 4408 772 4463 omnis
799 4405 964 4459 homo
1014 4401 1250 4457 mendax
1283 4408 1400 4464 est,
1432 4414 1562 4469 ergo
1594 4397 1831 4454 mendax
1859 4407 1943 4453 est
1966 4408 2023 4454 et
2045 4399 2162 4471 ipse

2293 3304 2378 3350 tur
2407 3295 2732 3364 imperator,
2764 3293 2809 3348 si
2848 3293 3093 3365 quotidie
3122 3295 3242 3365 ejus
3281 3303 3548 3365 augeatur
3597 3293 3883 3359 exercitus,

2288 3397 2345 3442 et
2373 3387 2501 3440 ﬂant
2532 3401 2685 3440 novae
2713 3385 3027 3456 provincize,
3048 3396 3103 3442 et
3125 3385 3450 3456 populorum
3467 3385 3884 3454 multitudo§suc-

2286 3485 2502 3534 crescat
2531 3495 2544 3530 :
2572 3478 2642 3531 ita
2674 3486 2728 3533 et
2758 3477 3023 3532 Dominus
3053 3486 3238 3533 noster
3265 3477 3427 3535 Jesus
3460 3475 3715 3534 Christus
3748 3478 3798 3533 in
3827 3490 3886 3533 eo

2287 3568 2431 3640 quod
2457 3569 2559 3624 sibi
2577 3569 2805 3625 credunt
2826 3572 3030 3638 omnia,
3055 3579 3110 3626 et
3129 3585 3226 3641 per
3246 3569 3366 3626 dies
3386 3571 3627 3643 singulos
3639 3571 3712 3626 ad
3736 3569 3884 3626 ﬁdem

2285 3659 2404 3730 ejus
2420 3660 2662 3726 veniunt,
2683 3661 2798 3730 ipse
2820 3661 3145 3732 adimpletur
3161 3663 3212 3717 in
3231 3663 3512 3718 omnibus:
3537 3661 3618 3718 sic
3640 3673 3818 3718 tamen
3835 3667 3886 3716 ut

2287 3751 2468 3806 omnia
2491 3750 2853 3820 adimpleatur
2876 3751 2930 3806 in
2949 3752 3235 3819 omnibus,
3261 3752 3313 3808 id
3343 3762 3457 3822 est,
3477 3763 3534 3808 ut
3562 3753 3654 3824 qui
3687 3753 3739 3808 in
3769 3766 3883 3809 eum

2285 3843 2537 3912 credunt,
2553 3843 2763 3899 cunctis
2785 3844 3071 3901 virtutibus
3085 3845 3232 3915 pleni
3259 3845 3389 3913 sint,
3411 3855 3468 3902 et
3477 3846 3629 3916 juxta
3645 3847 3880 3917 Evange-

2284 3938 2414 3994 lium
2439 3937 2640 3995 faciant
2659 3955 2782 3995 eum
2817 3938 3089 4010 proficere
3117 3949 3298 4008 aetate,
3323 3939 3588 4010 sapientia
3614 3947 3674 3996 et
3698 3938 3880 4010 gratia,

2287 4048 2392 4088 uon
2415 4035 2590 4090 solum
2608 4033 2748 4103 apud
2776 4034 2964 4101 Deum,
2987 4034 3081 4090 sed
3109 4041 3162 4088 et
3187 4031 3330 4103 apud
3352 4031 3602 4088 homines
3633 4031 3788 4103 (Luc.
3806 4027 3880 4100 ιι).

2361 4127 2378 4199 (
2402 4125 2537 4194 Cap.
2566 4124 2892 4181 ll.—Vers.
2923 4127 2948 4181 1
2983 4127 3168 4197 seqq.)
3209 4124 3276 4180 Et
3307 4142 3398 4180 vos
3415 4141 3535 4179 cum
3557 4126 3737 4180 essetis
3754 4139 3882 4177 mor-

2289 4219 2364 4273 tui
2397 4217 2617 4284 delictis,
2647 4227 2695 4271 et
2719 4219 2940 4289 peccatis
2963 4219 3165 4287 vestris,
3181 4219 3235 4272 in
3256 4219 3442 4290 quibus
3469 4217 3757 4286 aliquando
3773 4232 3877 4271 am-

2290 4311 2525 4379 bulastis,
2574 4312 2857 4366 secundum
2900 4312 3150 4368 swculum
3171 4311 3355 4367 mundi
3383 4312 3564 4386 hujus,
3597 4313 3880 4367 secundum

2288 4405 2576 4476 principem
2599 4407 2865 4480 potestatis
2885 4409 3043 4476 aeris,
3069 4406 3285 4478 spiritus
3305 4407 3394 4476 qui
3419 4422 3556 4460 nunc
3576 4414 3817 4477 operatur
3832 4405 3880 4459 in

587 4500 680 4572 qui
705 4497 962 4569 loquitur.
985 4494 1042 4550 Si
1067 4504 1248 4548 autem
1265 4490 1500 4547 mendax
1517 4490 1800 4560 estetipse
1820 4490 1910 4559 qui
1927 4491 2182 4562 loquitur,
2213 4495 2268 4557 D
2291 4501 2419 4570 ﬁliis
2439 4499 2767 4571 difﬁdentiae,
2793 4501 2848 4555 in
2874 4500 3059 4573 quibus
3083 4510 3131 4556 et
3160 4518 3255 4556 nos
3285 4517 3461 4556 omnes
3486 4499 3777 4556 conuersati
3796 4515 3879 4554 su-

586 4617 654 4656 nc
679 4599 784 4653 hoc
805 4594 1021 4667 quidem
1063 4591 1209 4664 quod
1238 4591 1313 4646 ait
1334 4604 1524 4646 verum
1543 4599 1646 4654 est,
1667 4604 1883 4645 omnem
1904 4589 2179 4648 hominem

583 4707 707 4750 esse
739 4687 1072 4745 mendacem.
1110 4683 1282 4738 Porro
1310 4682 1354 4736 si
1383 4695 1512 4736 vera
1541 4681 1811 4735 sententia
1850 4691 1954 4750 est,
2002 4683 2179 4738 omnis

583 4788 664 4844 sic
689 4779 990 4856 accipiendi
1032 4786 1182 4844 sunt,
1231 4784 1288 4831 ut
1315 4790 1478 4846 supra
1517 4774 1780 4844 diximus,
1808 4773 1953 4844 quod
1984 4788 2181 4845 magna

659 4980 685 5007 η
717 4971 832 5022 Duo
860 4961 1252 5021 Cistcrcienses
1282 4970 1442 5017 mss.,
1476 4953 1569 5010 sub
1592 4953 1812 5025 pedibus
1838 4953 1972 5024 ejus.

660 5041 686 5078 ι,
721 5039 872 5095 paria
908 5037 992 5088 his
1025 5027 1517 5102 replicat_inferius
1553 5023 1673 5092 cap.
1715 5039 1776 5092 ιι,
1817 5023 2090 5102 versﬁf,
2118 5033 2178 5081 et

583 5116 680 5172 lib.
711 5129 770 5175 ιι,
799 5125 917 5178 cap.
953 5095 1308 5178 tn,vérs_._10,
1342 5097 1578 5178 denique
1608 5107 1661 5150 et
1699 5109 1922 5178 capsit:
1957 5095 2176 5152 Scilicet

586 5165 795 5242 nit-5o}.
828 5165 1079 5234 concedit
1114 5172 1314 5240 ubique
1341 5165 1691 5242 sententiam,
1723 5165 1924 5242 Christi
1953 5182 2170 5242 crucem

587 5238 695 5312 ιιξιιι
729 5253 902 5308 solum
935 5247 1117 5308 nobis,
1152 5238 1245 5298 sed
1271 5250 1331 5312 et
1355 5238 1560 5312 angelis
1580 5239 1937 5312 supernisque
1957 5238 2171 5312 steteris

586 5309 883 5383 virtutibus
913 5317 1208 5389 profuisse.
1239 5309 1511 5389 Nonnulla
1540 5316 1732 5389 (ξι-ηοξ
1759 5309 2034 5389 attigimus
2068 5311 2171 5389 hac

588 5378 847 5466 έέίιέέιέτε
877 5378 942 5445 ad
974 5388 1224 5466 0rigenis
1251 5381 1527 5466 homiliam
1559 5381 1654 5446 25,
1682 5380 1772 5433 ubi
1801 5378 2045 5466 satisille
2085 5380 2174 5466 ab-

589 5451 753 5523 sititle
781 5451 1126 5533 pronuntiat,
1153 5456 1398 5533 angelos,
1423 5465 1877 5533 tton_sect_tsqtta_m
1899 5451 2169 5516 homines,

585 5520 800 5595 Christi
841 5542 1017 5589 morte
1063 5529 1128 5583 ad
1181 5520 1412 5602 salutem
1463 5520 2018 5602 indiguisse..Verum
2064 5535 2173 5602 non

588 5623 761 5676 usque
810 5606 945 5659 adeo
994 5606 1298 5676 exaggerat_
1332 5596 1713 5676 Hieronymus,
1765 5596 2008 5676 ejusque
2041 5596 2172 5647 satis

585 5661 873 5732 commodo
910 5689 1072 5744 sensu
1097 5661 1495 5744 exputii__t_netts
1524 5661 2172 5744 potestkquidquidcon—

593 5731 674 5800 ira
708 5731 1000 5812 obganniat
1032 5731 1259 5812 Rufinus
1301 5739 1393 5792 lib.
1431 5752 1469 5812 ι,
1499 5731 1553 5788 ιι“.
1585 5735 1676 5790 '58.
1709 5731 1816 5787 Nos
1849 5731 2170 5812 luccdlatius

586 5803 956 5873 edisseremus
999 5810 1163 5881 paulo
1210 5817 1334 5879 post
1384 5805 1448 5860 ad
1500 5820 1620 5872 cap.
1677 5820 1714 5872 ι,
1746 5817 1889 5859 vers.
1943 5803 2033 5873 10,
2065 5820 2170 5876 quo

2290 4609 2403 4648 mus
2424 4593 2703 4663 aliquando
2727 4594 2782 4648 in
2805 4593 3074 4648 desideriis
3095 4593 3268 4648 carnis
3293 4602 3506 4660 nostrae,
3529 4594 3778 4664 facientes
3793 4605 3879 4644 uo-

2291 4685 2516 4739 luntates
2546 4685 2721 4739 carnis
2743 4694 2790 4738 et
2820 4693 2843 4721 θ
2874 4685 3268 4758 cogitationum,
3291 4694 3340 4740 et
3366 4701 3570 4740 eramus
3603 4694 3790 4739 natura
3817 4683 3877 4752 ﬁ-

2290 4776 2350 4831 lii
2381 4779 2497 4845 irte,
2524 4779 2656 4833 sicut
2682 4787 2729 4832 et
2745 4777 2935 4834 caeteri.
2968 4775 3109 4834 Deus
3137 4787 3313 4833 autem
3328 4779 3417 4848 qui
3448 4777 3676 4833 divesest
3703 4777 3758 4832 in
3785 4774 3878 4828 mi-

2282 4955 2550 5034 loco_i_pse
2580 4971 2640 5034 se
2667 4958 2998 5018 luculentius
3014 4961 3268 5034 explicat
3295 4962 3353 5020 S.
3379 4961 3561 5018 Pater.

2356 5040 2379 5099 ς
2413 5027 2594 5084 Nostri
2628 5045 2787 5099 mss.,
2816 5034 2972 5088 veluti
3001 5027 3302 5088 hoc'modo.

2350 5097 2374 5135 ἀ
2418 5097 2780 5175 Ilinciterum
2826 5103 3056 5175 Rufinus
3099 5104 3431 5175 Origenismi
3491 5102 3873 5175 Hieronymum

2277 5171 2610 5226 accusatlih.
2643 5188 2703 5240 ιι,
2747 5189 2894 5229 num.
2929 5174 3020 5230 54.

2352 5251 2374 5277 θ
2401 5240 2694 5328 ‘Victorius
2723 5247 2982 5328 rescribit
3028 5247 3295 5328 mentium,
3349 5261 3449 5318 pro
3479 5245 3869 5328 cogitationum.

2275 5312 2416 5388 quod
2473 5313 2602 5369 illud
2631 5330 2698 5388 ex
2740 5317 2988 5372 subnexa
3034 5312 3380 5388 expositione
3436 5312 3865 5388 colligeretﬂa‘bs

2283 5382 2617 5461 llieronymo
2665 5386 2888 5461 lectum,
2941 5382 3269 5461 quamquam
3315 5398 3372 5445 et
3411 5382 3640 5461 Vulgata
3683 5385 3869 5450 editio,

2281 5455 2639 5526 timeumque
2660 5455 3148 5532 verbumhdt'avméo
3171 5455 3541 5532 refragenturi
3583 5458 3707 5532 l_l:ec_
3753 5471 3870 5513 eum

2281 5540 2506 5601 movere
2533 5529 2854 5600 cumprimis
2883 5530 2942 5587 S.
2972 5531 3293 5601 lnterpretis
3319 5528 3495 5587 'verba
3529 5545 3543 5583 :
3578 5528 3868 5601 Facientes,

2280 5597 2538 5673 inquiens,
2571 5597 2864 5673 nonunam
2888 5597 3208 5656 voluntatem
3236 5603 3428 5669 carnis,
3470 5601 3560 5656 sed
3602 5599 3794 5673 plures,
3830 5604 3872 5650 et

2279 5684 2382 5722 non
2405 5671 2576 5724 solum
2598 5671 2915 5727 voluntatem
2940 5673 3132 5740 carnis,
3163 5673 3253 5728 sed
3289 5675 3443 5729 etiam
3471 5671 3762 5740 mentium,
3784 5683 3872 5735 pro

2278 5755 2381 5809 quo
2419 5740 2471 5794 in
2504 5740 2706 5797 Latinis
2735 5744 2995 5798 codicibus
3027 5738 3241 5798 habetur
3285 5743 3696 5817 cogitationum.
3733 5738 3875 5817 Inter

2276 5807 2544 5879 peccatum
2569 5822 2744 5868 autem
2766 5818 2941 5871 carnis
2970 5824 3018 5871 et
3037 5816 3284 5872 mentium
3307 5807 3404 5873 Ιιόσ
3430 5831 3538 5872 esse
3557 5821 3697 5886 puto,
3730 5807 3869 5881 quod
