4046 6406
219 385 335 445 465

744 384 1396 445 COMMENTARIORUM
1434 382 1501 441 IN
1540 340 1934 441 EPISTCLAM
1972 383 2065 441 AD
2102 383 2442 443 EPHESIOS
2479 384 2612 440 LIB.
2654 381 2697 438 l.
2737 381 2890 441 CAP.
2932 384 2997 440 ll.

3412 387 3518 444 466

218 503 537 569 sericordia,
562 512 773 575 propter
790 504 1011 557 multam
1025 501 1331 557 charitatem
1351 516 1502 556 suam
1515 515 1619 571 qua
1639 500 1821 555 dilexit
1847 503 1903 567 Α
1926 514 2097 571 usque
2124 499 2191 556 ad
2219 501 2514 557 terminum
2542 515 2698 555 suum
2722 500 2997 570 volvatur,
3032 510 3087 557 et
3119 509 3368 560 transeat
3394 519 3406 556 :
3437 503 3524 559 vel

221 613 321 654 nos
344 606 394 651 rt
420 612 541 651 cum
563 611 786 651 essemus
838 595 1030 649 mortui
1058 593 1303 665 peccatis,
1324 592 1700 663 conviutﬁcacit
1729 608 1823 647 nos

222 689 456 746 Christo.
513 692 821 760 Antequam
868 689 936 745 de
964 687 1201 760 singulis
1248 690 1537 743 verborum
1571 686 1823 742 sensibus

219 783 590 855 disputemus,
612 781 827 839 videtur
857 782 1014 838 nobis
1042 783 1116 838 ita
1147 780 1394 838 lectionis
1422 780 1559 836 ordo
1588 780 1821 836 redden-

224 875 330 931 dus
356 891 369 929 :
402 874 475 931 Et
518 888 617 930 vos
645 888 770 930 cum
804 873 1000 930 mortui
1032 873 1231 931 essetis
1258 873 1469 930 delictis
1497 882 1553 929 et
1582 874 1822 944 peccatis

221 967 452 1034 vestris,
481 965 887 1022 convivitlcavit
920 964 1140 1022 Christo
1169 964 1334 1031 Deus,
1358 964 1448 1035 qui
1478 964 1634 1020 dives
1661 973 1746 1020 est
1768 964 1823 1019 in

224 1059 614 1119 misericordia
648 1066 873 1131 propter
897 1060 1125 1115 multam
1167 1059 1487 1114 charitatem
1520 1072 1673 1113 suam
1716 1071 1821 1129 qua

225 1152 425 1208 dilexit
442 1166 543 1207 nos
577 1168 590 1206 :
621 1159 649 1189 ει
679 1158 885 1206 etcum
935 1163 1185 1206 essemus
1232 1150 1433 1204 mortui
1488 1147 1726 1215 delictis,
1767 1148 1822 1203 in

227 1246 430 1317 quibus
450 1242 736 1316 aliquando
765 1240 1183 1309 ambulavimus,
1228 1240 1529 1298 secundum
1558 1240 1823 1296 saeculum

228 1340 422 1397 mundi
453 1338 637 1410 hujus,
665 1336 965 1394 secundum
993 1336 1292 1407 principem
1325 1335 1610 1407 potestatis
1654 1336 1820 1405 aeris,

227 1433 461 1504 spiritus
502 1431 594 1503 qui
632 1445 777 1488 nunc
827 1439 1085 1503 operatur
1126 1433 1179 1485 in
1237 1429 1365 1485 filiis
1395 1427 1738 1496 difﬁdentia,
1770 1430 1823 1484 in

228 1525 433 1598 quibus
458 1532 514 1580 et
537 1537 639 1580 nos
664 1537 856 1579 omnes
902 1520 1210 1577 conversati
1241 1536 1427 1577 sumus
1448 1521 1739 1593 aliquando
1772 1522 1826 1578 in

235 1619 527 1677 desideriis
546 1618 731 1676 carnis
751 1626 977 1683 nostrae,
1000 1615 1264 1672 facientes
1283 1615 1596 1672 voluntates
1639 1616 1826 1672 carnis

233 1723 289 1771 et
315 1712 679 1780 mentium,et
708 1724 929 1767 eramus
958 1719 1153 1766 natura
1176 1709 1268 1764 ﬁlii
1285 1710 1404 1772 irte,
1427 1702 1828 1765 con'viviﬁcavit

229 1820 331 1864 nos
355 1804 598 1873 Christo,
622 1803 653 1843 ιι
682 1810 741 1859 ut
767 1804 871 1860 ἀπὸ
916 1809 1107 1868 κοινοῦ,
1167 1802 1519 1858 subaudiatur
1549 1802 1701 1874 quasi
1744 1802 1828 1856 bis

1925 602 2074 650 certe
2095 594 2328 650 mundus
2353 594 2460 650 alio
2486 595 2703 650 nomine
2749 594 3053 665 appelletur
3080 597 3334 666 princeps
3378 597 3523 652 aeris

1926 685 2110 757 hujus,
2146 688 2235 758 qui
2269 703 2411 742 nunc
2436 695 2693 757 operatur
2723 687 2777 741 in
2805 686 2929 741 ﬁliis
2973 684 3331 744 diffidentiae?
3369 686 3523 744 Scri-

1925 780 2074 836 bitur
2099 791 2155 837 et
2180 781 2247 836 ad
2276 780 2515 837 Galatas.
2572 779 2641 835 Ut
2669 790 2815 835 eruat
2838 797 2931 834 nos
2955 780 3020 835 de
3047 781 3288 850 praesenti
3332 779 3524 836 swculo

1925 890 2146 942 nequam
2174 871 2427 946 (Galam,
2457 871 2537 944 4).
2566 872 2633 928 Ει
2653 872 2708 927 in
2743 872 2843 929 hac
2874 872 3062 929 eadem
3107 873 3348 944 Epistola
3383 890 3395 927 :
3427 872 3530 927 Re.

1926 965 2179 1020 dimentes
2229 976 2455 1037 tempus,
2503 967 2749 1036 quoniam
2773 966 2882 1022 dies
2910 966 3040 1021 ntali
3060 976 3181 1022 sunt
3208 966 3431 1039 (Infra,
3462 983 3517 1037 v,

1929 1057 2043 1127 16).
2078 1056 2148 1112 Εῑ
2173 1056 2290 1112 dies
2318 1056 2488 1112 Jacob
2517 1056 2984 1113 modicidicuntur
3012 1066 3067 1114 et
3107 1057 3330 1129 pessimi
3363 1056 3520 1130 (Gen.

1926 1150 2116 1222 XLVII),
2147 1151 2262 1206 sive
2288 1149 2429 1221 quod
2462 1160 2676 1220 tempus
2699 1150 2822 1205 vita:
2853 1151 3013 1206 istius
3043 1167 3140 1221 per
3175 1151 3322 1222 quod
3345 1150 3520 1206 clausi

1930 1256 2179 1302 tenemur
2208 1246 2259 1300 in
2293 1246 2514 1315 sacculo,
2546 1261 2713 1318 grave
2741 1248 2814 1302 sit
2870 1256 2925 1302 et
2974 1247 3335 1315 laboriosum,
3390 1246 3509 1302 sive

1928 1340 2071 1411 quod
2094 1340 2210 1412 ipse
2240 1339 2472 1398 Satanas
2499 1338 2525 1377 ά
2550 1339 2736 1396 mundi
2757 1340 2942 1411 hujus,
2978 1349 3038 1396 ut
3067 1356 3230 1410 supra
3254 1341 3520 1405 diximus,

1928 1442 1983 1488 et
2034 1432 2220 1487 seculi
2278 1432 2542 1488 vocabulo
2600 1441 2970 1502 nuncupetur.
3006 1431 3085 1488 De
3121 1448 3229 1504 quo
3255 1433 3439 1487 statim
3472 1432 3528 1488 in

1929 1524 2323 1595 sequentibus:
2359 1524 2658 1580 Secundum
2686 1522 2849 1596 572
2878 1524 3181 1593 principem,
3210 1524 3402 1593 inquit,
3434 1539 3528 1594 po-

1931 1617 2132 1672 testatis
2152 1617 2311 1682 aeris,
2330 1617 2546 1688 spiritus
2566 1617 2655 1688 qui
2678 1632 2816 1670 nunc
2838 1625 3084 1686 aperatur
3112 1615 3165 1668 in
3213 1612 3338 1683 ﬁliis
3384 1613 3531 1683 difﬁ-

1930 1710 2133 1764 dentiw.
2159 1709 2420 1780 Princeps
2442 1709 2642 1779 quippe
2672 1708 2834 1776 aeris,
2869 1717 2924 1763 et
2964 1706 3189 1777 spiritus
3216 1706 3524 1777 potestatis,

1930 1803 2021 1875 qui
2049 1805 2101 1859 in
2134 1817 2261 1858 aere
2291 1804 2397 1857 isto
2418 1811 2525 1866 est,
2556 1801 2806 1857 diabolus
2846 1799 3192 1870 intelligitur,
3247 1798 3340 1870 qui
3385 1811 3531 1852 nunc

230 1902 465 1967 dictum,
490 1909 542 1955 et
564 1915 657 1953 nos
694 1897 1066 1967 convivi/ienuit
1094 1895 1321 1951 Christo.
1371 1897 1824 1966 Conjunctionem
1860 1898 1908 1959 B
1933 1904 2191 1967 operatur
2221 1894 2272 1949 in
2300 1894 2432 1949 ﬁliis
2456 1892 2796 1948 diffidentiae.
2823 1890 2883 1946 In
2906 1890 2991 1945 his
3015 1890 3160 1945 enim
3187 1888 3281 1961 qui
3303 1889 3534 1944 Domino

231 2008 366 2052 vero
378 1992 651 2049 causalem
664 1991 720 2048 in
737 2006 806 2047 eo
826 1990 948 2046 loco
975 1989 1027 2045 in
1059 2005 1167 2060 quo
1188 1990 1263 2044 ait
1282 2006 1296 2044 :
1312 1987 1453 2044 Deus
1473 1999 1641 2044 autem
1666 1988 1825 2062 571

228 2087 323 2158 qui
369 2086 506 2140 dives
543 2098 617 2138 est
651 2083 709 2137 in
743 2081 1123 2147 misericordia,
1163 2078 1498 2136 arbitramur
1518 2090 1611 2134 aut
1639 2080 1710 2134 ab
1738 2080 1824 2134 in-

230 2180 416 2238 doctis
465 2178 822 2250 scriptoribus
883 2176 1149 2241 additam,
1183 2185 1240 2232 et
1284 2176 1479 2231 vitium
1531 2175 1830 2231 inolevisse

233 2271 526 2345 paulatim,
553 2280 649 2325 aut
672 2270 741 2327 ab
772 2271 893 2342 ipso
921 2268 1110 2335 Paulo,
1141 2269 1232 2338 qui
1261 2277 1385 2323 erat
1411 2268 1694 2338 imperitus
1715 2280 1832 2322 ser-

231 2379 420 2431 mone,
450 2373 507 2419 et
539 2378 644 2418 non
677 2359 1219 2431 scientia,supertlue
1244 2369 1559 2431 usurpatam
1582 2357 1648 2430 (ll
1705 2356 1827 2413 Cor.

231 2455 336 2527 si).
357 2453 646 2512 Manifeste
674 2461 857 2509 autem
888 2466 1039 2509 mors
1092 2452 1287 2507 anima:
1316 2452 1517 2507 dicitur
1545 2465 1671 2506 esse
1702 2464 1830 2520 pec-

230 2557 435 2613 catum,
467 2561 533 2602 ex
555 2560 624 2603 eo
649 2544 794 2615 quod
811 2545 924 2599 ait:
949 2544 1018 2599 Et
1044 2560 1132 2599 vos
1161 2546 1277 2599 cum'
1305 2545 1481 2599 essetis
1502 2543 1696 2598 mortui
1734 2543 1829 2598 de-

230 2642 371 2700 lictis
397 2651 449 2696 et
470 2641 691 2711 peccatis
720 2639 920 2706 vestris,
960 2638 1115 2709 juxta
1162 2638 1292 2695 illud
1321 2653 1537 2709 quoque
1581 2637 1724 2710 quod
1776 2639 1829 2694 in

232 2732 529 2792 Ezechiele
558 2731 819 2801 scriptum
842 2738 928 2785 est
957 2747 971 2785 :
1002 2730 1191 2785 Anima
1218 2745 1334 2802 qua:
1383 2732 1667 2802 peccaverit
1714 2732 1831 2801 ipsa

237 2827 490 2882 morietur
519 2823 736 2897 (Ezech.
768 2838 919 2887 Lvut,
939 2822 1022 2893 4).
1055 2822 1123 2878 Et
1149 2822 1274 2894 quia
1306 2822 1498 2878 delicta
1533 2839 1653 2894 quae
1680 2823 1835 2879 Grae-

235 2934 305 2975 ce
327 2920 730 2996 παραπτώματα
754 2923 1159 2988 nuncupantur,
1182 2915 1340 2987 juxta
1374 2915 1617 2986 ejusdem
1637 2915 1834 2987 lingua:

239 3010 642 3083 etymologiam
676 3010 897 3080 proprie
930 3008 1155 3064 verbum
1188 3017 1271 3064 est
1294 3008 1704 3079 Scripturarum
1735 3008 1838 3080 (li-

241 3115 340 3161 cet
361 3105 562 3161 delicta
589 3104 899 3179 πλημμέλιαι
926 3104 1131 3159 rectius
1163 3103 1565 3159 transferantur
1592 3102 1611 3175 )
1634 3103 1833 3174 qumri-

230 3213 362 3255 mus
408 3197 539 3269 quid
598 3195 927 3268 significent,
978 3210 1158 3266 quove
1197 3194 1453 3251 distenta
1488 3196 1746 3267 peccatis,
1784 3194 1835 3250 id

1932 1987 2186 2055 credunt,
2243 2003 2351 2043 non
2406 1994 2589 2056 potest
2642 1983 2878 2054 operari.
2913 1983 2989 2037 De
3019 1997 3132 2053 quo
3152 1992 3207 2037 et
3237 1979 3376 2036 infra
3407 1980 3524 2035 ait:

1934 2081 2056 2137 Non
2085 2089 2158 2137 est
2188 2081 2334 2134 nobis
2356 2095 2534 2153 pugna
2564 2076 2811 2131 adversus
2848 2090 3056 2130 carnem
3108 2082 3154 2128 et
3200 2073 3528 2144 sanguinem,

1931 2175 2021 2229 sed
2046 2174 2320 2228 adversum
2340 2170 2661 2244 principatus
2684 2179 2730 2223 et
2754 2176 3051 2238 potestates,
3085 2165 3332 2221 adversus
3368 2174 3536 2219 recto-

1931 2281 2013 2319 res
2037 2262 2359 2319 tenebrarum
2380 2262 2622 2325 istarum,
2648 2260 2897 2315 adversus
2942 2258 3243 2329 spiritualia
3292 2255 3537 2328 nequitiae

1930 2359 1987 2413 in
2012 2355 2316 2412 cwleslibus.
2376 2356 2494 2409 Non
2541 2368 2650 2425 quo
2691 2352 2962 2416 diabolus,
2988 2360 3043 2407 et
3071 2350 3344 2406 satellites
3383 2350 3528 2420 ejus,

1934 2452 2025 2524 qui
2043 2467 2140 2523 per
2165 2449 2426 2505 mundum
2457 2448 2620 2504 istum
2642 2455 2931 2518 vagantes,
2975 2454 3197 2515 peccata
3226 2443 3539 2499 hominibus

1935 2545 2243 2611 insinuant,
2299 2542 2353 2598 in
2395 2541 2538 2598 caelo
2589 2538 2801 2595 versari
2852 2546 3076 2609 queant,
3108 2536 3178 2593 de
3208 2552 3319 2607 quo
3343 2535 3415 2591 ob
3444 2550 3543 2590 sua

1936 2636 2137 2693 merita
2186 2642 2540 2699 corruerunt;
2587 2631 2684 2688 sed
2728 2632 2929 2687 caelum
2971 2631 3193 2700 dicitur,
3227 2639 3249 2667 ο
3290 2644 3385 2685 aer
3412 2628 3539 2697 iste,

1936 2733 2033 2804 qui
2063 2746 2228 2802 supra
2254 2746 2357 2786 nos
2386 2739 2493 2796 est,
2528 2728 2681 2799 juxta
2707 2727 2841 2783 illud
2874 2724 3179 2784 Salvatoris
3210 2710 3488 2796 eloquium
3522 2740 3537 2779 :

1900 2820 1905 2823 ⁷
1938 2825 2276 2881 Considerate
2306 2824 2543 2880 volatilia
2573 2822 2685 2878 caeli
2720 2821 2899 2895 (Matt.
2933 2837 3008 2877 vt.
3033 2822 3151 2893 26.),
3203 2830 3259 2876 et
3314 2828 3541 2875 caetera.

1938 2916 2289 2974 Manifestum
2306 2916 2619 2987 quippeest,
2646 2916 2795 2986 quod
2817 2914 3063 2969 volatilia
3090 2929 3198 2969 non
3226 2929 3320 2983 per
3340 2912 3543 2969 caelum

1938 3012 2189 3077 volitent,
2222 3010 2315 3065 sed
2346 3026 2447 3081 per
2474 3025 2681 3065 aerem.
2735 3007 2993 3080 Sequitur
3019 3025 3031 3060 :
3062 3007 3131 3062 In
3167 3009 3351 3080 quibus
3371 3020 3419 3063 et
3449 3024 3545 3062 nos

1942 3122 2116 3161 omnes
2130 3107 2417 3159 conversati
2441 3121 2620 3159 sumus
2669 3103 2962 3176 aliquando
2988 3105 3041 3157 in
3071 3103 3343 3158 desideriis
3373 3102 3547 3157 carnis

1943 3207 2152 3265 nostra,
2177 3200 2423 3271 facientes
2463 3199 2754 3252 voluntates
2807 3198 2980 3251 carnis
3006 3207 3054 3250 et
3082 3198 3352 3252 mentium.
3389 3195 3546 3263 Quod

232 3290 505 3363 est,quid
538 3290 754 3346 intersit
783 3287 925 3344 inter
976 3290 1404 3366 παραπτώματα,
1455 3296 1511 3342 et
1564 3287 1837 3366 ἁμαρτίας.

1947 3292 2043 3359 ait,
2073 3294 2126 3346 in
2144 3292 2353 3363 quibus,
2394 3289 2462 3346 ad
2494 3290 2691 3346 delicta
2720 3289 3071 3345 referendum
3113 3300 3219 3344 est.
3273 3289 3548 3359 Superius

234 3387 418 3444 Aiunt
440 3386 589 3440 enim
618 3381 760 3454 quod
802 3385 1228 3460 παραπτώματα,
1259 3380 1414 3450 quasi
1453 3380 1609 3435 initia
1652 3395 1842 3450 pecca-

233 3486 422 3534 torum
455 3475 586 3541 sint,
618 3489 742 3530 cum
773 3474 1035 3544 cogitatio
1057 3472 1218 3527 tacita
1249 3472 1518 3542 subrepit,
1557 3484 1613 3527 et
1651 3488 1722 3527 ex
1751 3472 1843 3527 ali-

235 3585 355 3642 qua
402 3577 558 3638 parte
588 3567 1006 3623 conniventibus
1030 3564 1052 3639 [
1075 3564 1159 3619 Αι.
1211 3564 1589 3622 cohibentibus
1613 3565 1632 3639 J
1660 3565 1840 3634 nobis,

235 3661 480 3722 necdum
531 3669 710 3717 tamen
765 3674 869 3716 nos
917 3658 1225 3730 impulitad
1247 3658 1670 3715 ruinam.Unde
1701 3667 1759 3715 ct
1788 3660 1840 3715 in

237 3765 440 3812 octavo
469 3751 682 3809 decimo
707 3751 916 3823 psalmo
939 3749 1118 3820 (Vers.
1150 3748 1258 3821 t5)
1288 3751 1551 3807 scribitur
1580 3749 1844 3816 :Delicta,

240 3845 354 3901 hoc
373 3852 479 3910 est,
502 3845 933 3919 παραπτώματα,
961 3842 1080 3913 quis
1130 3842 1420 3912 intelligit?
1466 3843 1592 3913 quia
1636 3842 1848 3899 scilicet

242 3935 472 3992 difﬁcile
502 3936 574 3990 sit
595 3934 826 4000 radices,
850 3941 906 3989 et
928 3932 1081 3987 initia
1114 3933 1421 4003 intelligere
1461 3943 1831 4004 peccatorum.

244 4031 546 4089 Peccatum
574 4045 710 4089 vero
728 4044 872 4101 esse,
903 4044 1026 4087 cum
1050 4030 1177 4102 quid
1217 4046 1385 4101 opere
1411 4043 1849 4089 consummatum

247 4124 508 4197 pervenit
557 4123 625 4179 ad
680 4123 863 4178 finem.
920 4123 1230 4190 Quaerimus
1280 4139 1502 4196 quoque
1522 4126 1651 4198 quid
1676 4128 1769 4195 sit,
1795 4129 1850 4182 in

250 4217 441 4289 quibus
460 4215 744 4286 aliquando
767 4215 1073 4270 ambulastis
1098 4217 1380 4272 secundum
1416 4220 1668 4275 sarculum
1694 4237 1850 4275 mun-

250 4307 317 4362 di
335 4305 515 4379 hujus,
544 4318 854 4362 utrumnam
875 4319 927 4362 et
955 4306 1105 4363 aliud
1134 4308 1397 4364 sarculum
1427 4311 1524 4379 sit,
1557 4312 1700 4382 quod
1732 4327 1841 4368 non

254 4402 533 4472 pertineat
561 4398 628 4455 ad
661 4399 922 4455 mundum
967 4401 1154 4466 isutm,
1188 4400 1282 4457 sed
1313 4400 1379 4455 ad
1410 4402 1640 4459 mundos
1688 4404 1853 4471 alios,

255 4492 334 4548 de
356 4491 559 4564 quibus
580 4502 640 4548 et
667 4491 923 4549 Clemens
946 4493 998 4547 in
1031 4492 1268 4562 Epistola
1296 4508 1390 4548 sua
1421 4496 1613 4551 scribit
1644 4512 1657 4549 :
1695 4496 1859 4553 Ocea-

256 4601 383 4653 nus,
404 4596 440 4651 ,π
463 4595 514 4641 et
544 4586 727 4640 mundi
744 4586 833 4657 qui
862 4597 1005 4639 trans
1033 4588 1203 4655 ipsum
1232 4586 1391 4640 sunt?
1430 4589 1512 4643 An
1573 4603 1712 4645 unus
1758 4591 1860 4646 iste

1946 3384 2090 3440 enim
2120 3385 2247 3452 quia
2277 3382 2386 3437 duo
2418 3383 2625 3453 pariter
2653 3391 2917 3453 posuerat
2948 3397 2963 3435 :
2997 3380 3062 3435 Et
3102 3397 3191 3435 ros
3226 3397 3343 3435 cum
3372 3380 3551 3435 essetis

1946 3477 2138 3532 mortui
2164 3476 2363 3531 delictis
2396 3485 2440 3530 et
2468 3477 2691 3548 peccatis
2712 3476 2914 3538 vestris,
2948 3483 3009 3551 et
3036 3474 3103 3528 ad
3135 3484 3360 3544 peccata
3393 3482 3545 3529 retu—

1947 3569 2085 3627 lerat
2113 3568 2302 3625 dicens
2329 3587 2343 3623 :
2374 3570 2635 3639 inquibus
2658 3568 2947 3641 aliquando
2971 3567 3280 3623 ambulastis
3310 3585 3330 3623 :
3361 3567 3429 3623 ad
3457 3566 3556 3624 de-

1950 3664 2075 3720 licta
2106 3679 2240 3719 vero
2263 3663 2396 3718 nihil
2432 3664 2537 3719 tale
2559 3663 2849 3719 videbatur
2872 3671 3120 3718 secutum
3151 3660 3297 3732 quod
3324 3676 3551 3717 sensum

1950 3765 2139 3828 posset
2184 3756 2401 3826 explere
2432 3771 2615 3811 :uunc
2657 3755 2769 3810 ait:
2800 3755 2853 3808 in
2895 3754 3083 3826 quibus
3127 3753 3353 3819 delictis,
3384 3763 3431 3808 et
3457 3768 3553 3808 nos

1953 3866 2127 3905 omnes
2166 3850 2450 3905 conversati
2488 3866 2667 3904 sumus
2706 3865 2723 3904 :
2764 3847 3038 3918 simulque
3086 3862 3158 3903 ne
3196 3847 3249 3902 in
3290 3862 3358 3902 eo
3405 3846 3554 3918 quod

1953 3943 2190 4008 dixerat,
2218 3954 2264 3998 et
2293 3944 2517 4011 peccatis
2547 3943 2729 3997 vestris
2752 3943 2805 3995 iu
2847 3940 3033 4013 quibus
3068 3941 3356 4012 aliquando
3377 3940 3561 3995 ambu-

1954 4037 2124 4105 lastis,
2158 4053 2217 4093 se
2244 4052 2341 4109 per
2359 4037 2671 4107 superbiam
2696 4052 2723 4089 a
2747 4045 2973 4107 peccato
3003 4034 3280 4090 videretur
3302 4034 3559 4105 excipere

1954 4132 2248 4202 adjuuxit,
2304 4133 2361 4186 in
2413 4132 2598 4201 quibus
2618 4141 2666 4185 et
2689 4148 2784 4186 nos
2814 4148 2989 4185 omnes
3039 4131 3332 4185 conversati
3358 4146 3555 4184 sumus.

1955 4226 2059 4295 Qui
2087 4235 2269 4281 autem
2301 4232 2680 4281 conversatum
2713 4237 2834 4279 esse
2859 4238 2920 4278 se
2949 4221 3106 4289 dicit,
3154 4222 3223 4277 de
3251 4219 3557 4293 praeteritis

1959 4319 2195 4387 delictis,
2221 4327 2277 4374 et
2304 4334 2410 4373 non
2441 4318 2509 4374 de
2538 4317 2902 4388 prmsentibus
2938 4314 3261 4371 confitetur.
3312 4311 3557 4369 Conver-

1960 4413 2065 4468 sati
2096 4427 2308 4478 sumus,
2344 4412 2536 4483 inquit,
2561 4410 2877 4483 aliquando,
2907 4425 3015 4465 non
3041 4408 3097 4464 in
3126 4421 3236 4463 uno
3264 4405 3563 4470 desiderio,

1962 4504 2057 4562 sed
2081 4504 2136 4560 in
2159 4504 2451 4560 desideriis
2480 4504 2663 4559 carnis
2690 4511 2913 4559 nostrae.
2949 4501 3085 4558 Caro
3113 4503 3306 4574 quippe
3359 4499 3569 4556 deside-

1962 4606 2048 4652 rat
2073 4596 2318 4650 adversus
2339 4597 2602 4666 spiritum,
2631 4604 2677 4650 et
2701 4597 2918 4665 spiritus
2939 4596 3183 4651 adversus
3204 4609 3411 4649 carnem
3432 4590 3567 4667 (Ga-

258 4679 504 4738 mundus
523 4681 616 4748 sit,
649 4680 742 4751 qui
772 4679 843 4736 ab
869 4679 1027 4735 initio
1053 4680 1362 4751 steculiquo
1377 4679 1553 4737 factus
1570 4692 1651 4738 est
1683 4684 1857 4742 Adam
1889 4681 1941 4741 D
1965 4688 2060 4744 lat.
2084 4705 2142 4755 v,
2170 4688 2284 4759 l7).
2316 4687 2597 4743 Facientes
2629 4703 2735 4742 non
2769 4704 2928 4743 unam
2979 4688 3314 4743 voluntatem
3359 4685 3566 4754 carnis,

261 4841 441 4899 carnis
486 4848 752 4908 peccatum
791 4851 865 4895 est
895 4838 1241 4910 impudicitia.
1268 4846 1420 4910 atque
1441 4839 1673 4907 luxuria,
1726 4851 1777 4896 et
1813 4860 1873 4898 ea

260 4929 384 4984 qua:
426 4917 525 4982 per
571 4912 920 4984 ministerium
964 4908 1075 4984 ejus
1104 4910 1171 4984 in
1223 4908 1521 4984 libidinibus
1561 4913 1874 4981 explentur:

261 4981 517 5040 utentium
563 4999 684 5038 vero
708 4983 957 5037 delictum
988 4981 1057 5036 ad
1078 4981 1331 5053 dogmata,
1348 4983 1567 5053 pertinet
1611 4987 1874 5040 contraria

264 5056 502 5121 ueritati,
528 5064 577 5109 et
598 5053 896 5109 hereticam
924 5053 1248 5125 pravitatem.
1294 5052 1461 5125 Nobis
1500 5054 1708 5125 absque
1738 5073 1869 5112 mss.

268 5126 538 5197 suﬂ‘ragio
571 5126 704 5181 nihil
737 5125 907 5181 licere
946 5124 1544 5197 duxitnus,__maxirne_
1567 5124 1690 5182 eum
1742 5144 1871 5194 una,

269 5213 394 5268 qum
425 5194 478 5253 iu
509 5195 709 5268 Grzeco
737 5197 937 5268 variat,
970 5194 1135 5250 lectio
1156 5194 1369 5268 codicis
1395 5195 1493 5268 abs
1517 5194 1876 5255 JoanueGre—

270 5266 430 5341 goria
459 5267 689 5331 laudati,
722 5267 1282 5341 se_i_licet._imOopu7w,
1308 5266 1524 5341 longius
1541 5268 1712 5324 multo
1728 5270 1881 5325 ablu-

271 5337 389 5397 dat.
416 5341 585 5396 Paulo
601 5345 729 5410 post
751 5338 1102 5410 Cisterciens.
1133 5337 1141 5339 “
1164 5352 1299 5393 mss.
1334 5337 1546 5393 nimiam
1574 5341 1883 5396 charitatem

275 5413 595 5484 praeferunt,
610 5409 722 5481 pro
744 5409 985 5484 multam,
1002 5419 1119 5484 etc.

349 5491 375 5521 ι
417 5478 761 5538 lnterserunt
786 5478 1140 5536 Cisterciens.
1166 5493 1297 5535 mss.
1316 5478 1407 5537 hic
1428 5480 1618 5547 verba,
1646 5481 1885 5538 misertus

273 5563 354 5609 est
381 5554 566 5610 nostri.

1977 4846 2025 4900 oi
2050 4845 2563 4918 μετ’ᾲαῦτὸγᾼκόσμοι.
2620 4842 3048 4918 Quamquamab
3068 4842 3305 4914 Origene
3334 4842 3575 4918 _videtur

1978 4911 2278 4984 sumpsisse
2306 4911 2563 4980 Hieron.;
2596 4929 2718 4968 nant
2748 4911 2939 4968 ethice
2961 4915 3077 4984 ipsa
3112 4911 3380 4968 sententia
3412 4911 3508 4984 lib.
3536 4927 3577 4966 tt

1977 4991 2099 5064 περὶ
2119 4988 2325 5065 ’έρχῶν
2355 5001 2477 5065 cap.
2504 4989 2556 5050 3,
2585 4986 2962 5065 semel__atque
2986 4983 3196 5065 iterum
3238 4992 3348 5065 tota
3371 4983 3574 5065 recita:

1980 5052 2085 5122 tui',
2121 5052 2357 5114 Dcednus
2377 5052 2816 5111 in'transtueabilis
2839 5052 2911 5109 est
2927 5056 3243 5121 hominibus,
3266 5063 3313 5108 et
3327 5052 3381 5106 hi
3394 5052 3578 5108 mundi

1979 5132 2065 5197 qui
2099 5142 2212 5200 post
2242 5130 2421 5195 ipsum
2450 5127 2803 5200 sunttPorro
2829 5127 3031 5200 dicitur
3053 5126 3319 5200 Origenes
3349 5123 3476 5200 hirto
3497 5124 3582 5200 in:

1981 5194 2127 5257 ferre
2155 5194 2394 5256 voluisse
2415 5199 2559 5270 quod
2580 5199 2753 5254 Graeci
2777 5199 3086 5271 ἀντίχθονας
3107 5194 3317 5271 dicunt,
3337 5194 3582 5271 etLatini

1990 5273 2342 5337 auticlrtones,
2371 5266 2536 5341 vulgo
2583 5272 2860 5341 antipodas
2890 5266 3109 5341 Vocant.
3141 5266 3504 5341 Quamobrem
3545 5280 3582 5341 _a

1994 5343 2188 5398 Photio
2210 5336 2632 5411 reprehenditur
2658 5336 2783 5397 cod.
2820 5341 2945 5397 126.
2974 5339 3202 5395 Veteres
3226 5339 3371 5395 enim
3424 5336 3586 5411 pleri-

1991 5429 2099 5486 que
2119 5407 2334 5481 omnes,
2381 5424 2440 5486 ut
2469 5420 2788 5486 notum‘est,
2818 5427 2885 5468 ex
2914 5411 3230 5486 Lactantio1
3259 5407 3581 5486 Augustino,

1993 5474 2246 5553 aliisque,
2283 5474 2561 5556 negabant
2597 5474 2834 5556 existere
2861 5482 3166 5556 antipodas.
3198 5474 3257 5539 S.
3291 5474 3423 5556 vero
3456 5474 3587 5556 Cle-

1997 5549 2153 5612 mens
2196 5571 2307 5612 non
2354 5549 2542 5627 plures
2562 5555 2819 5621 mundos,
2845 5555 2942 5627 sed
2974 5549 3220 5627 remetas
3238 5566 3301 5627 ac
3323 5549 3589 5627 prius_in-

352 5623 593 5700 {Iidem
617 5622 1087 5700 mss.ut,_voeula-
1096 5623 1501 5700 praetermissa,
1537 5624 1744 5693 legunt,
1769 5624 1894 5700 sub-
1996 5630 2244 5700 cognitas
2274 5618 2461 5700 mundi
2491 5634 2678 5698 partes
2701 5618 2845 5682 ultra
2873 5625 3153 5681 Oceanum
3178 5618 3591 5693 designarefor-

278 5697 496 5754 auditur
520 5713 541 5753 :
570 5709 809 5766 moxque
846 5693 982 5750 duas
1035 5693 1176 5749 alias
1204 5695 1454 5761 voculas,
1481 5702 1530 5749 et
1576 5710 1691 5763 nos,
1729 5698 1890 5751 omit-

283 5777 709 5907 uult.lntettrius
737 5837 792 5892 in
816 5835 1014 5907 Graeco
1037 5835 1204 5891 habet
1233 5834 1292 5891 S.
1319 5835 1623 5893 Clementis
1644 5836 1818 5906 Epist.
1845 5855 1883 5905 t,

285 5908 360 5968 ad
381 5904 642 5969 Corinth.
687 5922 742 5962 n.
764 5907 837 5964 20
870 5923 884 5961 :
917 5904 1152 5969 Ὠκεανὸς
1177 5908 1461 5983 ἀνθρώποις
1489 5904 1778 5983 ἀπέρανέος
1806 5904 1886 5965 καὶ

1996 5698 2142 5757 tasse
2182 5698 2374 5755 voluit.

2065 5771 2091 5810 ⁴¹
2130 5772 2251 5843 Alii,
2269 5770 2413 5837 libri,
2435 5770 2500 5843 in
2527 5770 2709 5824 mundi
2735 5770 2914 5843 hujus,
2942 5777 3049 5825 etc.

2071 5854 2094 5883 ο
2130 5843 2190 5900 In
2221 5840 2573 5902 Cisterciens.
2601 5855 2732 5913 ms.,
2755 5840 2954 5897 aerium
2981 5841 3070 5912 qui
3088 5855 3269 5911 supra,
3303 5847 3410 5897 etc.
