4046 6336
533 195 630 251 «Hi

1792 194 1850 248 S.
1895 189 2172 251 EUSEBII
2211 189 2592 249 HlEBONYMl

3729 190 3837 245 ιη

539 311 593 365 in
625 307 748 365 aliis
772 310 1059 378 creaturis,
1101 309 1168 365 ad
1198 324 1320 381 qua:
1350 318 1532 364 nostra
1561 308 1911 365 conversatio
1939 317 2123 364 trans-
2154 306 2212 371 Α
2234 324 2351 364 vere
2379 307 2667 379 lsraelites,
2712 309 2766 363 in
2805 324 2906 377 quo
2949 307 3102 363 dolus
3146 323 3251 362 non
3280 316 3357 363 est
3396 307 3591 378 (Joan.
3641 323 3682 373 ι,
3709 308 3828 380 47).

548 403 772 461 ferenda
802 412 906 469 est,
934 413 992 459 ut
1015 418 1139 474 qua:
1171 403 1496 473 prwparavit
1525 402 1689 473 Deus,
1715 402 1768 457 in
1792 402 1900 457 illis
1931 401 2125 457 ambu-

540 498 741 560 lemus,
765 513 861 568 spe
891 511 1078 566 magna
1105 495 1219 565 jam
1249 493 1408 551 nobis
1429 494 1578 560 data,
1600 494 1729 550 dum
1753 494 1807 551 in
1832 495 1916 550 his
1936 494 2129 550 ambu-

542 589 705 646 laturi
745 602 953 655 sumus,
981 602 1105 658 qua:
1135 587 1280 643 Deus
1320 601 1650 658 magnopere
1683 587 2032 659 prteparavit.
2068 588 2134 642 Et

538 684 666 754 quia
689 682 861 738 semel
884 680 949 734 ad
968 695 1167 736 nomen
1188 688 1456 737 creatura:
1474 682 1750 749 venimus,
1774 690 1829 737 et
1850 679 2132 750 Sapientia

542 779 596 831 in
645 773 962 831 Proverbiis
990 773 1303 830 Salomonis
1345 772 1478 830 dicit
1522 787 1583 829 se
1627 781 1871 830 creatam
1914 770 2130 828 initium

538 868 748 924 viarum
767 867 1052 939 Dei(Prov.
1083 866 1737 939 vut),multiquetimore,
1765 881 1833 922 ne
1856 865 2133 922 Christum

540 971 850 1016 creaturam
879 960 1066 1017 dicere
1094 960 1495 1031 compellantur
1515 1001 1533 1029 ,
1571 968 1745 1015 totum
1775 958 1980 1015 Christi
2017 974 2136 1031 my-

541 1057 769 1111 sterium
807 1064 1033 1125 negant,
1066 1055 1359 1122 utdicant,
1388 1069 1494 1111 non
1525 1053 1803 1111 Christum
1828 1055 1884 1110 in
1917 1054 2018 1110 hac
2042 1068 2134 1110 sa-

540 1148 775 1220 pientia,
796 1148 893 1205 sed
916 1147 1104 1204 mundi
1122 1148 1450 1219 sapientiam
1480 1146 1778 1218 signiﬁcari
1802 1166 1813 1202 :
1839 1163 1940 1203 nos
1964 1147 2136 1203 libere

539 1240 967 1310 proclamamus,
1002 1254 1110 1295 non
1136 1254 1260 1296 esse
1289 1239 1590 1310 periculum
1619 1253 1747 1294 eum
1777 1238 1958 1295 dicere
1983 1252 2137 1294 crea-

540 1343 740 1398 turam,
774 1348 939 1403 quem
966 1348 1231 1401 vermem,
1264 1341 1320 1389 et
1352 1332 1661 1399 hominem,
1691 1340 1748 1388 et
1773 1331 2094 1387 cruciﬁxum
2116 1371 2133 1399 ,

543 1439 599 1484 ct
626 1429 1097 1497 maledictionem,
1133 1437 1249 1483 tota
1274 1428 1390 1498 spei
1431 1436 1634 1483 nostra:
1685 1425 1878 1482 ﬁducia
1910 1424 2136 1496 proﬁte-

543 1536 707 1576 mur:
750 1521 987 1577 maxime
1011 1536 1135 1578 cum
1163 1537 1228 1577 ex
1261 1520 1473 1576 duobus
1506 1518 1800 1576 versiculis
1837 1534 1960 1590 qua:
1997 1534 2135 1589 pra:-

544 1614 891 1684 cedunt,ipsa
914 1613 1183 1684 sapientia
1202 1612 1482 1684 promittat
1505 1627 1564 1668 se
1585 1625 1706 1667 esse
1718 1609 1990 1666 dicturam
2009 1625 2135 1681 quae

2238 400 2344 456 Alii
2372 404 2463 473 qui
2496 416 2596 458 nec
2621 415 2788 456 carne
2814 415 2915 455 nec
2937 401 3135 470 spiritu
3164 400 3478 457 circumcisi
3499 401 3834 471 sunt.qualis

2236 493 2334 549 fuit
2362 493 2867 550 Nabuchodonosor
2903 502 2959 548 et
2987 490 3243 557 Pharao,
3273 502 3331 547 et
3367 491 3532 548 hodie
3571 491 3837 548 Barbara-

2237 602 2358 642 rum
2396 595 2451 642 et
2490 587 2860 641 Romanarum
2905 585 3151 656 gentimn
3198 583 3515 651 multitudo,
3562 600 3687 656 qua:
3730 600 3836 642 non

2238 680 2470 737 credunt
2496 682 2548 736 in
2581 681 2776 737 Deum.
2806 680 3008 747 Tertii,
3040 678 3132 750 qui
3166 686 3376 734 tantum
3418 678 3472 732 in
3509 693 3676 734 carne
3712 687 3838 735 sunt

2238 774 2573 839 circumcisi,
2586 783 2641 830 et
2654 774 2904 845 spiritum
2918 772 3357 829 incircumcisum
3379 771 3604 840 habent,
3617 772 3685 827 ad
3703 787 3837 844 quos

2240 867 2502 939 propheta
2532 866 2664 923 dicit
2694 883 2709 922 :
2739 864 3184 922 Circumcidimini
3229 864 3341 920 Deo
3378 874 3570 929 vestro,
3604 873 3653 918 et
3683 865 3839 921 nolite

2239 961 2610 1017 circumcidere
2635 977 2842 1017 carnem
2862 961 3107 1031 prwputii
3132 958 3535 1031 vestri(1erem.
3557 976 3632 1028 tv,
3650 958 3735 1031 4).
3773 960 3839 1016 Ει

2241 1053 2398 1111 alibi:
2416 1054 2607 1110 Omnes
2617 1064 2793 1128 gentes
2812 1053 3159 1109 incircumcisi
3178 1051 3288 1126 [ΑΙ.
3307 1050 3690 1126 incircumcisa]
3720 1068 3839 1107 car-

2240 1163 2305 1201 ne
2339 1162 2360 1202 :
2391 1147 2574 1201 domus
2616 1162 2735 1202 vero
2771 1143 2941 1200 Israel
2989 1144 3339 1199 incircumcisi
3374 1152 3497 1199 sunt
3525 1144 3681 1199 corde
3718 1141 3842 1217 (Je-

2239 1257 2366 1296 rem.
2396 1256 2472 1305 IX,
2495 1239 2628 1307 26).
2664 1239 2909 1296 Extremi
2940 1239 3008 1295 de
3041 1240 3240 1311 quibus
3268 1253 3415 1295 nunc
3447 1239 3681 1295 dicitur:
3707 1238 3841 1307 Quia

2239 1334 2522 1406 aliquando
2550 1351 2641 1390 vos
2667 1345 2845 1407 gentes
2862 1336 2918 1390 in
2943 1352 3099 1391 carne
3121 1377 3138 1401 ,
3175 1335 3266 1406 qui
3287 1335 3603 1391 dicebamini
3631 1352 3842 1407 prepa-

2240 1426 2369 1484 tium
2389 1428 2454 1481 ab
2469 1427 2855 1499 eaquaedicitur
2883 1425 3213 1482 circumcisio
3234 1427 3289 1481 in
3310 1443 3467 1482 carne
3496 1443 3653 1481 manu
3675 1428 3836 1499 facta,

2240 1519 2418 1592 qualis
2447 1520 2608 1577 hodie
2630 1522 2887 1578 universa
2915 1530 2998 1577 est
3023 1520 3177 1575 turba
3209 1519 3578 1586 credentium,
3607 1530 3661 1576 et
3689 1528 3840 1578 totus

2239 1627 2270 1669 e
2297 1613 2558 1685 gentibus
2581 1614 2814 1669 mundus
2842 1621 2927 1669 est
2956 1613 3170 1684 plenus.
3201 1610 3283 1667 Ad
3302 1611 3713 1668 distinctionem
3740 1612 3845 1682 igi-

545 1716 671 1778 post
688 1707 887 1763 saecula
907 1705 1236 1779 sunt(Prov.
1254 1706 1407 1778 nu).
1426 1705 1562 1762 Cum
1575 1713 1755 1762 autem
1770 1704 1970 1761 saecula
1986 1702 2141 1760 Chri-
2173 1704 2226 1768 B
2252 1715 2341 1762 tur
2366 1705 2733 1777 spiritualium
2759 1707 3002 1777 gentium
3026 1704 3368 1771 Judmorum,
3399 1705 3622 1777 Ephesii
3651 1716 3847 1777 gentes

545 1809 662 1855 stus
701 1801 920 1867 fecerit,
952 1810 1008 1857 et
1031 1816 1152 1872 qute
1186 1800 1446 1870 deinceps
1475 1800 1746 1872 loquitur,
1778 1816 1840 1857 ea
1882 1799 1990 1858 sint
2019 1815 2141 1871 quae

546 1903 670 1964 post
701 1895 897 1951 sarcula
936 1895 1210 1951 dicturum
1237 1910 1297 1950 se
1324 1909 1449 1951 esse
1476 1894 1822 1966 promiserit,
1861 1893 1928 1950 ad
1962 1895 2142 1951 incar-

545 1987 783 2043 nationis
820 1986 1166 2060 mysterium,
1200 2002 1309 2043 non
1334 1987 1401 2043 ad
1441 1997 1690 2043 naturam
1724 1985 1821 2042 Dei
1853 1984 2141 2043 referenda

544 2090 669 2134 sunt
697 2091 820 2150 quas
849 2087 1181 2150 sequuntur:
1216 2079 1346 2135 licet
1373 2079 1427 2134 in
1454 2078 1699 2135 Hebraeis
1721 2077 2007 2133 codicibus
2031 2093 2138 2134 non

546 2170 836 2226 habeatur:
855 2181 879 2208 ι
894 2169 1151 2227 Dominus
1165 2172 1358 2226 creavit
1375 2187 1454 2226 me
1464 2171 1673 2227 initium
1684 2171 1890 2225 viarum
1903 2186 2141 2226 suarum:

545 2262 675 2330 sed,
706 2262 968 2320 Dominus
1007 2264 1231 2334 possedit
1271 2280 1370 2319 me.
1415 2263 1565 2321 lnter
1600 2264 2007 2335 possessionem
2045 2278 2141 2318 au-

544 2366 675 2423 tem,
691 2367 745 2414 et
768 2357 1103 2415 creationem
1119 2358 1285 2413 multa
1302 2357 1559 2413 distantia
1574 2366 1685 2413 est:
1700 2357 1829 2429 quia
1850 2357 1942 2429 qui
1966 2359 2112 2429 possi
2124 2387 2142 2400 ο

546 2451 706 2508 detur
723 2495 737 2518 ,
759 2454 804 2507 is
824 2451 1011 2523 utique
1033 2460 1288 2522 estalque
1312 2450 1585 2519 subsistit,
1611 2462 1669 2507 et
1694 2454 1722 2490 δ
1741 2461 1828 2507 est
1859 2452 2138 2522 proprius,

544 2548 633 2619 qui
664 2547 999 2619 possidetur.
1032 2548 1265 2604 Creator
1284 2561 1417 2603 vero
1454 2547 1548 2603 ille
1576 2547 1668 2618 qui
1695 2561 1805 2602 non
1834 2555 1955 2602 erat
1986 2558 2140 2602 ante-

542 2658 705 2713 quam
741 2644 896 2699 ﬁeret
931 2661 944 2698 :
976 2651 1072 2698 aut
1099 2652 1255 2699 certe
1280 2642 1349 2699 de
1372 2658 1439 2698 eo
1460 2642 1606 2713 quod
1634 2651 1778 2710 erat,
1807 2641 2141 2698 transfertur

547 2739 603 2793 in
623 2739 796 2805 aliud,
826 2740 967 2794 sicut
988 2746 1046 2795 et
1077 2753 1181 2794 nos
1209 2753 1355 2794 nunc
1380 2736 1552 2793 creati
1573 2735 1811 2793 dicimur
1836 2737 1888 2791 in
1921 2736 2140 2791 Christo

542 2832 697 2889 Jesu.
726 2832 910 2887 Creati
940 2833 1126 2903 utique
1148 2874 1163 2898 ,
1191 2847 1299 2887 non
1326 2833 1451 2904 quia
1481 2839 1608 2887 ante
1630 2847 1738 2887 non
1777 2830 1980 2887 luimus
1999 2871 2016 2899 ,
2043 2833 2139 2888 sed

545 2926 717 2982 creati
765 2926 818 2981 in
867 2925 1126 2995 operibus
1178 2926 1360 2983 bonis.
1402 2924 1560 2994 Quod
1606 2924 1773 2981 David
1813 2941 2035 2998 quoque
2086 2926 2138 2981 in

546 3022 758 3093 psalmo
807 3020 1255 3092 quinquagesimo
1308 3021 1675 3092 deprecatur,
1736 3020 1928 3077 dicens
1974 3038 1988 3075 :
2037 3019 2140 3076 Cor

2248 1807 2516 1855 vocantur
2540 1799 2593 1854 in
2618 1813 2807 1867 carne,
2824 1797 2951 1869 quia
2979 1797 3279 1854 secundum
3305 1798 3561 1869 spiritum
3582 1798 3843 1855 Israelita:

2245 1904 2397 1951 sunt.
2442 1893 2579 1950 Nam
2613 1903 2669 1951 et
2701 1895 2756 1950 in
2794 1893 2904 1949 alio
2941 1892 3064 1950 loco
3098 1907 3360 1950 earneum
3394 1894 3653 1950 lsraclem
3695 1893 3843 1950 Scri-

2245 1998 2401 2061 ptura
2415 2003 2856 2045 commemorans
2872 1990 2949 2044 ait
2968 2006 2982 2044 :
3011 1988 3195 2044 Videte
3219 1988 3397 2044 Israel
3416 1993 3708 2045 secundum
3726 2007 3841 2045 ear-

2246 2100 2362 2138 nem
2385 2081 2429 2153 (l
2461 2082 2583 2138 Cor.
2616 2088 2673 2153 χ)
2703 2100 2715 2138 :
2749 2082 2877 2152 quia
2910 2084 2964 2137 in
2994 2081 3190 2151 spiritu
3221 2097 3329 2137 non
3353 2091 3472 2138 erat
3501 2082 3694 2138 Israel.
3728 2082 3848 2139 Pul-

2245 2174 2378 2229 chre
2407 2182 2593 2229 autem
2628 2173 2796 2228 etiam
2834 2172 3003 2228 verba
3035 2172 3352 2228 moderatus
3374 2180 3462 2228 est
3489 2190 3502 2227 :
3531 2173 3619 2242 qui
3638 2172 3846 2228 diceba-

2244 2268 2372 2321 mini
2414 2268 2752 2340 prazputium.
2799 2265 3136 2324 Dicebamini
3164 2311 3179 2336 ,
3235 2265 3447 2337 inquit,
3477 2269 3841 2338 prmputium,

2249 2370 2271 2399 ι
2296 2374 2396 2415 nec
2422 2359 2613 2425 eratis,
2643 2358 2713 2415 ab
2737 2372 2801 2414 ea
2835 2371 2961 2429 qua:
2991 2358 3192 2413 dicitur
3219 2356 3569 2413 circumcisio
3591 2356 3649 2413 in
3679 2373 3845 2414 carne

2245 2470 2409 2509 mauu
2438 2454 2599 2509 iacta.
2640 2452 2756 2509 Non
2782 2470 2893 2525 quo
2924 2454 2996 2509 sit
3036 2453 3411 2522 circumcisio,
3445 2452 3543 2509 scd
3578 2469 3688 2526 quo
3732 2454 3844 2525 ipsa

2244 2548 2348 2604 sibi
2379 2548 2485 2603 hoc
2508 2562 2705 2603 nomen
2727 2556 2991 2617 assumat,
3016 2548 3300 2603 ctsitvere
3315 2546 3667 2604 circumcisio
3684 2563 3843 2603 manu

2241 2642 2410 2711 facta,
2443 2658 2551 2698 non
2586 2643 2803 2713 spiritu.
2837 2641 3014 2698 Simul
3053 2650 3108 2697 et
3149 2641 3281 2698 illud
3328 2652 3409 2698 est
3444 2644 3842 2700 attendendum

2244 2734 2391 2809 quod
2426 2749 2530 2790 nos
2570 2750 2711 2806 quos
2754 2735 2875 2789 sine
2912 2732 3137 2790 Christo
3176 2733 3449 2790 alienatos
3489 2734 3764 2806 quondam
3810 2750 3842 2791 a

2243 2825 2663 2883 conversatione
2693 2827 2857 2900 ξω
2884 2824 3053 2881 Israel
3081 2840 3206 2881 esse
3228 2827 3587 2895 memoravit,
3613 2836 3675 2883 et
3693 2841 3846 2898 pere-

2242 2923 2428 2994 grinos
2467 2937 2497 2977 a
2542 2919 3002 2993 promissionibus
3041 2929 3097 2975 et
3135 2920 3492 2977 Testamento
3524 2920 3664 2977 Dei:
3695 2935 3840 2976 nunc

2247 3023 2534 3086 postquam
2564 3015 2619 3069 in
2645 3011 2927 3070 Christum
2957 3013 3298 3070 credidimus
3322 3056 3336 3080 ,
3369 3015 3512 3070 sicut
3543 3015 3842 3086 repromis-

543 3117 797 3172 mundum
822 3132 942 3172 crea
956 3116 1011 3170 in
1033 3131 1137 3179 me.
1160 3113 1297 3170 Deus
1320 3114 1495 3186 (Psal.
1516 3114 1704 3185 1.,ll).
1726 3113 1797 3170 Et
1811 3123 1963 3171 certe
1982 3129 2136 3169 mun-
2165 3096 2212 3160 C
2245 3113 2432 3168 siones
2460 3120 2517 3167 et
2556 3119 2882 3165 testamenta
2917 3108 3037 3180 ejus
3071 3107 3403 3179 accepimus,
3435 3108 3510 3164 ita
3541 3123 3840 3166 conversa-

542 3213 670 3268 dum
700 3225 795 3267 cor
818 3219 945 3266 ante
972 3217 1253 3281 peccatum
1279 3208 1565 3275 habuerat,
1595 3207 1815 3280 quando
1843 3208 1913 3264 de
1933 3222 2001 3264 eo
2029 3207 2134 3263 Do-

542 3307 724 3361 minus
754 3303 1080 3372 loquebatur
1109 3319 1123 3356 :
1151 3300 1336 3357 Inveni
1372 3300 1544 3357 David
1570 3302 1742 3373 ﬁlium
1774 3300 1923 3356 Iesse
1950 3318 2136 3357 secun-

542 3400 669 3453 dum
706 3413 797 3452 cor
832 3413 1007 3451 meum
1042 3397 1181 3467 (Act.
1211 3411 1331 3461 xm,
1383 3394 1485 3467 22)
1519 3412 1533 3448 :
1570 3393 1667 3450 sed
1709 3405 1767 3449 ut
1806 3394 1880 3450 ibi
1926 3396 2135 3452 creatio

540 3491 999 3548 instaurationem
1028 3496 1189 3545 sonat
1218 3506 1233 3544 :
1265 3488 1339 3542 ita
1365 3498 1422 3544 et
1450 3488 1506 3542 in
1532 3488 1690 3543 nobis
1728 3497 1784 3543 et
1817 3490 1872 3544 in
1908 3489 2136 3545 Christo

537 3599 639 3656 per
664 3582 877 3655 singula
908 3595 1075 3650 opera
1099 3588 1156 3635 et
1183 3578 1487 3650 profectus,
1519 3589 1771 3634 creatura
1802 3590 1969 3651 atque
1998 3596 2132 3636 cou-

539 3674 676 3731 ditio
702 3674 881 3744 accipi
905 3682 1082 3743 potest
1104 3690 1118 3727 :
1140 3682 1202 3727 ut
1226 3670 1477 3742 quotidie
1502 3671 1559 3726 in
1579 3670 1956 3738 credentibus,
1973 3672 2139 3746 579

539 3768 666 3837 quia
697 3767 848 3821 varie
874 3764 1174 3821 secundum
1202 3765 1394 3819 merita
1426 3764 1653 3820 diversa
1692 3774 1908 3821 montes
1937 3766 2134 3822 dicun-

543 3869 651 3917 tur.
684 3868 742 3915 et
770 3858 969 3925 valles,
1003 3867 1061 3913 et
1083 3856 1289 3922 colles,
1313 3865 1474 3929 atque
1498 3859 1827 3929 campestria
1844 3899 1860 3925 ,
1888 3857 2136 3916 Christus

539 3960 777 4015 creatus,
813 3959 973 4004 natus
995 3958 1050 4005 et
1068 3949 1318 4005 conditus
1346 3951 1438 4005 sit.

614 4041 795 4111 (Vers.
831 4041 948 4114 l2.)
981 4041 1206 4116 Propter
1233 4045 1375 4116 quod
1405 4061 1652 4100 memores
1678 4056 1858 4116 estote,
1882 4048 2007 4120 quia
2035 4048 2137 4104 ali-

536 4137 744 4207 quando
764 4152 853 4190 vos
876 4146 1051 4207 gentes
1070 4138 1125 4191 in
1152 4153 1328 4201 carne,
1353 4139 1442 4207 qui
1464 4139 1777 4195 dicebamini
1798 4142 2133 4212 praeputium,

540 4228 603 4282 ab
628 4245 691 4283 ea
711 4245 827 4299 qua:
852 4227 1157 4299 appellatur
1187 4230 1516 4284 circumcisio
1532 4231 1587 4285 in
1612 4248 1768 4287 carne
1791 4249 1950 4288 manu
1974 4238 2137 4303 facta:

535 4324 783 4395 quoniam
814 4326 971 4378 eratis
997 4323 1093 4378 illo
1123 4333 1357 4395 tempore
1401 4325 1514 4379 sine
1559 4323 1791 4394 Christo,
1837 4329 2059 4383 alienati
2105 4346 2136 4384 a

539 4416 925 4472 conversatione
952 4414 1141 4487 Israel,
1175 4427 1223 4471 et
1251 4419 1511 4490 peregrini
1550 4431 1976 4478 testamentorum
2005 4443 2129 4495 pro-

2244 3207 2452 3262 tionem
2499 3219 2719 3276 quoque
2763 3202 2967 3259 habere
3008 3202 3261 3258 dicamur
3300 3203 3473 3259 lsrael
3510 3221 3525 3259 :
3566 3203 3843 3275 quomodo

2242 3299 2593 3356 conversatio
2623 3298 2884 3353 universa
2919 3295 3120 3366 legalis
3139 3296 3395 3366 expletur
3422 3296 3475 3351 in
3499 3296 3661 3352 nobis
3679 3338 3695 3363 ,
3719 3297 3841 3369 quia

2240 3392 2498 3449 videlicet
2527 3392 2615 3447 lex
2632 3389 2937 3461 Spiritualis
2961 3398 3066 3456 est,
3092 3398 3147 3445 et
3170 3391 3343 3461 magis
3362 3389 3839 3460 circumcidamur,

2240 3495 2295 3542 et
2326 3485 2728 3541 sabbatizemus
2752 3480 2778 3520 ά
2804 3483 2857 3539 in
2879 3484 3074 3554 spiritu
3090 3525 3106 3550 ,
3142 3483 3457 3554 Spirituales
3481 3484 3738 3540 victimas
3757 3484 3841 3539 ol-

2240 3578 2484 3636 lerentes
2516 3596 2528 3632 :
2562 3578 2780 3633 illorum
2818 3578 3026 3648 templo
3060 3577 3333 3648 altarique
3365 3576 3666 3633 destructis
3699 3596 3713 3632 :
3744 3591 3842 3633 nos

2244 3673 2360 3730 Deo
2400 3673 2679 3727 fructuum
2724 3681 3049 3728 nostrorum
3094 3672 3341 3728 decimas
3377 3671 3674 3730 offeramus
3703 3691 3717 3729 :
3746 3687 3843 3729 nos

2240 3766 2590 3822 immolemus
2630 3780 2837 3837 agnum
2883 3765 3314 3834 immaculatum,
3345 3774 3402 3820 et
3430 3765 3667 3821 accincti
3704 3766 3841 3822 lum-

2241 3859 2365 3926 bos,
2406 3858 2651 3929 expediti
2698 3857 2908 3914 Pascha
2941 3858 3316 3914 comedamus.
3359 3858 3513 3915 Sicut
3547 3860 3695 3915 enim
3734 3859 3839 3917 cir-

2241 3953 2507 4009 cumcisio
2533 3951 2736 4008 dicitur
2757 3952 2810 4007 in
2842 3967 3009 4009 carne
3031 3969 3193 4008 manu
3215 3952 3360 4009 facta
3392 3969 3407 4007 :
3441 3955 3514 4008 ita
3543 3954 3613 4008 ad
3641 3954 3835 4010 distin-

2239 4048 2478 4102 ctionem
2506 4046 2624 4116 ejus
2655 4046 2976 4116 intelligitur
3002 4046 3109 4101 alia
3136 4061 3263 4102 esse
3288 4047 3641 4103 circumcisio
3663 4090 3681 4116 ,
3716 4062 3836 4119 qua:

2240 4154 2348 4196 non
2379 4139 2453 4194 sit
2481 4136 2591 4212 [ΑΙ.
2620 4134 2807 4211 sicut],
2840 4148 2898 4193 ut
2918 4138 3183 4205 diximus,
3217 4153 3382 4194 manu
3412 4138 3577 4206 facta,
3610 4140 3706 4195 sed
3729 4140 3836 4211 spi-

2241 4237 2366 4293 ritu.
2387 4237 2544 4305 Quod
2562 4246 2745 4292 autem
2771 4238 2882 4291 ait:
2910 4235 3070 4305 Spem
3092 4251 3197 4290 non
3228 4236 3493 4304 habentes,
3518 4243 3567 4289 et
3597 4236 3713 4291 sine
3730 4235 3834 4290 Deo

2240 4331 2296 4386 in
2324 4330 2520 4385 mundo
2553 4347 2573 4385 :
2604 4344 2711 4385 non
2745 4346 2853 4400 quo
2881 4330 3067 4400 plures
3089 4330 3255 4394 deos,
3285 4336 3578 4400 antequam
3602 4331 3655 4384 in
3676 4329 3833 4385 Chri-

2240 4433 2384 4479 stum
2409 4422 2739 4490 crcderent,
2774 4422 2997 4492 Ephesii
3031 4438 3136 4477 nou
3173 4421 3466 4477 habuerint
3492 4464 3505 4488 ,
3533 4429 3702 4494 atque
3736 4437 3831 4479 ve-

538 4508 806 4563 missionis
834 4506 943 4581 [ΑΙ.
969 4510 1441 4585 repromissionis],
1468 4528 1610 4583 spem
1638 4529 1742 4568 non
1772 4494 2041 4587 habentes,
2086 4529 2135 4573 et
2163 4494 2215 4556 Ῑ)
2239 4518 2413 4572 nerati
2446 4518 2587 4584 sint;
2621 4517 2718 4573 sed
2749 4531 2859 4585 quo
2888 4517 2980 4586 qui
2999 4516 3206 4586 absque
3224 4517 3477 4571 Deovero
3499 4515 3592 4581 sit,
3622 4515 3829 4571 nullum

536 4601 649 4655 sine
678 4596 790 4655 Deo
817 4600 875 4655 in
904 4601 1117 4657 mundo.
1157 4603 1364 4660 Gentes
1415 4605 1679 4677 Ephesios
1733 4610 1784 4664 in
1822 4625 1988 4666 carne
2029 4627 2129 4666 vo-

533 4708 688 4758 cans,
720 4694 963 4750 ostendit
989 4697 1040 4749 in
1058 4695 1255 4765 spiritu
1280 4712 1403 4754 esse
1425 4715 1532 4755 non
1555 4713 1746 4772 gentes
1768 4703 1943 4759 :sicut
1961 4720 2130 4760 econ-

536 4787 706 4842 trario
728 4785 901 4841 Judmi
924 4788 977 4842 in
1001 4788 1195 4858 spiritu
1220 4798 1417 4861 gentes
1434 4802 1653 4858 snnt,ct
1682 4794 1735 4849 in
1761 4811 1927 4852 carne
1955 4795 2130 4854 lsrac-

531 4880 664 4935 litae.
688 4880 1091 4948 Quadrifariam
1115 4882 1279 4953 igitur
1298 4883 1469 4940 Judazi
1487 4885 1807 4944 dividuntur
1828 4896 1885 4944 et
1910 4902 2123 4961 gentes.

529 4972 636 5028 Alii
678 4985 806 5028 sunt
836 4974 889 5029 in
924 4991 1094 5031 carne
1131 4976 1477 5047 circumcisi,
1508 4988 1564 5034 et
1598 4980 1650 5034 in
1688 4983 1883 5050 spiritu
1908 5026 1922 5049 ,
1947 4984 2124 5056 qualis

529 5063 633 5119 l'nit
671 5065 883 5138 Moyses
914 5077 970 5122 et
998 5072 1206 5137 Aaron,
1240 5070 1491 5139 Apostoli
1518 5080 1572 5126 et
1602 5071 1926 5144 Nathanael,
1962 5080 2122 5147 cujus

524 5159 805 5214 occultum
848 5157 1189 5219 Judaismum
1239 5161 1503 5217 Dominus
1552 5163 1775 5222 intuens
1826 5170 1941 5229 ait:
1986 5173 2121 5232 Ecce

598 5350 626 5378 δ
652 5339 709 5395 1η
740 5338 1163 5398 Commentariis
1192 5343 1246 5398 in
1278 5343 1433 5400 Isaia:
1475 5362 1620 5411 xxw,
1672 5349 1741 5405 15
1768 5369 1779 5405 :
1812 5349 1882 5406 Et
1924 5353 1992 5408 de
2019 5371 2110 5409 sa-

520 5413 717 5493 pientia
745 5413 1285 5493 legimus,quwjuata
1302 5414 1620 5493 Hebraicum
1639 5419 1870 5493 loquitur
1890 5425 1946 5479 in
1973 5424 2114 5481 Pro-

519 5483 705 5562 uerbiis
738 5498 759 5537 :
791 5483 933 5562 Deus
975 5483 1220 5562 possedit
1250 5504 1335 5542 me
1358 5488 1577 5562 initium
1608 5483 1819 5547 viarum
1849 5510 2071 5552 suarum
2094 5539 2109 5562 ,

525 5555 643 5609 licet
668 5555 907 5629 quadam
923 5557 1241 5629 exemplaria
1263 5560 1395 5612 male
1417 5577 1510 5629 pro
1538 5566 1867 5629 possessione
1890 5555 2111 5622 habeant

526 5634 838 5680 creaturam.
864 5626 1020 5681 Paria
1054 5628 1138 5681 his
1170 5627 1334 5685 habet
1353 5626 1490 5686 etin
1516 5626 1893 5691 Commentar.
1926 5638 1980 5693 in
2009 5639 2111 5695 Mi-

527 5696 677 5749 chea:
701 5709 823 5765 cap.
846 5706 922 5763 tv,
944 5696 1072 5753 etin
1091 5696 1252 5765 epist.
1280 5698 1406 5767 140,
1434 5702 1501 5757 ad
1522 5702 1855 5773 Cyprianum
1882 5724 2032 5764 num.
2051 5708 2105 5763 6.

2237 4611 2401 4668 deum
2425 4611 2647 4668 habeat.
2683 4611 2749 4667 Et
2773 4609 3151 4680 signiﬁcanter
3176 4608 3421 4665 additum
3450 4619 3535 4664 est
3552 4650 3569 4676 ,
3591 4610 3708 4666 sine
3724 4609 3834 4665 Deo

2234 4702 2289 4756 in
2316 4703 2531 4758 mundo.
2553 4702 3052 4773 llabebantqnippe
3086 4702 3281 4769 Deum,
3307 4716 3474 4771 quem
3492 4716 3589 4757 eos
3617 4702 3831 4758 habitu-

2235 4810 2328 4851 ros
2348 4796 2492 4852 Deus
2520 4809 2647 4851 ante
2676 4803 3026 4867 cognoverat,
3058 4804 3114 4852 et
3136 4794 3281 4867 apud
3304 4796 3703 4867 praeseientiam
3738 4796 3829 4852 Dei

2233 4902 2343 4944 non
2365 4899 2521 4944 erant
2539 4892 2658 4944 sine
2681 4891 2815 4955 Deo,
2849 4889 2945 4946 sed
2977 4890 3032 4946 in
3063 4891 3264 4946 mundo
3285 4898 3443 4946 erant
3462 4891 3671 4961 absque
3691 4890 3823 4947 Deo.

2307 4984 2490 5054 (Vers.
2520 4984 2607 5050 15,
2629 4982 2742 5054 ﬂ.)
2767 4981 2924 5038 Nunc
2949 4993 3122 5039 autem
3145 4987 3199 5040 in
3235 4983 3440 5041 Christo
3466 4982 3599 5041 Jesu
3628 5002 3719 5041 vos
3739 4986 3827 5057 qui

2228 5078 2515 5151 aliquando
2553 5078 2707 5133 eratis
2736 5077 2906 5151 longe,
2956 5080 3084 5150 facti
3122 5081 3244 5135 estis
3285 5094 3449 5151 prope
3486 5082 3542 5133 in
3573 5080 3825 5151 sanguine

2230 5175 2465 5241 Christi;
2492 5175 2600 5246 ipse
2623 5183 2696 5229 est
2723 5174 2864 5228 enim
2889 5191 3002 5245 pax
3030 5184 3231 5233 nostra.
3276 5175 3419 5231 Deus
3473 5175 3674 5247 ubique
3715 5182 3817 5238 est,

2224 5356 2361 5412 Vide
2387 5371 2511 5426 qua:
2530 5355 2597 5410 ad
2621 5354 2738 5412 haec
2760 5370 2862 5412 nos
2884 5357 3000 5413 loca
3027 5357 3463 5413 observavimus.

2290 5426 2318 5466 ¹³
2345 5427 2449 5484 Atii
2487 5428 2636 5501 libri,
2670 5438 2717 5482 et
2745 5429 2830 5499 qui
2855 5438 2930 5481 est
2964 5429 3228 5499 proprius,
3262 5431 3577 5501 possidetur.

2294 5510 2315 5537 τε
2362 5501 2476 5553 Duo
2507 5498 2903 5555 Cistercienses
2932 5498 3091 5567 mss.,
3123 5508 3170 5553 et
3197 5498 3351 5555 eratis
3381 5502 3446 5555 ab
3478 5517 3571 5569 ea,
3605 5510 3739 5568 etc.,
3769 5498 3817 5555 id

2216 5578 2325 5635 est,
2358 5569 2601 5636 aberatis,
2630 5582 2738 5627 etc.

2214 5712 2252 5766 ά
2287 5640 2315 5678 ιί
2346 5640 2511 5766 Ιὶἀῗιη
2538 5657 2696 5708 mss.,
2728 5642 3099 5698 sabbatisemus
3130 5658 3224 5697 nos
3260 5645 3315 5699 in
3345 5643 3556 5714 spiritu,
3585 5645 3817 5700 victimas

2251 5728 2431 5766 eseren
2458 5728 2532 5766 es.

2251 5728 2391 5768 esere
2400 5721 2511 5767 ntes
2520 5751 2532 5766 .
