4056 6312
218 243 326 301 I75

730 240 1383 300 COMMENTARIORUM
1423 240 1487 296 IN
1533 239 1921 298 EPISTULA.“
1964 241 2053 297 AD
2096 238 2433 297 EPIIESIOS
2472 237 2604 296 LIB.
2648 237 2689 294 I.
2732 238 2888 295 CAP.
2932 238 2998 298 II.

3411 243 3520 301 474

214 368 273 417 et
300 369 453 415 totus
482 360 686 432 ubique
707 368 813 423 est,
844 375 876 415 a
903 374 1010 430 quo
1036 360 1158 431 quis
1181 366 1360 429 potest
1386 356 1657 427 separari,
1691 371 1812 412 cum
1843 366 1896 428 Α
1921 365 2035 422 tur,
2065 356 2120 410 in
2166 358 2441 427 semetipso
2469 373 2489 412 :
2525 365 2746 428 propter
2773 354 2947 413 ϐπ·ωοί
2988 356 3327 428 pronominis
3352 355 3379 397 ι)
3410 373 3525 414 am-

214 452 276 508 in
302 467 371 507 eo
402 453 518 506 sint
542 450 762 507 omnia?
788 461 842 506 et
867 452 985 521 ipse
1020 466 1119 522 per
1155 449 1477 523 prophetam
1508 449 1806 520 loquatur:

216 544 337 619 Ego
361 542 505 598 Deus
525 543 981 616 appropinquans,
1013 553 1060 599 et
1081 560 1183 598 non
1211 543 1276 598 de
1311 544 1461 615 longe
1481 540 1615 616 (Jer.
1656 556 1810 610 xxut,

220 639 340 711 25).
376 640 442 693 Et
472 638 767 694 Psalmista
810 646 1043 693 testatur
1071 657 1086 692 :
1123 637 1184 694 Si
1213 639 1493 692 escendero
1521 638 1573 690 in
1606 636 1810 700 calum,

218 745 321 789 utu
376 733 492 789 illic
569 750 623 788 es
678 748 698 788 :
755 733 803 789 si
865 732 1182 788 descendero
1241 734 1297 788 in
1338 733 1595 803 infernum
1624 773 1642 798 ,
1692 731 1815 786 ades

218 826 339 899 (Ps.
368 842 637 893 cxxxvtn,
661 825 741 898 8).
773 825 910 882 Cum
947 827 1120 899 igitur
1146 828 1200 883 in
1227 841 1295 883 eo
1325 827 1436 882 sint
1456 828 1663 891 omnia,
1687 841 1815 897 pro-

216 921 307 975 cul
341 929 523 976 tamen
552 935 674 976 esse
712 919 784 974 ab
814 920 998 992 impiis
1026 919 1230 975 dicitur
1260 920 1412 989 juxta
1448 919 1580 974 illud
1611 937 1625 973 :
1659 918 1815 989 longe

219 1023 298 1068 est
322 1013 578 1068 Dominus
607 1013 669 1067 ab
699 1013 877 1085 impiis
923 1012 1108 1085 (Prov.
1159 1029 1248 1083 xv,
1298 1013 1415 1085 29).
1457 1013 1572 1070 Iste
1624 1029 1653 1068 a
1706 1028 1815 1085 quo

220 1105 381 1174 impii
406 1107 565 1177 longe
593 1114 736 1173 sunt,
775 1106 989 1162 vicinus
1026 1116 1110 1162 est
1152 1109 1380 1163 sanctis.
1414 1107 1660 1179 Denique
1688 1122 1814 1163 cum

218 1208 276 1254 et
300 1197 638 1268 abEphesiis
663 1206 813 1254 esset
837 1199 1060 1270 procul,
1091 1200 1148 1255 in
1174 1200 1439 1271 sanguine
1478 1200 1607 1256 Jesu
1644 1215 1815 1271 prope

215 1288 303 1344 eis
329 1288 508 1344 iactus
524 1298 630 1344 est.
656 1290 722 1345 Et
744 1289 1061 1360 diligentius
1081 1291 1422 1357 intuendum,
1446 1292 1588 1363 quod
1606 1292 1814 1361 absque

214 1395 418 1436 cruore
446 1379 665 1437 Domini
704 1380 858 1448 Jesu,
893 1398 1055 1438 nemo
1085 1384 1481 1454 appropinquat
1515 1384 1658 1449 Deo,
1687 1382 1814 1454 quia

215 1475 334 1544 ipse
363 1481 450 1530 est
478 1489 581 1544 pax
615 1485 831 1544 nostra,
863 1477 1055 1534 dicens
1089 1498 1102 1532 :
1134 1495 1315 1550 pacem
1335 1495 1501 1533 meam
1521 1480 1590 1534 do
1620 1478 1764 1533 vobis
1796 1495 1814 1532 :

1920 451 2233 522 biguitatem
2264 469 2279 510 :
2310 457 2361 507 εν
2389 455 2527 527 αὐτῷ
2553 452 2725 518 enim,
2759 459 2815 508 et
2855 454 2910 506 in
2937 454 3230 525 semetipso,
3264 461 3313 508 et
3357 454 3412 507 in
3434 468 3516 519 ea,

1917 542 1973 599 id
1997 552 2101 610 est,
2132 545 2543 616 cruceintelligi
2576 552 2776 615 potest,
2802 543 2928 614 quia
2955 560 3111 614 crux,
3143 545 3194 600 id
3224 555 3332 611 est,
3359 566 3523 603 σταν-

1916 637 2029 709 ρὸς,
2066 636 2221 707 juxta
2258 636 2483 693 Graecos
2522 638 2738 708 generis
2780 638 3067 693 masculini
3100 648 3206 693 est.
3237 637 3351 695 Lex
3388 654 3526 711 quo-

1917 746 2023 802 que
2053 732 2432 787 mandatorum
2457 735 2721 788 subversa
2752 740 2837 787 est
2866 732 2920 788 in
2947 732 3296 804 dogmatibus
3323 753 3337 788 :
3368 743 3522 804 post-

1915 840 2079 896 quam
2119 826 2488 889 circumcisio.
2522 836 2578 882 et
2614 826 3003 895 sabbatismus,
3034 828 3126 897 qui
3173 825 3397 883 relictus
3434 837 3521 883 est

1916 919 2119 988 popqu
2160 919 2279 986 Dei,
2304 928 2359 974 et
2382 919 2617 987 Pascha,
2652 930 2714 976 et
2756 919 3106 986 Pentecoste,
3136 929 3194 976 et
3219 936 3326 976 non
3355 935 3522 991 appa-

1916 1025 2042 1066 rere
2081 1010 2245 1083 582
2292 1011 2344 1065 in
2402 1018 2698 1081 conspectu
2735 1010 2835 1068 Dei
2876 1026 3138 1079 vacuum,
3181 1021 3312 1068 sunt
3359 1012 3522 1069 altius

1918 1104 2191 1161 intellecta
2221 1119 2384 1174 quam
2413 1113 2698 1173 resonant,
2724 1115 2781 1159 et
2806 1104 2876 1160 ab
2901 1104 3192 1162 occidente
3221 1105 3401 1163 littera
3428 1122 3520 1162 re-

1917 1198 2200 1267 cedentes,
2223 1196 2874 1269 cmpimusviviiicantem
2888 1198 3136 1269 spiritum
3162 1201 3338 1271 sequi.
3361 1199 3520 1268 Quod

1914 1300 2095 1348 autem
2117 1294 2191 1347 ait
2208 1311 2222 1348 :
2244 1292 2470 1347 Veniens
2484 1293 2853 1363 evangelisavit
2875 1308 3055 1359 pacem
3071 1292 3213 1347 vobis
3228 1294 3319 1365 qui
3340 1292 3519 1365 longe,

1917 1388 2021 1443 hoc
2045 1396 2149 1456 est,
2183 1376 2458 1457 gentibus,
2486 1395 2535 1442 et
2581 1402 2760 1453 pacem
2788 1384 2872 1439 his
2896 1386 2985 1456 qui
3028 1401 3221 1458 prope,
3251 1386 3356 1442 hoc
3398 1395 3515 1452 est,

1916 1479 2140 1544 Iudaeis,
2172 1480 2393 1535 videtur
2433 1478 2564 1533 mihi
2606 1478 2675 1533 de
2730 1478 2867 1534 Isaia
2914 1478 3036 1533 aliis
3068 1476 3176 1551 (Al.
3206 1476 3315 1550 bis]
3342 1477 3522 1534 verbis

215 1583 399 1640 pacem
422 1584 589 1622 meam
602 1569 841 1639 relinquo
862 1570 1004 1625 vobis
1027 1570 1213 1640 (Joan,
1237 1587 1354 1639 xlv,
1382 1571 1498 1642 27).
1528 1570 1816 1639 Quomodo
1919 1574 2295 1630 testimonium
2329 1573 2641 1643 protulisse,
2671 1583 2729 1629 et
2759 1572 3055 1642 Scriptura:
3085 1572 3353 1627 sententia
3380 1570 3519 1626 abu-

215 1660 361 1717 enim
388 1661 660 1731 sapientia
692 1663 970 1735 sapientes
993 1663 1124 1718 facit
1146 1706 1162 1730 ,
1193 1672 1249 1720 et
1282 1664 1494 1734 justitia
1516 1665 1727 1734 jnstos.
1761 1671 1817 1719 et
1917 1682 2035 1720 sum
2065 1665 2221 1737 quasi
2243 1681 2362 1721 sua.
2390 1665 2666 1736 Scriptum
2695 1675 2779 1720 est
2804 1665 3011 1735 quippe
3036 1664 3090 1719 in
3122 1678 3191 1721 eo
3217 1681 3231 1721 :
3268 1661 3394 1718 Vias
3408 1666 3522 1736 ejus

215 1754 585 1811 sanctiﬁcatio
606 1766 848 1821 sanctos.
868 1765 925 1813 et
945 1758 1055 1813 vita
1069 1757 1316 1813 viventes
1341 1776 1355 1813 :
1379 1757 1461 1813 sic
1483 1768 1538 1813 et
1566 1757 1682 1827 ipse
1707 1771 1810 1827 pax
1844 1754 1893 1814 B
1918 1762 2045 1826 vidi,
2077 1771 2125 1815 et
2148 1762 2327 1817 sanavi
2357 1776 2497 1825 eum,
2528 1770 2575 1815 et
2602 1759 2901 1815 consolatus
2926 1775 3045 1814 sum
3067 1775 3205 1825 eum,
3238 1769 3287 1813 et
3328 1757 3453 1813 dedi
3476 1759 3525 1813 ei

214 1865 318 1906 nos
337 1850 611 1907 facitesse
631 1862 874 1921 pacatos,
900 1862 959 1907 ut
976 1852 1229 1908 dicamus
1258 1872 1271 1906 :
1300 1855 1595 1927 581mm
1622 1851 1706 1905 his
1727 1852 1815 1921 qui
1917 1852 2323 1906 consolationem
2355 1867 2526 1906 veram
2543 1867 2560 1904 :
2576 1867 2755 1921 pacem
2777 1867 2936 1923 super
2953 1867 3132 1923 pacem
3155 1850 3236 1906 his
3259 1849 3350 1921 qui
3371 1849 3523 1920 longe

214 1942 333 1996 oder
348 1952 653 2014 nntpacent,
676 1959 819 1999 erain
831 1946 1084 2015 pacificus
1102 1944 1274 2015 (Psal.
1295 1959 1442 2012 cxtx,
1463 1943 1611 2016 7).Si
1631 1952 1814 1998 autem
1917 1955 2087 2009 erant,
2120 1954 2168 1999 et
2194 1945 2285 2015 qui
2326 1961 2487 2015 prope
2517 1942 2674 2015 (Isai.
2705 1958 2834 2008 Lvu,
2869 1943 2987 2016 18).
3011 1954 3035 1982 ο
3059 1943 3126 1998 Et
3155 1941 3272 1998 hare
3299 1940 3523 2013 quidem

212 2032 467 2089 Christus
509 2034 849 2091 credentium
883 2052 987 2107 pax
1014 2046 1099 2092 est
1126 2078 1142 2104 ,
1173 2036 1505 2108 quicumque
1535 2036 1655 2092 sine
1684 2050 1814 2107 pace
1911 2036 2067 2107 juxta
2113 2036 2400 2103 Vulgatam
2444 2036 2960 2105 interpretationem
2998 2034 3145 2090 dicta
3179 2034 3312 2090 sint.
3343 2031 3521 2089 Caete-

215 2139 337 2197 est,
367 2138 773 2200 consequenter
794 2144 902 2185 non
926 2130 1091 2186 habet
1114 2129 1415 2185 Christum.
1919 2144 2037 2185 rum
2058 2129 2149 2200 qui
2172 2129 2306 2183 illud
2332 2128 2577 2199 Apostoli
2607 2128 2757 2197 legit,
2784 2126 2853 2183 de
2875 2126 3095 2182 Christo
3118 2125 3480 2181 memorantis
3506 2141 3520 2179 :

1923 2224 2111 2280 Pacem
2138 2225 2335 2293 faciens
2375 2240 2467 2294 per
2495 2223 2805 2296 sanguinem
2840 2221 3011 2276 crucis
3049 2236 3179 2288 stne,
3210 2220 3290 2275 his
3325 2235 3442 2290 quae
3465 2220 3520 2274 in

1919 2327 2055 2374 terra
2083 2327 2254 2383 eratu,
2284 2328 2333 2372 et
2364 2317 2448 2371 Itis
2469 2331 2585 2384 quia
2612 2316 2667 2370 in
2700 2314 2863 2380 ralis,
2886 2323 2943 2371 et
2969 2323 3168 2370 caetera
3194 2327 3317 2384 qua:
3342 2311 3395 2366 in
3424 2326 3522 2368 eo-

1918 2416 2039 2469 dem
2073 2412 2327 2469 dicuntur
2358 2411 2502 2477 loco,
2533 2426 2640 2466 non
2669 2409 2883 2480 putabit
2913 2421 3037 2474 nos,
3060 2407 3151 2477 qui
3176 2406 3331 2476 juxta
3357 2403 3520 2475 spiri-

1919 2514 2032 2561 tum
2083 2506 2243 2561 Israel
2296 2519 2559 2560 vocamur
2607 2502 2777 2558 fuisse
2820 2501 3022 2571 longe:
3055 2509 3112 2556 et
3154 2497 3399 2562 Judzeos,
3427 2496 3523 2568 qui

1920 2600 2306 2655 tantummodo
2354 2598 2525 2654 Israel
2569 2605 2958 2665 nuncupentur
3003 2593 3058 2649 in
3106 2607 3304 2659 carne,
3351 2590 3524 2647 fuisse

1918 2708 2107 2764 prope.
2146 2693 2211 2747 Et
2237 2692 2379 2747 hanc
2402 2701 2571 2747 totam
2607 2689 3031 2759 intelligentiam
3063 2686 3130 2742 ad
3161 2686 3389 2757 angelos
3413 2684 3523 2740 vir-

1922 2795 2169 2857 tutosque
2197 2785 2475 2852 caelestes,
2502 2795 2557 2840 et
2596 2783 2664 2839 ad
2711 2785 2922 2838 animas
2955 2781 3283 2852 temperabit
3326 2778 3519 2835 huma-

290 2220 477 2293 (Vers.
508 2221 578 2277 I5
604 2220 788 2293 seqq.)
824 2221 927 2289 Qui
962 2223 1087 2294 fecit
1131 2234 1352 2292 utraque
1396 2238 1576 2288 unum,
1606 2230 1654 2275 et
1702 2238 1815 2277 me-

219 2313 367 2367 dium
397 2314 649 2383 parietem
673 2315 919 2369 maceria:
960 2316 1163 2370 solvens
1206 2315 1533 2370 inimicitiam
1576 2316 1630 2370 in
1660 2331 1818 2370 carne

218 2422 336 2470 sua,
371 2406 537 2477 legem
565 2408 940 2462 mandatorum
968 2408 1022 2463 in
1064 2408 1395 2481 dogmatibus
1424 2424 1685 2463 evacuans
1715 2427 1734 2461 :
1761 2418 1816 2462 ut

221 2500 330 2554 duo
357 2500 600 2555 conderet
624 2503 680 2556 in
719 2502 892 2573 seipso
927 2503 982 2556 in
1006 2519 1169 2557 unum
1210 2518 1393 2557 novum
1420 2502 1704 2566 hominem,
1734 2505 1820 2572 fa-

217 2594 364 2647 ciens
391 2608 599 2665 pacem,
630 2603 688 2648 ut
715 2595 1077 2650 reconciliaret
1106 2603 1384 2661 utrumque
1411 2596 1467 2648 in
1496 2611 1604 2649 uno
1633 2610 1819 2665 corpo-

216 2706 275 2745 re
314 2688 446 2754 Deo,
481 2705 573 2760 per
600 2704 806 2743 crucem
834 2688 1154 2757 interﬁciens
1181 2688 1506 2742 inimicitiam
1544 2689 1601 2741 in
1627 2702 1720 2755 ea,
1766 2696 1816 2740 et

216 2783 424 2837 veniens
448 2780 816 2850 evongelizavit
852 2795 1034 2850 pacem
1072 2779 1215 2834 vobis
1244 2780 1333 2849 qui
1363 2781 1514 2849 longe
1552 2779 1733 2848 eratis,
1768 2787 1815 2832 et

218 2891 399 2945 pacem
428 2875 507 2929 his
526 2875 617 2946 qui
647 2890 844 2947 prope:
868 2876 1117 2945 quoniam
1155 2891 1246 2946 per
1269 2875 1435 2945 ipsum
1461 2872 1710 2928 habemus
1730 2890 1820 2927 ac—
1919 2894 2019 2935 nas
2047 2895 2063 2933 :
2087 2878 2233 2950 quod
2263 2877 2517 2933 Christus
2547 2878 2602 2932 in
2637 2891 2737 2931 suo
2773 2875 3041 2946 sanguine
3082 2883 3301 2930 terrena
3329 2881 3384 2929 et
3411 2885 3522 2928 cm-

216 2984 423 3022 cessum
452 2977 665 3038 uterque
710 2967 767 3021 in
812 2982 918 3021 uno
957 2966 1150 3034 spiritu
1189 2968 1259 3020 ad
1316 2965 1548 3021 Patrem.
1580 2966 1687 3022 Iste
1734 2974 1819 3021 est
1916 2970 2078 3027 lestia
2102 2969 2393 3040 copularit,
2428 2985 2549 3040 qua:
2580 2969 2727 3023 inter
2767 2984 2829 3024 se
2855 2975 3016 3023 antea
3046 2966 3391 3022 dissidebant
3422 2981 3435 3018 :
3465 2972 3523 3019 et

217 3060 434 3116 medius
468 3060 651 3131 paries
680 3069 736 3114 et
763 3058 1022 3127 maceria,
1051 3073 1171 3130 quae
1204 3068 1494 3130 utrumque
1544 3073 1573 3112 a
1611 3073 1672 3113 se
1721 3072 1818 3128 p0-
1920 3063 2095 3119 bonus
2122 3071 2310 3133 pastor
2342 3059 2645 3116 morbidam
2675 3059 2744 3113 ad
2778 3066 2994 3113 montes
3021 3067 3310 3114 revectans
3333 3070 3516 3121 ovem,

215 3154 403 3224 pulum
431 3152 729 3210 dividebat.
760 3150 837 3207 De
858 3167 970 3221 quo
989 3153 1122 3208 etin
1144 3151 1343 3208 Genesi
1377 3154 1433 3206 in
1469 3160 1630 3221 partu
1653 3151 1817 3222 gemi-
1842 3148 1889 3212 C
1920 3157 2113 3215 fecerit
2139 3170 2261 3211 esse
2285 3170 2409 3211 cum
2437 3153 2686 3219 cieteris;
2717 3151 3150 3221 drachmamque
3182 3164 3304 3219 quae
3335 3148 3518 3219 peric-

215 3264 437 3314 norum,
466 3246 736 3302 obstetrix
767 3246 1009 3316 loquitur
1035 3263 1048 3299 :
1072 3244 1268 3313 thuid
1296 3253 1506 3317 propter
1531 3254 1579 3300 te
1603 3244 1815 3317 dirupta

213 3351 291 3397 est
313 3341 452 3411 scpis
483 3337 644 3415 (Gen.
672 3353 904 3401 xxxvnt,
930 3337 1072 3410 ‘29)?
1114 3338 1409 3409 Postquam
1440 3352 1571 3407 ergo
1600 3337 1813 3406 sapien-

213 3433 347 3490 tiam
370 3434 557 3488 carnis
584 3447 707 3503 qua:
735 3441 823 3488 est
856 3432 1079 3487 inimica
1108 3430 1222 3486 Deo
1245 3429 1423 3505 (Rom.
1467 3428 1611 3500 vnt),
1634 3430 1686 3483 in
1712 3443 1811 3484 sua

212 3529 468 3585 Salvator
488 3541 658 3583 carne
684 3527 978 3594 deatruxit,
1008 3534 1064 3581 et
1096 3534 1370 3596 praecepta
1394 3523 1813 3593 Legalia,evan—

211 3621 402 3694 gelicis
434 3619 783 3691 dogmatibus
828 3618 1206 3682 commutavit,
1238 3627 1293 3672 ut
1332 3617 1401 3672 de
1428 3616 1621 3673 Iudam
1647 3625 1811 3687 atque

210 3715 398 3788 gentili
431 3729 597 3770 unum
627 3712 887 3783 p0pnlum
919 3711 1123 3767 faceret
1154 3711 1543 3776 Christianum,
1573 3725 1807 3782 evange-

211 3809 384 3865 lizans
414 3808 580 3863 nobis
602 3806 695 3878 qui
723 3806 899 3875 longe
941 3820 1180 3871 eramus,
1213 3814 1268 3859 et
1304 3804 1551 3875 reliquiis
1592 3804 1810 3860 Iudaic-

211 3917 358 3966 rum,
386 3899 478 3970 qui
509 3899 577 3953 de
601 3897 769 3954 Israel
794 3914 891 3968 per
913 3897 1193 3969 apostolos
1222 3896 1591 3961 crediderunt,
1619 3912 1806 3967 pacem

211 4001 373 4062 atque
401 3990 757 4048 concordiam
795 4009 808 4044 :
843 3999 975 4047 tunc
1025 3989 1359 4046 accessimus
1392 4004 1487 4059 per
1518 3990 1693 4059 ipsum
1740 3989 1807 4044 ad

209 4084 403 4150 Deum,
421 4093 476 4140 et
505 4099 672 4139 unum
701 4083 754 4139 in
784 4084 984 4154 spiritu
1012 4083 1228 4139 Patrem
1258 4098 1356 4138 nos
1379 4081 1583 4138 habere
1605 4097 1804 4153 cogno-

208 4177 431 4232 vimus:
461 4176 906 4248 completttmque
950 4184 1036 4231 est
1079 4174 1213 4230 illud
1242 4176 1387 4246 quod
1421 4176 1472 4229 in
1510 4175 1807 4246 Evangelio

209 4271 482 4327 Dominus
514 4270 857 4341 loquebatur,
892 4270 1083 4327 dicens
1115 4287 1128 4324 :
1154 4268 1225 4323 Et
1249 4270 1336 4340 [iet
1364 4288 1498 4325 unus
1540 4279 1720 4337 pastor
1758 4279 1806 4324 et

209 4381 350 4419 unus
387 4380 517 4438 grex
551 4363 755 4433 (Joan.
781 4380 837 4431 χ,
866 4362 980 4435 I6);
1012 4373 1068 4418 et
1109 4363 1305 4417 iterum
1341 4382 1353 4419 :
1384 4363 1450 4418 Et
1501 4363 1638 4418 alias
1690 4380 1805 4419 oves

206 4455 372 4511 habeo
400 4473 520 4529 quae
545 4473 651 4511 non
682 4467 803 4512 sunt
836 4457 902 4511 de
938 4456 1067 4511 ovili
1094 4456 1216 4521 isto,
1246 4471 1347 4511 nos
1385 4457 1698 4526 signiﬁcans
1728 4470 1802 4511 ex

1916 3261 2023 3319 rat,
2055 3250 2334 3307 drachmis
2372 3265 2496 3321 qua:
2527 3247 2694 3303 salva:
2723 3246 2944 3301 fuerant
2972 3244 3318 3315 copulaverit
3354 3241 3517 3315 (Luc.

1916 3343 2034 3416 xv),
2062 3351 2118 3398 et
2141 3342 2393 3398 mandata
2440 3340 2635 3411 legalia
2675 3338 2743 3392 ad
2785 3338 2873 3393 illa
2918 3335 3216 3393 retraxerit
3237 3334 3517 3399 dogmata,

1913 3436 1980 3491 ad
2003 3451 2233 3506 quorum
2261 3443 2445 3507 typum
2472 3441 2528 3487 et
2558 3431 2849 3502 imaginem
2864 3428 3079 3501 Moyses
3103 3442 3223 3498 qua:
3252 3434 3440 3481 essent
3463 3425 3518 3480 in

1915 3528 2273 3585 tabernaculo
2301 3524 2637 3590 fabricanda,
2668 3518 3169 3593 couspexit(E:rod.
3205 3516 3519 3588 xx).Atque

1913 3623 1987 3677 ita
2017 3621 2158 3687 ﬁeri,
2187 3628 2249 3676 ut
2291 3636 2425 3676 crux
2456 3618 2674 3674 Domini
2731 3632 2841 3671 non
2887 3617 3066 3670 solum
3116 3623 3302 3678 terrai,
3332 3610 3428 3666 sed
3458 3619 3515 3666 et

1911 3710 1939 3751 δ
1971 3715 2114 3771 caelo
2143 3713 2446 3784 profuerit;
2474 3727 2582 3767 non
2626 3710 2805 3765 solum
2836 3706 3170 3773 hominibus,
3204 3703 3300 3759 sed
3331 3712 3387 3759 et
3421 3717 3515 3757 an-

1910 3807 2081 3878 gelis;
2111 3817 2164 3861 et
2191 3806 2372 3861 omnis
2392 3814 2645 3861 creatura
2673 3803 2888 3859 Domini
2926 3802 3010 3856 sui
3061 3814 3258 3856 cruore
3287 3806 3518 3869 purgata

1910 3903 2002 3959 sit.
2028 3902 2184 3969 Quod
2215 3912 2403 3957 autem
2437 3901 2516 3954 ait
2545 3917 2558 3953 :
2588 3898 2657 3955 Ut
2681 3899 2784 3952 duo
2808 3897 3049 3951 conderet
3078 3894 3132 3947 in
3162 3891 3432 3964 semetipso
3458 3891 3513 3944 in

1910 4011 2069 4049 unum
2102 4010 2291 4049 novum
2325 3992 2606 4057 hominem,
2629 3999 2687 4046 et
2717 3989 2862 4061 quod
2892 3987 3064 4056 magis
3104 3984 3325 4040 videtur
3354 3997 3515 4054 supe-

1912 4088 2039 4142 riori
2067 4087 2136 4142 de
2170 4085 2377 4141 Juduais
2408 4093 2574 4155 atque
2611 4082 2912 4155 gentilibus
2948 4081 3135 4136 sensui
3164 4077 3465 4134 convenire
3498 4092 3512 4130 :

1909 4186 1990 4241 sic
2017 4198 2129 4239 sua:
2175 4182 2553 4249 intelligentiae
2604 4179 2918 4250 coaptabat,
2954 4187 3010 4231 ut
3055 4176 3202 4231 dicat
3231 4174 3511 4229 hominem

1904 4274 2058 4346 juxta
2105 4276 2396 4346 imaginem
2440 4285 2494 4329 et
2528 4272 2950 4329 similitudinem
2977 4269 3071 4324 Dei
3108 4268 3334 4334 factum,
3364 4280 3517 4321 eam-

1907 4368 2029 4423 dem
2046 4378 2164 4437 post
2190 4366 2690 4423 reconciliationem
2715 4365 2943 4418 formam
2968 4369 3510 4431 recepturum,quam

1908 4468 1965 4515 et
2009 4474 2153 4514 nunc
2204 4460 2383 4528 angeli
2424 4457 2647 4522 habent,
2676 4465 2732 4512 et
2778 4457 2895 4527 ipse
2943 4453 3269 4523 perdiderit.
3302 4451 3511 4507 Novum

203 4551 458 4619 gentibus
502 4548 942 4620 congregandos.
994 4547 1282 4604 Inimicitia
1331 4557 1513 4603 autem
1575 4562 1699 4619 quae
1746 4547 1800 4604 in
1832 4537 1880 4597 ι)
1907 4563 2087 4608 autem
2118 4552 2396 4607 hominem
2421 4566 2543 4607 esse
2570 4550 2723 4616 dicit,
2758 4549 2924 4622 583
2945 4549 3036 4619 qui
3065 4544 3312 4618 quotidie
3340 4558 3511 4600 reno-

204 4642 512 4699 Salvatoris
557 4656 723 4697 carne
770 4641 1049 4698 destructa
1095 4650 1202 4706 est,
1235 4641 1401 4695 etiam
1433 4655 1532 4709 per
1580 4654 1798 4695 crucem

203 4746 289 4791 eSt
320 4734 632 4791 interiecta.
666 4735 943 4806 Scriptum
987 4745 1073 4791 est
1117 4734 1267 4790 enim
1313 4745 1407 4788 :ut
1441 4733 1804 4788 reconciliaret

204 4840 482 4898 utrumque
509 4830 563 4882 in
584 4845 692 4883 uno
730 4844 946 4898 corpore
974 4827 1107 4891 Deo,
1132 4843 1224 4896 per
1248 4842 1456 4881 crucem
1481 4826 1805 4895 interﬁciens

201 4924 537 4978 inimicitiam
572 4923 628 4977 in
658 4938 739 4977 ea.
767 4922 886 4978 Non
916 4931 973 4977 ut
1000 4923 1053 4976 in
1084 4921 1296 4976 Latinis
1319 4919 1601 4977 codicibus
1631 4920 1801 4977 habe-

278 5052 306 5081 ι
345 5041 583 5096 Rursum
610 5039 1006 5097 Cistercienses
1021 5053 1184 5105 mss.,
1212 5038 1276 5094 Si
1301 5036 1581 5093 ascendere
1605 5039 1658 5092 in
1697 5057 1796 5094 ca:-

206 5116 338 5180 lum,
367 5131 429 5168 ac
456 5113 502 5167 si
529 5111 846 5166 descendere
872 5111 928 5165 in
950 5110 1233 5181 infernum,
1260 5121 1317 5163 tu
1347 5109 1461 5163 illic
1484 5125 1559 5165 es.

278 5185 304 5224 b
333 5184 560 5240 Scilicet
597 5184 644 5237 si
685 5184 856 5250 ipsam
897 5185 1036 5256 αὐτῷ
1074 5195 1264 5256 vocem
1305 5183 1542 5256 aspires,
1574 5181 1800 5256 perinde

203 5259 308 5313 erit
332 5267 497 5326 atque
520 5255 749 5329 ἓμᾳυτῷ,
772 5252 1201 5327 σεαυτῷ,’ἕαυτῷ,
1217 5253 1278 5329 in.
1297 5252 1593 5329 semetipso.
1620 5252 1802 5329 Econ-

204 5323 571 5396 trario,'qnod
606 5323 966 5396 Hieronymus
990 5323 1209 5389 mavult,
1236 5323 1281 5377 si
1309 5339 1428 5376 cum
1462 5324 1567 5377 leni
1602 5324 1796 5388 Spiritu

202 5399 604 5473 scribasubrcp,
639 5395 857 5473 releras
873 5396 939 5450 ad
981 5405 1194 5473 σταυρῷ
1234 5409 1449 5459 vocem,
1476 5396 1799 5473 sonabitque

199 5472 255 5526 in
275 5489 357 5534 ea,
392 5471 443 5525 id
477 5466 584 5531 est',
614 5484 787 5522 cruce.
815 5466 1007 5522 Totam
1038 5466 1220 5538 itaque
1262 5467 1597 5536 pronominis
1624 5466 1798 5521 ambi-

197 5544 463 5616 guitatem
503 5542 766 5616 neglectae
804 5539 1281 5616 grammaticorum
1322 5541 1525 5616 regulae
1568 5552 1796 5616 pepere-

198 5608 344 5672 runt.
391 5611 609 5669 Cmtera
665 5608 1104 5672 llieronymianaa
1166 5610 1449 5666 sententia:
1520 5610 1787 5665 calculum

195 5688 407 5743 addunt
436 5679 621 5739 Graeci
647 5678 836 5752 Patres
866 5678 1007 5752 haud
1032 5681 1190 5752 pauci
1216 5698 1232 5737 :
1267 5680 1335 5736 de
1360 5682 1581 5736 nomine
1608 5679 1791 5752 Chry-

195 5768 498 5825 sostomus,
521 5749 917 5821 Theodoritus,
941 5749 1404 5825 'I‘héophytactns,
1437 5753 1663 5824 aliique,
1695 5749 1781 5808 ubi

1909 4653 2090 4709 vatur,
2120 4653 2172 4700 et
2217 4644 2560 4700 habitaturus
2601 4655 2687 4698 est
2737 4642 2789 4695 iu
2837 4656 2978 4695 novo
3015 4639 3243 4708 mundo,
3290 4637 3512 4709 quando

1905 4738 2011 4794 erit
2038 4739 2238 4793 cmlum
2258 4753 2458 4791 novum
2487 4745 2544 4791 et
2564 4745 2709 4791 terra
2741 4750 2879 4789 nova
2906 4733 3070 4804 (lsai.
3102 4736 3257 4799 ων),
3287 4741 3343 4787 et
3366 4731 3506 4787 bibi-

1910 4841 2065 4890 turus
2080 4844 2164 4889 est
2184 4832 2410 4888 calicem
2428 4830 2557 4886 Jesu
2585 4845 2784 4885 novum
2811 4829 2864 4883 in
2886 4843 3056 4898 regno
3083 4829 3172 4881 Dei
3195 4824 3506 4898 (Momm),

1909 4936 1963 4981 et
2006 4936 2328 4983 cantaturos
2379 4926 2652 4979 canticum
2702 4937 2904 4978 novum
2939 4919 3114 4987 (Psal.
3164 4933 3352 4986 χχχιι,
3380 4917 3415 4972 5
3462 4926 3510 4972 et

1905 5055 2163 5112 perquam
2188 5039 2428 5112 similem
2459 5038 2638 5112 locum
2673 5044 2758 5091 est
2786 5034 2955 5112 Epist.
2980 5032 3046 5085 ad
3075 5030 3290 5112 Coloss.
3323 5046 3382 5094 tt,
3415 5031 3501 5095 15,

1903 5103 2201 5179 explanant
2228 5111 2291 5165 ad
2323 5110 2503 5167 verba,
2529 5109 2705 5180 palum
2731 5106 3066 5180 triumphans
3090 5103 3209 5156 illos
3233 5103 3286 5155 in
3317 5114 3506 5158 semet-

1902 5177 2041 5251 ipso,
2075 5198 2173 5249 pro
2211 5196 2320 5252 quo
2350 5184 2402 5236 ἂν
2428 5177 2584 5253 ξυλῷ,
2620 5187 2672 5232 in
2720 5178 2885 5253 ligno,
2913 5177 2962 5230 id
3001 5188 3329 5253 esr,_cruce,
3364 5188 3509 5253 prte-

1903 5244 2086 5310 I'erunt
2110 5244 2397 5318 Origenes.
2426 5244 2999 5319 Primasiusfaliique,
3024 5248 3221 5318 quibus
3253 5244 3501 5316 opposita

1902 5327 2075 5396 magis
2105 5328 2365 5395 probatur
2394 5322 2689 5396 sententia.

1978 5387 2255 5453 °v0uinem
2285 5400 2396 5451 fere
2427 5394 2725 5449 subnexam
2756 5391 2982 5459 hujusce
3030 5387 3284 5445 versiculi
3326 5402 3501 5457 expo-

1901 5468 2154 5524 sitionem
2197 5468 2462 5523 invidiose
2506 5466 2745 5521 traducit
2793 5458 3041 5527 Itblinus,
3086 5474 3248 5531 quem
3296 5458 3500 5516 videsis

1896 5540 1993 5596 lib.
2024 5557 2063 5607 ι,
2092 5557 2240 5595 num.
2275 5541 2370 5596 58.

1970 5610 1997 5649 ά
2024 5604 2227 5669 Recole
2253 5627 2375 5685 qua:
2406 5611 2566 5685 paulo
2588 5608 2844 5680 superius
2879 5619 3000 5676 cap.
3027 5622 3063 5673 ι,
3098 5618 3248 5661 vers.
3276 5605 3369 5670 '55,
3396 5604 3499 5662 hac

1897 5698 2064 5755 super
2091 5681 2361 5742 sententia
2390 5681 2648 5739 diximus.
