4056 6320
505 233 611 291 479

1765 226 1825 282 S.
1868 222 2136 281 EUSEBll
2172 219 2559 280 HIERONYMI

3693 215 3812 275 $80

502 356 578 403 est
627 346 760 402 mihi
792 355 952 421 Juxta
993 342 1338 417 operationem
1376 339 1580 396 virtutis
1619 340 1753 411 ejus.
1786 336 2105 411 Mysterium
2134 335 2185 396 Α
2212 351 2268 403 x,
2295 335 2412 410 24).
2447 336 2574 393 tltec
2596 336 2787 408 utique
2826 333 3015 392 videre
3037 343 3087 391 et
3111 334 3306 391 audire
3334 335 3649 408 cupiebant,
3680 351 3811 407 quas

509 442 719 507 Christi
772 441 919 514 quod
962 454 1028 496 ex
1076 446 1233 509 parte
1272 449 1439 508 supra
1469 434 1766 506 Apostolus
1811 441 2103 489 exsecutus

513 546 621 605 est,
672 535 947 610 quomodo
976 533 1098 589 aliis
1138 530 1582 603 generationibus
1627 530 1790 585 fuerit
1834 529 2102 599 ignotum,

512 630 731 704 plenius
759 623 1163 684 retractandum
1207 622 1423 679 videtur
1460 639 1476 676 :
1509 628 1763 677 utrumne
1804 619 2101 687 Abraham,

510 719 677 777 Jacob
696 729 751 775 et
767 717 998 789 Moyses,
1016 714 1203 783 Isaias,
1219 723 1274 771 et
1292 714 1477 770 caeteri
1501 713 1778 784 propheta:
1796 713 1926 769 illud
1950 713 2105 784 igno-

511 811 776 877 raverint,
808 824 878 865 an
913 807 1057 864 non?
1086 808 1130 863 A
1160 805 1357 879 quibus
1382 821 1508 864 esse
1546 806 1863 877 praedictum
1905 805 2105 861 adven-

508 914 623 961 tum
648 900 850 959 Christi
880 912 937 958 et
966 901 1312 957 vocationem
1340 899 1624 963 Gentium,
1646 898 1929 969 Scriptura
1954 911 2104 954 com-

513 1002 799 1052 memorat.
833 992 1107 1050 Abraham
1135 994 1337 1064 quippe
1365 992 1501 1047 vidit
1527 991 1671 1048 diem
1714 991 1855 1062 ejus,
1902 999 1958 1047 et
2009 991 2103 1046 lae-

512 1095 655 1142 tatus
685 1095 771 1143 est
802 1085 980 1160 (Joan.
1006 1101 1120 1151 vrtt,
1158 1083 1272 1153 56),
1303 1094 1360 1140 et
1382 1083 1580 1140 dicitur
1602 1084 1652 1139 ei
1678 1099 1693 1138 :
1726 1081 2108 1138 Benediccntur

510 1180 567 1235 in
614 1179 810 1234 semine
856 1190 944 1235 tuo
997 1194 1169 1233 omnes
1225 1186 1401 1251 gentes
1461 1173 1618 1248 (Gen.
1676 1190 1821 1242 xxtt,
1875 1175 1986 1245 18).
2040 1174 2109 1231 Et

512 1270 685 1328 Jacob
735 1271 803 1326 de
832 1285 901 1327 eo
938 1271 1032 1342 qui
1075 1268 1336 1325 oriundus
1384 1277 1531 1325 esset
1584 1282 1648 1323 ex
1699 1267 1836 1323 Juda
1867 1266 2105 1338 prophe-

513 1366 623 1423 tice
676 1365 925 1437 loquitur
979 1381 994 1420 :
1060 1363 1129 1418 Et
1177 1364 1289 1436 ipse
1335 1364 1435 1417 erit
1494 1362 1807 1435 exspectatio
1880 1363 2106 1434 gentium

517 1458 685 1533 (ibid.
720 1456 1016 1528 xux,10).
1050 1458 1267 1530 Moyses
1329 1471 1549 1527 quoque
1601 1455 1840 1526 majores
1892 1455 2107 1511 divitias

520 1553 745 1627 Egypti
806 1553 1119 1618 thesauris,
1190 1552 1542 1622 opprobrium
1609 1549 1813 1606 Christi
1870 1549 2102 1605 arbitra-

520 1653 610 1702 tus
656 1656 761 1702 est.
796 1645 959 1719 589
1013 1644 1078 1699 Et
1131 1644 1345 1699 Isaias:
1395 1641 1552 1708 Ecce,
1608 1642 1820 1714 inquit,
1854 1642 1998 1713 virgo
2052 1643 2107 1696 in

2209 428 2387 484 futura
2439 438 2831 501 cognoverant.
2885 427 3041 496 Quod
3087 428 3133 482 si
3171 427 3494 485 nesciebant
3542 438 3809 495 ventura,

2211 521 2491 592 quomodo
2521 521 2846 577 desiderare
2875 529 3149 591 poterant,
3182 535 3303 592 quae
3326 521 3548 591 penitus
3591 520 3815 592 ignora-

2208 612 2379 669 bant?
2406 612 2660 685 Legimus
2683 613 2735 668 in
2766 612 3083 683 Regnorum
3115 611 3293 681 libris,
3326 612 3615 668 Dominum
3643 612 3813 686 590

2208 704 2487 760 Salomoni
2541 704 2593 759 in
2626 704 2842 759 somnio
2895 704 3247 774 pollicentem
3280 713 3443 775 atque
3485 704 3755 760 dicentem
3788 722 3807 759 :

2208 795 2322 852 Pro
2346 814 2405 852 eo
2429 797 2569 867 quod
2595 797 2791 870 petiisti
2817 813 2848 851 a
2877 814 2956 852 me
2983 796 3193 852 uerbum
3223 799 3384 864 istud,
3402 806 3452 852 et
3482 813 3587 853 non
3615 799 3814 871 petiisti

2209 890 2301 944 tibi
2326 891 2436 945 dies
2463 891 2674 957 multos,
2706 907 2801 945 nec
2854 889 3135 961 postulasti
3183 891 3409 956 divitias,
3459 908 3552 947 nec
3605 892 3815 949 animus

2207 982 2539 1036 inimicorum
2572 991 2815 1048 tuorum,
2846 980 2940 1036 sed
2961 982 3136 1052 petisti
3165 991 3220 1036 ut
3260 981 3600 1055 intelligeres,
3628 992 3678 1037 et
3707 999 3810 1036 au-

2194 1075 2346 1155 dires
2362 1074 2628 1144 judicium
2654 1090 2673 1129 :
2701 1090 2818 1129 ecce
2846 1074 2947 1146 feci
2970 1082 2997 1111 ιι
3026 1074 3235 1129 uerbum
3265 1085 3433 1141 tuum,
3472 1084 3523 1130 et
3567 1075 3689 1130 dedi
3715 1076 3815 1130 tibi

2208 1180 2299 1220 cor
2326 1166 2557 1237 prudens
2578 1174 2626 1219 et
2654 1166 2865 1237 sapiens
2888 1167 3023 1221 sicut
3052 1176 3107 1221 tu
3137 1165 3269 1240 [Α1.
3303 1165 3404 1241 tut]
3440 1183 3543 1222 non
3567 1168 3665 1241 fuit
3689 1177 3818 1224 ante

2211 1268 2281 1329 te,
2314 1268 2365 1314 et
2404 1268 2518 1329 post
2551 1271 2597 1313 te
2638 1275 2740 1313 non
2766 1267 2943 1334 surget
2991 1261 3174 1315 similis
3204 1259 3295 1315 tibi
3326 1259 3412 1333 (ll
3441 1260 3570 1332 Reg.
3601 1276 3682 1327 nt,
3714 1262 3809 1331 li,

2213 1350 2326 1422 12).
2372 1351 2443 1406 Et
2494 1351 2768 1421 quomodo
2820 1353 3043 1423 quidam
3071 1359 3268 1422 putant
3312 1352 3575 1423 apostolis
3600 1352 3813 1409 Christi

2212 1444 2512 1501 revelatum
2572 1459 2699 1501 esse
2753 1446 3096 1517 mysterium,
3146 1445 3288 1517 quod
3342 1447 3579 1518 ignotum
3633 1445 3813 1502 fuerit

2213 1538 2521 1607 Salomoni,
2570 1556 2693 1597 cum
2748 1542 3012 1613 apostolis
3083 1543 3343 1599 omnibus
3419 1544 3810 1616 sapientiorem

2213 1633 2385 1689 fuisse
2407 1635 2779 1703 Salomonem,
2815 1648 2871 1693 et
2918 1646 3069 1694 retro
3102 1638 3424 1710 patriarchis
3469 1653 3574 1694 vox
3620 1638 3815 1694 divina

519 1748 666 1794 utero
694 1739 968 1808 concipiet,
1001 1748 1050 1791 et
1092 1736 1257 1810 pariet
1303 1734 1463 1807 (lsai.
1524 1751 1621 1801 vn,
1657 1735 1768 1807 14).
1821 1734 1891 1790 Ει
1941 1736 2111 1790 alibi:
2144 1734 2190 1795 Β
2218 1727 2465 1798 pollicita
2495 1730 2612 1783 sit?
2642 1731 2735 1799 qui
2758 1730 2829 1785 de
2852 1747 2913 1786 se
2938 1745 3159 1801 quoque
3204 1733 3321 1802 ipse
3367 1732 3607 1804 loquitur
3637 1730 3817 1788 conﬁ-

519 1829 639 1887 Erit
658 1833 802 1902 virga
823 1829 991 1897 Iesse,
1015 1840 1062 1884 et
1088 1831 1180 1902 qui
1199 1839 1379 1904 surget
1405 1829 1474 1883 ad
1496 1829 1822 1901 regnandum
1844 1829 2076 1901 gentibus
2093 1846 2111 1883 :

518 1925 573 1978 in
603 1925 715 1996 ipso
734 1934 909 1996 gentes
928 1925 1245 1996 sperabunt(
1254 1921 1427 1991 Idem,
1458 1939 1536 1988 χι,
1567 1923 1681 1991 10).
1705 1923 1774 1978 Ει
1800 1938 1870 1979 ne
1891 1924 2111 1992 longum

521 2016 637 2084 ﬁat,
668 2030 841 2088 pauca
882 2015 949 2072 de
980 2016 1217 2072 Psalmis
1246 2016 1452 2071 dixisse
1477 2015 1717 2071 sufﬁciat
1752 2033 1766 2071 :
1820 2013 1889 2070 Et
1916 2015 2112 2070 adora-

520 2107 649 2162 bunt
681 2108 735 2162 in
767 2118 1044 2180 conspectu
1071 2110 1184 2177 eius
1206 2124 1383 2162 omnes
1409 2107 1626 2179 familia:
1669 2109 1899 2180 gentium
1934 2106 2110 2178 (Psal.

518 2216 637 2269 xxI,
665 2199 787 2273 28).
820 2201 890 2256 Et
916 2202 1117 2257 iterum
1145 2218 1158 2254 :
1186 2199 1379 2255 Omnes
1409 2208 1583 2272 gentes
1612 2201 1834 2254 servient
1855 2200 1900 2254 ei
1935 2197 2113 2270 (Psal.

521 2309 655 2362 xvu,
690 2293 806 2363 Η).
840 2292 909 2347 Ει
929 2292 1111 2348 adhuc
1147 2293 1495 2348 manifestius
1542 2293 1611 2347 de
1660 2293 1864 2363 populo
1919 2290 2112 2359 Israel,

522 2397 581 2443 et
631 2387 701 2442 de
757 2388 986 2441 Domino
1044 2386 1371 2444 Salvatore:
1412 2385 1581 2441 Visita
1607 2386 1808 2442 vineam
1846 2388 2021 2451 istam,
2070 2393 2117 2439 et

524 2479 717 2551 perﬁce
732 2494 848 2532 eam
862 2493 1015 2549 quam
1042 2478 1295 2548 plantavit
1320 2477 1533 2531 dextera
1558 2484 1670 2542 tua,
1695 2488 1743 2531 et
1774 2492 1932 2544 super
1950 2476 2116 2543 ﬁlium

522 2587 675 2643 quem
699 2570 1020 2641 conﬁrmasti
1065 2570 1157 2624 tibi
1187 2569 1374 2643 (Psal.
1408 2584 1593 2638 Lxxtx,
1642 2569 1732 2639 15,
1779 2569 1892 2640 16).
1947 2568 2118 2638 Cujus

527 2666 696 2720 etiam
727 2666 983 2734 corporis
1007 2662 1347 2734 dispensatio
1373 2664 1426 2717 in
1465 2662 1933 2733 consequentibus
1975 2660 2119 2715 indi-

524 2769 719 2813 catur:
756 2757 879 2812 Fiat
905 2774 1087 2811 ntanus
1116 2768 1206 2812 tua
1224 2773 1381 2827 super
1428 2757 1594 2811 uirum
1642 2756 1866 2810 dextera:
1908 2764 2030 2819 tute,
2074 2762 2121 2808 et

526 2865 684 2920 super
705 2850 872 2919 ﬁlium
899 2849 1125 2904 hominis
1145 2866 1297 2919 quem
1319 2850 1641 2919 conﬁrmasti
1670 2848 1757 2902 tibi
1790 2844 2116 2920 (Ibid.,1S).

526 2943 636 2998 Aut
662 2942 827 3013 igitur
848 2942 999 3012 juxta
1026 2943 1359 3011 Montanum,
1386 2941 1727 3011 patriarchas
1748 2950 1803 2997 et
1826 2940 2119 3012 prophetas

530 3035 583 3089 in
642 3035 838 3089 ecstasi
895 3034 1106 3090 locutos
1155 3032 1561 3104 accipiendum,
1617 3046 1673 3089 et
1720 3034 1967 3089 nescisse
1994 3048 2117 3102 quae

2215 1822 2449 1877 denter:
2486 1821 2627 1876 Deus
2653 1822 2830 1878 docuit
2881 1840 2962 1878 me
3013 1825 3344 1897 sapientiam,
3401 1834 3449 1879 et
3495 1824 3816 1880 intellectum

2214 1923 2515 1969 sanctorum
2542 1917 2761 1987 cognovi
2784 1915 2953 1988 (Sap.
2988 1932 3086 1981 vit,
3112 1918 3229 1989 21).
3280 1918 3498 1974 Necnon
3537 1927 3594 1974 et
3641 1917 3816 1974 David

2214 2007 2283 2063 de
2313 2008 2537 2063 scientia
2568 2010 2766 2064 occulti
2798 2011 3048 2084 mysterii
3095 2012 3383 2083 gloriatur,
3431 2012 3622 2068 dicens
3665 2030 3680 2067 :
3712 2010 3813 2067 In-

2215 2111 2354 2154 certa
2376 2109 2424 2155 et
2455 2102 2656 2156 occulta
2685 2104 2951 2175 sapientia:
2977 2116 3079 2158 tute
3106 2105 3455 2176 manifestasti
3474 2105 3604 2160 mihi
3629 2102 3810 2175 (Psal.

2217 2208 2269 2261 ι,
2292 2192 2372 2263 8).
2404 2193 2470 2247 Et
2490 2194 2557 2246 ad
2584 2208 2708 2249 eum
2732 2194 2825 2266 qui
2859 2195 2961 2252 sibi
2994 2196 3063 2252 de
3090 2197 3361 2267 sapientia
3384 2197 3812 2269 supplaudebat,

2221 2286 2362 2342 Deus
2407 2287 2653 2356 loquitur
2677 2303 2778 2360 per
2800 2290 3161 2360 prophetam:
3196 2291 3467 2364 Numquid
3513 2301 3567 2346 tu
3609 2292 3820 2365 sapien-

2217 2381 2316 2435 tior
2341 2397 2393 2435 es
2431 2381 2651 2436 Dauiele
2680 2382 2908 2458 (Ezech.
2946 2400 3136 2451 xxvttt,
3168 2385 3246 2459 5).
3279 2388 3386 2441 Aut
3424 2384 3518 2441 ille
3549 2386 3714 2455 igitur
3742 2385 3819 2443 de

2218 2488 2326 2544 quo
2348 2474 2460 2545 jam
2495 2490 2659 2547 supra
2700 2475 3089 2545 disseruimus,
3149 2479 3417 2534 tenendus
3464 2487 3550 2534 est
3595 2494 3812 2546 sensus,

2222 2566 2294 2621 ita
2324 2567 2666 2638 patriarchas
2695 2579 2750 2624 et
2780 2570 3101 2640 prophetas,
3156 2581 3215 2626 ut
3244 2587 3388 2626 nunc
3416 2572 3683 2643 apostolis
3719 2586 3819 2628 re-

2221 2659 2455 2715 velatum
2478 2670 2585 2726 est,
2613 2660 2819 2716 Christi
2842 2664 3119 2730 ignorasse
3146 2663 3490 2735 mysterium,
3513 2665 3635 2734 quia
3658 2664 3810 2728 aliud

2223 2753 2292 2806 sit
2336 2761 2525 2809 tenere
2552 2752 2683 2824 quid
2714 2755 2990 2822 manibus,
3025 2753 3176 2809 aliud
3225 2757 3463 2812 futurum
3516 2757 3571 2810 in
3619 2756 3819 2826 spiritu

2223 2849 2548 2919 praevidere.
2581 2847 3022 2914 Autdicendum,
3074 2850 3358 2919 quomodo
3408 2864 3516 2905 non
3567 2860 3699 2905 sunt
3741 2850 3825 2905 sic

2225 2941 2381 2995 miles
2420 2940 2587 2996 facies
2632 2939 2898 3005 faciebus,
2924 2940 3008 2994 sic
3034 2953 3135 2995 nec
3165 2939 3331 2995 corda
3366 2955 3492 2996 esse
3519 2939 3820 3007 cordibus;

2223 3043 2299 3101 et,
2318 3035 2469 3104 juxta
2494 3036 2841 3105 Apostolum,
2865 3034 3093 3089 diversa
3124 3049 3247 3089 esse
3273 3035 3625 3104 charismata,
3648 3033 3825 3089 alium

530 3128 776 3185 dixerint
807 3147 821 3184 :
855 3139 945 3183 aut
973 3128 1017 3183 si
1051 3129 1154 3184 hoc
1201 3130 1425 3199 impium
1481 3140 1565 3184 cst
1613 3128 1866 3202 (spiritus
1916 3129 2121 3197 quippe
2148 3112 2194 3175 C
2226 3127 2432 3184 habere
2455 3127 2821 3198 prophetiam,
2864 3127 3030 3182 alium
3055 3141 3260 3198 genera
3292 3128 3617 3199 linguarum,
3649 3127 3823 3182 alium

526 3222 922 3294 prophetarum
950 3222 1234 3293 prOphetis
1264 3223 1548 3294 subjectus
1578 3222 1685 3295 est)
1732 3221 2121 3278 intellexerunt

527 3316 711 3388 utique
729 3331 848 3387 quae
882 3316 1048 3371 locuti
1074 3326 1221 3371 sunt.
1252 3316 1317 3370 Et
1341 3315 1385 3371 si
1408 3316 1823 3382 intellexerunt,
1848 3315 2113 3384 quaeritur

524 3409 800 3479 quomodo
831 3425 977 3464 nunc
1008 3409 1214 3465 Paulus
1237 3409 1406 3478 dicat,
1441 3410 1585 3477 quod
1637 3410 1761 3464 aliis
1810 3410 2122 3480 generatio-

531 3504 690 3559 nibus
712 3520 821 3558 non
853 3502 954 3557 fuit
978 3512 1191 3567 notum,
1221 3503 1389 3556 fuisse
1413 3500 1616 3557 Christi
1666 3502 1929 3572 apostolis
1960 3518 2119 3557 reve-

525 3597 716 3653 latum.
766 3600 873 3653 Aut
925 3596 1092 3668 igitur
1136 3595 1267 3650 illud
1298 3603 1386 3650 est
1438 3594 1919 3662 respondendum,
1972 3595 2115 3665 quod

527 3701 685 3744 caute
724 3688 928 3743 Paulus
971 3687 1363 3757 signanterque
1408 3695 1638 3742 testatus
1667 3686 1760 3751 sit,
1797 3688 1918 3742 ﬁliis
1948 3687 2125 3743 horni-

531 3796 657 3834 num
690 3781 931 3849 ignotqu
976 3777 1147 3833 fuisse
1194 3779 1541 3849 mysterium.
1576 3797 1683 3834 non
1718 3780 1849 3835 ﬁliis
1905 3782 2018 3848 Dei,
2055 3782 2120 3836 ad

529 3886 667 3942 quos
715 3871 958 3940 loquitur
990 3886 1005 3925 :
1040 3869 1153 3940 Ego
1203 3870 1313 3925 dixi
1343 3886 1361 3924 :
1392 3871 1464 3924 dii
1516 3873 1658 3937 estis,
1707 3880 1754 3926 et
1790 3872 1891 3943 ﬁlii
1919 3872 2125 3928 Este-etsi

531 3979 706 4018 omnes
732 3960 903 4029 (Psal.
929 3977 1113 4026 Lxxxt,
1139 3961 1220 4029 6).
1244 3961 1400 4029 Quod
1422 3964 1631 4018 scilicet
1662 3963 1715 4018 hi
1742 3965 1832 4033 qui
1865 3965 2122 4034 spiritum

533 4054 845 4124 adoptionis
894 4055 1239 4124 acceperint,
1303 4056 1370 4109 de
1421 4056 1622 4126 quibus
1668 4056 2015 4127 patriarcha,
2070 4071 2126 4113 et

533 4145 819 4218 prophetae
846 4146 1071 4212 fuerint,
1100 4147 1194 4203 Dei
1229 4148 1455 4203 scierint
1487 4158 1914 4204 sacramentum.
1947 4151 2051 4207 Aul
2077 4153 2124 4206 si

535 4241 639 4297 hoc
672 4257 780 4296 non
821 4241 1105 4310 recipitur,
1129 4251 1185 4297 et
1207 4242 1434 4297 nimium
1462 4243 1762 4299 violentum
1790 4253 1846 4299 et
1869 4257 2121 4301 coactum

535 4335 773 4403 videtur,
805 4333 933 4389 illuc
962 4348 1144 4389 sermo
1175 4335 1445 4405 transibit,
1494 4346 1555 4391 ut
1583 4337 1730 4392 dicat
1760 4354 1867 4393 non
1900 4338 2127 4398 deﬁnite

536 4439 588 4483 et
620 4426 953 4497 generaliter
981 4426 1185 4482 dixisse
1216 4426 1443 4482 Paulum
1501 4428 1627 4483 aliis
1669 4431 2125 4501 generationibus

2224 3220 2364 3275 dona
2391 3222 2764 3287 curationum,
2797 3220 2965 3275 alium
3013 3220 3405 3291 opitulationes
3451 3230 3506 3276 et
3544 3220 3828 3291 guberna-

2225 3314 2427 3379 tiones,
2460 3314 2613 3369 illum
2669 3329 2796 3370 esse
2843 3315 3175 3385 sapientem,
3214 3312 3357 3369 hunc
3385 3312 3622 3379 ﬁdelem,
3654 3314 3828 3369 istum

2225 3407 2433 3477 pollere
2465 3406 2695 3462 scientia
2740 3417 3104 3473 secretorum,
3140 3406 3293 3462 illum
3339 3406 3573 3478 simplici
3605 3415 3827 3462 tantum

2227 3500 2335 3556 ﬁde
2405 3516 2528 3557 esse
2576 3509 2892 3557 contentum
2971 3502 3028 3573 (l
3060 3501 3182 3556 Cor.
3232 3503 3366 3573 xit).
3424 3501 3613 3574 Neque
3665 3503 3823 3557 enim

2226 3607 2423 3649 omnes
2447 3592 2501 3647 in
2526 3593 2832 3664 exemplum
2854 3593 3172 3650 Salomonis
3191 3592 3259 3649 de
3281 3600 3493 3649 naturis
3520 3594 3829 3650 bestiarum

2227 3694 2283 3741 et
2303 3686 2611 3754 volucrum,
2638 3695 2696 3741 ct
2745 3686 3040 3743 herbarum
3088 3687 3341 3743 similiter
3369 3697 3497 3743 sunt
3546 3687 3733 3751 locuti,
3762 3697 3831 3743 ut

2228 3778 2573 3849 disputarem
2620 3796 2649 3833 a
2705 3779 2870 3835 cedro
2912 3779 3126 3843 Libani,
3174 3795 3348 3850 usque
3387 3779 3454 3835 ad
3488 3779 3825 3853 hyssOpum,

2228 3888 2348 3942 qua:
2375 3872 2513 3926 exiit
2562 3887 2656 3940 per
2701 3873 2986 3941 parietem.
3040 3871 3369 3928 Econtrario
3416 3873 3677 3929 Salomon
3707 3888 3826 3930 non

2229 3963 2302 4017 ita
2334 3962 2562 4017 forsitan
2589 3962 2811 4028 viderit,
2845 3974 2901 4016 ut
2930 3954 3148 4032 Moyses
3192 3979 3381 4020 omnes
3408 3963 3624 4036 species
3662 3963 3829 4019 victi-

2230 4070 2468 4123 marum,
2496 4064 2552 4110 et
2578 4055 2971 4121 culturze‘llei;
3008 4070 3109 4111 nec
3136 4056 3185 4111 ei
3213 4057 3351 4112 facie
3401 4057 3467 4111 ad
3504 4056 3698 4113 faciem
3749 4058 3832 4114 sit

2229 4147 2445 4203 locutus
2474 4146 2760 4214 Dominus,
2788 4163 2889 4203 nec
2918 4162 3175 4204 vasorum
3201 4160 3408 4204 tantam
3434 4150 3520 4206 vel
3547 4150 3829 4217 habuerit,

2228 4242 2314 4296 vel
2347 4240 2677 4296 intellexerit
2706 4240 3126 4311 supellectilem,
3175 4257 3406 4313 quorum
3437 4251 3627 4318 typum
3659 4243 3739 4299 illi
3769 4243 3833 4300 in

2229 4345 2414 4391 monte
2443 4334 2706 4390 Dominus
2737 4334 2978 4390 ostendit
3008 4334 3103 4404 (111
3134 4336 3261 4408 Reg.
3287 4352 3380 4402 tv;
3427 4335 3603 4391 Exod.
3628 4352 3827 4402 xxxttt,

2232 4428 2386 4497 xxv).
2420 4428 2484 4481 Et
2510 4426 2790 4498 quomodo
2821 4428 3171 4497 patriarcluc,
3220 4439 3275 4484 et
3302 4430 3589 4500 propheta:
3618 4429 3832 4487 habue-

536 4519 781 4589 ignotum
815 4517 981 4575 fuisse
1008 4508 1237 4573 omnino
1278 4520 1492 4575 Domini
1522 4531 1926 4577 sacramentum
1962 4542 1976 4577 :
2024 4524 2119 4580 sed
2152 4503 2208 4565 Ῑ)
2234 4529 2358 4576 runt
2382 4520 2562 4591 aliqua
2588 4535 2711 4589 quae
2739 4521 3022 4588 apostolos
3052 4538 3158 4577 non
3188 4522 3445 4579 habuisse
3485 4523 3824 4580 credendum

534 4614 613 4669 sic
643 4614 917 4684 quomodo
968 4628 1113 4669 nunc
1159 4615 1459 4670 revelatum
1514 4624 1601 4672 est
1658 4618 1865 4673 sanctis
1910 4618 2028 4689 ejus
2070 4628 2127 4674 et

532 4705 819 4776 apostolis,
846 4706 1085 4763 nescisse
1112 4707 1449 4776 patriarchas
1470 4721 1706 4777 veteres,
1728 4722 1786 4766 et
1804 4712 2121 4782 prophetas.

538 4799 697 4856 Aliud
725 4811 809 4855 est
840 4800 982 4855 enim
1012 4800 1065 4854 in
1092 4801 1285 4871 spiritu
1328 4810 1554 4857 ventura
1600 4817 1955 4874 cognoscere,
1980 4804 2125 4859 aliud

533 4908 596 4949 ea
625 4908 853 4949 cernere
881 4907 1047 4964 opere
1075 4894 1366 4964 completa.
1411 4894 1567 4950 Unde
1612 4905 1669 4951 et
1715 4896 1955 4952 Joannes
2001 4914 2127 4965 pro-

534 4998 719 5059 pterca
744 4989 917 5055 major
946 4986 1230 5057 prophetis
1259 4989 1513 5042 omnibus
1543 4987 1785 5059 dicitur(
1812 4989 1942 5044 Luc.
1971 4992 2080 5059 vit)
2110 5009 2121 5044 :

533 5082 659 5150 quia
686 5096 847 5150 quem
878 5080 1061 5135 ca-teri
1089 5082 1573 5149 prophetaverunt,
1605 5080 1723 5149 ipse
1752 5082 2124 5150 conspexerit,

535 5187 589 5231 et
620 5174 792 5243 digito
822 5175 1233 5236 demonstrat-it,
1266 5172 1456 5227 dicens
1491 5192 1502 5225 :
1562 5172 1696 5228 Ecce
1747 5174 1925 5246 Agnus
1984 5173 2083 5230 Dei
2110 5193 2125 5230 :

534 5284 649 5321 ecce
672 5270 764 5339 qui
786 5265 920 5321 tollit
951 5277 1159 5337 peccata
1202 5265 1379 5321 mundi
1433 5266 1639 5339 (Joan.
1681 5284 1722 5335 ι,
1770 5270 1908 5338 29).
1964 5270 2126 5327 Juxta

533 5377 696 5432 quem
737 5375 960 5417 sensum
1005 5369 1059 5415 et
1106 5360 1236 5416 illud
1291 5362 1490 5430 exponi
1539 5370 1753 5432 potest:
1802 5363 1962 5419 Multi
2007 5380 2127 5433 pro-

567 5453 702 5507 Itette
726 5461 773 5507 et
788 5452 923 5526 justi
946 5450 1218 5522 cupierunt
1239 5451 1417 5506 uidere
1438 5468 1555 5524 quae
1574 5453 1779 5522 videtis,
1831 5465 1879 5509 et
1913 5471 2015 5509 non
2045 5456 2126 5509 ui-

539 5541 752 5614 derunt,
781 5551 829 5600 et
852 5540 1037 5598 audire
1073 5559 1188 5613 qua:
1212 5543 1433 5613 auditis,
1458 5554 1505 5600 et
1544 5562 1647 5602 non
1675 5547 1953 5603 audierunt
1975 5546 2127 5621 (Luc.

2236 4625 2356 4672 est:
2402 4617 2483 4670 sic
2506 4614 2820 4670 econtrario
2849 4630 2951 4686 pro
2978 4618 3393 4688 Opportunitate
3440 4619 3720 4689 temporis,
3769 4629 3835 4677 et

2235 4721 2337 4778 pro
2368 4707 2646 4777 Evangelii
2674 4706 3084 4775 praedicatione,
3121 4708 3427 4765 habuerunt
3452 4710 3688 4780 apostoli
3712 4725 3836 4765 ma-

2235 4803 2315 4872 gis
2341 4810 2527 4857 notum
2553 4801 2875 4873 mysterium
2898 4798 3120 4856 Christi.
3148 4802 3302 4871 Quod
3332 4803 3580 4858 scierunt
3598 4802 3824 4874 quidem

2235 4902 2292 4948 et
2334 4893 2506 4947 sancti
2535 4892 2836 4960 antiquitus
2855 4894 2981 4959 viri,
3013 4893 3109 4949 sed
3164 4912 3274 4950 non
3327 4895 3405 4949 ita
3456 4903 3515 4950 ut
3562 4897 3818 4965 apostoli,

2231 4986 2431 5060 quibus
2482 4984 2811 5056 praedicandi
2860 4986 3159 5042 necessitas
3215 4988 3589 5045 incumbebat.
3660 4988 3824 5063 591

2229 5081 2385 5150 Quod
2410 5090 2494 5137 est
2516 5089 2697 5135 autem
2726 5079 2831 5135 hoc
2857 5080 3202 5152 mysterium,
3233 5080 3400 5150 quod,
3458 5081 3602 5136 sicut
3655 5098 3830 5149 nunc,

2232 5176 2352 5231 aliis
2374 5173 2822 5245 generationibus
2866 5187 2976 5229 non
3020 5171 3120 5228 fttit
3153 5173 3455 5229 revelatum
3481 5173 3505 5228 ?
3528 5173 3727 5247 Utique
3761 5175 3829 5230 il-

2233 5268 2326 5324 lud
2375 5268 2518 5337 quod
2562 5269 2832 5338 sequitur,
2886 5284 2995 5322 esse
3042 5277 3215 5339 gentes
3260 5267 3574 5338 colueredes,
3607 5284 3828 5323 concor-

2236 5358 2462 5432 porales,
2502 5370 2552 5414 et
2580 5361 2975 5432 comparticipes
3005 5361 3361 5433 promissionis
3383 5361 3438 5414 in
3462 5359 3674 5417 Christo
3697 5360 3828 5418 Jesu

2236 5470 2328 5528 per
2350 5452 2713 5525 anngelinm,
2739 5452 2896 5525 cujus
2949 5453 3124 5510 factus
3167 5465 3253 5511 est
3301 5453 3502 5510 Paulus
3550 5456 3825 5524 minister,

2236 5549 2537 5609 secundum
2565 5549 2769 5607 donum
2795 5550 2983 5622 gratia:
3014 5548 3137 5619 Dei,
3168 5565 3289 5623 qua:
3315 5548 3442 5605 data
3468 5558 3554 5607 est
3590 5550 3644 5609 ei
3670 5550 3827 5623 juxta

611 5726 637 5755 ι
672 5717 850 5775 Penes
871 5717 1197 5790 Victoriam,
1226 5723 1506 5779 secundum
1549 5725 1777 5783 verbum.
1814 5726 2094 5785 Craterum
2124 5727 2249 5787 vide
2281 5745 2402 5802 qnte
2433 5730 2596 5804 paulo
2617 5729 2846 5788 inferius
2869 5730 2936 5788 ad
2964 5732 3161 5791 versic.
3189 5732 3257 5789 10
3285 5731 3663 5793 observamus.
