4056 6366
220 383 323 438 481

739 377 1389 439 COMMENTARIORUM
1431 375 1498 433 IN
1537 369 1926 431 EPISTOLAM
1968 370 2058 424 AD
2099 365 2434 426 EPllESIOS
2472 367 2602 424 LIB.
2649 367 2709 422 ll.
2751 365 2904 424 CAP.
2942 366 3031 424 Ill.

3427 372 3532 430 48$

223 495 614 566 operationem
638 496 854 552 virtutis
897 498 1037 567 ejus.
1087 480 1217 551 SCio
1268 491 1668 564 appositionem
1698 503 1828 543 con—

1959 519 2032 559 ler
2065 503 2375 573 Scripturas
2400 503 2770 573 propheticas,
2796 510 2848 555 ct
2880 501 3173 557 adventum
3199 501 3396 557 Christi
3425 519 3532 559 non

222 587 530 659 junctionis
572 589 712 660 ejus,
768 605 866 659 per
918 603 1079 659 quam
1133 587 1353 652 dicitur,
1410 583 1726 649 cohwredes,
1785 590 1831 633 et

228 681 658 749 concorporates,
690 690 737 737 et
767 681 1188 753 comparticipes,
1222 679 1537 734 indecoram
1565 677 1745 731 facere
1777 673 1831 729 in

228 773 427 831 Latino
453 789 713 831 sermone
737 776 1092 832 sententiam.
1119 775 1228 832 Sed
1253 774 1380 843 quia
1415 773 1487 829 ita
1518 773 1754 826 habetur
1777 770 1830 825 in

232 864 448 929 Graeco,
478 876 535 922 et
555 866 759 934 singuli
784 881 1096 934 sermones,
1117 865 1367 938 syllabae,
1385 864 1592 932 apices,
1612 871 1832 932 puncta,

238 960 295 1016 in
324 961 528 1017 divinis
548 961 852 1031 Scripturis
884 962 1046 1032 plena
1083 972 1210 1018 sunt
1239 961 1518 1024 sensibus,
1549 968 1834 1030 propterea

242 1053 425 1125 magis
460 1053 716 1110 volumus
746 1053 800 1108 in
829 1053 1230 1123 compositione
1285 1060 1672 1118 structuraque
1711 1063 1835 1102 ver-

242 1145 468 1214 borum,
494 1161 653 1218 quant
684 1146 1047 1216 intelligentia
1074 1145 1394 1215 periclitari.
1428 1143 1632 1199 Gentes
1671 1141 1838 1210 igitur

242 1239 565 1296 cohaeredes
590 1246 723 1294 sunt
779 1238 994 1306 Israeli,
1038 1239 1153 1293 sive
1194 1237 1337 1308 quod
1388 1235 1583 1290 melius
1610 1233 1840 1287 arbitra-

237 1349 387 1399 mur,
426 1332 646 1388 Christo
689 1331 1016 1388 cohaeredes
1046 1340 1192 1393 sunt.
1226 1339 1283 1384 ut
1308 1327 1600 1384 htereditas
1650 1335 1837 1380 nostra

238 1426 388 1483 Deus
415 1426 512 1493 sit,
547 1435 601 1481 et
629 1424 949 1482 cohaaredes
979 1423 1206 1480 Christi.
1231 1422 1389 1491 Quod
1420 1431 1476 1477 et
1497 1422 1548 1475 in
1574 1420 1684 1474 alio
1719 1419 1841 1473 loco

239 1518 505 1587 scriptum
536 1528 635 1573 est.
670 1517 923 1573 Heredes
947 1517 1070 1584 Dei,
1117 1515 1409 1571 cohteredes
1435 1524 1608 1568 autem
1647 1511 1841 1567 Christi

242 1611 428 1683 (Rom.
472 1627 589 1679 vttt,
645 1611 773 1681 l7).
800 1610 916 1664 Non
949 1609 1096 1680 quod
1139 1609 1318 1679 aliqua
1386 1608 1528 1663 inter
1575 1620 1677 1660 nos
1717 1619 1844 1674 pos-

244 1704 424 1758 sessio
453 1701 768 1766 dividatur;
806 1701 901 1756 sed
934 1700 1080 1772 quod
1112 1700 1228 1770 ipse
1255 1699 1520 1754 Dominus
1561 1698 1632 1752 sit
1669 1696 1838 1751 luere-

245 1795 390 1851 ditas
438 1803 625 1849 nostra
657 1801 824 1860 atque
871 1794 1171 1862 possessio.
1199 1790 1458 1846 Dominus
1486 1788 1707 1859 quippe,
1743 1789 1840 1854 ait,

1936 597 2112 652 valeat
2142 596 2401 652 revelari.
2435 595 2621 652 Sciant
2653 596 2818 665 igitur
2847 597 2937 665 qui
2968 595 3261 665 prephetas
3293 613 3401 651 non
3452 597 3537 652 itt-

1945 690 2223 758 telligunt,
2250 704 2350 745 nec
2373 689 2517 744 scire
2541 688 2879 753 desiderant,
2906 699 3217 744 asserentes
3246 704 3306 745 se
3331 699 3538 746 tantum

1936 781 2237 851 Evangelia
2293 795 2416 836 esse
2463 789 2777 846 contentos,
2815 777 3018 834 Christi
3079 783 3293 835 nescire
3338 791 3540 853 myste-

1940 874 2106 937 rium,
2159 873 2302 943 quotl
2365 873 2706 940 temporibus
2749 872 2979 927 aeternis
3027 873 3282 942 gentibus
3327 873 3539 930 cunctis

1936 962 2098 1017 fuerit
2130 964 2456 1032 ignoratum.

2012 1053 2206 1124 (Vers.
2255 1055 2309 1121 8,
2339 1053 2416 1124 9.)
2449 1053 2583 1107 Mihi
2603 1055 2787 1122 inﬁmo
2815 1057 3042 1110 omnium
3087 1067 3381 1112 sanctorum
3414 1060 3540 1113 data

1939 1159 2016 1202 est
2042 1147 2212 1218 gratia
2236 1146 2367 1216 haec,
2402 1149 2453 1200 in
2483 1147 2721 1220 gentibus
2770 1151 3125 1222 euangelizare
3159 1151 3542 1224 int'estigabiles

1939 1241 2148 1294 divitias
2177 1239 2393 1305 Christi,
2421 1250 2469 1293 et
2491 1239 2797 1294 illuminare
2827 1251 2852 1278 α
2877 1259 3051 1296 omnes
3081 1260 3196 1312 qua:
3237 1245 3302 1297 sit
3331 1247 3540 1316 dispert-

1941 1337 2075 1390 satio
2107 1337 2337 1406 mysterii
2365 1335 2653 1389 absconditi
2673 1353 2705 1389 a
2729 1337 2932 1390 steculis
2958 1337 3010 1389 in
3037 1335 3148 1391 Deo
3173 1339 3260 1407 qui
3288 1341 3533 1392 universa

1944 1430 2157 1481 creavit.
2203 1427 2318 1482 Non
2347 1436 2479 1497 puto
2529 1428 2835 1496 apostolum
2884 1428 3111 1482 Paulum
3169 1446 3292 1484 cum
3343 1433 3540 1486 mentis

1943 1532 2056 1572 suae
2085 1519 2455 1573 concordasse
2482 1527 2721 1585 secreto,
2757 1528 2814 1572 ttt
2864 1534 2998 1574 vere
3023 1520 3276 1574 omnibus
3303 1519 3321 1592 [
3346 1523 3430 1574 At.
3476 1537 3543 1577 ex

1945 1609 2226 1681 omnibus]
2274 1609 2492 1665 Sanctis
2536 1610 2780 1664 intimum
2834 1624 2957 1666 esse
3000 1626 3059 1665 se
3115 1609 3360 1666 dixerit:
3396 1611 3547 1667 verbi

1949 1716 2136 1767 causa,
2180 1701 2265 1755 liis
2308 1704 2582 1772 quierant
2623 1702 2674 1755 in
2721 1701 2961 1771 Epheso,
3009 1702 3100 1772 qui
3154 1703 3206 1756 in
3256 1702 3544 1768 Corintho,

1949 1794 2041 1863 qui
2073 1795 2126 1849 in
2155 1795 2571 1860 Thessalonica,
2599 1795 2685 1848 vel
2713 1795 2802 1863 qui
2836 1795 2890 1849 in
2943 1803 3060 1849 toto
3105 1794 3240 1849 orbe
3289 1794 3548 1850 credide-

244 1887 524 1943 hwreditas
552 1896 722 1940 vestra
751 1895 827 1939 est
852 1884 1046 1957 (Deut.
1107 1899 1259 1949 XVIII.
1291 1883 1380 1952 9);
1432 1891 1487 1936 et
1526 1881 1655 1935 alibi
1685 1897 1698 1933 =
1732 1880 1839 1934 Do-
1875 1875 1923 1935 B
1950 1897 2093 1942 rant.
2127 1888 2281 1956 Quod
2305 1903 2428 1942 cum
2451 1888 2775 1942 humilitatis
2802 1888 3062 1942 indicium
3086 1888 3180 1955 sit,
3211 1903 3270 1942 se
3292 1887 3548 1944 omnibus

243 1981 420 2035 minus
463 1997 587 2053 pars
635 1996 769 2045 mea,
823 1989 869 2032 et
916 1977 1193 2034 hereditas
1245 1994 1358 2031 mea
1403 1975 1603 2047 (Psal.
1640 1992 1728 2044 xv,
1761 1976 1840 2046 5).

242 2071 682 2142 Concorporales
737 2081 918 2126 autem
967 2070 1100 2125 illttd
1141 2069 1436 2140 signiﬁcat,
1482 2079 1540 2124 ut
1585 2069 1845 2140 quemad-

242 2165 467 2220 modum
501 2164 554 2218 in
583 2178 691 2219 uno
720 2178 956 2234 corpore
986 2163 1140 2234 plura
1191 2173 1318 2218 sunt
1368 2161 1611 2216 membra
1639 2179 1652 2214 :
1693 2163 1845 2217 verbi

244 2272 437 2323 causa,
462 2257 632 2324 oculi,
651 2272 867 2325 manus,
894 2270 1080 2321 aures,
1101 2255 1294 2326 pedes,
1319 2263 1534 2324 venter,
1560 2262 1616 2309 et
1637 2269 1842 2324 genua:

245 2358 305 2405 et
333 2364 456 2404 cum
504 2349 558 2403 in
607 2364 714 2403 uno
743 2349 856 2403 sint
910 2363 1167 2418 corpore,
1225 2347 1467 2402 habeant
1512 2346 1848 2402 diﬂ‘erentias

248 2457 406 2506 snas,
438 2451 495 2498 et
519 2456 618 2512 pro
645 2457 706 2497 se
731 2441 963 2498 invicem
994 2441 1270 2504 laetentur,
1298 2448 1356 2495 et
1384 2440 1609 2495 doleant
1638 2458 1649 2494 :
1675 2441 1756 2494 sic
1788 2441 1850 2494 li-

249 2545 343 2590 cet
367 2534 618 2590 diversas
647 2534 889 2589 habeant
908 2534 1135 2604 gratias,
1166 2532 1222 2586 hi
1252 2531 1343 2602 qui
1376 2532 1430 2587 in
1454 2532 1676 2587 Christo
1724 2547 1847 2587 cre-

250 2625 465 2692 didere,
504 2628 557 2681 in
608 2642 719 2681 uno
752 2637 930 2680 tamen
963 2625 1075 2679 siut
1119 2623 1376 2679 Ecclesia:
1431 2638 1665 2693 corpore
1713 2638 1850 2680 con-

251 2718 483 2790 globati.
517 2718 583 2773 Et
632 2719 686 2773 in
732 2717 1105 2787 superioribus
1136 2717 1357 2788 quidem
1389 2717 1604 2772 duobus
1641 2717 1845 2781 verbis,

251 2814 310 2870 id
368 2823 474 2883 est,
521 2813 574 2868 in
623 2828 692 2868 eo
722 2812 864 2883 quod
892 2812 990 2877 ait,
1025 2812 1318 2868 cohteredes
1343 2822 1390 2866 et
1437 2812 1851 2881 concorporales,

255 2914 476 2975 poterat
507 2904 559 2959 in
588 2919 700 2959 uno
729 2920 968 2973 corpore
1009 2904 1284 2960 diversum
1315 2904 1524 2974 aliquid
1561 2904 1849 2975 suSpicari.

254 2997 341 3054 Ex
371 3013 436 3054 eo
458 3007 636 3053 autem
661 2997 807 3068 quod
830 2997 1039 3052 addidit
1065 3016 1080 3054 :
1113 3008 1161 3053 et
1203 2998 1599 3068 comparticipes
1628 2999 1850 3067 promis-

252 3092 419 3146 sionis
444 3092 496 3144 in
520 3091 729 3146 Christo
750 3090 898 3159 Iesu,
923 3092 1107 3146 omnis
1137 3091 1358 3159 penitus
1390 3091 1688 3146 diversitas
1739 3107 1856 3144 am-

253 3194 443 3258 putata
473 3194 576 3240 est.
621 3184 727 3242 Ubi
755 3187 902 3242 enim
935 3201 1038 3240 una
1066 3184 1545 3256 comparticipatio
1595 3193 1700 3250 est,
1734 3185 1856 3240 uni-

256 3293 425 3334 versa
456 3278 770 3333 communia
819 3288 967 3334 sunt.
998 3278 1235 3334 Pulchre
1279 3278 1443 3334 etiam
1473 3277 1707 3345 addidit,
1765 3293 1856 3351 per

255 3370 627 3444 Evangélinm,
659 3375 813 3446 cujus
845 3373 1012 3442 factus
1033 3389 1146 3427 sum
1168 3373 1404 3426 minister
1441 3370 1729 3426 secundum
1757 3372 1854 3426 do-

254 3481 385 3520 num
411 3465 596 3537 gratia:
619 3480 733 3534 ᾳιιω
776 3465 899 3518 data
925 3472 998 3520 est
1036 3463 1161 3518 mihi
1173 3468 1335 3538 juxta
1363 3465 1718 3534 operationem
1756 3467 1859 3519 vir-

257 3557 389 3611 tutis
419 3558 657 3628 ejus:ut
680 3555 778 3612 Dei
805 3557 1063 3628 gratiam,
1111 3574 1217 3613 non
1261 3573 1418 3613 suum
1473 3557 1723 3613 meritum
1763 3559 1860 3613 de-

257 3659 619 3708 monstraret.
646 3650 868 3705 Sciebat
888 3664 948 3706 se
975 3666 1207 3722 namque
1228 3659 1638 3720 persecutorem
1667 3649 1854 3717 fuisse,

258 3753 319 3801 et
346 3742 550 3799 Christi
579 3743 879 3799 Ecclesiam
911 3743 1252 3808 devastasse,
1295 3759 1363 3798 ex
1388 3759 1495 3812 qua
1527 3743 1854 3812 humilitate,

260 3837 591 3908 arrogantiae
610 3837 826 3908 penitus
837 3837 1046 3893 crimen
1062 3837 1389 3892 excluditur.
1412 3838 1586 3907 Super
1600 3852 1706 3904 qua
1725 3852 1859 3891 non-

262 3931 396 3986 nulli
421 3945 546 3984 eum
571 3929 1084 4000 reprehendendum
1110 3939 1302 4000 putant
1329 3947 1344 3983 :
1367 3931 1494 4000 quia
1520 3930 1628 3987 sibi
1655 3930 1862 3986 dixerit

262 4022 588 4094 mysterium
621 4023 942 4087 revelatum,
975 4021 1120 4090 quod
1145 4021 1470 4092 patriarchis
1491 4031 1545 4077 et
1578 4021 1860 4091 prophetis

262 4114 428 4172 fuerit
452 4113 616 4187 592
658 4114 923 4184 ignotum.
974 4113 1278 4184 Numquam
1333 4115 1479 4171 enim
1540 4114 1860 4171 humilitatis

268 4206 600 4277 discipulus,
630 4206 815 4262 verbis
856 4206 1181 4278 arrogantiae
1224 4207 1638 4273 intumesceret,
1682 4207 1865 4262 Evan-

264 4301 466 4374 gelium
519 4302 675 4372 cuius
726 4302 976 4358 minister
1029 4313 1138 4367 eSt,
1190 4317 1296 4359 non
1347 4302 1430 4357 sui
1458 4303 1640 4359 meriti
1667 4301 1860 4358 dicens

263 4395 460 4463 fuisse,
492 4397 586 4451 scd
616 4395 802 4467 gratia:
831 4396 947 4452 Dei.
971 4394 1075 4464 Qui
1100 4395 1290 4451 volunt
1314 4394 1610 4466 prophetas
1637 4409 1746 4451 non
1779 4395 1862 4449 itt-

267 4490 549 4549 tellesisse
571 4489 716 4563 quod
745 4489 1009 4558 dixerint,
1041 4498 1096 4544 et
1123 4488 1234 4561 [Αι.
1256 4487 1380 4562 sed]
1405 4489 1560 4558 quasi
1582 4489 1635 4544 in
1659 4488 1862 4545 ecstasi

264 4584 499 4650 locutos,
543 4599 664 4640 cum
723 4583 982 4655 praesenti
1035 4582 1372 4648 testimonio,
1430 4582 1562 4639 illud
1640 4598 1863 4655 quoque

265 4677 414 4750 quod
445 4678 511 4733 ad
540 4680 819 4735 Romanos
846 4681 899 4736 in
925 4681 1208 4751 plerisque
1234 4679 1521 4736 codicibus
1566 4679 1864 4748 invenitur,

266 4770 338 4827 ad
365 4771 844 4829 confirmationem
873 4775 957 4828 sui
986 4771 1259 4844 dogmatis
1286 4772 1540 4835 trahunt,
1569 4772 1816 4843 legentes
1850 4790 1865 4828 :

267 4865 341 4920 Ei
369 4875 543 4920 autem
585 4868 674 4938 qui
716 4876 884 4940 potest
929 4883 1019 4921 vos
1053 4866 1299 4922 roborare
1337 4867 1490 4936 juxta
1523 4863 1868 4936 Evangelium

269 4974 464 5024 meum,
497 4966 544 5012 et
567 4958 990 5031 pradicationem
1021 4957 1152 5013 Jesu
1181 4958 1376 5015 Christi
1403 4957 1686 5012 secundum
1728 4975 1870 5013 reve-

269 5051 523 5106 lationem
545 5052 776 5122 mysterii
797 5051 1116 5121 temporibus
1138 5052 1346 5108 aeternis
1368 5052 1531 5120 taciti,
1551 5053 1871 5125 manifestati

273 5153 454 5198 autem
484 5160 622 5198 nunc
660 5161 753 5217 per
783 5145 1089 5216 Scripturas
1113 5146 1466 5217 prapheticas,
1509 5155 1558 5200 et
1593 5147 1868 5202 adventum

274 5231 500 5289 Domini
539 5236 707 5290 nostri
732 5235 861 5291 Iesu
912 5235 1124 5305 Christi,
1157 5245 1212 5293 et
1241 5236 1472 5306 reliqua.
1513 5236 1721 5304 Quibus
1749 5239 1872 5295 bre-

272 5327 422 5384 viter
448 5327 893 5400 respondendum
922 5341 1027 5398 est,
1062 5331 1403 5403 temporibus
1454 5332 1745 5402 praeteritis
1793 5344 1874 5389 ta-

271 5421 444 5477 citum
487 5420 692 5477 Christi
721 5421 891 5478 fuisse
913 5426 1255 5495 mysterium,
1289 5439 1397 5480 non
1442 5425 1586 5494 apud
1636 5440 1733 5482 eos
1781 5427 1869 5496 qui

274 5512 414 5571 illttd
473 5513 713 5570 futurum
769 5515 1193 5585 pollicebantur,
1246 5516 1344 5572 sed
1395 5517 1538 5586 apud
1593 5519 1873 5575 universas

272 5614 470 5675 gentes
510 5607 712 5678 quibus
753 5615 943 5676 postea
978 5608 1385 5664 manifestatum
1419 5618 1523 5664 est.
1561 5609 1628 5664 Et
1674 5611 1876 5680 pariter

265 5701 674 5768 annotandum,
703 5699 846 5771 quod
874 5711 1277 5756 sacramentum
1310 5701 1436 5759 ﬁdei
1489 5711 1716 5770 nostrae,
1768 5703 1876 5759 nisi

1951 1979 2170 2035 Sanctis
2214 1979 2456 2034 intimum
2505 1981 2713 2048 dicere,
2746 1979 3014 2034 mendacii
3041 1988 3126 2035 est
3163 1988 3369 2043 reatus,
3401 1979 3549 2035 aliud

1951 2071 2004 2126 in
2041 2081 2265 2140 pectore
2295 2072 2540 2126 clausum
2567 2071 2790 2138 habere,
2815 2071 2962 2126 aliud
2993 2072 3046 2125 in
3073 2072 3250 2141 lingua
3276 2087 3549 2140 promere.

1951 2164 2362 2235 Reperiendum
2395 2180 2525 2235 ergo
2557 2173 2641 2219 est
2667 2173 3073 2235 argumentum,
3127 2179 3234 2233 quo
3263 2171 3319 2218 et
3349 2163 3548 2218 Paulus

1949 2272 2081 2313 vere
2113 2257 2372 2311 omnibus
2403 2255 2612 2311 sanctis
2641 2255 2764 2328 [εΑΙ.
2795 2255 3040 2310 omnium
3086 2254 3426 2327 sanctorum]
3468 2260 3552 2310 in-

1951 2351 2112 2406 limus
2152 2350 2338 2416 fuerit,
2393 2360 2449 2406 et
2494 2360 2676 2404 tamen
2705 2349 2774 2405 de
2805 2350 3105 2418 apostolica
3137 2365 3243 2404 non
3293 2349 3556 2405 ceciderit

1952 2443 2238 2514 dignitate.
2270 2442 2540 2512 Loquitur
2570 2443 2832 2496 Dominus
2863 2441 2918 2495 in
2970 2441 3268 2512 Evangelia
3313 2440 3379 2495 ad
3435 2440 3549 2497 dis-

1952 2536 2166 2606 cipulos
2200 2553 2213 2588 :
2269 2535 2374 2602 Qui
2400 2535 2581 2589 vultin
2611 2535 2750 2589 vobis
2777 2537 2950 2608 major
2997 2550 3126 2600 esse,
3179 2534 3272 2602 [int
3321 2535 3552 2588 omnium

1953 2630 2150 2692 mittor,
2181 2638 2231 2683 et
2258 2629 2346 2699 qui
2372 2629 2478 2683 vult
2507 2645 2618 2683 esse
2646 2630 2868 2701 primus,
2894 2629 2960 2683 sit
2988 2628 3218 2682 omnium
3248 2629 3554 2684 novissimus

1957 2725 1978 2794 (
2003 2722 2194 2776 Matth.
2224 2738 2314 2791 xx,
2347 2722 2441 2786 26,
2468 2719 2586 2792 27).
2609 2723 2762 2790 Quod
2790 2723 2992 2778 Paulus
3021 2737 3189 2793 opere
3213 2723 3552 2793 complebat,

1959 2817 2188 2873 dicens:
2219 2816 2356 2870 Puto
2371 2817 2509 2870 enim
2533 2820 2656 2886 quia
2679 2814 2818 2872 Deus
2835 2830 2929 2872 nos
2959 2817 3228 2886 apostolos
3243 2817 3551 2871 novissimos

1957 2910 2203 2975 ostendit,
2224 2909 2375 2976 quasi
2389 2910 2542 2963 morti
2563 2908 2844 2963 destinatos
2868 2908 2911 2979 (l
2929 2907 3052 2966 Cor.
3081 2925 3154 2975 tv,
3181 2908 3260 2979 9).
3287 2909 3554 2964 Omnibus

1957 3000 2119 3069 igitur
2133 3001 2223 3071 qui
2243 3015 2302 3053 se
2319 3009 2537 3070 pr0pter
2548 2999 2820 3054 Christum
2839 2999 3086 3055 iulirmos
3097 3014 3221 3056 esse
3237 3001 3552 3071 cupiebant,

1957 3095 2241 3164 apostolus
2282 3093 2480 3148 Paulus
2524 3093 2794 3148 inlirmior
2832 3104 2971 3158 erat,
2997 3103 3050 3146 ct
3101 3092 3305 3148 idcirco
3357 3092 3553 3163 major.

1959 3184 2118 3256 593
2149 3183 2399 3238 Omnibus
2425 3185 2560 3238 enim
2579 3225 2593 3247 ,
2623 3183 2840 3254 inquit,
2873 3184 2979 3238 illis
3002 3184 3120 3255 plus
3144 3184 3375 3238 laboravi
3397 3229 3412 3254 ,
3449 3200 3554 3238 non

1959 3287 2131 3331 autem
2161 3293 2254 3347 ego
2277 3320 2290 3345 ,
2333 3276 2423 3330 sed
2452 3277 2622 3349 gratia
2645 3275 2742 3330 Dei
2766 3319 2780 3344 ,
2826 3291 2942 3348 qua
2962 3292 3163 3329 mecum
3201 3285 3296 3330 est.
3325 3275 3560 3346 Propter

1960 3386 2120 3441 quam
2149 3368 2516 3424 humilitatem
2543 3367 2669 3423 dum
2699 3368 2944 3422 omnium
2974 3374 3289 3422 sanctorum
3314 3376 3399 3422 est
3429 3366 3558 3421 inli-

1961 3481 2102 3531 tnus,
2133 3464 2258 3519 data
2289 3473 2374 3518 est
2402 3462 2452 3517 ei
2480 3463 2652 3533 gratia
2688 3469 2804 3518 haec
2832 3461 2888 3517 in
2919 3461 3203 3532 gentibus,
3234 3469 3291 3516 ut
3316 3475 3558 3531 evange-

1961 3556 2152 3612 lizaret
2204 3554 2674 3626 inittveSIigabiles
2701 3554 2922 3610 divitias
2957 3552 3203 3620 Christi,
3246 3562 3303 3609 et
3331 3553 3559 3610 doceret

1961 3649 2430 3720 dispensationem
2481 3648 2735 3720 mysterii
2786 3647 3096 3704 absconditi
3147 3661 3176 3701 a
3223 3646 3443 3702 szcculis
3501 3646 3557 3700 in

1965 3741 2098 3809 Deo,
2126 3741 2218 3811 qtti
2251 3740 2505 3796 universa
2528 3740 2760 3796 creavit.
2789 3739 2845 3796 Si
2873 3739 3338 3810 ininvestigabiles
3356 3737 3562 3795 divitiae

1962 3834 2166 3890 Christi
2196 3844 2365 3898 sunt,
2414 3832 2696 3904 quomodo
2741 3831 3185 3904 evangelizantur
3227 3831 3280 3886 in
3314 3830 3562 3902 populo?

1963 3929 2019 3987 Si
2048 3927 2430 3985 absconditum
2460 3937 2544 3982 est
2574 3926 2836 3984 asaeculis
2858 3927 3178 3996 mysterium
3204 3924 3257 3980 iu
3286 3925 3424 3992 Deo,
3448 3940 3554 3996 qua

1965 4025 2179 4080 ratione
2224 4039 2322 4094 per
2351 4023 2576 4078 Paulum
2604 4022 2892 4092 profertur
2918 4022 2973 4077 in
3005 4022 3241 4094 gentes?
3285 4019 3393 4077 Sed
3421 4020 3565 4076 inin-

1964 4116 2320 4188 vestigahiles
2348 4125 2402 4172 et
2431 4115 2814 4172 absconditum
2858 4115 3156 4187 dupliciter
3184 4113 3560 4172 sentiendum.

1963 4213 2119 4282 Quod
2151 4211 2620 4283 ininvestigabiles
2646 4219 2773 4266 ante
2800 4209 3011 4266 divitia:
3043 4207 3243 4265 fuerint
3264 4252 3278 4277 ,
3333 4221 3390 4265 et
3418 4222 3565 4266 nunc

1967 4319 2089 4378 post
2122 4306 2340 4361 Domini
2369 4313 2576 4376 aperta:
2602 4307 2710 4359 sint
2738 4304 3072 4374 passionem.
3113 4303 3221 4358 Attt
3253 4313 3403 4358 certe
3442 4318 3566 4372 qua:

1967 4410 2163 4454 natura
2190 4414 2284 4454 sua
2311 4396 2517 4452 homini
2558 4393 3028 4467 ininvestigabiles
3057 4405 3216 4450 erant
3241 4439 3254 4463 ,
3294 4393 3379 4449 hac
3403 4435 3418 4460 ,
3450 4395 3564 4449 Deo

1967 4493 2268 4557 revelante,
2301 4500 2429 4546 sunt
2457 4490 2708 4561 cognitae.
2733 4489 2868 4557 Quia
2900 4487 3046 4543 aliud
3076 4495 3165 4544 est
3195 4487 3261 4542 ad
3291 4496 3566 4543 secretunt

1971 4585 2295 4642 curiositate
2325 4582 2543 4656 propria
2587 4581 2878 4653 pervenire
2901 4621 2918 4649 ,
2969 4581 3116 4651 quod
3160 4589 3446 4651 postquam
3481 4579 3568 4635 in-

1972 4687 2193 4734 ventum
2231 4675 2427 4742 fuerit,
2472 4674 2678 4731 desinit
2721 4688 2844 4730 esse
2893 4671 3358 4742 ininvestigabile.
3404 4671 3569 4727 Aliud

1973 4770 2196 4840 propria
2240 4767 2524 4838 diligentia
2568 4765 2702 4821 illud
2732 4780 3077 4837 nequaquam
3125 4778 3291 4834 posse
3321 4778 3574 4834 compre-

1974 4863 2241 4933 hendere,
2276 4861 2374 4917 sed
2405 4875 2500 4930 per
2516 4859 2745 4931 gratiam
2772 4857 3242 4927 cognoscereDei,
3271 4855 3416 4927 quod
3444 4870 3569 4933 cum

1973 4956 2170 5014 scieris
2191 4997 2204 5022 ,
2229 4930 2292 5010 et
2323 4930 2540 5009 caeteris
2583 4964 2797 5022 quoque
2822 4947 3166 5015 ostenderis,
3212 4930 3573 5001 nihilominus

1971 5047 2418 5119 ininvestigabile
2451 5053 2812 5115 perseverat,
2853 5040 2986 5097 dum
3026 5038 3123 5094 tibi
3147 5047 3413 5109 quantum
3439 5037 3495 5092 in
3521 5047 3573 5093 te

1973 5151 2089 5210 est,
2119 5142 2218 5197 fuit
2246 5148 2537 5209 antequam
2579 5133 2969 5192 ostenderetur
3000 5129 3296 5186 occultum.
3349 5127 3576 5184 Divitias

1973 5235 2178 5294 Christi
2208 5230 2707 5302 ininvestigabiles,
2740 5227 2808 5282 ad
2836 5225 3015 5299 ipsum
3045 5237 3263 5295 quoque
3291 5221 3575 5276 Christum

1972 5329 2206 5398 loquens
2255 5323 2540 5380 Psalmista
2589 5327 2859 5385 testatur,
2911 5316 3142 5373 dicens:
3179 5313 3348 5382 Quam
3369 5311 3579 5382 inﬁnita

1975 5418 2257 5476 multitudo
2284 5415 2530 5470 bonitatis
2561 5425 2662 5468 tua:
2681 5453 2696 5479 ,
2734 5427 2888 5484 quam
2913 5406 3230 5463 abscondisti
3272 5403 3575 5459 timentibus

1979 5523 2026 5568 te
2048 5514 2066 5583 (
2088 5510 2183 5566 Ps.
2207 5525 2336 5576 xxx,
2359 5503 2476 5578 20).
2511 5506 2606 5561 Ha:
2631 5503 2888 5559 bonitatis
2917 5501 3035 5572 ejus
3059 5499 3265 5556 divitia:
3295 5499 3365 5553 ab
3395 5497 3577 5553 omni-

1977 5607 2080 5663 bus
2121 5615 2278 5661 retro
2325 5600 2546 5658 saeculis
2586 5597 2925 5654 absconditae
2949 5595 3174 5652 luerunt
3211 5595 3264 5649 in
3295 5594 3444 5660 Deo,
3485 5591 3580 5663 qui

1984 5711 2203 5759 creator
2222 5707 2308 5757 est
2330 5697 2590 5756 omnium.
2622 5693 2724 5752 Ubi
2746 5703 2874 5750 sunt
2895 5692 3135 5749 Marcion
3157 5700 3211 5748 et
3235 5688 3576 5760 Valentinus,

349 5872 374 5901 ιι
408 5861 619 5920 Tacent
671 5861 764 5918 alii
801 5858 926 5918 libri
959 5876 1166 5931 vocem,
1218 5880 1418 5931 omnes,
1469 5878 1591 5934 qua:
1635 5864 1690 5920 in
1739 5878 1868 5921 mss.
1903 5863 2108 5936 aliquot
2146 5864 2356 5922 Graecis
2388 5862 2749 5921 desideratur.
2806 5853 2812 5859 ’
