4056 6308
542 282 652 347 183

1799 283 1859 341 8.
1901 276 2179 343 EUSEBII
2214 280 2601 341 HIEBONYMI

3740 278 3855 344 181

548 412 606 459 ct
632 419 824 463 omnes
853 403 1114 471 haeretici,
1141 402 1233 474 qui
1258 402 1489 461 alterum
1523 399 1735 468 mundi,
1770 399 1821 456 id
1851 410 1966 467 est,
2012 401 2145 461 visi—
2170 406 2219 464 Α
2249 402 2451 473 [uivida
2481 400 2784 457 uestimenta
2802 399 2916 471 ejus
2945 413 3011 452 ea:
3037 395 3222 465 Boaur,
3245 394 3363 471 sie[
3390 396 3473 454 Al.
3497 395 3623 473 hic]
3646 399 3854 471 formo.

547 494 761 557 bilium.
782 506 836 552 et
864 497 1099 552 alterum
1115 504 1369 553 asserunt
1381 495 1434 550 in
1445 494 1740 552 visibilium
1763 493 2144 557 conditorem?

510 630 519 637 .
549 587 704 643 ilunc
726 589 937 659 justum
968 602 1090 645 esse
1114 587 1392 655 dicentes,
1424 587 1576 647 illum
1600 588 1788 643 nescio
1816 603 1976 663 quem
1996 601 2143 653 sem-

546 696 651 754 per
680 680 923 760 ignotum
955 698 969 737 :
1005 693 1211 737 tantum
1241 681 1444 745 bonum
1467 721 1483 749 ,
1512 680 1606 753 qui
1634 680 1798 739 Pater
1818 678 2025 747 Christi
2050 680 2141 737 sit.

549 773 692 831 Ecce
724 774 902 849 Deus,
939 773 993 831 in
1040 789 1151 843 quo
1181 773 1507 846 mysterium
1551 772 1756 835 Christi
1784 773 1854 835 ab
1887 772 2144 835 omnibus

541 875 694 923 retro
749 867 965 922 saeculis
1021 876 1048 904 ι
1093 867 1474 923 absconditum
1526 867 1667 934 fuit,
1722 866 1953 930 Greater
2021 880 2146 927 esse

542 959 788 1023 omnium
824 959 1179 1029 praedicatur.
1219 958 1303 1025 Ex
1352 976 1461 1030 quo
1489 958 1798 1019 ostenditur
1835 958 1978 1017 idem
2022 973 2145 1014 esse

544 1050 687 1108 Deus
717 1051 848 1108 novi
870 1060 926 1109 et
953 1054 1155 1109 veteris
1194 1052 1554 1113 Testamettti.
1590 1051 1784 1111 Potest
1810 1062 1992 1113 autem
2029 1066 2145 1123 my-

541 1144 767 1207 sterium
784 1159 817 1200 a
838 1145 1058 1203 smculis
1074 1144 1458 1205 absconditum
1473 1152 1529 1200 et
1541 1142 2036 1216 alitermiutell
2048 1144 2139 1213 igi,

541 1238 689 1317 quod
722 1239 838 1315 ipsa
864 1237 1002 1301 illud
1030 1237 1233 1297 saecula
1262 1238 1656 1313 ignoraverint,
1692 1236 1797 1292 boe
1826 1244 1932 1305 est,
1953 1250 2143 1301 omnes

540 1332 859 1405 spirituales
879 1373 896 1397 ,
923 1339 981 1390 et
1006 1331 1361 1395 rationabiles
1385 1340 1654 1391 creatura:
1685 1345 1809 1403 qua:
1838 1331 1893 1387 in
1924 1329 2142 1389 seculis

542 1426 792 1487 fuerunt.
822 1423 1096 1489 Saeculum
1121 1426 1326 1498 quippe
1358 1425 1675 1495 frequenter
1698 1439 1796 1492 pro
1832 1422 1918 1485 bis
1940 1438 2060 1492 quae
2088 1422 2140 1479 in

538 1519 742 1577 saeculo
767 1528 1082 1587 versantur,
1104 1520 1403 1589 accipitur.
1427 1517 1585 1581 Sicut
1606 1517 1805 1583 Paulus
1827 1516 1895 1573 ad
1919 1516 2142 1575 Galatas

544 1610 784 1686 loquitur
811 1612 999 1670 dicens
1028 1628 1044 1667 :
1080 1611 1149 1668 Ut
1178 1614 1399 1685 eriperet
1426 1628 1519 1671 nos
1562 1612 1626 1671 de
1658 1611 1906 1684 presenti
1947 1610 2143 1667 saeculo

540 1719 762 1777 nequam
792 1703 813 1775 (
834 1703 1008 1763 Galat.
1042 1720 1080 1773 ι,
1113 1705 1147 1765 4
1170 1703 1213 1775 ).
1247 1705 1313 1763 Et
1343 1704 1396 1759 in
1428 1704 1539 1763 alio
1561 1704 1683 1760 loco
1712 1721 1727 1759 :
1760 1703 1828 1761 Ut
1852 1703 2142 1762 ostenderet

2247 512 2335 552 aus
2356 499 2409 550 in
2433 495 2569 551 stata
2589 492 2814 548 candida
2842 491 3002 564 (Iaai.
3035 507 3189 558 thtt,
3216 494 3239 546 1
3271 493 3311 562 ).
3344 492 3412 547 Et
3441 491 3495 549 in
3526 492 3640 549 alio
3673 493 3797 551 loco
3832 513 3848 550 :

2250 588 2380 658 Quia
2400 595 2475 643 eat
2495 589 2594 641 iste
2612 601 2707 641 rea:
2724 583 2910 657 giarita
2923 586 2949 639 Ρ
2970 583 3232 652 Dominus
3250 585 3499 639 airtutum
3518 586 3635 656 ipse
3659 593 3736 640 est
3756 602 3854 642 re:

2248 682 2435 756 gloria
2486 680 2673 752 (Pani.
2706 696 2874 745 xxnt,
2924 679 3056 751 10).
3107 678 3227 735 Non
3276 687 3534 749 putemus
3588 679 3752 750 igitur
3795 680 3850 736 in

2246 776 2493 832 Ecclesia
2528 790 2650 831 esse
2675 773 2985 846 simplicem
3015 771 3177 829 ﬁdem
3203 811 3219 835 .
3264 772 3359 829 sed
3387 771 3752 844 multiplicent
3794 783 3853 830 et

2247 868 2596 929 multifariam
2621 882 2749 923 esse
2771 865 3118 937 sapientiam,
3137 875 3196 921 ut
3224 880 3333 920 non
3364 864 3543 923 solum
3567 866 3721 921 varia
3743 869 3845 937 sil,

2245 964 2343 1021 sed
2363 964 2531 1018 multa
2554 962 2818 1017 varietate
2848 959 3393 1030 distinetu.Respicis
3418 958 3847 1018 eunasChristi:

2245 1056 2370 1111 vide
2400 1055 2607 1124 pariter
2636 1062 2693 1110 et
2711 1053 2928 1110 omium.
2964 1053 3279 1124 Vagienteut
3306 1052 3361 1107 in
3386 1066 3637 1123 pmsepe
3668 1054 3852 1109 intueo

2248 1149 2323 1203 ria
2350 1147 2652 1203 infantem:
2686 1146 2782 1202 sed
2815 1146 3039 1217 angelos
3065 1145 3229 1201 simul
3257 1144 3502 1200 ausculta
3524 1145 3847 1202 laudantes.

2248 1239 2496 1298 Herodes
2520 1240 2866 1310 persequitur
2885 1279 2901 1304 ,
2936 1237 3033 1294 sed
3055 1236 3286 1294 adorant
3305 1236 3449 1308 Magi
3470 1239 3490 1309 (
3510 1234 3703 1292 Matth.
3736 1252 3778 1293 ιι
3806 1240 3848 1307 ).

2244 1333 2505 1405 Ignorant
2527 1332 2814 1398 Pharismi,
2836 1331 2933 1387 sed
2957 1330 3117 1386 stella
3147 1329 3508 1385 demonstrat.
3528 1330 3851 1401 Baptiaatur

2245 1444 2276 1483 a
2322 1442 2521 1482 servo:
2570 1424 2664 1481 sed
2701 1440 2804 1480 vox
2846 1424 3089 1494 desuper
3136 1422 3233 1478 Dei
3283 1422 3583 1478 intonantis
3622 1422 3854 1479 auditur

2244 1518 2265 1591 (
2291 1519 2446 1575 Matt.
2466 1534 2522 1574 ιιι
2542 1517 2585 1589 ).
2609 1517 2786 1589 Aquis
2805 1517 3068 1588 mergitur
3089 1534 3104 1572 :
3135 1516 3230 1572 Sed
3251 1516 3505 1575 columba
3526 1514 3842 1585 descendit,

2246 1614 2413 1670 immo
2436 1611 2672 1683 Spiritus
2696 1613 2750 1666 in
2780 1610 3031 1667 columba
3061 1609 3256 1685 (Ibid.,
3286 1610 3399 1683 l6).
3422 1610 3502 1666 Ad
3534 1609 3845 1681 passionem

2255 1705 2423 1773 venit,
2455 1714 2511 1761 et
2538 1705 2647 1776 pati
2679 1705 2873 1771 timet,
2922 1703 3039 1760 vult
3075 1702 3309 1760 transire
3347 1703 3608 1769 calicem,
3647 1714 3705 1760 et
3733 1703 3844 1759 Pe-

538 1793 597 1852 iu
618 1796 847 1855 uenturis
868 1796 1306 1869 ateculis(Epltes.
1334 1813 1396 1864 ιι,
1422 1797 1517 1867 7),
1540 1811 1640 1868 pro
1662 1812 1731 1854 eo
1752 1796 1900 1868 quod
1925 1806 2030 1861 est.
2054 1796 2137 1855 bis
2168 1793 2217 1856 B
2245 1809 2386 1855 trum
2416 1799 2538 1868 quia
2562 1797 2789 1853 calicem
2824 1796 3080 1862 timebat,
3125 1804 3367 1852 accusat.
3394 1795 3531 1864 Quid
3562 1795 3667 1852 hac
3692 1797 3836 1853 stul-

540 1889 929 1962 omnibusqua:
944 1891 997 1950 in
1014 1890 1522 1961 supervenientibus
1534 1889 1750 1949 saeculis
1766 1888 1944 1947 futura
1959 1897 2109 1945 erant
2120 1927 2136 1944 .

615 1981 819 2055 (Vera.
855 1984 943 2048 10,
976 1982 1109 2054 11.)
1143 1982 1212 2038 Ut
1232 1983 1574 2048 innotescat-st
1600 1998 1741 2039 ιιιιιισ
1763 1982 2140 2053 principatibus

539 2085 588 2133 et
613 2073 953 2145 potestatibus
992 2077 1044 2130 in
1082 2074 1378 2135 calcatibus
1406 2091 1498 2143 per
1543 2074 1831 2135 Ecclesium
1865 2073 2141 2145 multiplex

2246 1892 2363 1951 titia
2416 1890 2783 1961 prudentius,
2840 1889 3104 1944 varietate
3158 1887 3514 1954 distinctius,
3567 1886 3841 1958 sapientia

2242 1983 2560 2049 obscurius,
2589 1996 2752 2054 quam
2792 1980 2921 2037 fecit
2942 1980 3089 2037 Deus
3118 1980 3172 2035 in
3201 1978 3423 2036 Christe
3449 1978 3582 2036 Jesu
3608 1978 3845 2037 Domino

2244 2077 2474 2134 nostro?
2501 2074 2654 2132 Licet
2687 2076 2835 2131 enim
2875 2089 2904 2127 a
2951 2073 3230 2145 plerisque
3258 2071 3560 2128 secundum
3590 2070 3843 2129 ordinem

533 2166 796 2236 sapientia
822 2164 923 2223 Dei
945 2166 1236 2229 secundum
1266 2168 1596 2238 propositum
1622 2167 1957 2235 surculorum,
1982 2182 2138 2237 quam
2237 2173 2660 2244 juncturamqua
2699 2169 3005 2235 sermonis,
3047 2180 3102 2225 et
3139 2168 3385 2223 Ecclesia
3424 2167 3565 2224 facta
3605 2167 3841 2241 intelligi

540 2257 661 2331 fecit
705 2258 760 2317 iu
801 2256 1009 2315 Christo
1053 2258 1183 2315 Jeau
1232 2258 1456 2315 Domino
1491 2271 1691 2315 nostro.
1724 2260 1891 2317 Juxta
1933 2257 2138 2317 donum

542 2351 734 2421 gratiae
766 2350 889 2419 Dei,
924 2367 1047 2422 quas
1071 2352 1199 2409 data
1220 2362 1306 2411 cst
1331 2352 1600 2422 Apostolo
1618 2393 1635 2419 ,
1661 2362 1720 2411 ut
1741 2351 2143 2423 evangeliaaret

543 2441 1023 2514 ininvestigabiles
1049 2442 1268 2503 divitias
1290 2444 1532 2511 Christi,
1576 2454 1630 2503 et
1659 2445 1882 2503 duceret
1929 2445 1982 2501 in
2010 2459 2142 2515 gen,

541 2534 692 2597 tibus
724 2535 1047 2607 mysterium
1091 2536 1237 2607 quod
1264 2554 1293 2591 a
1327 2536 1548 2597 molis
1578 2536 1761 2599 fuerat
1796 2539 2136 2611 ignoratum:

543 2624 755 2689 idcirco
802 2626 1040 2698 idipsum
1088 2638 1493 2697 sacramentum
1520 2629 1573 2686 ei
1595 2639 1683 2691 est
1722 2630 2051 2697 revelatum,
2082 2638 2144 2691 ut

542 2735 653 2783 non
683 2720 862 2779 solum
885 2722 1164 2792 gentibus,
1190 2722 1287 2781 sed
1319 2720 1348 2765 δ
1377 2732 1433 2787 et
1462 2722 1869 2794 principatibus
1900 2731 1957 2781 et
1988 2733 2142 2794 pote—

538 2816 774 2879 statibus
803 2831 900 2886 per
928 2816 1229 2879 Ecclesium
1259 2816 1547 2881 manifesta
1571 2817 1729 2879 ﬁeret
1745 2817 2029 2888 multiplex
2052 2833 2111 2876 sa

536 2909 749 2987 pictttia
776 2909 907 2980 Dei,
936 2925 1058 2981 qua:
1077 2910 1231 2981 juxta
1263 2912 1602 2982 propositum
1637 2922 1884 2969 veterum
1908 2913 2141 2968 saeculu-

540 3018 665 3061 rum
699 3004 830 3065 olim
866 3004 1172 3074 destinata,
1221 3020 1365 3063 nunc
1410 3013 1792 3067 consummata
1843 3005 2063 3063 videtur
2084 3007 2138 3062 in

539 3097 785 3165 Christo.
837 3100 895 3163 Si
922 3110 1107 3163 autem
1140 3100 1539 3173 principatibus
1566 3112 1623 3158 et
1671 3102 2038 3173 potestatibus
2083 3103 2137 3163 in

2245 2264 2454 2334 possit,
2484 2276 2541 2318 et
2567 2264 2843 2340 πρόθισις,
2878 2261 2933 2316 id
2961 2269 3078 2327 est,
3110 2261 3397 2332 propositio
3425 2275 3587 2330 quam
3619 2274 3720 2316 nos
3748 2276 3843 2331 ge-

2243 2369 2380 2411 nere
2430 2354 2661 2409 neutrali
2694 2354 2748 2409 in
2791 2352 2988 2408 Latino
3025 2365 3285 2407 sermone
3315 2352 3642 2423 propositum
3672 2350 3845 2407 babe-

2244 2462 2366 2504 mus
2412 2460 2764 2517 expressam:
2799 2456 2977 2500 tatnen
3020 2444 3289 2515 sapientia
3333 2444 3504 2514 inagis
3535 2444 3589 2499 in
3620 2442 3844 2500 Cbristo

2242 2542 2382 2598 facta
2413 2550 2592 2612 potest
2636 2554 2901 2597 resonare
2932 2553 3093 2609 quam
3124 2548 3346 2593 caetera.
3390 2535 3623 2591 Famam
3647 2536 3846 2609 quippe

2245 2637 2343 2693 Dei
2366 2636 2652 2709 sapientius
2675 2643 2751 2689 est
2778 2632 3076 2689 hominibus
3098 2632 3143 2706 (l
3171 2632 3291 2687 Cor.
3322 2646 3363 2698 ι,
3387 2627 3677 2703 Ξδ).ριιο‹1
3706 2631 3757 2687 si
3788 2630 3845 2687 in

2242 2732 2459 2789 Christo
2480 2729 2782 2786 secundum
2795 2726 3058 2800 mysticus
3079 2723 3589 2782 intellectustlicitur
3607 2724 3747 2779 facta
3764 2740 3846 2781 sa-

2243 2826 2447 2898 pientia
2475 2825 2496 2896 (
2511 2822 2678 2878 Eccli.
2712 2821 2903 2893 xxiv),
2935 2819 3239 2892 intelligant
3261 2817 3449 2873 Ariani
3470 2818 3674 2874 frustra
3687 2832 3752 2874 se
3777 2818 3846 2875 de

2242 2920 2334 2976 illo
2349 2916 2661 2974 testimonio
2672 2916 2915 2988 gloriari,
2935 2915 2988 2970 in
3002 2928 3109 2985 quo
3121 2910 3384 2983 sapientia
3399 2912 3453 2969 in
3465 2912 3621 2968 initio
3633 2913 3845 2970 viarum

2244 3010 2338 3068 Dei
2365 3021 2602 3067 creatam
2642 3023 2703 3065 se
2741 3019 2793 3062 et
2837 3006 3073 3079 genitam
3104 3006 3343 3076 loquitur
3359 3016 3415 3061 et
3445 3004 3743 3060 fundatam.
3781 3005 3849 3061 Et

2242 3103 2603 3177 utiquejuxta
2634 3100 2756 3156 illos
2782 3110 2961 3159 creata
2989 3108 3096 3167 est,
3117 3108 3239 3154 nata
3269 3110 3393 3154 esse
3425 3112 3532 3152 non
3560 3095 3760 3168 potuit.
3792 3097 3848 3153 Si

530 3194 709 3260 caelis,
740 3209 878 3266 quas
898 3206 1120 3251 sanctas
1149 3194 1540 3266 ministrasque
1564 3195 1664 3252 Dei
1682 3196 1937 3266 accipere
1965 3195 2137 3251 debe-
2162 3183 2209 3245 Ο
2241 3209 2422 3255 autem
2449 3206 2572 3253 nata
2596 3205 2700 3260 est,
2715 3194 2991 3266 quomodo
3007 3205 3061 3250 et
3082 3192 3306 3249 fundata
3325 3192 3526 3249 dicitur
3545 3201 3600 3249 et
3618 3192 3847 3250 creata!

538 3301 665 3349 mus
687 3286 707 3360 (
727 3287 854 3343 licet
874 3286 1097 3359 quidam
1132 3286 1432 3357 principem
1461 3288 1607 3344 aeris
1642 3286 1801 3343 istius
1829 3299 1885 3342 et
1912 3287 2136 3359 angelos

538 3378 660 3451 ejus
685 3379 1186 3451 interpretentur),
1216 3381 1399 3452 ignota
1423 3380 1523 3435 fuit
1554 3379 1846 3449 multiplex
1875 3381 2139 3447 sapientia

539 3471 661 3541 Dei,
685 3489 809 3543 quas
826 3489 971 3529 nunc
990 3472 1073 3530 eis
1096 3488 1194 3543 per
1217 3472 1518 3531 Ecclesiam
1534 3473 1773 3529 revelata
1804 3479 1912 3542 est,
1935 3484 2142 3543 quanto

541 3566 716 3636 magis
746 3565 1077 3635 patriarcltis
1101 3573 1158 3620 et
1194 3565 1477 3634 prophetis
1507 3563 1688 3635 ignota
1716 3563 1819 3621 fuit
1839 3606 1855 3631 ,
1887 3580 2027 3635 quos
2050 3581 2143 3622 su-

539 3672 638 3731 pra
686 3673 797 3715 non
835 3657 1126 3728 ignorasse
1174 3655 1496 3725 mysterium
1525 3652 1763 3720 Christi,
1812 3654 1911 3711 sed
1951 3655 2027 3711 ita
2086 3667 2141 3712 ut

545 3752 853 3821 apostolos,
885 3750 1131 3809 nescisse
1152 3748 1618 3809 monstravimus?
1645 3748 1924 3818 Multiplex
1946 3750 2147 3821 quippe

543 3841 816 3912 sapientia
845 3840 961 3907 Dei,
996 3855 1119 3911 quas
1148 3853 1407 3901 sermone
1432 3838 1646 3905 Graeco,
1672 3838 2058 3906 πολυποίκιλος,
2090 3850 2147 3897 et

545 3941 609 3990 ut
630 3934 704 3993 ita
725 3932 930 4002 dicam,
945 3932 1260 4007 multifaria,
1278 3932 1599 4002 appellatur,
1615 3946 1712 4002 per
1731 3933 2029 3993 Ecclesiam
2047 3933 2145 3992 Dci

547 4037 696 4087 nunc
732 4034 788 4083 et
826 4024 1222 4097 principatibus
1265 4035 1319 4081 et
1362 4025 1721 4095 potestatibus
1754 4026 1993 4085 revelata
2037 4035 2143 4083 est.

548 4121 723 4193 Quam
754 4120 885 4177 olim
913 4120 1058 4178 Deus
1097 4120 1330 4183 futuram
1360 4122 1412 4181 iu
1450 4137 1547 4178 sua
1576 4132 1759 4181 mente
1786 4122 2101 4180 decreverat
2126 4164 2143 4193 ,

547 4223 606 4273 et
637 4228 782 4270 nunc
803 4228 928 4270 esse
959 4213 1258 4284 perfectam
1291 4231 1359 4273 ex
1384 4230 1450 4269 eo
1474 4214 1623 4286 quod
1655 4215 1925 4284 videmus,
1951 4230 2148 4287 agnos-

550 4308 748 4369 cimus.
784 4308 927 4365 Crux
954 4308 1137 4380 itaque
1165 4306 1368 4371 Christi
1394 4324 1501 4367 non
1535 4308 1709 4367 solum
1735 4308 1890 4367 nobis
1916 4349 1931 4376 ,
1961 4310 2057 4366 sed
2089 4320 2148 4366 et

546 4401 760 4473 angelis
778 4400 1102 4472 cunctisque
1125 4400 1177 4457 in
1207 4401 1352 4459 ccelu
1375 4402 1669 4462 virtutibus
1693 4401 1923 4471 profuit,
1943 4411 2000 4458 et
2019 4417 2149 4474 ape-

547 4495 667 4553 ruit
709 4502 1112 4553 sacramentum
1142 4494 1286 4566 quod
1316 4504 1476 4555 antea
1513 4494 1853 4559 nesciebant.
1896 4494 2147 4567 Denique

2319 3294 2338 3363 (
2355 3293 2510 3350 Vera.
2545 3290 2667 3361 12.)
2700 3288 2767 3344 In
2793 3306 2897 3361 quo
2921 3288 3171 3345 [tabernas
3212 3289 3485 3359 fiduciam,
3510 3297 3557 3343 et
3579 3304 3848 3343 accessum

2243 3385 2297 3439 iu
2322 3383 2643 3457 conﬁdentia
2666 3399 2758 3454 per
2782 3382 2939 3452 ﬁdem
2961 3385 3096 3449 eius.
3120 3380 3266 3436 Nihil
3292 3380 3454 3436 nobis
3483 3384 3552 3435 ita
3574 3389 3760 3451 potest
3779 3378 3849 3436 ad

2246 3478 2417 3534 Deum
2446 3475 2694 3547 praebere
2723 3475 2975 3529 fiduciam
3001 3518 3015 3542 ,
3047 3482 3104 3530 et
3131 3472 3484 3529 conscientia:
3513 3473 3812 3544 puritatem
3831 3517 3847 3541 ,

2243 3569 2313 3626 de
2339 3583 2444 3638 qua
2467 3567 2670 3624 dicitur
2702 3585 2716 3621 :
2747 3567 2809 3623 Si
2831 3566 3144 3622 conscientia
3173 3581 3266 3620 nos
3296 3580 3399 3620 non
3424 3565 3840 3637 reprehenderit,

2246 3660 2616 3731 conﬁdentiam
2638 3659 2884 3714 habemus
2910 3660 2979 3711 ad
3010 3657 3175 3713 Deum
3201 3656 3245 3730 (1
3267 3656 3430 3712 Joau.
3464 3671 3542 3725 ιιι,
3572 3656 3671 3728 21)
3694 3702 3709 3727 ,
3740 3658 3847 3715 nisi

2245 3766 2454 3819 sermo,
2479 3751 2704 3817 veritas,
2737 3749 3034 3819 sapientia,
3057 3749 3292 3820 iustitia,
3325 3764 3446 3819 quia
3470 3748 3650 3805 omnia
3678 3749 3846 3806 intelv

2245 3844 2488 3916 liguntur
2515 3843 2574 3899 in
2602 3841 2845 3899 Christo.
2883 3840 3172 3911 Quomodo
3208 3842 3375 3911 igitur
3416 3840 3534 3897 haec
3560 3840 3722 3898 nobis
3750 3842 3847 3898 tri-

2246 3935 2418 3992 buunt
2446 3936 2701 3992 ﬁduciam
2734 3936 2800 3990 ad
2836 3935 3003 3992 Deum
3023 3936 3132 3991 :sic
3161 3943 3219 3991 et
3242 3947 3553 4004 accessum,
3584 3943 3849 3993 utnoster

2246 4027 2313 4083 ad
2341 4043 2464 4083 eum
2491 4042 2688 4082 sensus
2716 4027 2962 4097 accedat,
2992 4037 3045 4081 et
3067 4025 3384 4097 diligentius
3410 4027 3844 4098 eontemnletur,

2245 4129 2302 4176 et
2334 4118 2535 4188 aliquid
2563 4119 2667 4174 sibi
2697 4120 2895 4189 deejus
2918 4121 3206 4190 majestate
3236 4128 3481 4177 assumat
3505 4131 3560 4176 et
3585 4121 3842 4193 vindicet,

2246 4221 2302 4268 et
2323 4212 2476 4283 quasi
2505 4211 2575 4266 de
2603 4211 2771 4267 radiis
2799 4213 2952 4280 solis,
2989 4213 3227 4269 calorem
3257 4212 3548 4285 quemdam
3583 4214 3847 4285 splendoé

2248 4318 2475 4375 remque
2488 4303 2712 4359 luminis
2730 4313 3007 4361 mutuetur
3019 4313 3075 4362 et
3095 4303 3269 4363 dicat:
3288 4304 3567 4377 Signatum
3596 4314 3669 4360 est
3683 4304 3849 4378 δυο

2245 4411 2402 4467 super
2429 4394 2704 4453 aestumat
2732 4396 2907 4465 uultus
2933 4395 3044 4463 tui,
3076 4393 3302 4451 Domine
3333 4394 3465 4467 (Pa.
3502 4411 3580 4464 iv,
3611 4396 3699 4468 Ἰ).
3736 4395 3844 4451 bla-

2245 4503 2412 4560 gnum
2440 4497 2524 4546 est
2546 4502 2680 4559 ergo
2707 4503 2817 4544 non
2845 4487 3024 4543 solum
3052 4502 3151 4543 nos
3184 4486 3390 4549 habere
3424 4487 3713 4553 ﬁduciam.
3751 4482 3847 4543 sed

546 4585 617 4644 ad
643 4587 841 4644 ctnlum
862 4585 1027 4663 595
1054 4602 1178 4647 eam
1207 4601 1440 4660 corpore
1468 4588 1635 4649 Deum
1655 4598 2021 4649 revertentem
2041 4590 2142 4645 mi-
2171 4572 2226 4635 D
2250 4582 2415 4641 etiam
2439 4582 2642 4645 habere
2664 4596 2785 4641 eant
2814 4582 2867 4637 in
2894 4580 3250 4643 confidentia.
3277 4580 3389 4637 Nec
3414 4592 3623 4636 tantum
3645 4580 3849 4641 habere

544 4690 758 4750 rantur,
781 4690 837 4739 et
857 4679 1048 4738 dicunt
1070 4698 1084 4737 :
1115 4680 1246 4749 Quis
1268 4681 1463 4741 satiate
1487 4682 1574 4754 qui
1597 4682 1831 4741 mandit
1860 4683 1926 4738 de
1946 4680 2140 4753 Edam,

620 4878 647 4944 φ
675 4868 954 4944 poemati.
985 4873 1314 4944 contectum,
1349 4879 1453 4936 pro
1473 4864 1877 4944 obtenditum._
1951 4933 1963 4944 _

620 4940 647 4979 ιι
675 4940 943 4999 Nimirum
993 4954 1062 4995 ex
1104 4932 1467 4995 vetustiorum
1517 4937 1730 5007 aliquot
1752 4933 2018 5007 Ecclesiae
2050 4932 2151 4988 Pa.

547 5021 695 5071 trum
741 5026 907 5069 sensu
946 5010 1226 5077 loquitur.
1275 5007 1512 5079 quibus,
1546 5004 1631 5079 uti
1650 5004 1864 5077 pridem
1920 5006 2153 5079 lluctius

549 5083 978 5149 animadvertit,
1010 5081 1164 5135 locus
1196 5077 1303 5135 iste
1326 5077 1575 5149 Apostoli
1620 5077 1675 5131 in
1714 5090 1879 5130 causa
1919 5077 2018 5149 fuit
2044 5085 2156 5149 ,_ut

547 5155 869 5221 crederent,
896 5146 1157 5223 pleraque
1182 5150 1280 5209 Dei
1310 5146 1566 5223 mysteria
1591 5149 1818 5223 angelos
1839 5163 1937 5217 per
1961 5146 2155 5204 Eccle-

548 5228 691 5287 aiam
716 5219 975 5295 didicisse
1000 5241 1013 5275 :
1038 5236 1245 5295 nones
1286 5219 1502 5295 quidem
1520 5261 1534 5287 ,
1562 5235 1682 5293 qua:
1706 5219 1905 5279 divina:
1943 5226 2155 5276 natum

552 5290 868 5353 necessario
906 5293 1098 5350 insunt
1151 5291 1277 5417 gillo
1306 5290 1595 5361 'siquidcm'
1642 5305 1980 5360 cognovere,
2024 5305 2148 5345 cum

552 5368 720 5417 semel
748 5368 857 5417 illis
884 5362 1159 5417 contuend
1212 5361 1308 5417 Dei
1342 5360 1578 5417 facultas
1606 5375 1873 5417 concessa
1903 5359 2035 5417 esti.
2055 5358 2148 5414 sed

549 5368 720 5424 semel
748 5368 857 5423 illis
884 5358 1181 5421 contuendi
1212 5361 1308 5417 Dei
1342 5358 1578 5417 facultas
1606 5358 2035 5433 conbessagst),
2055 5358 2151 5414 sed

549 5438 883 5512 gumlibere
915 5436 1061 5512 Deus
1096 5445 1150 5488 et
1198 5433 1507 5512 forinsecus
1548 5429 2157 5512 «peragr._hiyssenus

547 5502 741 5567 iiomil.
776 5509 813 5567 8
838 5509 895 5567 in
932 5506 1094 5578 Cant.
1126 5503 1454 5578 cognovisse
1483 5520 1582 5578 eos
1610 5522 1707 5576 per
1735 5502 2038 5578 Ecclesiam
2064 5502 2155 5578 in?

546 5580 909 5653 carnationis,
944 5569 1361 5653 redemptionis,
1392 5575 1570 5639 crucis
1591 5569 1689 5645 ,'ct
1722 5569 2151 5653 mo_rtis.(_1ltri_sti

546 5650 807 5722 mysteria
840 5640 1028 5722 docet.
1059 5640 1486 5722 Chrysostomus
1517 5640 1781 5714 praeterea
1813 5640 2020 5722 liquido
2055 5642 2153 5722 de:

544 5712 756 5781 clarat,
805 5715 1056 5787 angelos
1095 5712 1285 5787 rerum
1327 5716 1433 5769 sibi
1465 5712 1623 5787 antea
1674 5712 2046 5775 occultarum,
2101 5721 2159 5766 ct

551 5787 867 5861 ignotarum
885 5783 1149 5839 'nmitiam
1177 5798 1247 5839 ex
1276 5785 1397 5853 ipso
1412 5786 1786 5855 apostolorum
1810 5795 1909 5839 ore
1929 5794 2155 5853 eompa~

2245 4693 2526 4736 accessum
2553 4719 2568 4745 ,
2612 4676 2711 4735 sed
2742 4684 2801 4733 ut
2823 4675 2940 4747 ipse
2967 4676 3178 4737 ﬁrmior
3216 4677 3289 4732 sit
3315 4689 3572 4733 accessu
3594 4718 3609 4745 ,
3642 4676 3847 4733 habere

2255 4874 2409 4935 [asse
2452 4876 2464 4935 ε
2497 4856 2796 4935 “preacipue
2837 4868 2971 4917 vero
3030 4852 3435 4935 conversionis"
3465 4852 3719 4935 gentium
3778 4850 3846 4908 ad

2254 4930 2463 5001 Christi
2492 4923 2830 5001 fi’detu,'cum
2849 4937 3010 5001 antea
3035 4926 3375 5001 ignorarent.
3401 4923 3513 4989 Sed
3532 4923 3586 4981 in
3604 4937 3847 5001 commeo

2255 5000 2467 5075 diorem
2486 4998 2896 5075 accipisensum
2914 4992 3244 5075 ψει-ὅτιγιηί
3263 4997 3382 5059 hace
3386 5004 3637 5075 possunt
3656 4992 3843 5071 verba,

2256 5071 2527 5143 siquidem
2544 5067 2787 5143 eruditos
2800 5085 2900 5141 per
2913 5067 3219 5143 Ecclesiam
3239 5067 3468 5143 angeios
3485 5067 3638 5137 quasi
3662 5067 3842 5122 rerum

2259 5138 2433 5223 testes
2474 5153 2527 5201 et
2567 5138 2847 5223 conscios,
2883 5157 3008 5223 nec;
3027 5138 3185 5223 quasi
3221 5138 3558 5223 discipulos,
3594 5151 3843 5223 asserere

2257 5215 2534 5273 videatur.
2570 5213 2625 5271 In
2658 5228 2765 5271 t;uo
2789 5226 2838 5267 et
2869 5212 2939 5268 ab
2968 5209 3214 5281 Origenis
3244 5209 3474 5281 ριςιείιο,
3500 5209 3846 5281 ηυθιιλὶιιψιιφ

2257 5284 2547 5357 gnavimus
2576 5283 2641 5339 ad
2664 5283 2855 5357 bomil.
2886 5284 3008 5355 ejus
3038 5279 3129 5357 ἓξ),
3148 5279 3273 5357 jure
3301 5279 3609 5351 meritoque
3628 5279 3843 5357 dissen-

2256 5352 2342 5411 tit.
2379 5356 2581 5423 Pugnat
2610 5355 2889 5410 enimvero
2914 5352 3035 5409 cum
3060 5352 3360 5421 Scriptura:
3382 5365 3555 5407 sacra:
3597 5352 3843 5423 testimo-

2259 5427 2367 5483 niis
2392 5421 2587 5497 putare
2616 5427 2767 5498 prius
2793 5426 3105 5481 hominibus
3126 5437 3289 5493 quam
3310 5423 3521 5498 angelis
3540 5421 3840 5477 revelatum

2256 5498 2651 5557 incarnationis
2670 5498 2995 5569 mysterium
3014 5515 3027 5550 :
3046 5509 3374 5568 quamquam
3399 5498 3695 5569 boaurum,
3722 5507 3843 5561 quas

2254 5585 2320 5626 ex
2351 5585 2421 5623 eo
2465 5565 3151 5641 consequi'deliebztnt,'nt
3178 5565 3264 5623 est
3309 5565 3693 5641 conversionis
3712 5578 3844 5641 gens

2257 5641 2391 5696 tium
2430 5638 2496 5693 ad
2534 5633 2728 5706 tidem,
2769 5640 2883 5696 fere
2923 5633 3130 5694 nullam
3179 5633 3549 5707 cognitionem
3592 5633 3843 5707 habuisse

2254 5710 2377 5767 illos
2402 5710 2797 5782 liceatopinari
2823 5728 2836 5765 :
2868 5710 3031 5782 idque
3053 5724 3224 5782 genus
3247 5705 3311 5769 ea
3344 5721 3467 5781 esse
3494 5750 3507 5775 ,
3566 5707 3617 5761 in
3649 5705 3845 5779 quibus

2257 5796 2356 5853 per
2373 5780 2583 5837 Christi
2610 5780 2845 5839 mortem
2872 5780 3229 5854 profecerim.
