4056 6342
221 316 311 384 £85

720 320 1374 392 COMMENTARIOBUM
1411 332 1475 399 ιρι
1514 334 1797 401 EPISTOL

1902 342 1905 397 ἱ
1943 340 2038 401 ttn
2076 336 2410 411 Erat—35105
2451 346 2582 405 LIB.
2626 342 2690 407 it.
2732 348 2886 409 CAP.
2927 345 3045 408 ut:

3404 358 3512 417 ‘86

217 463 352 521 illum
388 465 447 523 in
480 465 846 533 conﬁdentia,
889 466 1047 537 cujus
1074 459 1285 525 ﬁduciae
1314 478 1478 541 atque
1508 486 1762 530 accessus
1787 516 1802 543 ,
1831 458 1880 521 Δ
1910 468 2058 513 ηοω
2088 458 2286 519 Paulus
2314 477 2413 533 pro
2444 465 2523 523 eis
2569 473 2818 534 noluerat
2867 468 3180 539 deprecari.
3212 483 3284 526 ne
3312 469 3513 528 deﬁce-

220 556 546 628 priucipium
571 569 625 615 et
653 560 805 629 origo
829 600 843 625 ,
877 558 1015 617 ﬁdes
1039 559 1092 616 in
1124 558 1349 619 Christo
1372 570 1476 620 est.
1508 562 1613 630 Qui
1642 564 1805 634 igitur

219 650 383 707 omnia
410 649 630 709 ratione
654 658 709 707 et
737 649 930 707 ordine
955 649 1102 718 facit,
1126 652 1229 709 iste
1255 652 1431 710 credit
1455 654 1801 713 inChristum

218 758 524 805 sermonem
558 752 723 814 atque
755 747 1020 805 rationem
1048 761 1062 801 :
1098 747 1188 817 qui
1217 747 1540 815 sapientiam
1567 748 1805 819 potuerit

217 834 699 905 comprehendere,
729 836 906 899 credit
934 838 985 892 in
1017 836 1297 897 Christum
1319 839 1646 910 sapientiam
1672 860 1685 897 :
1710 845 1802 913 qui

215 928 540 987 intellexerit
563 929 879 996 veritatem.
905 929 1081 991 credit
1103 930 1157 991 in
1177 931 1454 991 Christum
1479 935 1799 995 veritatem:

215 1026 301 1091 qui
322 1020 470 1092 juste
494 1020 729 1087 vixerit,
763 1020 940 1079 credit
963 1023 1017 1079 in
1046 1039 1168 1080 eum
1196 1024 1489 1094 justitiam.
1523 1026 1633 1083 Nec
1660 1042 1802 1098 opus

216 1120 297 1168 est
324 1112 480 1182 plura
521 1112 738 1178 dicere,
774 1128 900 1168 cum
952 1114 1274 1185 frequenter
1318 1116 1455 1174 mihi
1505 1122 1803 1180 necessitas

215 1204 511 1262 incubuerit
539 1205 607 1269 de
634 1204 856 1262 Christo
883 1206 1139 1271 similiter
1167 1210 1496 1271 disserendi.

280 1297 470 1370 (Vers.
522 1298 607 1353 15.
641 1295 661 1369 )
705 1298 931 1369 Pmpter
979 1302 1120 1371 quod
1157 1312 1309 1374 peto,
1350 1320 1415 1361 ne
1456 1305 1710 1375 drﬁsiatis
1747 1306 1799 1362 iu

210 1389 627 1447 tribulationibus
665 1392 793 1446 meis
821 1408 918 1463 pro
949 1394 1091 1449 vobis
1111 1434 1129 1460 ,
1153 1411 1271 1465 quo
1297 1407 1372 1459 est
1406 1397 1577 1471 gloria
1607 1409 1799 1457 vestra.

208 1481 262 1539 1d
293 1482 433 1553 quod
461 1498 607 1538 nunc
629 1482 858 1541 latinus
885 1487 1184 1545 translator
1229 1491 1542 1560 expressit,
1573 1509 1639 1548 ne
1666 1492 1801 1562 deﬁ-

206 1573 374 1640 ciatis,
408 1581 592 1643 potest
606 1574 762 1644 juxta
793 1574 969 1632 Graeci
995 1580 1272 1637 sermonis
1298 1580 1717 1652 ambiguitatem
1745 1593 1803 1642 et

208 1664 281 1724 ita
329 1666 469 1737 legi,
506 1684 569 1721 ne
611 1667 876 1737 deﬁciam.
913 1667 983 1733 Ut
1011 1670 1085 1724 sit
1123 1686 1323 1731 sensus
1351 1688 1368 1733 ς
1398 1672 1629 1743 Propter
1657 1676 1804 1746 quod

206 1768 322 1831 peto
343 1801 360 1828 ,
406 1776 471 1816 ne
492 1760 732 1830 deﬁciam
778 1762 833 1816 in
879 1762 1308 1823 tribulationibus
1335 1768 1466 1827 aleis
1494 1783 1589 1840 pro
1617 1768 1760 1825 vobis
1782 1811 1798 1837 ,

1906 555 2030 604 rent
2057 558 2221 621 atque
2260 552 2625 617 lassescerent
2658 574 2672 613 ε
2704 573 2851 615 nunc
2900 576 3029 616 vero
3076 562 3366 619 ridiculum
3404 575 3513 631 cst,

1905 638 2078 703 Paulo
2124 643 2179 699 in
2228 646 2681 709 tribulationibus
2729 653 2943 721 posito,
3002 670 3198 725 ragare
3243 672 3395 723 cum,
3446 673 3515 716 ne

1907 732 2115 804 Ephesi
2137 737 2191 793 in
2214 752 2314 803 suo
2345 740 2538 801 labore
2561 742 2841 805 deliciam.
2870 746 2976 804 Sed
3007 755 3063 805 et
3090 747 3157 805 ad
3180 747 3323 806 hanc
3360 766 3512 821 qum-

1906 828 2235 887 Stiunculant
2260 832 2666 893 dissolvendam
2686 877 2705 903 ,
2728 836 2858 897 illud
2884 848 3132 897 sumetur
3160 842 3469 910 exemplum
3495 858 3510 897 :

1905 917 2270 981 Tentatiouem
2297 934 2519 985 vestram
2544 928 2597 982 in
2624 943 2780 985 carne
2808 946 2927 987 mea
2955 949 3059 988 non
3085 935 3354 1003 sprevistis
3373 976 3387 1000 ,
3420 952 3512 991 ne-

1904 1028 2003 1082 que
2017 1012 2300 1082 obiecistis.
2329 1014 2648 1077 Ostenditur
2668 1021 2936 1092 siquidem
2966 1024 3019 1087 in
3045 1024 3150 1081 hoc
3169 1025 3340 1095 dicto,
3366 1026 3511 1098 quod

1907 1104 1961 1163 itt
1992 1121 2158 1168 carne
2184 1105 2336 1164 Pauli
2366 1107 2491 1169 aliis
2520 1110 2590 1164 sit
2636 1122 2766 1169 nata
2796 1115 3049 1175 tentetiu.
3086 1115 3512 1177 Consideremus

1906 1200 2073 1265 totius
2089 1194 2286 1263 'mundi
2330 1201 2580 1263 homines
2615 1203 2848 1274 (etquid
2894 1207 2946 1267 itt
2976 1222 3268 1269 commune
3298 1210 3367 1269 de
3391 1227 3512 1269 om—

1906 1292 2074 1355 nibus
2098 1293 2319 1365 loquor,
2341 1310 2439 1357 eos
2459 1295 2554 1367 qui
2588 1298 2639 1352 in
2663 1295 2942 1359 Christum
2971 1309 3231 1370 putantur
3256 1302 3508 1368 credere,

1905 1385 2319 1459 discutiamus),
2343 1388 2722 1453 etvidebituns
2750 1390 2853 1447 hac
2877 1406 2973 1448 eos
2996 1392 3085 1447 vel
3107 1394 3344 1453 maxime
3363 1409 3512 1465 qne-

1904 1476 2090 1535 stione
2101 1483 2321 1545 tentari,
2345 1496 2517 1554 quare
2530 1483 2736 1541 sanatis
2758 1483 2895 1543 viris
2909 1493 2965 1543 et
2992 1484 3103 1540 Deo
3115 1486 3508 1552 servientibus,

1906 1573 2076 1631 multa
2124 1572 2356 1636 adversa
2410 1574 2686 1642 eveniant,
2714 1585 2770 1635 et
2792 1584 2985 1635 contra
3017 1576 3296 1644 scelerati,
3332 1576 3506 1647 intpii,

1905 1662 2197 1735 parricidae
2227 1664 2482 1738 ﬂoreant,
2512 1667 2755 1741 vigeant,
2786 1666 2898 1729 sint
2928 1667 3129 1725 divites
3160 1677 3217 1727 et
3238 1676 3509 1739 potentes.

1904 1755 2144 1827 Quorum
2174 1758 2336 1822 verba
2360 1759 2463 1817 sub
2487 1774 2584 1823 sua
2611 1775 2849 1830 persona
2875 1760 3040 1823 David
3064 1761 3380 1831 exprimens
3402 1763 3510 1819 ait:

205 1859 308 1911 etc.
336 1851 449 1911 Hoc
476 1859 565 1913 est
586 1868 717 1923 ergo
739 1853 888 1925 quod
912 1856 1211 1925 Apostolus
1240 1870 1418 1929 rogat,
1443 1870 1550 1917 sta
1577 1861 1797 1919 Domino

1912 1848 2083 1915 Quam
2111 1850 2275 1911 bonus
2303 1848 2447 1913 Deus
2486 1848 2659 1907 Israel
2686 1851 2838 1911 τεθεὶς
2874 1851 3050 1913 cattle.
3079 1851 3190 1911 Mei
3229 1868 3349 1907 vero
3383 1869 3514 1931 pene

205 1959 537 2017 magnopere
564 1945 919 2015 deprecatur,
948 1963 1017 2003 ne
1040 1946 1263 2005 deﬁciat
1283 1950 1336 2007 itt
1365 1955 1643 2022 pressaris
1664 1954 1799 2013 suis.

204 2036 436 2093 \‘idebat
461 2039 666 2110 quippe
695 2053 753 2093 se
784 2039 855 2096 de
882 2037 1186 2097 Jerusalem
1216 2058 1389 2115 usque
1417 2045 1484 2105 ad
1516 2045 1799 2116 illyricnm

202 2130 556 2204 Evangeliutn
587 2132 1070 2204 prtcdicasserse
1100 2136 1438 2207 Romam,ad
1466 2142 1757 2213 Hispanias
1783 2188 1800 2213 ,

205 2225 297 2282 vel
319 2228 653 2297 perrexisse,
679 2229 764 2285 vel
789 2231 869 2289 ire
898 2231 1196 2302 disponere
1228 2235 1249 2307 (
1273 2235 1430 2294 Rom.
1458 2253 1523 2293 ιν
1547 2237 1595 2311 ).
1628 2239 1802 2297 Totus

201 2318 436 2374 mundus
466 2320 536 2375 ad
580 2321 886 2379 doctrinam
916 2324 1089 2396 ipsius
1117 2325 1188 2387 de
1231 2338 1507 2398 potestate
1535 2331 1801 2401 principis

205 2411 502 2469 tollebatur
536 2429 550 2467 :
579 2413 981 2471 deserebantur
1007 2416 1174 2486 idola,
1199 2428 1256 2477 et
1272 2422 1577 2477 cultoribus
1599 2422 1800 2493 templa

204 2505 423 2562 deserta
457 2508 715 2578 squalore
756 2517 816 2565 et
839 2511 1099 2573 sordibus
1120 2512 1500 2585 rapiebantur.
1530 2515 1614 2572 Ob
1639 2531 1800 2587 quam

202 2616 431 2661 causam
463 2603 644 2659 omnis
686 2604 964 2665 exercitus
1005 2605 1316 2663 daemonum
1344 2649 1361 2674 ,
1411 2612 1593 2666 otttnis
1640 2611 1799 2669 turba

203 2691 550 2753 inimicarum
581 2694 990 2765 fortitudinum,
1018 2705 1212 2757 contra
1251 2701 1424 2770 ipsum
1454 2700 1600 2759 facto
1626 2717 1803 2758 cuneo

203 2783 531 2857 dimicabat,
562 2796 623 2845 ut
642 2802 740 2858 per
771 2787 1154 2849 tribulationes
1177 2800 1234 2849 et
1274 2796 1589 2864 angustias,
1622 2794 1801 2851 Evan-

199 2878 405 2954 gelium
452 2878 655 2938 Christi
701 2881 979 2941 desineret
1011 2884 1345 2953 praedicare,
1392 2899 1450 2943 et
1482 2888 1661 2945 lassus
1701 2889 1799 2945 ali-

200 2971 423 3042 quando
449 2975 846 3044 requiesceret.
875 2975 990 3031 llnc
1010 2985 1096 3033 est
1123 2977 1307 3048 itaque
1329 2979 1480 3049 quod
1500 2980 1578 3039 ait
1602 2998 1615 3035 :
1644 2979 1797 3048 Peto,

200 3081 267 3119 ue
291 3066 530 3136 deﬁciam
553 3066 604 3125 in
633 3068 1050 3125 tribulationibus
1093 3072 1221 3129 meis
1264 3088 1360 3141 pro
1405 3073 1566 3131 vobis.
1600 3074 1797 3135 Totum

197 3156 346 3212 enim
378 3158 519 3229 quod
554 3160 731 3230 patior
754 3204 770 3231 ,
820 3161 966 3232 quod
999 3162 1236 3221 tribulor
1258 3205 1275 3231 ,
1325 3165 1473 3236 quod
1502 3176 1759 3223 coarctor
1781 3213 1796 3238 ,

1906 1942 2033 1999 moti
2056 1954 2179 2003 sunt
2217 1942 2371 2017 pedes
2399 1959 2568 2014 ,‘pcue
2602 1942 2754 2013 alittsi
2796 1956 2916 2007 sunt
2953 1961 3160 2025 gressus
3209 1947 3331 2007 mei.
3368 1947 3512 2014 ρηο-

1904 2034 2047 2091 niam
2073 2033 2357 2095 mutatus
2383 2052 2502 2092 sunt
2528 2052 2685 2110 super
2728 2037 2942 2107 iniquis,
2973 2054 3151 2108 pacem
3179 2047 3509 2113 peccatorum

1903 2125 2088 2182 uidens
2111 2127 2234 2197 (Ps.
2265 2142 2436 2194 Lxxtt.
2466 2134 2486 2183 l
2512 2130 2702 2201 seqq),
2731 2138 2788 2184 et
2815 2129 3044 2202 reliqua.
3072 2129 3250 2200 Super
3279 2146 3402 2201 qua:
3431 2131 3513 2187 itt-

1904 2219 2010 2276 l'crt
2043 2238 2056 2276 :
2088 2219 2203 2297 Ego
2231 2231 2404 2283 autent
2432 2222 2585 2281 dixi:
2616 2239 2738 2295 ergo
2772 2224 2884 2283 sine
2921 2239 3078 2281 causa
3104 2223 3401 2296 justiﬁraoi
3424 2241 3514 2279 cor

1902 2330 2097 2382 meum,
2127 2326 2174 2370 et
2214 2313 2318 2375 lavi
2345 2316 2479 2378 inter
2505 2317 2803 2379 innocentes
2835 2332 3021 2373 manus
3050 2331 3223 2381 meas,
3260 2326 3307 2379 et
3344 2316 3512 2388 [actus

1903 2421 2019 2463 sunt
2045 2407 2344 2479 ﬂagellatus
2394 2418 2505 2467 tota
2542 2409 2644 2473 die.
2696 2408 2812 2465 Non
2859 2409 3042 2481 itaque
3078 2408 3277 2467 mirum
3308 2419 3414 2474 est,
3462 2408 3507 2462 si

1905 2500 2156 2570 pluribus
2177 2501 2346 2563 Paulo
2368 2503 2638 2574 angustiis
2678 2503 2729 2563 iu
2756 2503 2998 2575 Epheso,
3031 2504 3161 2565 etin
3192 2502 3322 2559 Asia
3343 2516 3505 2559 coar-

1902 2602 2071 2662 Ctato,
2098 2595 2296 2666 Ephesi
2333 2597 2707 2666 tentabantur,
2745 2607 2799 2657 et
2827 2597 3105 2653 habebant
3135 2601 3504 2655 necessarium

1902 2689 2210 2749 orationum
2241 2691 2360 2761 ejus
2381 2691 2673 2761 auxilium,
2706 2708 2776 2749 ne
2805 2692 3112 2753 delicereut
3143 2693 3195 2749 iu
3226 2692 3506 2764 pressaris

1901 2780 2039 2853 ejus.
2071 2782 2227 2853 Quod
2257 2792 2438 2847 autem
2472 2785 2526 2847 in
2574 2784 2793 2856 Epheso
2831 2796 2886 2841 et
2917 2787 2972 2842 in
3002 2785 3133 2843 Asia
3164 2783 3330 2845 luerit
3357 2788 3503 2855 Apo-

1900 2875 2075 2937 stolus
2102 2877 2259 2948 plura
2295 2892 2584 2949 perpessus
2610 2919 2626 2946 ,
2676 2878 2945 2949 scriptum
2990 2889 3075 2937 est
3112 2878 3334 2951 quidem
3364 2888 3420 2935 ct
3450 2880 3503 2937 in

1901 2969 2130 3027 Actibus
2180 2970 2555 3041 apostatarum
2584 2988 2599 3026 :
2630 2972 2796 3044 598
2849 2971 2948 3028 sed
3007 2974 3179 3044 magis
3222 2973 3293 3029 de
3335 2973 3506 3043 ipsius

1900 3059 2053 3123 Pauli
2075 3060 2343 3133 Epistolis
2360 3061 2646 3132 discimus,
2678 3064 2730 3119 in
2752 3064 2955 3134 quibus
2983 3066 3058 3121 ait
3094 3081 3108 3121 :
3142 3065 3203 3121 Si
3223 3065 3383 3138 juxta
3407 3065 3502 3123 lto~

1902 3154 2093 3215 minent
2117 3154 2185 3217 ad
2210 3155 2398 3217 bestias
2423 3157 2653 3230 pugnavi
2679 3156 2734 3215 in
2778 3155 2986 3228 Epheso
3006 3199 3022 3226 ,
3070 3158 3195 3228 quid
3225 3157 3354 3212 mihi
3377 3173 3503 3228 pro-

197 3257 406 3307 vestrze
455 3252 648 3307 salutis
687 3260 772 3311 est
811 3268 1014 3322 causa,
1062 3254 1192 3311 dum
1240 3255 1398 3313 vobis
1445 3257 1796 3330 Erangelium

1904 3245 2041 3317 dest,
2069 3248 2114 3303 si
2150 3247 2341 3309 mortui
2378 3263 2485 3307 non
2510 3257 2785 3319 resurgunt
2815 3248 2859 3319 (ι
2889 3246 3012 3303 Cor.
3045 3264 3143 3316 xv,
3178 3248 3314 3321 52)?
3351 3249 3421 3309 Et
3449 3250 3503 3304 in

196 3343 529 3399 annuntiare
559 3343 812 3403 desidero
837 3362 850 3398 :
879 3362 998 3417 que
1024 3347 1407 3406 tribulationes
1433 3364 1593 3420 mem,
1617 3361 1793 3408 vestra

190 3442 285 3491 est
331 3434 531 3505 gloria.
564 3434 736 3490 Porro
781 3438 936 3508 quasi
977 3440 1259 3510 imperitus
1315 3441 1533 3499 locutus
1570 3452 1689 3509 est,
1738 3453 1800 3499 ut

191 3526 393 3598 plurali
427 3527 841 3585 tribulationum
869 3546 1100 3587 numero
1124 3574 1141 3599 ,
1179 3534 1409 3604 gloriam
1440 3534 1795 3606 subjungeret

193 3617 570 3689 singularem,
602 3627 657 3675 et
683 3619 937 3679 diceret;
972 3620 1040 3676 In
1075 3624 1502 3681 tribulationibus
1535 3627 1662 3689 meis
1701 3644 1798 3700 pro

187 3711 339 3766 vobis
363 3757 379 3782 ,
420 3728 537 3781 qua:
564 3721 640 3767 est
669 3713 841 3786 gloria
870 3724 1039 3777 uestra
1061 3758 1077 3784 ,
1106 3731 1205 3789 pro
1233 3734 1301 3773 eo
1333 3719 1481 3788 quod
1520 3729 1636 3789 est,
1680 3738 1798 3792 qua:

185 3811 315 3857 sunt
385 3803 749 3858 tribulationes
809 3806 981 3878 gloria
1047 3818 1215 3867 vestra
1262 3824 1279 3862 :
1330 3809 1433 3867 nisi
1487 3809 1628 3868 forte
1676 3812 1798 3883 quis

186 3895 361 3950 altius
389 3905 445 3951 et
481 3910 575 3964 per
599 3896 974 3971 hyperbaton,
1023 3899 1110 3955 vel
1152 3899 1221 3956 ad
1263 3900 1550 3971 ﬁduciam,
1593 3903 1678 3960 vel
1728 3905 1796 3961 ad

184 4004 497 4057 accessum,
546 3992 631 4047 vel
677 3992 744 4047 ad
794 3989 959 4051 ﬁdem
1004 3994 1111 4049 ltoc
1160 3994 1444 4057 existimet
1490 4011 1615 4055 esse
1659 3999 1796 4055 rete-

184 4083 468 4154 rendnm,
517 4093 572 4139 et
637 4084 830 4158 dicat,
887 4088 942 4141 in
999 4102 1108 4158 quo
1164 4088 1430 4146 habemus
1498 4091 1794 4163 liduciam,

185 4176 356 4249 597
389 4186 441 4232 et
462 4191 766 4246 accessum,
791 4188 845 4234 et
864 4178 1203 4249 tidem.‘Qn:c
1231 4181 1451 4250 ﬁducia,
1474 4198 1725 4243 accessus
1743 4194 1796 4248 et

180 4267 357 4335 ﬁdes,
385 4278 561 4323 vestra
595 4277 682 4324 est
718 4270 913 4339 gloria.
944 4271 1057 4327 Sed
1095 4275 1265 4344 magis
1303 4276 1554 4347 superior
1581 4286 1798 4334 sectati.

179 4360 294 4416 dus
322 4371 405 4417 est
435 4378 654 4421 sensus.
685 4363 869 4421 Potest
891 4377 1073 4422 autem
1101 4369 1398 4425 secundum
1429 4370 1481 4427 id
1511 4372 1657 4442 quod
1687 4372 1795 4429 La.

178 4454 341 4510 tinus
373 4458 640 4526 expressit
676 4476 687 4512 :
722 4456 949 4530 Propter
992 4461 1135 4530 quod
1167 4471 1308 4534 peto,
1354 4480 1417 4519 ne
1443 4464 1700 4531 deficiatis
1740 4468 1793 4523 in

175 4547 620 4606 tribulationibus
648 4551 773 4605 meis
814 4567 912 4624 pro
954 4552 1116 4623 vobis,
1147 4570 1268 4627 qua:
1305 4565 1381 4612 est
1405 4556 1574 4628 gloria
1602 4570 1793 4628 vestra,

1899 3339 2133 3403 secunda
2161 3340 2228 3399 ad
2259 3340 2578 3397 Corinthios
2613 3358 2627 3399 ;
2655 3340 2801 3397 Noto
2841 3357 2930 3396 vos
2960 3344 3241 3417 ignorare,
3288 3348 3501 3414 fratres,

1898 3431 1961 3487 de
1990 3432 2323 3497 tribulatione
2345 3442 2547 3504 nostra,
2579 3450 2696 3507 qua:
2715 3438 2862 3507 facta
2881 3444 2955 3490 est
2984 3435 3038 3495 in
3063 3433 3190 3497 Asia
3219 3436 3385 3507 :quitt
3409 3453 3500 3491 su.

1900 3541 1993 3594 per
2019 3526 2251 3594 modum,
2285 3543 2443 3599 super
2468 3527 2709 3587 virtutem
2748 3529 3026 3599 aggravati
3062 3544 3269 3599 sumus,
3320 3529 3394 3591 ita
3446 3540 3501 3585 ut

1899 3618 2292 3692 desperaremus
2333 3621 2490 3681 etiam
2530 3622 2696 3677 vivere
2728 3637 2746 3677 :
2774 3622 2866 3677 sed
2893 3623 2995 3693 ipsi
3031 3622 3084 3679 in
3119 3622 3503 3695 nobismetipsis

1899 3727 2205 3784 responsum
2246 3714 2428 3771 mortis
2457 3712 2731 3771 habuimus
2750 3755 2765 3781 ,
2800 3722 2856 3769 ut
2886 3730 2992 3771 non
3018 3713 3336 3785 conﬁdentes
3361 3730 3501 3771 esse-

1900 3820 2014 3861 mus
2032 3805 2086 3863 in
2116 3804 2287 3873 nobis,
2318 3804 2406 3859 sed
2436 3804 2489 3860 in
2518 3803 2631 3865 Dso
2661 3805 2751 3877 qui
2778 3804 2997 3867 suscitat
3039 3816 3288 3877 mortuos,
3319 3806 3408 3878 qui
3436 3806 3503 3862 de

1898 3895 2085 3952 talibus
2108 3895 2356 3953 mortibus
2383 3896 2619 3953 liberavit
2641 3914 2756 3967 nos,
2787 3906 2837 3959 et
2856 3897 3045 3961 liberat
3067 3913 3089 3956 .'
3111 3915 3379 3971 speramus
3404 3914 3503 3957 ttu-

1899 4001 2021 4059 tent,
2042 3993 2166 4065 quia
2195 4000 2243 4049 et
2271 3992 2584 4049 liberaturus
2604 3992 2673 4053 sit
2692 3990 2762 4063 (ll
2785 3990 2910 4048 Cor.
2942 4008 2989 4061 ι,
3023 3993 3059 4050 8
3097 3991 3283 4065 seqq).
3318 3993 3504 4062 Quano

1901 4092 2014 4141 tum
2046 4093 2201 4156 putas
2222 4101 2345 4143 eum
2378 4085 2781 4145 tribulationum
2808 4085 3021 4157 pondus
3051 4088 3310 4158 urgebat,
3340 4094 3399 4147 ut
3421 4087 3505 4143 di-

1900 4189 2050 4235 ceret
2085 4198 2097 4235 :
2130 4180 2224 4251 qui
2245 4180 2308 4237 de
2330 4181 2490 4237 tantis
2526 4191 2574 4235 et
2615 4178 2809 4241 talibus
2835 4180 3088 4241 mortibus
3111 4179 3348 4237 liberavit
3369 4184 3507 4247 nos?

1897 4270 2067 4329 Recte
2096 4271 2258 4344 igitur
2308 4273 2469 4346 petit,
2511 4288 2580 4330 ne
2606 4271 2826 4333 deﬁciat
2865 4272 3003 4331 ﬁdes
3044 4273 3404 4343 Ephesiorum
3446 4274 3501 4335 in

1899 4367 2170 4439 pressaris
2197 4367 2309 4423 suis
2336 4376 2501 4440 atque
2540 4366 2810 4437 anguStiis
2829 4406 2846 4433 ,
2876 4379 3010 4437 quas
3040 4375 3330 4438 propterea
3356 4366 3502 4436 pati-

1899 4464 2008 4530 tur,
2035 4457 2163 4529 quia
2192 4457 2441 4530 Ephesiis
2471 4458 2825 4529 Evangelium
2859 4457 3208 4532 prmdieabat.
3238 4458 3502 4529 Quicqui-

1896 4550 2020 4611 dem
2051 4564 2320 4625 pressurae
2349 4551 2493 4623 apud
2526 4551 2839 4609 incredulos
2868 4566 3046 4623 poena:
3085 4562 3232 4623 sunt,
3263 4553 3406 4623 apud
3436 4552 3503 4609 tl-

173 4639 324 4696 illud
354 4643 551 4711 exponi
584 4643 727 4712 quod
758 4659 855 4713 pro
890 4644 1136 4715 Ephesiis
1166 4654 1334 4716 petat,
1369 4661 1437 4702 ne
1480 4647 1535 4701 in
1578 4663 1798 4717 pressu-
1824 4640 1877 4702 Ι)
1900 4643 2051 4699 delcs
2073 4643 2243 4715 gloria
2271 4653 2435 4717 atque
2463 4644 2710 4708 victoria,
2735 4644 2861 4714 quia
2892 4643 3110 4712 vicisse,
3146 4654 3230 4701 est
3251 4644 3503 4703 adversa-

170 4730 264 4788 ris
287 4733 523 4798 apostoli
552 4734 850 4790 lassescaut
870 4742 1033 4806 atque
1053 4735 1329 4793 deﬁciant.
1353 4737 1632 4810 Siquidem
1652 4750 1708 4796 et
1731 4755 1796 4798 ea

168 4839 310 4894 qua:
352 4834 671 4901 sequuntur,
717 4825 843 4882 huic
868 4829 1049 4883 sensui
1081 4829 1251 4901 magis
1274 4842 1580 4902 congruunt
1615 4850 1629 4888 :
1664 4831 1797 4889 Pro-

166 4926 373 4988 pterea
397 4934 558 4973 curvo
579 4935 747 4990 genua
774 4937 889 4979 mea
911 4920 981 4976 ad
1006 4919 1220 4983 Patrem
1247 4922 1463 4980 Domini
1475 4926 1642 4981 nostri
1668 4924 1796 4982 Iesu

168 5008 426 5080 Christi,
476 5020 534 5066 ut
581 5013 666 5067 det
707 5015 852 5069 uobis
897 5015 1186 5071 secundum
1227 5018 1435 5073 divitias
1468 5019 1651 5092 gloriae
1687 5038 1796 5078 sum

164 5102 381 5158 virtute
401 5106 709 5178 confortari.
744 5106 1114 5171 Necessarium
1147 5111 1347 5183 quippe
1379 5111 1657 5170 habebant
1682 5116 1788 5171 lor-

164 5191 505 5266 titudincm,
540 5214 609 5253 ne
641 5198 694 5253 in
734 5200 1177 5259 tribulationibus
1223 5206 1585 5263 vincerentur.
1630 5206 1790 5263 Dicat

157 5289 382 5362 aliquis
416 5292 518 5350 :Si
566 5294 798 5352 fuissent
841 5295 1038 5368 Ephesi
1088 5296 1141 5353 in
1174 5301 1438 5370 angustiis
1480 5303 1783 5372 constituti,

240 5484 901 5562 "_Victori.tt_s_expungit
955 5493 1142 5562 verba,
1200 5494 1410 5552 Domini
1458 5497 1622 5552 nostri
1665 5495 1795 5552 Iesu

155 5556 406 5626 Christi,
428 5559 573 5630 quod
607 5559 669 5635 in,
692 5556 1300 5635 sulut'exacxpositione
1326 5582 1389 5621 ea
1424 5566 1646 5622 novisse
1674 5567 1797 5623 Hie-

148 5645 453 5709 ronymus
480 5648 590 5687 non
622 5631 890 5691 sidentur.
926 5631 1121 5709 Porro.
1153 5639 1344 5706 inquit,
1374 5637 1517 5709 quod
1539 5640 1792 5709 sequitur,

147 5699 244 5765 ad
276 5699 527 5778 Patrem,
559 5718 626 5763 ex
650 5719 764 5773 quo
790 5706 968 5765 omnis
997 5699 1305 5778 pateruilns
1333 5699 1398 5771 it;
1434 5699 1685 5764 emtis'et
1738 5699 1793 5771 in

148 5770 352 5831 terris
378 5770 709 5840 nominatur,
743 5791 847 5829 non
882 5786 933 5829 ut
956 5770 1017 5833 iri
1033 5777 1245 5835 Latinis
1263 5770 1527 5839 codicibus
1558 5770 1795 5836 additum

144 5852 278 5917 at,
311 5841 382 5898 ad
412 5839 630 5900 Patrem
662 5839 882 5902 Domini
922 5849 1101 5908 nostri
1130 5848 1265 5910 lese
1288 5850 1522 5918 Christi;
1551 5850 1644 5907 sal
1670 5854 1791 5908 sint»

1900 4736 1996 4793 riis
2023 4733 2076 4791 in
2106 4736 2371 4808 angustiis
2401 4751 2509 4793 non
2540 4736 2791 4795 cessisse.

1972 4827 2159 4900 (Vers.
2185 4827 2300 4902 M.)
2334 4826 2619 4898 Propterea
2656 4844 2809 4887 curvo
2828 4844 2995 4900 genua
3029 4845 3143 4893 utea
3179 4828 3250 4889 ad
3290 4827 3498 4891 Patrem

1896 4933 1927 4963 ι
1954 4920 2167 4979 Domini
2187 4923 2349 4979 nostri
2378 4920 2509 4978 Iesu
2537 4920 2757 4991 Christi,
2790 4937 2855 4977 ea:
2881 4937 2984 4990 quo
3022 4923 3188 4977 omnis
3216 4923 3500 4993 pateruitas

1896 5016 1953 5072 in
1983 5016 2144 5087 caelis,
2178 5026 2225 5071 et
2250 5016 2307 5071 in
2338 5025 2478 5070 terra
2511 5015 2827 5070 nominatur.
2855 5014 3143 5081 Quomodo
3171 5014 3223 5069 in
3254 5016 3502 5087 superio-

1900 5112 2052 5169 ribus
2073 5111 2509 5171 demonstratum
2544 5117 2645 5175 est.
2679 5109 2746 5172 ad
2773 5107 3007 5181 elﬁgiem
3032 5106 3397 5177 corporalium
3419 5106 3503 5173 lu-

1897 5207 2106 5263 minum
2136 5219 2259 5261 esse
2284 5203 2475 5260 oculos
2506 5201 2822 5273 spirituales
2856 5219 2869 5255 :
2911 5204 3166 5269 sicnunc
3189 5201 3498 5272 intelligen-

1894 5303 2044 5366 dum,
2069 5298 2172 5353 alia
2195 5311 2319 5355 esse
2348 5295 2640 5361 exterioris
2670 5293 2905 5357 hominis
2924 5309 3123 5367 genus,
3146 5295 3249 5350 alia
3275 5294 3498 5350 interio-

1898 5495 2131 5569 pliciter,
2160 5497 2226 5552 ad
2263 5495 2483 5553 Patrem
2501 5496 2806 5569 tegentium,
2856 5506 2910 5552 ut
2949 5495 3048 5551 Dei
3094 5494 3271 5551 Patris
3313 5510 3496 5549 nomen

1900 5565 2004 5624 non
2032 5565 2256 5625 Dontino
2282 5577 2459 5623 nostra
2481 5565 2608 5622 Jes'u
2632 5565 2879 5632 Christo;
2904 5570 2996 5624 sed
3030 5569 3262 5623 omnibus
3289 5578 3494 5621 creatu-

1899 5643 1975 5711 ris
2019 5639 2365 5695 rationalibus
2401 5647 2693 5711 conpletur.
2724 5640 2993 5711 Equidem
3029 5651 3086 5711 et
3121 5651 3334 5695 veteres
3362 5654 3494 5693 mss.

1899 5710 2023 5786 libri
2072 5711 2254 5786 Graei
2304 5726 2446 5765 nunc
2474 5710 2809 5782 suppetunt;
2835 5712 2928 5782 qui
2967 5710 3156 5786 verita,
3185 5717 3279 5767 τοῦ
3306 5713 3493 5786 Κιρρίου

1900 5784 2041 5909 διιῶ
2081 5781 2251 5844 ἰησοὺ
2301 5781 2555 5865 aptasse,
2584 5781 2699 5838 non
2733 5781 3054 5853 agnoscunt,
3086 5782 3314 5855 duaeque
3358 5781 3491 5837 item

1946 5856 2195 5909 erato-as
2214 5861 2470 5909 “unum.
2496 5849 2807 5909 Montes
2831 5863 2886 5909 et
2905 5851 3100 5909 Canta.

1946 5856 2195 5914 cretosus
2214 5849 2470 5926 notitia,
2496 5849 2807 5926 Ethiopici
2831 5863 2886 5911 et
2905 5851 3100 5925 Copta.
