4046 6338
537 311 645 369 ιθτ

1794 303 1854 361 S.
1897 303 2174 362 EUSEBII
2217 301 2603 361 HlEllONYMl

3741 298 3850 357 ωε

535 426 636 482 ris.
669 424 881 479 Etenim
912 421 1042 477 illud
1069 421 1211 492 quod
1236 419 1437 476 dicitur
1459 419 1511 473 in
1540 418 1676 475 lsaia
1710 436 1724 473 :
1756 417 2138 489 Canfortamini
2165 423 2213 484 Α
2242 429 2544 490 conpletur.
2579 415 2946 485 Quaerendum
2969 431 3098 487 ergo
3124 415 3397 487 quomodo
3425 432 3493 473 ex
3543 415 3657 471 Deo
3691 415 3853 471 Patre

534 533 718 572 manus
750 516 996 582 diruisset,
1031 521 1077 567 et
1100 529 1267 581 genua
1303 510 1558 566 dissoluta
1580 509 1735 581 (Isai.
1770 526 1940 577 xxxv,
1966 511 2043 582 5).
2078 512 2144 565 Ει

539 610 595 667 in
621 612 730 665 alio
758 609 878 663 loco
911 608 1029 677 ipse
1068 606 1408 675 Apostolus:
1445 604 1513 661 Ut
1550 606 1606 659 in
1647 605 1881 670 nomine,
1936 603 2141 675 inquit,

535 700 683 767 Iesu,
716 715 867 755 omne
911 714 1050 769 genu
1080 698 1344 768 ﬂectatur,
1388 697 1691 766 calestium,
1729 697 2065 761 terrestrium,
2099 705 2145 751 et

536 794 860 864 infernarum
902 788 1138 859 (Philip.
1172 805 1233 858 ll,
1266 788 1379 859 10),
1412 806 1518 845 non
1549 790 1616 845 ad
1655 806 1830 860 genua
1872 789 2141 861 corporis,

539 883 637 939 sed
662 882 730 938 ad
754 881 1150 952 subjectiouem
1179 882 1381 937 mentis
1410 892 1461 937 et
1485 882 1897 938 inclinationem
1924 883 2140 949 animus,

536 977 832 1049 cordisque
859 976 1183 1049 obsequium
1212 978 1476 1048 pertinet,
1508 985 1673 1031 terra:
1700 992 1761 1030 se
1790 976 2143 1045 comquantis,

538 1080 598 1128 ut
624 1072 907 1127 Psalmista
934 1086 1157 1142 quoque
1178 1071 1346 1128 canit.
1370 1070 1560 1125 dicens
1577 1087 1589 1121 :
1605 1069 1838 1123 Adltwsit
1855 1070 2146 1141 pat'imettlu

536 1166 717 1219 anima
744 1182 857 1219 mea
882 1163 1005 1238 (Ps.
1054 1178 1250 1229 cxvut,
1278 1162 1395 1234 25).
1438 1162 1548 1218 Res
1594 1163 1739 1218 enim
1768 1160 2068 1232 spiritualis
2094 1169 2150 1216 et

539 1257 864 1328 incorporea
887 1259 1091 1323 anima,
1121 1258 1202 1312 rei
1232 1257 1505 1326 corporali
1531 1255 1843 1326 pavimento
1874 1253 2148 1325 quomodo

538 1351 717 1422 potuit
753 1349 1080 1406 adhaerere?
1122 1348 1255 1403 Esto
1292 1348 1492 1419 quippe
1536 1349 1590 1402 in
1621 1347 1838 1403 nomine
1881 1348 2012 1401 Iesu
2051 1344 2148 1400 ﬂe-

538 1452 690 1498 ctant
715 1456 859 1514 genu
876 1442 1158 1498 terrestria
1178 1439 1466 1510 :numquid
1486 1451 1540 1495 et
1565 1440 1789 1509 angelos
1809 1448 2149 1508 craterasque

541 1538 795 1604 virtutes,
824 1553 945 1608 qua:
978 1539 1031 1591 in
1069 1536 1390 1592 caelestibus
1435 1544 1819 1604 perseverant,
1861 1547 2149 1604 possumus

540 1632 819 1689 afﬁrmare
845 1632 1086 1702 speciem
1118 1631 1321 1687 habere
1350 1645 1696 1701 corpoream,
1737 1639 1793 1684 ut
1834 1630 1887 1684 in
1926 1628 2147 1683 nomine

542 1726 665 1797 ejus
690 1726 912 1782 ﬂectant
940 1726 1128 1798 genu?
1158 1724 1244 1780 vel
1272 1724 1417 1795 apud
1447 1723 1648 1780 inferos
1678 1724 1889 1778 animas
1913 1724 2145 1779 vinculis

2248 511 2424 566 omnis
2455 508 2749 580 paternitas
2773 510 2825 564 in
2846 509 3000 566 caelis
3020 518 3076 564 et
3104 510 3156 563 in
3192 519 3332 564 terra
3357 510 3431 565 sit
3455 507 3754 565 nominata.
3783 507 3853 563 Et

2249 603 2411 658 simul
2433 612 2720 674 antequam
2744 602 2944 674 aliquid
2970 611 3316 668 retractetur,
3352 604 3677 671 notandum,
3708 602 3853 673 quod

2248 712 2360 751 non
2390 696 2612 761 dixerit,
2644 712 2707 751 ea;
2737 712 2838 767 quo
2885 696 3051 750 omnis
3093 696 3381 765 paternilas
3421 695 3478 750 in
3509 693 3653 750 (telis
3696 705 3745 749 et
3797 695 3853 749 in

2249 798 2391 844 terra
2421 799 2544 844 nata
2577 798 2672 855 est,
2702 790 2788 846 vel
2817 797 3033 856 creata;
3060 788 3179 857 sed,
3207 805 3271 844 ea:
3295 805 3397 860 quo
3418 790 3586 843 omnis
3618 789 3853 860 paterni-

2252 894 2330 937 tas
2352 884 2404 936 in
2433 882 2573 937 caelis
2604 891 2650 937 et
2679 887 2735 937 in
2771 894 2911 937 terra
2932 882 3248 937 nominatur.
3276 881 3441 937 Aliud
3472 891 3560 938 est
3584 881 3731 937 enim
3763 897 3829 952 ap

2250 976 2601 1047 pellationem
2632 977 2973 1046 paternitatis
2995 976 3214 1037 mereri.
3246 975 3389 1030 aliud
3419 984 3629 1030 natura:
3652 973 3859 1030 habere

2248 1070 2609 1132 consortium,
2643 1068 3023 1137 paternitatem
3053 1083 3173 1137 qua:
3217 1068 3273 1123 in
3314 1068 3508 1124 (ἔνωςο
3549 1071 3774 1146 πατριὰ.
3806 1066 3858 1122 in

2249 1162 2416 1233 600
2455 1161 2687 1216 Hebraeo
2741 1177 3021 1217 uesanam
3049 1161 3355 1233 (mam),
3406 1161 3459 1218 id
3503 1171 3611 1228 est,
3663 1178 3859 1235 crgna-

2252 1255 2359 1317 tio,
2402 1253 2485 1309 vel
2540 1254 2744 1324 familia
2788 1254 3017 1320 dicitur,
3060 1254 3291 1324 legimus
3338 1262 3393 1311 et
3448 1255 3500 1309 in
3553 1254 3858 1311 Numeris:

2251 1345 2462 1412 Tollite,
2485 1346 2680 1417 inquit,
2713 1362 2971 1401 summam
2999 1346 3166 1400 omnis
3187 1361 3465 1420 synagogas
3490 1345 3683 1415 Israel,
3704 1347 3865 1420 juxta

2252 1440 2583 1511 cognationes
2604 1448 2650 1493 et
2677 1439 2916 1509 populos,
2946 1436 3225 1493 secundum
3252 1438 3433 1492 domos
3465 1440 3862 1509 paternitatum,

2250 1533 2404 1602 iuxta
2431 1547 2703 1587 numerum
2733 1532 2998 1586 nominum
3025 1546 3206 1585 eorum
3237 1528 3427 1599 (Nunt.
3461 1546 3503 1599 ι,
3531 1529 3609 1602 2).
3646 1531 3714 1585 Et
3733 1540 3867 1600 post

2251 1626 2528 1697 paululum
2561 1624 2742 1698 (Vers.
2770 1624 2871 1696 16)
2901 1641 2915 1678 :
2941 1623 3013 1677 Hi
3036 1631 3155 1678 sunt
3182 1624 3331 1677 electi
3363 1639 3645 1697 synagoga:
3669 1624 3868 1696 princi—

2253 1735 2341 1791 pes
2378 1719 2623 1786 tribuum,
2646 1721 2805 1791 juxta
2856 1718 3192 1787 patemitates
3218 1733 3342 1771 suas
3373 1717 3529 1772 duces
3564 1716 3762 1772 Israel.
3796 1716 3868 1773 Et

543 1818 788 1889 corporis
811 1820 1090 1883 liberatas,
1114 1833 1253 1887 genu
1275 1817 1418 1888 quod
1443 1833 1550 1872 non
1578 1816 1803 1884 habent,
1828 1832 1951 1872 esse
1970 1816 2149 1872 ﬂexu-
2179 1817 2229 1879 B
2254 1828 2470 1868 rursum
2509 1812 2580 1869 de
2620 1812 2764 1868 tribu
2799 1811 2926 1867 Levi
2959 1829 2971 1865 :
3002 1809 3072 1865 Et
3112 1813 3318 1867 locutus
3367 1819 3440 1866 est
3480 1808 3743 1866 Dominus
3791 1812 3863 1865 ad

546 1910 676 1966 ras?
706 1910 991 1978 Quomodo
1022 1909 1186 1981 599
1213 1908 1377 1979 igitur
1403 1910 1733 1981 quicumque
1767 1908 2041 1979 subjectus
2063 1920 2147 1963 est

544 2003 818 2060 Salvatori
843 2045 858 2071 ,
903 2003 1121 2058 ﬂectere
1157 2003 1207 2057 ei
1244 2016 1387 2071 genu
1415 2001 1615 2057 dicitur
1648 2019 1661 2055 :
1697 2002 1775 2057 sic
1806 2002 1897 2072 qui
1939 2000 2146 2070 peccati

542 2111 735 2152 servus
766 2104 872 2166 est,
909 2108 965 2152 et
995 2094 1159 2152 habet
1181 2095 1439 2165 Spiritum
1468 2096 1750 2151 servitutis
1773 2097 1969 2150 iterum
2001 2095 2056 2149 in
2081 2095 2147 2148 ti—

543 2204 717 2255 more,
766 2204 913 2260 genu
961 2189 1219 2245 scribitur
1257 2189 1474 2245 ﬂexisse
1527 2198 1770 2259 peccato.
1819 2188 2148 2259 Derelinquit

540 2280 692 2349 mihi,
716 2281 793 2336 ait
821 2281 1107 2351 Dominus,
1127 2289 1317 2353 septem
1337 2281 1505 2335 millia
1525 2282 1777 2343 virorum,
1805 2281 1894 2351 qui
1914 2297 2017 2334 non
2028 2296 2148 2333 cur-

541 2385 792 2433 vaverant
819 2391 993 2447 genua
1021 2385 1141 2429 ante
1192 2374 1328 2429 Baal
1375 2373 1463 2445 (III
1493 2372 1623 2445 Reg.
1677 2390 1789 2441 xu,
1839 2374 1952 2444 18),
2005 2373 2149 2429 idolo

546 2472 757 2528 scilicet
783 2478 946 2542 atque
974 2479 1220 2542 peccato.
1251 2468 1355 2537 Qui
1388 2468 1690 2524 fornicator
1731 2475 1832 2532 est,
1864 2475 1918 2522 et
1951 2481 2045 2536 per
2068 2468 2149 2521 lu-

550 2564 771 2636 panaria
822 2573 1109 2635 scortaque
1170 2562 1452 2630 discurrit,
1511 2560 1718 2617 libidini
1785 2559 1952 2615 ﬂectit
2007 2574 2147 2630 genu

548 2674 730 2715 suum.
776 2658 882 2728 Qui
934 2657 1203 2725 furiosus,
1251 2655 1392 2711 ﬂexo
1432 2655 1625 2711 adorat
1669 2654 1805 2709 iram
1852 2669 2014 2725 genu.
2046 2653 2149 2721 Qui

547 2766 915 2808 mammonatn
945 2749 1193 2823 suspicit,
1224 2756 1281 2807 et
1309 2750 1450 2805 Deus
1476 2748 1593 2819 ejus
1625 2755 1711 2803 est
1735 2757 1946 2812 venter,
1978 2746 2150 2803 ﬂectit

545 2860 717 2916 genua
745 2842 983 2899 avaritiae
1004 2851 1166 2909 atque
1187 2842 1439 2898 luxurize.
1460 2841 1526 2897 Et
1550 2840 1678 2913 quid
1702 2856 1788 2896 me
1815 2855 2039 2896 necesse
2066 2849 2152 2896 est

549 2937 761 3009 singula
814 2937 1144 3008 peragrare?
1182 2936 1369 2993 Toties
1414 2936 1632 2992 diabolo
1668 2936 1935 2990 ﬂectimus
1982 2950 2145 3006 genu,

549 3032 998 3105 quotiescumque
1038 3044 1349 3101 peccamus.
1399 3029 1524 3085 Hinc
1575 3036 1756 3084 autem
1795 3028 2149 3099 spiritualiter

548 3132 906 3195 exponentes,
933 3138 1042 3179 non
1073 3124 1254 3179 statim
1275 3124 1428 3194 juxta
1456 3122 1687 3178 litteram
1710 3122 1897 3178 orandi
1915 3136 2147 3177 consue-
2176 3150 2220 3213 ρ

548 3215 790 3273 tudinem
822 3215 1087 3285 tollimus,
1121 3231 1225 3287 qua
1257 3216 1427 3272 Deum
1461 3231 1605 3287 genu
1632 3217 1809 3286 posito
1833 3215 2150 3285 suppliciter

546 3310 867 3378 adoramus,
911 3318 967 3365 et
997 3307 1104 3364 ﬂxo
1133 3307 1185 3364 iu
1227 3316 1431 3365 terram
1460 3309 1682 3379 poplite,
1711 3308 1883 3379 magis
1911 3307 2052 3379 quod
2081 3307 2151 3363 ab

547 3421 616 3461 eo
643 3407 939 3476 poscimus,
970 3404 1349 3475 impetramus.
1387 3402 1643 3474 Legimus
1668 3403 1814 3458 enim
1845 3415 1898 3459 et
1921 3403 2147 3458 Paulum

547 3496 605 3553 in
648 3497 831 3554 littore
873 3497 955 3552 sic
984 3510 1206 3560 orasse,
1251 3503 1306 3550 et
1352 3492 1785 3565 geniculationes
1818 3495 1873 3549 in
1904 3496 2151 3551 oratione

550 3597 857 3658 praeceptas
887 3584 1024 3659 (Act.
1057 3583 1253 3656 xxvu).
1282 3583 1390 3641 Sed
1422 3585 1561 3639 sicut
1604 3584 1735 3639 illud
1765 3584 2000 3640 aedificat
2022 3586 2152 3640 sim-

547 3682 717 3752 plices
746 3697 761 3735 :
800 3679 880 3735 sic
916 3693 1100 3733 veram
1131 3676 1585 3749 geniculationem
1634 3693 1758 3734 esse
1787 3678 2048 3735 docemus
2094 3679 2146 3734 in

548 3774 764 3839 animo;
787 3770 912 3842 quia
941 3768 1098 3826 multi
1119 3769 1411 3841 corporale
1432 3767 1712 3826 ﬂectentes
1734 3786 1898 3840 genu,
1928 3771 2145 3838 animm,

550 3878 891 3937 nequaquam
933 3861 1194 3934 poplitem
1245 3872 1634 3919 curvaverant.
1671 3862 1738 3917 Et
1786 3872 2003 3930 contra,
2056 3863 2146 3919 alii

547 3970 734 4017 erecto
762 3958 934 4014 Deum
965 3972 1194 4028 corpore
1229 3955 1588 4028 deprecantes
1613 3999 1628 4021 ,
1674 3957 1844 4027 tiiagis
1879 3971 1938 4012 se
1966 3959 2148 4012 animo

547 4059 925 4110 curvaverunt.
950 4049 1122 4106 Porro
1152 4048 1296 4121 quod
1324 4050 1589 4120 sequitur,
1618 4050 1687 4103 ad
1711 4048 1927 4103 Patrem
1961 4065 2026 4103 ea:
2048 4066 2149 4121 quo

550 4145 716 4200 omnis
736 4143 1017 4216 paternitas
1043 4143 1099 4199 in
1137 4143 1311 4211 ralis,
1348 4152 1394 4198 et
1433 4142 1488 4196 in
1519 4154 1653 4198 terra
1682 4144 2008 4209 nominatur,
2040 4159 2148 4199 non

550 4246 609 4293 ut
641 4236 694 4291 in
720 4234 929 4292 Latinis
951 4234 1236 4292 codicibus
1261 4233 1503 4291 additum
1533 4244 1642 4306 est,
1683 4235 1753 4290 ad
1791 4235 1999 4291 Patrem
2042 4234 2151 4289 Do-

550 4330 679 4385 mini
700 4330 865 4385 nostri
887 4327 1016 4385 Jesu
1041 4328 1253 4398 Christi,
1298 4329 1395 4386 sed
1425 4330 1768 4402 simpliciter,
1799 4331 1867 4386 ad
1910 4329 2145 4400 Patrem,

549 4424 857 4495 legendum,
881 4432 939 4480 ut
966 4424 1061 4481 Dei
1087 4423 1266 4480 Patris
1296 4440 1527 4491 nomen,
1562 4442 1669 4483 non
1700 4426 1931 4482 Domino
1959 4438 2149 4484 nostro

2256 1905 2472 1978 Moysen
2502 1908 2555 1960 in
2581 1906 2782 1962 deserto
2822 1905 2973 1973 Sina,
3011 1905 3187 1960 dicens
3214 1921 3232 1961 :
3262 1904 3498 1960 Numera
3531 1906 3676 1975 ﬁlios
3716 1905 3862 1971 Levi,

2255 2003 2535 2056 secundum
2563 2004 2741 2055 domos
2784 1999 3160 2072 paternitalum
3182 2016 3416 2066 suarum,
3454 2000 3738 2056 secundum
3772 2018 3868 2072 po-

2258 2094 2410 2162 pulos
2435 2108 2610 2148 eorum
2631 2134 2647 2159 ,
2677 2092 2960 2147 secundum
2986 2092 3316 2164 cognationes
3336 2109 3513 2148 eorum
3532 2110 3552 2148 :
3576 2110 3732 2148 omne
3754 2111 3864 2149 ma-

2256 2186 2518 2240 sculinum
2544 2202 2577 2239 a
2599 2202 2772 2242 mense
2795 2202 2899 2240 uno
2930 2194 2979 2240 et
3001 2202 3184 2258 supra,
3210 2186 3533 2241 considerate
3561 2204 3646 2241 eos
3672 2185 3862 2259 (Num.

2256 2295 2335 2346 ttt,
2368 2279 2480 2351 15).
2514 2279 2644 2335 Haec
2666 2278 2734 2334 de
2762 2278 2966 2348 populo
2997 2279 3161 2334 Israel
3182 2321 3196 2345 ,
3236 2289 3292 2336 et
3319 2279 3387 2335 de
3437 2280 3768 2337 sacerdotali
3801 2297 3867 2339 ac

2254 2371 2496 2427 Levitica
2527 2372 2692 2426 tribu.
2747 2371 3016 2427 Caeterum
3050 2386 3259 2427 mecum
3314 2372 3430 2443 ipse
3481 2382 3862 2444 pertractans,

2256 2464 2345 2520 ubi
2369 2464 2438 2520 de
2476 2464 2728 2535 gentibus
2752 2453 2797 2503 ἐκ
2840 2465 3233 2535 paternitatum
3262 2465 3589 2522 vocabulum
3617 2467 3863 2538 legerim,

2257 2574 2401 2615 nunc
2430 2558 2649 2613 interim
2672 2557 2820 2613 aliud
2854 2573 2965 2615 non
2998 2558 3246 2624 invenio,
3292 2560 3398 2616 nisi
3428 2560 3674 2616 vicesimi
3698 2561 3862 2631 primi

2256 2650 2452 2721 psalmi
2502 2650 2878 2705 testimonium
2901 2639 2925 2721 ,⁸
2950 2651 3004 2706 in
3034 2666 3142 2722 quo
3170 2651 3437 2721 scriptum
3468 2663 3553 2709 est
3589 2671 3602 2707 :
3636 2652 3705 2707 Et
3732 2654 3864 2708 ado-

2257 2744 2441 2798 rabunt
2474 2744 2530 2798 in
2552 2753 2829 2814 conspectu
2859 2747 2972 2816 ejus
3002 2761 3178 2800 omnes
3199 2744 3383 2816 patria:
3408 2746 3640 2818 gentium
3677 2746 3855 2818 (Psal.

2261 2854 2381 2907 xxi,
2414 2835 2536 2910 50);
2560 2847 2616 2894 et
2640 2838 2667 2878 δ
2691 2837 2941 2893 vicesimi
2967 2839 3144 2894 octavi
3172 2855 3187 2892 :
3218 2838 3410 2905 Alferte
3431 2839 3655 2896 Domino
3678 2845 3860 2914 patrita

2256 2934 2487 3005 gentium
2502 2951 2519 2990 ε
2534 2933 2718 3003 afferte
2728 2932 2956 2989 Domino
2973 2933 3112 3004 ﬁlios
3138 2936 3363 2991 arietum
3378 2934 3552 3008 (Psal.
3570 2952 3764 3004 xxvttt,
3785 2938 3857 3009 1).

2256 3027 2543 3095 Quomodo
2581 3043 2712 3098 ergo
2769 3027 2914 3083 Deus
2951 3028 3204 3085 essentia;
3260 3043 3375 3084 suae
3436 3044 3634 3085 nomen
3692 3040 3862 3101 atque

2255 3121 2595 3187 substantiae,
2620 3120 2782 3176 etiam
2815 3120 3033 3177 caeteris
3058 3120 3299 3191 impertit
3325 3121 3635 3189 elementis,
3662 3130 3721 3177 ut
3747 3125 3860 3194 ipsa

2254 3231 2468 3287 quoque
2500 3229 2621 3271 esse
2651 3214 2926 3281 dicantur,
2960 3230 3067 3270 non
3111 3231 3219 3286 quo
3266 3216 3569 3272 secundum
3607 3224 3858 3273 naturam

2254 3309 2365 3365 sint
2393 3309 2516 3382 (fuit
2544 3309 2687 3365 enim
2719 3320 2931 3380 tempus
2959 3308 3180 3379 quando
3200 3311 3454 3367 universa
3483 3327 3589 3367 non
3616 3311 3858 3379 fuerunt,

2254 3410 2310 3455 et
2344 3416 2557 3457 rursum
2582 3442 2597 3468 ,
2629 3401 2676 3456 si
2716 3400 2971 3472 voluerit,
3007 3402 3061 3457 in
3109 3402 3335 3458 nihilum
3365 3408 3737 3475 revertentur)
3761 3404 3861 3461 sed

2255 3503 2313 3548 ut
2341 3507 2462 3549 esse
2488 3493 2762 3564 dicantur,
2797 3494 3001 3551 habent
3029 3493 3126 3551 Dei
3170 3495 3412 3552 bonitate
3440 3496 3702 3554 donatum
3735 3515 3750 3552 :
3779 3501 3864 3555 sic

2255 3597 2312 3642 et
2339 3586 2684 3657 paternitatis
2716 3603 2911 3643 nomen
2943 3603 3011 3643 ex
3040 3588 3341 3659 semetipso
3365 3589 3590 3659 largitus
3619 3602 3702 3646 est
3740 3604 3863 3647 OIII-

2258 3679 2436 3736 nibus.
2462 3678 2616 3746 Quod
2649 3691 2707 3734 ut
2746 3678 3088 3735 manifestius
3119 3681 3233 3747 ﬁat,
3274 3680 3680 3752 Scripturarum
3715 3684 3865 3739 teSti-

2257 3773 2498 3828 monium
2525 3772 2797 3843 proferam
2830 3771 2940 3846 [Αι.
2971 3773 3291 3848 proferant].
3315 3773 3645 3847 Loquiturin
3668 3776 3862 3833 Exodo

2257 3863 2518 3920 Dominus
2553 3883 2567 3918 :
2601 3863 2714 3935 Ego
2763 3879 2881 3919 sum
2929 3865 3019 3933 qui
3068 3881 3183 3920 sum
3214 3862 3412 3939 (Exod.
3463 3882 3541 3931 nt,
3602 3865 3725 3938 ll);
3757 3880 3859 3923 et:

2257 3956 2386 4012 "(BC
2421 3958 2560 4012 dices
2600 3957 2723 4028 filiis
2767 3954 2938 4012 Israel
2981 3973 3000 4012 :
3036 3958 3140 4025 Qui
3184 3968 3279 4026 est,
3330 3960 3471 4015 misit
3512 3976 3593 4014 me
3637 3961 3706 4014 ad
3747 3977 3858 4017 ros.

2256 4048 2523 4120 Numquid
2544 4048 2693 4104 solus
2721 4048 2868 4105 Deus
2885 4059 3024 4120 erat,
3058 4059 3113 4105 et
3142 4059 3336 4107 extera
3375 4068 3483 4107 non
3514 4052 3710 4107 erant?
3736 4051 3858 4109 Uti-

2253 4158 2359 4215 que
2388 4142 2590 4214 angeli,
2620 4143 2842 4208 ctelum,
2868 4151 3037 4211 terra,
3068 4144 3154 4201 vel
3186 4145 3377 4213 maria,
3402 4158 3457 4202 et
3480 4146 3596 4216 ipse
3621 4147 3858 4221 Moyses,

2253 4237 2339 4291 cui
2373 4234 2634 4290 Dominus
2664 4235 3019 4308 loquebatur,
3060 4246 3114 4293 et
3142 4237 3332 4306 Israel,
3367 4246 3423 4294 et
3470 4239 3748 4312 Aigyptii,
3790 4240 3859 4295 ad

2253 4342 2418 4398 quos,
2468 4335 2524 4382 et
2545 4335 2736 4383 contra
2767 4344 2904 4400 quos
2933 4330 3187 4400 princeps
3226 4338 3282 4385 et
3309 4330 3660 4389 adversarius
3687 4334 3863 4391 mitte-

2256 4420 2436 4485 batur,
2468 4428 2527 4477 et
2553 4431 2728 4477 erant.
2761 4421 2828 4478 Et
2863 4423 3139 4494 quomodo
3171 4439 3370 4481 nomen
3412 4441 3706 4484 commune
3732 4428 3862 4485 sub-

549 4516 681 4575 Jesu
731 4516 981 4589 Christo,
1016 4517 1115 4575 sed
1154 4518 1409 4575 omnibus
1438 4520 1706 4577 creaturis
1734 4520 2145 4578 rationabilibus
2173 4513 2229 4574 D
2252 4519 2488 4586 stantini,
2534 4518 2641 4573 sibi
2672 4518 2960 4590 proprium
2992 4517 3233 4574 vindicat
3264 4519 3440 4576 Deus?
3470 4521 3584 4590 illa,
3632 4534 3693 4578 ut
3713 4522 3858 4579 dixi-

624 4655 653 4685 ⁸
684 4654 1001 4727 Scripserat,
1022 4670 1154 4713 vero
1179 4670 1436 4727 perquam
1465 4656 1677 4712 erudite
1699 4656 1930 4727 ipsemet
1959 4657 2152 4714 Hiero-

550 4742 749 4801 nymus
769 4726 866 4783 lib.
892 4726 1484 4801 adversusﬂelvidium
1517 4745 1665 4783 num.
1694 4726 1759 4801 ll
1792 4748 1804 4783 :
1838 4730 2153 4801 Cagnatione

551 4800 738 4872 fratres
767 4807 1037 4872 uocantur,
1077 4800 1167 4871 qui
1212 4810 1331 4855 sunt
1358 4800 1422 4855 de
1448 4817 1553 4855 una
1582 4800 1804 4871 familia,
1840 4802 1893 4855 id
1919 4811 2015 4870 est,
2061 4817 2157 4870 pa-

550 4869 676 4941 tria,
719 4887 848 4941 quas
886 4869 1061 4926 Latini
1089 4869 1441 4941 pateruitates
1472 4869 1912 4938 interpretantur,
1945 4869 2070 4927 cum
2090 4889 2156 4928 ea:

550 4959 654 5027 una
697 4942 875 4997 radice
891 4943 1323 5027 inulta-generis
1345 4943 1853 5027 turbadi/funditur.
1884 4944 1963 4998 Ad
1993 4959 2152 5016 quem

548 5014 730 5071 locum
764 5028 863 5069 nos
891 5011 1286 5070 Tertullianum
1311 5011 1675 5081 laudavimus,
1699 5015 1791 5085 qni
1817 5030 1934 5070 eam
1964 5011 2154 5071 vocem

548 5086 721 5159 patria
740 5086 979 5140 servavit
1003 5085 1259 5142 Poemate
1283 5095 1480 5157 quarto
1500 5085 1761 5141 adversus
1785 5085 2147 5142 Marcionem:

675 5224 750 5289 Ad
772 5238 922 5289 quem
944 5237 1001 5276 se
1018 5236 1223 5289 curvare
1244 5234 1377 5289 genu
1401 5222 1547 5289 plane
1566 5235 1713 5273 omne
1737 5221 1936 5285 fatetur,

674 5286 752 5337 Ex
775 5283 874 5351 quo
891 5289 1051 5339 omnis
1064 5283 1241 5338 Patria
1251 5283 1315 5335 “in
1335 5283 1460 5336 οωΙο
1480 5290 1715 5348 terraque
1740 5283 1956 5336 vocatur.

620 5432 651 5473 ι)
684 5433 839 5490 Hunc
866 5434 1044 5490 locum
1076 5433 1291 5489 diverso
1338 5432 1501 5488 modo
1525 5432 1879 5502 depravatum
1931 5432 2146 5488 invenio

551 5505 1007 5589 apudHErzismum
1037 5505 1438 5589 etMariapum.
1481 5505 1738 5589 Erasmus
1764 5504 1833 5559 de
1859 5520 1957 5589 suo
1990 5504 2144 5583 addi-

550 5574 651 5633 dit.
683 5576 753 5631 Et
774 5578 828 5630 in
855 5577 1189 5647 nonagesimo
1213 5578 1429 5647 quinto;
1456 5577 1817 5645 mutavitque,
1856 5583 1901 5629 et
1930 5574 1987 5647 in
2014 5574 2142 5628 vice-

551 5650 683 5702 simo
730 5657 911 5702 octavo
933 5662 953 5702 :
974 5646 1250 5703 Marianas
1274 5663 1410 5702 vero
1429 5647 1758 5701 additionetn
1784 5646 1991 5700 Erasmi
2018 5648 2147 5700 reti-

555 5719 691 5783 nuit,
721 5720 996 5778 tlelens.et
1023 5718 1077 5771 in
1106 5720 1346 5773 vicesimo
1374 5727 1576 5771 octavo.
1602 5718 1710 5773 Nos
1735 5718 1802 5771 ad
1837 5716 1996 5769 iidem
2030 5731 2147 5770 om-

552 5787 701 5842 nium
745 5789 1136 5857 exemplarium
1181 5788 1674 5857 manuscriptorum
1712 5788 2068 5855 restituimus,
2100 5800 2148 5843 et

2251 4654 2479 4729 ricesimi
2490 4656 2681 4729 octavi,
2700 4664 2834 4722 etc.,
2850 4655 2976 4711 licet
2993 4670 3060 4729 es
3083 4655 3185 4729 hoc
3197 4666 3457 4713 contextu
3475 4658 3643 4716 falsus
3661 4659 3858 4729 depre-

2258 4725 2925 4799 hendaturliieronymus,
2951 4728 3041 4795 qui
3059 4728 3324 4795 psalmum
3354 4745 3528 4785 xsvm
3547 4746 3670 4785 cum
3685 4725 3858 4787 nona-

2256 4797 2671 4923 Eesitnoquiuto
2685 4797 2992 4866 promiscue
3009 4799 3217 4870 accepit
3241 4809 3295 4855 et
3309 4801 3576 4857 recitavit.
3595 4803 3856 4858 Mser.—

2304 4869 2650 4923 istercienses
2666 4883 2795 4923 mss.
2821 4870 3054 4923 vicesimi
3074 4872 3281 4923 septimi
3304 4871 3532 4923 habent:
3557 4875 3652 4923 sed
3677 4890 3856 4923 "enim

2304 4869 2650 4946 istercienses
2666 4883 2795 4924 mss.
2821 4870 3054 4946 vigesimi
3074 4869 3281 4946 septimi
3301 4871 3532 4946 habent;
3557 4875 3652 4928 sed
3677 4890 3858 4946 neque

2259 4938 2364 4994 hoc
2389 4939 2527 4995 bene
2555 4958 2574 5014 εΔ
2599 4956 2771 5014 neque
2814 4938 2960 5014 enim
3012 4951 3105 4995 aut
3152 4940 3205 4996 in
3262 4938 3528 5014 vigesimo
3574 4938 3852 5012 septimo,

2261 5018 2394 5081 aut,
2435 5010 2578 5080 quod
2624 5010 2891 5080 impressa
2954 5013 3115 5068 lectio
3174 5010 3428 5081 praefert.
3488 5010 3682 5072 octavo
3746 5010 3855 5073 ulla

2254 5080 2322 5158 de
2355 5083 2527 5158 patria
2558 5090 2666 5158 est_
2690 5084 2914 5158 mentio.
2951 5083 3020 5158 Et
3059 5080 3347 5158 manifesto
3394 5086 3564 5158 liquet
3608 5088 3856 5143 versicu-

2249 5152 2361 5206 lum
2395 5152 2556 5230 istum
2590 5152 2827 5230 aid/[erle
2856 5154 3079 5230 Domino
3104 5157 3285 5226 patria:
3308 5152 3567 5230 gentium,
3588 5171 3720 5221 etc.,
3754 5176 3856 5214 no—

2254 5226 2515 5294 uagesimi
2545 5226 2715 5299 quin_ti
2756 5224 2953 5280 Psalmi
2981 5224 3128 5292 esse,
3166 5224 3652 5297 quemadmodum,
3684 5245 3745 5285 re
3774 5232 3857 5299 ἰυ-

2250 5309 2307 5349 sa
2340 5306 2599 5365 cogente,
2649 5296 2907 5353 Erasmus
2944 5300 3249 5354 rescribere
3294 5315 3400 5354 non
3432 5296 3720 5355 dubitavit.
3758 5296 3855 5356 Vi-

2250 5374 2457 5420 ctorius
2483 5369 2790 5444 eccittrario
2816 5369 3010 5444 maluit
3034 5384 3095 5424 ea
3123 5370 3306 5437 verba,
3333 5381 3383 5425 et
3414 5372 3469 5426 in
3494 5373 3744 5444 vigesimo
3767 5389 3855 5444 oc-

2249 5446 2385 5515 tavo,
2417 5453 2523 5493 una
2555 5454 2678 5515 cum
2705 5438 2795 5495 illo
2813 5439 3206 5515 Psalmiversu‘
3224 5438 3566 5515 expungere,
3596 5459 3715 5515 qum
3746 5443 3852 5498 sibi

2250 5509 2363 5564 visa
2391 5519 2517 5564 sunt
2546 5510 2614 5565 ab
2653 5511 2908 5581 imperito
2960 5512 3140 5581 aliquo
3194 5509 3460 5568 itnmixta.
3493 5509 3663 5569 Nobis
3692 5515 3853 5569 Eras-

2249 5581 2428 5634 miana
2475 5581 2749 5654 restitutio
2778 5598 2884 5636 non
2904 5582 3194 5654 displicet:
3229 5583 3469 5654 illudque
3498 5585 3851 5641 manifeStum

2247 5652 2809 5725 putamusmendum,
2844 5670 2949 5708 non
2975 5653 3311 5725 Hieronymi,
3343 5652 3437 5709 sed
3462 5656 3766 5711 scribarum
3798 5656 3853 5711 iu

2250 5723 2551 5776 numericis
2599 5725 2742 5779 notis
2770 5725 2969 5795 passim
3005 5723 3336 5793 errantium;
3369 5725 3503 5782 nihil
3536 5736 3718 5783 tamen
3751 5727 3857 5783 iut-

2252 5801 2527 5849 mutamus
2556 5806 2746 5850 contra
2780 5811 2911 5851 mss.
2946 5795 3132 5851 tidem.
