4056 6354
215 323 328 384 489

719 325 1365 388 COMMENTARIORUM
1401 329 1470 387 IN
1511 329 1902 390 EPISTOLAM
1942 333 2034 391 AD
2075 335 2414 395 EPllESIOS
2454 337 2584 394 LIB.
2629 339 2693 397 ll.
2735 337 2888 396 CAP.
2937 337 3027 396 Ill.

3409 339 3514 399 490

219 447 366 526 mus,
395 449 561 526 causa
593 453 607 493 :
637 440 762 507 quia
781 448 974 496 cratera
999 450 1051 494 ut
1072 441 1202 506 sint,
1235 443 1328 497 Dei
1353 457 1634 512 sumpsere
1654 445 1823 501 bene-
1849 450 1898 508 Α
1930 455 1982 502 et
2010 466 2021 499 :
2056 447 2232 513 Filia,
2266 451 2395 520 ﬁdes
2438 461 2528 504 tua
2556 461 2604 504 tc
2633 453 2833 507 salvam
2858 453 2981 523 fecit
3023 451 3211 523 (Matt.
3249 469 3334 518 ιι,
3377 454 3516 526 22);

222 525 370 580 ﬁcio.
406 525 554 582 Deus
601 544 734 584 vero
771 531 865 594 qui
890 546 1108 602 semper
1137 543 1239 598 est,
1281 550 1382 590 nec
1420 535 1582 591 habet
1610 536 1828 594 aliunde

223 622 556 694 principium
584 665 599 685 ,
643 626 802 699 σοι
844 636 901 683 et
951 629 1068 698 ipse
1109 629 1194 684 sui
1237 630 1390 701 origo
1434 641 1550 698 est,
1603 647 1828 702 sua:un

223 727 392 770 causa
436 715 788 786 substantiae,
827 734 937 774 non
980 729 1160 790 potest
1201 721 1430 792 intelligi
1469 723 1692 779 aliunde
1732 725 1829 778 ha-

224 806 358 863 bere
374 809 520 878 quod
535 808 799 866 substitit.
815 811 950 868 Nam
969 821 1029 868 et
1059 813 1113 868 in
1135 813 1261 885 igne
1284 814 1430 869 aliud
1456 826 1539 871 est
1565 817 1822 885 calidum,

226 899 377 955 aliud
407 901 748 958 calefactum.
791 902 938 973 Ignis
977 905 1185 975 absque
1226 906 1416 963 calore
1453 906 1680 980 intelligi
1716 924 1826 964 non

228 1001 434 1063 potest.
458 994 669 1050 Cretera
695 1010 822 1065 quae
857 1011 924 1051 ex
953 996 1076 1068 igne
1103 997 1382 1066 caleﬁunt,
1405 1000 1649 1056 calorem
1680 1001 1828 1057 illius

230 1095 577 1151 mutuantur,
609 1096 664 1143 et
697 1088 956 1157 paulatim
983 1092 1028 1145 si
1061 1091 1206 1160 ignis
1235 1091 1602 1160 abscesserit,
1643 1095 1827 1152 calore

232 1186 493 1245 tenuato,
527 1181 754 1237 redeunt
798 1182 852 1237 in
897 1192 1148 1240 naturam
1189 1200 1368 1250 suam,
1400 1195 1454 1242 et
1485 1203 1824 1260 nequaquam

229 1269 409 1327 calida
443 1284 845 1342 nuncupantur.
873 1273 1039 1330 Juxta
1064 1275 1210 1333 hunc
1235 1291 1457 1333 sensum
1482 1288 1542 1334 et
1567 1280 1622 1334 in
1649 1281 1827 1335 Evan-

228 1367 374 1438 gelio
401 1367 604 1424 dicitur
631 1369 698 1424 ad
727 1387 851 1424 eum
884 1371 975 1442 qui
1009 1371 1358 1428 Salvatorem
1396 1391 1504 1429 non
1533 1375 1691 1446 quasi
1728 1375 1825 1430 Dei

228 1460 455 1528 Filium,
489 1462 586 1518 sed
607 1464 762 1534 quasi
797 1465 1120 1535 magistrum
1144 1468 1347 1522 bonum
1380 1467 1606 1536 putabat
1636 1486 1647 1520 :
1684 1467 1826 1531 Quid

227 1570 312 1608 me
337 1554 578 1626 appellas
600 1555 834 1611 bonum?
863 1574 1010 1612 nemo
1040 1568 1114 1613 est
1153 1559 1348 1624 bonus,
1377 1561 1479 1614 nisi
1523 1577 1656 1614 unus
1687 1558 1827 1614 Deus

230 1645 400 1719 (Luc.
432 1663 594 1714 xvut,
645 1649 768 1722 l9).
818 1651 887 1706 Et
930 1660 1085 1707 certe
1124 1661 1328 1708 terram
1363 1654 1562 1708 bonam
1595 1655 1827 1725 legimus

229 1739 392 1810 (Luc.
426 1742 595 1811 vm),
631 1751 689 1798 et
721 1742 1004 1800 hominem
1035 1744 1220 1816 (Matt.
1268 1746 1396 1818 xu),
1447 1756 1504 1803 et
1545 1758 1823 1818 pastorem

1931 547 2025 595 et:
2057 537 2242 596 Filioli
2264 543 2385 608 mei,
2416 544 2590 598 adhuc
2611 545 2875 599 modicum
2903 545 3162 600 vobiscum
3191 563 3307 600 sum
3336 545 3518 619 (Joan.

1928 647 2057 699 xtn,
2101 632 2236 702 l5);
2279 642 2333 688 et
2372 649 2472 706 per
2511 636 2777 704 Spiritum
2821 645 3108 705 sanctum,
3151 639 3282 707 justi
3321 640 3523 709 quique

1929 723 2269 793 adoptantur
2296 725 2350 779 in
2385 725 2548 781 ﬁlios.
2589 727 2912 784 Valentinus
2941 729 3269 786 saeculorum
3299 745 3524 786 suorum

1930 823 1957 852 ἰ
1982 815 2242 886 probolas
2267 828 2433 887 atque
2467 820 2716 891 conjugia
2738 867 2752 889 ,
2787 837 2852 877 ex
2886 823 2993 878 hoc
3013 823 3102 878 vel
3136 823 3373 879 maxime
3402 823 3526 879 loco

1928 909 2332 965 conﬁrmandas
2352 920 2538 980 putat:
2561 928 2900 986 nequaquam
2925 916 3260 988 intelligens,
3277 925 3338 971 ut
3356 931 3528 988 supra

1929 1001 2197 1067 diximus,
2241 1003 2309 1058 ad
2340 1003 2763 1062 similitudinem
2797 1007 2891 1062 Dei
2923 1007 3138 1076 Patris,
3168 1020 3222 1064 et
3263 1010 3315 1064 in
3347 1011 3525 1076 coelo,

1929 1104 1984 1150 et
2015 1097 2266 1162 interra,
2298 1098 2656 1166 paternitates
2682 1113 2793 1154 non
2827 1100 2942 1156 fieri
2961 1141 2974 1164 ,
3003 1101 3099 1157 sed
3128 1102 3410 1174 appellari.

2002 1189 2182 1260 (Vers.
2219 1189 2285 1245 l6
2330 1190 2511 1263 seqq.)
2549 1191 2616 1248 Ut
2657 1193 2742 1246 det
2772 1194 2944 1259 vobis,
2992 1196 3277 1249 secundum
3312 1198 3523 1252 divitias

1929 1279 2114 1353 gloria:
2141 1299 2284 1342 suae,
2316 1283 2502 1338 virtute
2529 1284 2822 1353 confortari
2845 1301 2935 1356 per
2958 1287 3200 1357 spiritum
3223 1293 3336 1360 ejus
3364 1291 3416 1342 in
3445 1291 3526 1342 in-

1929 1377 2166 1430 teriorem
2197 1377 2453 1431 hominem
2485 1392 2503 1430 :
2541 1376 2778 1432 habitare
2822 1377 3086 1432 Christum
3135 1397 3227 1450 per
3271 1382 3431 1449 [idem
3463 1383 3515 1435 in

1930 1467 2175 1521 cordibus
2204 1467 2422 1522 vestris:
2450 1469 2503 1522 in
2550 1469 2804 1524 charitate
2843 1470 3065 1525 radicati
3095 1481 3142 1524 et
3184 1474 3390 1540 fundati
3416 1490 3433 1526 :
3468 1484 3522 1525 ut

1930 1561 2136 1630 possitis
2170 1561 2612 1630 comprehendere
2649 1578 2766 1616 cum
2807 1563 3047 1616 omnibus
3088 1565 3282 1617 sanctis
3317 1580 3434 1634 qua:
3461 1565 3530 1618 sit

1932 1653 2188 1719 latitudo,
2229 1664 2276 1708 et
2319 1653 2627 1724 longitudo,
2676 1664 2723 1707 et
2767 1655 3118 1724 profundunt,
3165 1666 3214 1708 et
3260 1656 3484 1710 altitudo
3512 1673 3530 1710 :

1931 1749 2247 1804 Seireetiam
2265 1753 2732 1820 supereminentem
2745 1752 2977 1805 scientiw
2994 1749 3300 1806 charitatem
3318 1751 3531 1818 Christi,

227 1831 433 1887 bonum
461 1831 653 1904 (Joan.
684 1835 782 1906 x);
816 1837 914 1892 sed
943 1853 1104 1893 nemo
1139 1839 1296 1908 juxta
1333 1848 1586 1895 naturam
1617 1842 1824 1909 bonus,
1857 1831 1907 1892 Β
1934 1852 1989 1897 ιιι
2015 1843 2342 1911 impleamini
2370 1846 2424 1898 in
2452 1844 2596 1896 omni
2625 1843 2953 1912 plenitudine
2982 1842 3092 1915 [ΑΙ.
3135 1861 3336 1899 omnem
3366 1845 3535 1916 pleni-

226 1923 334 1997 nisi
361 1925 514 1980 solus
544 1925 708 1982 Deus.
732 1927 944 1984 Caetera
974 1939 1033 1984 ut
1055 1930 1316 1986 dicantur
1350 1931 1494 1987 bona
1514 1975 1530 2000 ,
1574 1933 1827 1990 bonitate

229 2017 382 2074 illius
411 2029 845 2089 consequuntur.
874 2021 1029 2077 Sicut
1057 2038 1190 2093 ergo
1216 2023 1368 2078 solus
1402 2024 1577 2079 bonus
1600 2068 1614 2091 ,
1650 2026 1828 2082 bonos

228 2117 388 2183 facit,
424 2126 482 2174 et
512 2118 666 2174 solus
706 2119 1036 2175 immortalis
1057 2165 1072 2189 ,
1103 2120 1576 2177 immortalitatem
1603 2123 1824 2190 tribuit,

229 2217 292 2266 et
311 2209 460 2264 solus
475 2225 664 2276 verus,
684 2210 934 2267 veritatis
960 2226 1159 2268 nomen
1186 2213 1468 2284 impertit:
1502 2214 1573 2268 ita
1597 2222 1652 2269 et
1678 2215 1828 2268 solus

229 2299 424 2368 Pater,
473 2302 600 2371 quia
647 2301 879 2358 Creator
907 2312 990 2358 est
1029 2305 1312 2370 omnium,
1347 2314 1405 2360 et
1445 2305 1826 2360 universorum

227 2407 400 2449 causa
427 2393 766 2456 substantiae,
795 2403 1029 2466 prastat
1055 2397 1276 2451 caeteris
1299 2405 1360 2452 ut
1381 2405 1566 2466 patres
1595 2411 1718 2452 esse
1749 2397 1834 2452 di-

227 2496 448 2543 cantur.
476 2487 552 2543 De
591 2490 828 2544 terrenis
857 2488 1106 2544 caelestia
1135 2489 1581 2558 contemplemur
1607 2507 1622 2545 :
1654 2489 1828 2546 Adam

229 2595 394 2652 quem
426 2579 662 2650 primum
685 2580 976 2651 plasmavit
1005 2581 1169 2648 Deus,
1196 2590 1255 2637 et
1281 2583 1517 2637 Creator
1547 2582 1742 2653 ipsius,
1777 2591 1832 2638 et

227 2671 398 2729 Pater
423 2672 548 2739 fuit,
579 2681 732 2730 certe
762 2673 876 2730 Deo
904 2673 1052 2729 Patri
1077 2675 1184 2729 scit
1209 2690 1270 2729 se
1292 2674 1500 2731 debere
1528 2675 1673 2745 quod
1702 2675 1834 2732 sub-

230 2766 398 2821 stitit.
438 2764 675 2822 Rursum
708 2766 763 2821 bi
791 2766 883 2838 qui
920 2768 1094 2846 geniti
1125 2776 1254 2822 sunt
1284 2783 1353 2823 ex
1379 2767 1583 2833 Adam,
1617 2777 1828 2839 patrem

229 2857 393 2914 illum
447 2857 800 2929 intelligunt,
848 2875 919 2915 ex
963 2873 1072 2929 quo
1125 2859 1231 2913 orti
1283 2866 1437 2914 sunt.
1486 2857 1645 2915 Unde
1689 2868 1746 2914 et
1777 2859 1832 2914 in

228 2949 532 3021 Evangelio
553 2951 856 3008 secundum
873 2951 1105 3019 Lucam,
1129 2966 1252 3007 cum
1279 2947 1546 3022 paulatim
1564 2967 1594 3006 a
1611 2950 1834 3008 Christo

229 3043 436 3113 David,
467 3054 523 3100 et
552 3043 833 3112 Abraham
866 3053 1170 3101 retrorsum
1202 3054 1349 3100 esset
1377 3044 1670 3115 generatio
1697 3059 1830 3116 sup-

227 3147 452 3210 putata,
481 3137 546 3193 ad
575 3147 882 3194 extremum
905 3137 1196 3208 Scriptura
1224 3136 1339 3191 ait:
1375 3134 1506 3190 Filii
1533 3134 1696 3200 Seth,
1732 3135 1832 3205 lilii

1934 1933 2196 2005 tudinem]
2228 1933 2350 1989 Dei.
2380 1933 2712 2005 Propterea,
2748 1935 2952 2002 inquit,
2992 1951 3159 1990 curvo
3193 1952 3370 2006 genua
3408 1953 3526 1993 mea

1933 2027 1998 2082 ad
2020 2027 2263 2094 Patrem,
2297 2028 2364 2083 ad
2391 2029 2548 2099 cujus
2570 2027 2986 2084 similitudinem
3015 2028 3194 2084 omnis
3228 2031 3279 2083 in
3305 2031 3447 2086 coelo
3476 2042 3532 2087 et

1933 2121 1985 2176 in
2016 2131 2160 2177 terra
2191 2120 2489 2190 paternitas
2517 2122 2847 2187 nominatur,
2875 2121 3180 2192 deprecans
3212 2139 3336 2177 eum
3365 2133 3532 2194 atque

1931 2211 2251 2276 obsecrans,
2277 2219 2339 2266 ut
2378 2210 2585 2266 tribuat
2613 2212 2768 2267 vobis
2793 2211 3048 2268 virtutem
3079 2213 3266 2283 gloria:
3295 2228 3407 2270 sua:
3428 2257 3443 2282 ,
3476 2214 3529 2270 id

1932 2311 2050 2370 est,
2079 2303 2380 2374 majestatis
2417 2319 2531 2358 suae
2570 2303 2776 2360 habere
2804 2306 3136 2360 consortium
3165 2324 3176 2358 :
3210 2322 3414 2375 vosque
3443 2324 3532 2363 ro—

1932 2394 2091 2450 boret
2120 2403 2284 2465 atque
2315 2393 2603 2451 conﬁrmet
2642 2410 2738 2464 per
2767 2395 3031 2466 Spiritum
3075 2405 3317 2451 sanctum
3349 2417 3359 2451 :
3405 2401 3527 2467 quia

1934 2486 2079 2541 nulla
2121 2485 2381 2542 fortitudo
2422 2486 2625 2556 absque
2665 2487 2871 2557 Spiritu
2900 2497 3088 2543 sancto
3131 2498 3252 2545 est:
3289 2489 3531 2548 Roboret

1932 2585 2115 2634 autem
2136 2585 2300 2647 atque
2329 2577 2613 2633 conﬁrmet
2643 2577 2696 2631 in
2731 2577 3048 2634 interiorem
3085 2581 3383 2637 hominem.
3410 2582 3527 2639 Non

1935 2669 2080 2725 enim
2109 2669 2358 2740 corporis
2386 2669 2563 2735 vires,
2592 2669 2688 2724 sed
2716 2670 2912 2724 anima:
2938 2672 3270 2738 quaerimus:
3304 2689 3404 2728 nec
3430 2689 3530 2728 ex-

1935 2763 2224 2829 teriorem,
2275 2761 2372 2817 sed
2418 2762 2732 2818 interiorem
2781 2761 3056 2817 hominem
3087 2763 3336 2832 cupimus
3366 2766 3530 2820 robo-

1934 2854 2084 2910 rari:
2127 2862 2189 2909 ut
2217 2865 2502 2924 postquam
2544 2853 2871 2908 habitaverit
2913 2853 3164 2910 Christus
3195 2857 3246 2910 in
3272 2857 3530 2914 interiore

1935 2947 2185 3012 homine,
2215 2947 2268 3002 in
2313 2947 2486 3016 ipsius
2527 2946 2773 3002 interiori
2802 2946 3037 3003 hominis
3087 2949 3294 3004 habitet
3327 2952 3532 3020 princi-

1937 3040 2076 3110 pali,
2128 3039 2180 3094 id
2226 3047 2348 3106 est,
2396 3041 2450 3094 in
2489 3038 2746 3094 cordibus
2776 3039 2979 3094 nostris
3010 3057 3024 3092 :
3060 3055 3396 3112 nequaquam
3432 3059 3529 3112 per

1936 3141 2126 3187 cuncta
2157 3131 2275 3202 ejus
2316 3131 2557 3186 membra
2598 3130 2946 3197 discurrens,
2991 3131 3088 3186 sed
3135 3133 3188 3185 in
3220 3135 3530 3190 rationabili

227 3203 446 3295 Adam,
482 3232 582 3302 ﬁlii
631 3230 725 3285 Dei
767 3230 930 3302 (Luc.
965 3203 1060 3298 tu,
1098 3229 1243 3301 38);
1284 3238 1346 3285 ut
1381 3203 1742 3300 paternitatisﬁ
1769 3229 1825 3284 in
1856 3203 1902 3266 C
1935 3224 2053 3293 ejus
2081 3223 2368 3278 habitans:
2401 3233 2458 3277 et
2486 3223 2538 3277 in
2569 3237 2635 3278 eo
2663 3222 3018 3288 domicilium,
3049 3223 3348 3295 sedemque
3371 3241 3522 3281 suam

229 3332 392 3381 terra
421 3323 750 3380 vocabulum
772 3365 786 3389 ,
813 3338 843 3376 a
875 3322 990 3379 Deo
1023 3321 1262 3393 primum
1305 3331 1486 3376 ortum
1522 3335 1645 3378 esse
1671 3335 1830 3376 mon-

232 3425 464 3474 straret.
491 3417 768 3485 Quaeritur
795 3431 932 3471 vero
957 3429 1125 3486 quam
1149 3414 1221 3469 ob
1248 3428 1494 3478 causam,
1521 3422 1576 3470 et
1600 3414 1654 3468 in
1673 3411 1830 3468 caelis

229 3508 308 3565 ab
336 3524 402 3564 eo
441 3508 620 3564 omnis
649 3508 953 3580 paternitas
999 3506 1330 3578 appelletur.
1377 3505 1664 3575 Quomodo
1695 3519 1825 3573 nos,

228 3603 331 3676 qui
358 3618 466 3659 non
493 3617 684 3659 sumus
714 3604 784 3659 de
818 3616 1024 3674 genere
1061 3601 1341 3657 Abraham
1363 3644 1378 3669 ,
1412 3599 1462 3656 si
1491 3599 1653 3656 fidem
1685 3600 1830 3655 illius

227 3694 616 3759 habuerimus,
669 3694 766 3750 lilii
813 3708 1078 3750 vocamur
1121 3691 1438 3747 Abraham:
1488 3690 1831 3761 patriarchas

229 3803 456 3860 quoque
483 3796 537 3844 et
581 3789 879 3858 prophetas
919 3786 1002 3859 (si
1048 3794 1229 3841 tamen
1259 3799 1360 3838 nos
1398 3783 1466 3838 ab
1494 3781 1575 3838 eis
1606 3791 1828 3851 peccata

232 3897 348 3940 non
379 3880 669 3953 separent)
709 3890 931 3936 nostros
963 3888 1150 3950 patres
1199 3875 1432 3933 dicimus
1465 3893 1475 3928 :
1511 3874 1584 3929 ita
1612 3881 1743 3945 puto
1774 3881 1829 3929 et

231 3976 494 4047 angelos,
527 3984 882 4045 ceterasque
924 3971 1159 4026 virtutes
1201 3967 1407 4023 habere
1440 3966 1714 4036 principes
1745 3966 1830 4020 sui

233 4067 463 4140 generis
488 4067 542 4122 in
571 4065 918 4132 ctrlestibus,
946 4077 1084 4134 quos
1111 4069 1302 4132 patres
1332 4058 1607 4130 gaudeant
1646 4055 1832 4126 appel-

234 4159 375 4216 lare.
419 4157 796 4228 Archangelus
834 4155 1015 4222 enim,
1054 4152 1163 4208 nisi
1203 4151 1524 4223 angelorum
1567 4149 1674 4204 dici
1723 4163 1830 4204 non

236 4260 451 4323 potest,
491 4259 547 4305 et
580 4249 914 4312 dominatio,
955 4255 1017 4303 et
1057 4245 1429 4316 principatus,
1464 4250 1519 4297 et
1548 4249 1826 4313 potestas,

237 4344 404 4417 602
428 4342 531 4398 nisi
560 4341 856 4398 inferiores
883 4339 1160 4410 subjectos
1193 4337 1460 4401 habeant,
1490 4350 1597 4390 non
1630 4349 1830 4391 vocan-

239 4447 352 4494 tur.
385 4439 574 4493 Potest
600 4450 732 4507 ergo
762 4433 950 4490 ethoc
977 4431 1117 4497 dici,
1145 4446 1213 4485 ex
1240 4445 1308 4486 eo
1336 4429 1479 4499 quod
1511 4427 1651 4482 Deus
1672 4427 1832 4482 Pater

1933 3332 2160 3388 ponens.
2205 3316 2370 3388 603
2411 3317 2525 3370 lloc
2563 3323 2743 3371 autem
2784 3324 2954 3370 totum
2986 3331 3083 3385 per
3116 3315 3274 3370 ﬁdem
3307 3318 3434 3384 ﬁet,
3480 3319 3526 3371 si

1930 3411 2222 3467 credamus
2251 3411 2304 3464 in
2338 3425 2486 3464 eum.
2521 3407 2889 3476 Quamobrem
2927 3406 3041 3461 ait:
3086 3406 3343 3463 Habitare
3371 3408 3526 3464 Chri-

1931 3516 2069 3558 stum
2097 3519 2186 3573 per
2224 3502 2382 3572 ﬁdem
2424 3503 2478 3554 in
2525 3500 2767 3555 cordibus
2795 3501 2996 3554 vestris.
3033 3500 3311 3556 llabitatio
3345 3512 3524 3558 autem

1933 3598 2034 3653 ista
2065 3611 2187 3667 quae
2219 3611 2314 3667 per
2344 3593 2628 3651 exordium
2671 3593 2795 3650 fidei
2849 3593 3162 3662 fabricatur,
3218 3596 3431 3652 radices
3475 3608 3529 3653 et

1932 3690 2341 3746 fundamentum
2365 3688 2417 3742 in
2433 3686 2696 3743 charitate
2709 3686 2872 3743 habet
2889 3704 2903 3740 :
2919 3698 2974 3742 ut
2988 3687 3242 3757 quoniam
3259 3688 3359 3744 Dei
3386 3691 3497 3758 agri
3510 3723 3526 3731 -

1931 3783 2140 3838 cultura
2167 3795 2384 3844 sumus,
2418 3780 2513 3836 Dei
2555 3779 2846 3835 tediﬁcatio
2868 3778 2922 3851 (Ι
2951 3777 3071 3834 Cor.
3107 3778 3223 3851 ιιι),
3257 3781 3437 3836 omnia
3471 3782 3523 3836 in

1931 3874 2197 3931 charitate
2225 3881 2574 3930 succrescant
2601 3881 2763 3942 atque
2791 3871 3148 3927 :cdilicentur.
3178 3872 3310 3926 Cum
3341 3883 3521 3930 autem

1934 3967 2161 4024 radicati
2189 3975 2246 4023 et
2281 3965 2488 4022 fundati
2518 3965 2570 4020 in
2602 3964 2864 4020 charitate
2906 3963 3126 4035 (Ephes.
3160 3965 3272 4034 ιιι),
3303 3966 3355 4020 in
3389 3967 3526 4023 inte-

1933 4061 2079 4116 riore
2110 4059 2329 4116 homine
2358 4057 2609 4114 habitare
2639 4055 2914 4112 Christum
2949 4065 3060 4110 tota
3087 4057 3291 4112 mentis
3329 4058 3524 4115 fiducia

1933 4151 2297 4208 noverimus:
2343 4160 2470 4204 tunc
2523 4148 2842 4218 incipiemus
2895 4163 3017 4201 cum
3064 4147 3278 4202 caeteris
3325 4152 3526 4206 sanctis

1933 4246 2095 4300 etiam
2122 4244 2190 4299 ad
2221 4243 2309 4298 illa
2340 4257 2440 4298 nos
2468 4241 2696 4298 tendere
2722 4258 2734 4295 :
2768 4249 2826 4296 ut
2863 4241 3042 4312 sagaci
3071 4241 3255 4295 animo
3277 4258 3525 4312 compre-

1935 4335 2238 4391 hendamus
2275 4349 2398 4406 quae
2437 4334 2509 4388 sit
2549 4332 2812 4399 latitudo,
2858 4342 2915 4387 et
2958 4333 3274 4404 longitudo,
3305 4337 3527 4404 profun-

1933 4432 2093 4499 dum,
2143 4440 2202 4486 et
2247 4429 2516 4485 altitudo:
2573 4438 2628 4484 et
2682 4445 2789 4484 non
2841 4429 3014 4484 solum
3058 4427 3188 4496 hoc,
3222 4430 3319 4484 sed
3359 4431 3522 4486 etiam

236 4529 459 4588 Domini
491 4530 663 4586 nostri
692 4528 823 4586 Jesu
851 4526 1057 4583 Christi
1092 4525 1250 4594 juxta
1282 4521 1640 4578 substantiam
1666 4519 1832 4576 Pater
1858 4587 1899 4594 ᾗ
1936 4522 2432 4592 supereminentem
2483 4521 2723 4576 scientiae
2770 4519 3088 4575 charitatem
3134 4521 3332 4575 Christi
3383 4524 3526 4578 scire

238 4629 346 4690 est,
367 4621 868 4692 etunigenitusnon
881 4628 965 4674 est
982 4587 1276 4687 adoptione
1289 4612 1481 4678 Filius,
1499 4612 1594 4667 sed
1609 4620 1828 4666 natura:
1857 4587 1910 4647 D
1938 4587 2256 4687 cupiemus;
2291 4626 2348 4671 ut
2377 4625 2662 4687 postquam
2698 4616 2813 4670 haec
2842 4617 3024 4672 omnia
3059 4616 3258 4672 ruerint
3289 4618 3339 4671 in
3370 4621 3526 4676 nobis

217 4723 454 4771 caetera
481 4729 702 4784 quoque
746 4719 1014 4768 creatura:
1055 4708 1407 4781 paternitatis
1439 4721 1634 4762 nomen
1662 4707 1834 4777 adop-
1937 4709 2134 4767 ordine
2175 4720 2234 4765 et
2280 4709 2490 4764 ratione
2535 4707 2834 4778 completa,
2885 4717 3012 4763 tunc
3055 4708 3380 4778 impleamur
3406 4710 3432 4748 ι)
3473 4713 3526 4766 in

237 4805 391 4862 tione
434 4813 780 4863 meruerunt.
811 4802 1088 4873 Quidquid
1117 4809 1300 4856 autem
1330 4800 1401 4855 de
1427 4799 1589 4854 Patre
1616 4808 1670 4855 et
1695 4798 1835 4856 Filio
1936 4802 2188 4859 omnibus
2218 4799 2554 4871 plenitudine
2583 4799 2704 4854 Dei.
2737 4799 3100 4855 Latitudinem
3133 4810 3186 4855 et
3228 4802 3524 4872 IOugitudi-

235 4896 494 4964 dicimus,
525 4897 629 4953 hoc
655 4897 894 4952 sciamus
916 4895 1121 4951 dictum
1151 4908 1272 4950 esse
1299 4893 1367 4947 de
1388 4891 1594 4961 Spiritu
1616 4900 1830 4946 sancto.

229 4989 372 5048 Nam
417 4998 478 5047 et.
505 4989 763 5046 Salvator
793 4997 980 5044 noster
1010 4987 1225 5042 Patrem
1276 5000 1402 5040 esse
1441 4998 1501 5038 sc
1530 4985 1717 5051 novit,
1748 4983 1832 5038 di-

227 5100 413 5144 cens:
444 5081 591 5152 Fili,
625 5085 962 5138 dimittuntur
1000 5081 1092 5135 tibi
1119 5090 1332 5150 peccata
1367 5077 1575 5151 (Marc.
1609 5093 1680 5141 ιι,
1723 5077 1832 5147 5);

310 5268 337 5297 ⁸
377 5255 586 5327 Supina
620 5267 829 5327 errore
880 5251 1147 5306 hactenus
1201 5248 1474 5327 obtinuit,
1522 5247 1825 5327 saeculorum

230 5317 776 5400 morum-parabolas,
810 5337 908 5400 pro
930 5338 1038 5392 quo
1069 5335 1189 5386 nos,
1224 5319 1488 5400 probolas,
1521 5320 1684 5400 etiam
1707 5317 1831 5370 abs-

231 5416 343 5464 que
368 5391 500 5453 mss'.
527 5395 810 5463 suﬁragio,
833 5395 912 5449 rei
934 5391 1164 5458 cogente
1186 5391 1440 5464 veritate,
1471 5391 1824 5464 restituimus.

232 5459 378 5525 Erat
414 5459 724 5525 enimvero'
744 5459 1132 5536 valentiuiana
1171 5461 1432 5536 npgéoln,
1477 5459 1618 5513 idem
1643 5467 1827 5536 atque

231 5541 540 5612 productio,
553 5554 677 5612 cum
697 5536 905 5612 scilicet
925 5528 1239 5612 constitutd_
1256 5531 1584 5612 Pteromate,
1621 5528 1826 5612 [Eqnes

233 5601 338 5681 pro
367 5626 465 5664 sua
493 5601 722 5681 quisque
746 5607 1060 5681 voluntate,
1098 5602 1242 5672 quod
1280 5601 1384 5681 sibi
1420 5611 1536 5681 erat
1565 5608 1826 5681 praestan-

237 5669 384 5744 iitts,
434 5669 751 5736 conferebat
797 5677 863 5730 ad
914 5669 1129 5729 novum
1172 5671 1576 5744 producendum
1610 5669 1823 5744 letum.

237 5740 411 5806 Multa
444 5766 543 5804 nos
571 5765 632 5803 ea
661 5747 731 5800 de
753 5762 885 5802 voce
911 5744 1286 5812 cmtgessimus
1315 5741 1382 5796 ad
1406 5742 1502 5796 lib.
1530 5757 1567 5796 ιι
1593 5740 1822 5812 Apolog.

237 5819 682 5892 Hieronymianze
712 5825 908 5872 contra
953 5811 1228 5880 Ruﬁnum,
1270 5827 1419 5868 num.
1467 5811 1570 5878 l9,
1617 5811 1708 5866 ubi
1753 5812 1829 5865 ait

549 5915 830 5976 ΡΑτιιοιη
881 5907 1120 5970 XXVI.

1937 4909 2095 4962 nem,
2129 4891 2458 4965 profundum
2496 4899 2554 4946 et
2590 4891 2932 4946 altitudinem
2957 4933 2972 4954 ,
3019 4890 3089 4945 de
3141 4894 3528 4960 corporalibus

1939 4994 2065 5039 ante
2096 4983 2372 5040 discamus
2399 5023 2412 5048 ,
2443 4990 2500 5036 ut
2531 4996 2627 5051 per
2653 4995 2719 5037 ea
2749 4981 2812 5036 ad
2846 4982 3146 5052 spiritualia
3176 4984 3412 5039 transire
3437 5000 3529 5040 va-

1942 5078 2169 5132 leamus.
2221 5074 2384 5130 Verbi
2434 5075 2637 5144 gratia,
2692 5073 2764 5128 sit
2815 5075 3046 5130 latitudo
3098 5075 3222 5131 caali
3277 5076 3432 5132 istius
3477 5089 3532 5133 et

1938 5244 2240 5318 S._Docto_r
2261 5243 2459 5318 :_Dicit
2487 5245 2758 5318 candidus
2801 5246 3223 5318 (Valentinianze
3257 5249 3532 5306 haereseos

1935 5314 2226 5382 defensor)
2264 5313 2462 5370 Filium
2499 5315 2565 5368 de
2606 5315 2786 5371 Patris
2811 5313 2937 5370 esse
2984 5318 3306 5382 substantia,
3351 5335 3528 5375 errans

1935 5386 2102 5460 innec
2151 5386 2288 5460 quod
2313 5385 2614 5460 προϐολὴν,
2664 5387 2719 5439 id
2767 5398 2878 5456 est,
2932 5389 3274 5460 prolationem
3319 5394 3525 5445 asserit.

1935 5455 2072 5580 lVide
2103 5470 2230 5537 quze
2254 5455 2326 5509 ibi
2357 5455 2716 5522 a'nnotamus,
2765 5473 2833 5512 ne
2860 5457 3054 5514 eadem
3104 5459 3191 5514 hic
3222 5473 3530 5530 recoquere

1958 5541 2154 5580 oneum
2186 5537 2279 5580 snt.

1958 5541 2154 5596 ongum
2186 5537 2279 5580 snt.

2004 5595 2265 5670 l:Maluit
2305 5595 2608 5670 Victorius,
2657 5598 2711 5650 in
2763 5614 2962 5652 omnem
3013 5598 3422 5670 plenitudinem,
3476 5613 3533 5659 ut

1936 5666 2241 5791 ianulgata
2272 5676 2328 5724 et
2356 5666 2548 5722 Graeco
2579 5685 2589 5720 :
2623 5677 2751 5735 aut,
2796 5670 2849 5722 in
2891 5666 3033 5724 omni
3078 5669 3435 5741 plenitudine,
3468 5687 3526 5730 ut

1936 5753 1988 5791 in
2017 5752 2097 5791 ra.

1934 5752 2097 5794 Inll'a.

3050 5907 3124 5967 Hi
