4056 6314
297 306 409 362 493

813 300 1461 363 COMMENTARIORUM
1498 298 1567 358 IN
1604 298 2002 361 EPISTOLAM
2042 299 2134 359 AD
2174 300 2513 363 EPHESIOS
2551 304 2683 363 LIB.
2725 306 2788 363 Il.
2826 305 2981 366 CAP.
3027 307 3119 365 IV.

3504 311 3613 374 494

296 419 430 476 Post
460 428 537 487 te,
572 419 778 492 inquit,
812 429 1084 493 sequemur
1110 420 1292 473 vinclis
1335 418 1474 489 ferro
1499 416 1895 488 manibus(Ps.
1927 422 1978 480 Α
2002 433 2107 489 que
2153 419 2436 489 subjecto;
2467 428 2519 478 et
2546 421 2665 478 haec
2694 423 2765 478 sit
2804 423 2922 495 ejus
2973 423 3148 494 prima
3180 422 3499 495 haereditas,
3550 432 3606 485 in

297 514 448 583 cu).
483 512 593 581 Qui
623 513 771 569 enim
802 514 1083 569 Christum
1132 512 1385 582 diligunt,
1433 512 1742 581 sequuntur
1778 525 1902 566 eum

295 604 590 664 charitatis
634 606 871 663 vinculis
910 607 1171 676 colligati.
1215 605 1313 659 Est
1354 613 1413 660 et
1455 604 1560 658 alia
1601 604 1901 673 expositio,

291 714 418 770 qua:
445 699 766 769 recipienda
791 699 884 764 sit,
918 713 1109 765 necne,
1138 699 1247 754 erit
1277 698 1329 753 in
1354 707 1624 767 potestate
1655 697 1902 752 lectoris:

295 792 596 849 Vinculum
628 795 848 858 animm,
897 806 1098 862 corpus
1124 789 1234 845 hoc
1264 792 1395 854 dici,
1430 798 1485 845 et
1526 789 1650 860 quia
1702 788 1903 844 Paulus

295 885 370 940 ob
392 884 767 941 ministerium
796 883 1077 957 Evangelii
1107 897 1307 953 corpus
1329 882 1433 938 hoc
1453 881 1748 951 acceperit,
1772 895 1903 935 con-

297 988 604 1051 sequenter
628 977 831 1033 Christi
860 977 1081 1032 vinctus
1110 977 1183 1032 sit
1205 975 1535 1047 appellatus.
1564 974 1776 1046 Corpus
1796 973 1903 1030 hoc

298 1072 583 1128 vinculum
607 1072 735 1139 dici,
763 1081 813 1127 et
841 1087 937 1127 eos
966 1071 1058 1143 qui
1090 1072 1145 1127 in
1168 1086 1398 1142 corpore
1420 1071 1585 1126 vini-ti
1611 1079 1758 1140 sunt,
1783 1070 1903 1126 vin-

301 1176 426 1222 ctos
452 1175 611 1221 terra:
637 1167 925 1236 appellari,
958 1165 1225 1222 Jerentias
1255 1181 1474 1236 quoque
1512 1166 1565 1220 in
1598 1175 1624 1202 ιι
1657 1165 1902 1221 secundo

295 1258 589 1333 alphabcto
616 1266 865 1331 teSIatur,
894 1260 1085 1317 dicens
1112 1279 1126 1316 :
1154 1259 1221 1315 Ut
1246 1260 1552 1314 humiliore!
1573 1258 1666 1313 sub
1689 1259 1900 1328 pedibus

300 1351 414 1405 suis
434 1366 609 1406 omnes
630 1353 824 1408 vinctos
848 1362 999 1408 terra:
1020 1350 1255 1423 (Thren.
1284 1367 1365 1419 ιιι,
1388 1351 1514 1421 54).
1551 1352 1617 1406 Et
1645 1353 1773 1407 alibi
1798 1352 1901 1409 hoc

299 1441 482 1513 ipsum
512 1442 747 1517 legimus
775 1459 838 1499 ex
873 1443 1073 1499 Christi
1106 1459 1363 1515 persona,
1395 1443 1662 1500 dicentis:
1691 1442 1791 1498 His
1812 1445 1901 1513 qui

298 1546 449 1592 erant
479 1539 534 1592 in
567 1538 811 1603 vinculis,
843 1540 1000 1607 exite,
1035 1550 1084 1594 et
1106 1540 1195 1610 qui
1230 1541 1282 1593 in
1310 1539 1554 1603 tenebris,
1590 1540 1892 1594 revelamini

298 1626 466 1703 (lsai.
492 1645 641 1698 nux,
670 1630 760 1701 9‘).
794 1629 986 1685 Potest
1010 1630 1230 1701 quidem
1260 1631 1533 1687 vinculum
1552 1630 1642 1685 hic
1665 1631 1893 1699 peccati,

297 1729 357 1776 et
408 1722 665 1778 tenebras
702 1721 1063 1793 ignorantiae,
1118 1721 1357 1777 adventu
1405 1731 1461 1778 et
1506 1721 1897 1791 praedicatione

2008 526 2173 567 carne
2203 528 2310 567 non
2341 514 2631 569 carnaliter
2658 515 2869 570 vivere.
2904 514 3160 571 Nonnulli
3187 529 3379 590 rugata
3404 518 3603 587 fronte,

2006 602 2246 660 demisso
2277 606 2601 676 supercilio,
2640 606 2934 677 verbisque
2972 608 3277 677 trutinatis,
3310 611 3606 667 auctorita-

2012 702 2120 749 tem
2151 696 2256 752 sibi
2305 696 2612 764 doctorum,
2645 708 2702 754 et
2733 698 2982 768 judicum
3012 700 3318 755 vindicant.
3352 700 3469 757 Non
3501 719 3610 773 quo

2007 787 2108 857 ipsi
2149 788 2373 859 dignum
2412 790 2616 862 aliquid
2657 792 2964 863 arrogantia
3017 794 3276 848 noverint
3309 812 3321 848 :
3355 796 3452 850 sed
3499 812 3606 866 quo

2006 881 2282 950 simplices
2330 898 2579 953 quosque
2631 882 2897 950 fratrum,
2953 883 3038 940 sui
3086 886 3334 955 quaedam
3385 887 3609 942 videant

2004 976 2417 1045 comparatione
2442 979 2679 1035 nescire.

2079 1068 2409 1137 b‘ul’erentes
2438 1071 2661 1127 inuicem
2688 1072 2744 1127 in
2774 1071 3043 1129 charitate.
3087 1074 3149 1130 Si
3188 1076 3309 1146 quis
3339 1077 3601 1149 intelligit

2003 1159 2136 1230 quid
2159 1160 2252 1225 sit,
2281 1160 2589 1229 auferentes
2609 1162 2831 1217 inuicem
2857 1166 2915 1219 in
2944 1164 3216 1233 charitate,
3244 1182 3352 1222 non
3390 1171 3605 1238 putabit

2004 1250 2057 1306 in
2084 1262 2306 1309 sanctos
2338 1254 2490 1309 viros
2530 1254 2640 1309 hoe
2683 1255 2981 1311 convenire
3016 1258 3333 1312 mandatum
3366 1276 3381 1314 :
3412 1277 3603 1316 verum

2004 1344 2058 1399 in
2082 1359 2185 1401 eos
2213 1345 2305 1417 qui
2337 1354 2465 1401 sunt
2495 1346 2547 1400 iu
2580 1346 2840 1402 virtutum
2869 1347 3039 1402 initiis
3070 1349 3382 1404 constituti.
3414 1350 3615 1407 Sancti'

2002 1438 2204 1509 quippe
2246 1454 2358 1494 non
2388 1437 2829 1512 habebuutIAl.
2876 1439 3124 1512 habent]
3165 1442 3312 1511 quod
3357 1444 3503 1499 inter
3542 1462 3603 1500 se

2004 1529 2237 1588 invicem
2267 1530 2533 1588 sulerant
2561 1550 2574 1586 :
2598 1533 2695 1587 sed
2724 1534 2780 1587 lii
2813 1533 2905 1603 qui
2937 1533 3094 1603 quasi
3137 1533 3388 1590 homines
3420 1536 3601 1607 aliqua

2002 1621 2178 1677 adhuc
2222 1623 2481 1691 passione
2511 1632 2862 1692 superantur.
2915 1623 3027 1678 Nec
3070 1623 3269 1678 mirum
3313 1626 3359 1679 si
3402 1625 3605 1696 Ephesi

2004 1712 2121 1768 haec
2159 1714 2401 1775 audiant,
2452 1729 2579 1769 cum
2608 1713 2666 1768 in
2716 1714 3069 1770 multitudine
3114 1715 3459 1770 credentium
3500 1717 3611 1772 sint

295 1812 508 1873 Christi
549 1816 819 1886 propheta
849 1816 1143 1871 ostendere
1168 1815 1484 1871 dissolutas.
1514 1815 1623 1871 Sed
1658 1826 1712 1869 et
1733 1831 1896 1885 supe-
1928 1812 1970 1872 Β
2000 1806 2167 1875 aliqui
2194 1808 2288 1878 qui
2330 1806 2508 1862 Idlmc
2550 1808 2789 1863 imicem
2838 1807 3068 1863 sollerte
3107 1822 3168 1864 se
3197 1809 3451 1865 debeant.
3490 1811 3605 1866 lloc

294 1907 415 1963 rior
457 1922 652 1962 sensus
691 1906 853 1963 habet
890 1907 1071 1963 locum
1105 1924 1119 1960 :
1153 1908 1297 1978 quod
1344 1906 1646 1972 vinculum,
1698 1923 1899 1977 corpus

293 1998 392 2061 sit,
425 2007 479 2053 et
510 1997 775 2061 tenebrat,
810 2006 1028 2052 terrena
1056 1996 1178 2052 lucc
1203 1997 1501 2062 habitatio,
1535 1998 1626 2052 ubi
1666 2007 1793 2053 sunt
1816 2012 1904 2053 re-

293 2099 483 2145 ctores
532 2091 905 2155 tenebrarum,
953 2102 1009 2146 et
1053 2099 1267 2147 montes
1304 2091 1611 2158 tenebrosi,
1652 2092 1718 2146 ad
1756 2105 1899 2161 quos

294 2181 466 2251 pedes
514 2183 870 2250 prohibemur
917 2181 1217 2239 oll'endere.
1256 2182 1413 2251 Quod
1450 2193 1633 2238 autem
1676 2185 1797 2237 ait:
1835 2183 1903 2239 Ut

295 2277 453 2348 digne
479 2279 752 2331 ambuletis
793 2278 1061 2331 vocatione
1087 2294 1192 2348 qua
1222 2276 1393 2330 vocati
1417 2278 1559 2331 estis.
1606 2276 1775 2348 Digne
1807 2296 1903 2332 Vlt-

303 2370 525 2425 catione
556 2370 830 2425 ambulare
860 2368 1168 2425 credendus
1199 2379 1302 2433 est,
1350 2368 1444 2437 qui
1472 2369 1776 2440 ingreditur
1803 2385 1902 2440 per

296 2480 424 2521 eum
465 2465 555 2534 qui
604 2463 737 2518 dicit
767 2479 783 2516 :
816 2460 931 2535 Ego
964 2479 1080 2516 sum
1104 2463 1186 2517 via
1217 2459 1411 2534 (Joau.
1446 2477 1561 2527 nr,
1594 2460 1650 2521 6,
1686 2471 1733 2515 et
1766 2460 1899 2517 Isai.

295 2555 471 2625 xxx),
500 2564 558 2610 et
586 2571 691 2610 non
721 2553 987 2617 declinat,
1019 2569 1200 2624 nequc
1233 2552 1296 2607 ad
1327 2553 1603 2617 dextram,
1636 2568 1813 2622 neque
1831 2554 1901 2608 ad

295 2646 606 2715 sinistram,
650 2646 855 2702 avertit
900 2646 1094 2716 pedem
1140 2661 1302 2700 suum
1347 2645 1418 2701 ab
1460 2644 1610 2700 omni
1640 2645 1729 2699 via
1758 2646 1900 2700 mala

295 2739 319 2811 (
343 2737 501 2793 Prov.
528 2740 648 2807 tv),
680 2738 1099 2808 complcturque
1128 2737 1181 2790 in
1214 2751 1282 2791 eo
1312 2752 1327 2792 :
1352 2736 1397 2790 Α
1432 2735 1658 2791 Domino
1694 2753 1903 2809 gressus

297 2830 525 2885 hominis
552 2830 851 2901 diriguntur
880 2828 1015 2899 (Ps.
1042 2845 1231 2897 xxxvi,
1250 2828 1378 2900 9.2).

375 2920 568 2992 (Vere.
600 2922 658 2976 2.
687 2924 706 2993 )
740 2921 876 2976 Cum
914 2923 1053 2976 omni
1080 2921 1382 2977 humilitate
1408 2932 1455 2977 et
1480 2924 1900 2989 mansuetudine,

296 3033 420 3071 cum
448 3015 723 3087 patientia.
749 3015 852 3083 Qui
889 3024 1091 3070 terram
1120 3024 1175 3068 et
1198 3014 1443 3069 cinerem
1475 3030 1598 3070 esse
1624 3029 1683 3070 se
1723 3016 1896 3078 novit,

297 3116 360 3163 et
388 3118 514 3178 post
546 3108 823 3177 paululum
854 3108 908 3161 in
949 3107 1230 3178 pulverem
1275 3106 1708 3171 dissolvendum,
1742 3122 1900 3162 num-

2005 1900 2181 1970 ipsum
2208 1902 2343 1954 mihi
2375 1901 2591 1956 videtur
2620 1900 2933 1971 signiﬁcare
2957 1909 3016 1955 et
3056 1901 3190 1956 illud
3218 1902 3367 1972 quod
3398 1903 3464 1957 ad
3496 1904 3605 1960 Ga-

2005 1994 2142 2049 latas
2173 1994 2433 2049 scribitur
2464 2012 2481 2049 :
2514 1994 2834 2049 Alterutrum
2864 2011 3027 2050 onera
3055 2005 3223 2050 νέειν-ιι
3252 2006 3455 2065 portate
3472 1996 3603 2069 (Ga-

2007 2088 2102 2142 lat.
2137 2104 2207 2155 γι,
2239 2088 2335 2157 2).
2364 2087 2672 2143 Ῥυεειιιιιιις
2719 2103 2851 2158 ergo
2888 2100 3184 2158 utrumque
3224 2090 3602 2145 testiinonium

2006 2189 2063 2236 et
2093 2180 2255 2235 aliter
2282 2180 2633 2251 interpretari
2666 2196 2679 2231 :
2705 2189 2763 2234 ut
2788 2181 2875 2233 vel
2908 2182 3239 2235 alterutrum
3270 2196 3437 2235 onera
3471 2197 3599 2251 por-

2007 2284 2148 2342 tare,
2176 2273 2263 2328 vel
2291 2272 2522 2328 sulierre
2565 2272 2797 2327 invicem
2848 2274 2899 2326 in
2928 2272 3215 2337 charitale,
3246 2282 3303 2328 et
3334 2289 3430 2329 eos
3456 2290 3608 2329 Cum-

2006 2369 2159 2440 plere
2185 2370 2451 2436 dicamus,
2484 2368 2573 2439 qui
2603 2368 2800 2423 divites
2842 2379 2989 2435 sunt,
3034 2379 3088 2424 et
3114 2370 3359 2439 inpiam
3395 2387 3598 2441 paupe-

2005 2479 2121 2519 rum
2153 2464 2467 2519 Sublevant.
2504 2461 2561 2518 Si
2596 2462 2717 2532 quis
2746 2464 3036 2532 :rgrotanti
3082 2463 3234 2517 fratri
3267 2465 3471 2533 praebet
3500 2466 3602 2520 ob-

2004 2556 2275 2627 sequium,
2299 2554 2492 2611 suﬂ'ert
2512 2570 2640 2609 eum
2663 2555 2717 2609 in
2740 2555 3030 2611 charitate.
3055 2557 3109 2612 Si
3134 2556 3256 2628 quis
3276 2558 3327 2610 in
3351 2558 3605 2613 caelibatu

2004 2650 2218 2705 beatam
2243 2650 2545 2720 transigens
2568 2649 2763 2715 vitam,
2791 2648 2959 2703 alium
2985 2650 3077 2720 qui
3103 2661 3156 2705 et
3185 2666 3408 2706 uxorem
3434 2651 3602 2707 habet

2003 2752 2057 2798 et
2080 2744 2307 2809 liberos,
2340 2751 2395 2797 et
2421 2742 2660 2812 scipsum
2686 2742 2783 2796 vix
2812 2752 2991 2809 potest
3020 2757 3266 2812 pascere,
3302 2743 3601 2813 adiuverit,

2003 2847 2058 2891 ct
2085 2844 2376 2903 utcumque
2402 2843 2607 2904 potest,
2632 2832 2796 2888 fuerit
2822 2834 3165 2897 consolatus,
3194 2834 3433 2889 alienum
3467 2849 3605 2890 onus

2005 2936 2250 2998 portasse
2278 2928 2444 3000 608
2470 2927 2803 2983 laudabitur.
2849 2927 2946 2981 Est
2982 2928 3072 2996 qui
3116 2939 3347 2985 matrem
3390 2931 3477 2985 vel
3508 2944 3602 2985 so-

2003 3034 2183 3075 rorem
2212 3020 2430 3075 viduam
2470 3034 2704 3075 cernens
2746 3028 2988 3089 egestate
3016 3023 3323 3088 tabescere,
3359 3038 3470 3077 non
3508 3038 3603 3092 po-

2006 3119 2109 3165 test
2157 3110 2413 3182 adjuvare
2440 3127 2454 3165 :
2478 3111 2606 3165 huic
2642 3112 2689 3166 si
2722 3113 2844 3180 quis
2880 3113 3193 3179 porrexerit
3224 3128 3465 3179 manum,
3511 3130 3603 3169 su—

298 3214 471 3270 quam
501 3199 759 3270 superbia
788 3198 951 3272 m7
979 3199 1299 3254 elevabitnr.
1332 3200 1395 3253 Et
1423 3201 1514 3270 qui
1542 3199 1641 3254 Dei
1682 3200 1904 3255 mterni-
1929 3181 1976 3246 ο
2007 3201 2203 3257 stinuit
2231 3181 2371 3256 deum
2426 3202 2479 3253 in
2530 3199 2822 3255 charitate.
2872 3200 3004 3256 Sive
3037 3210 3217 3255 autem
3258 3204 3601 3269 superiorem

296 3300 416 3347 tate
440 3300 747 3361 perspecta,
788 3290 961 3346 breve
998 3298 1054 3345 et
1080 3306 1222 3360 pene
1260 3290 1329 3344 ad
1362 3292 1546 3359 puncti
1588 3290 1763 3345 instar
1796 3289 1903 3346 bu-

297 3401 482 3442 mante
509 3386 636 3439 vitae
664 3384 901 3453 spatium
929 3383 1199 3454 cogitarit,
1233 3393 1359 3438 ante
1387 3383 1575 3438 oculos
1607 3398 1736 3438 suos
1761 3398 1905 3439 sem-

296 3493 404 3548 per
424 3475 649 3533 habebit
671 3476 972 3543 interitum,
996 3484 1051 3531 et
1074 3476 1179 3530 erit
1199 3474 1423 3530 humilis
1443 3483 1607 3545 atque
1626 3475 1897 3545 dejectus.

300 3567 669 3639 Corruptibile
697 3567 835 3622 enim
874 3584 1064 3636 corpus
1098 3576 1344 3640 aggravet
1374 3567 1624 3630 animum,
1657 3578 1702 3621 et
1734 3576 1900 3622 terre-

293 3677 428 3715 num
445 3658 980 3726 hoctabernacalum,
1013 3674 1220 3713 sensum
1245 3659 1491 3730 opprimit
1520 3661 1685 3713 multa
1714 3676 1901 3714 curatio

292 3760 403 3805 tem
430 3749 610 3822 (δαν.
638 3765 726 3816 ιι,
760 3750 881 3822 15).
917 3749 1149 3820 Propter
1170 3750 1321 3820 quod
1351 3767 1473 3804 cum
1504 3753 1651 3805 omni
1676 3750 1901 3805 humili-

293 3853 414 3902 tate
440 3844 728 3900 dicamus:
754 3842 997 3911 Domine,
1028 3860 1130 3898 non
1162 3853 1237 3899 est
1259 3844 1548 3899 exaltatum
1588 3860 1677 3898 cor
1708 3861 1895 3911 metam,

300 3954 468 4009 neque
492 3937 617 3991 elati
643 3945 765 3992 sunt
787 3936 928 3991 oculi
960 3936 1109 4008 mei(
1134 3934 1224 3989 Ps.
1259 3950 1423 4001 cxxx,
1454 3936 1485 3990 ιι
1507 3933 1548 4006 ).
1578 3935 1769 3991 Omnis
1799 3951 1898 3990 au-

298 4038 414 4084 tem
432 4028 738 4093 humilitas,
768 4044 879 4082 non
912 4036 1020 4081 tam
1050 4029 1103 4081 in
1134 4042 1411 4092 sermone,
1430 4042 1601 4096 quam
1632 4028 1686 4081 in
1712 4037 1900 4083 mente

298 4133 409 4191 est,
434 4128 505 4176 ut
540 4121 771 4176 humiles
794 4135 903 4175 nos
930 4134 1056 4175 esse
1085 4120 1445 4186 conscientia,
1474 4119 1708 4186 noverit,
1738 4135 1901 4173 num-

303 4229 468 4285 quam
496 4228 596 4269 nos
620 4213 710 4269 vel
729 4213 896 4284 scire,
924 4214 1009 4269 vel
1043 4212 1370 4283 intelligere,
1410 4213 1499 4268 vel
1526 4228 1649 4268 esse
1691 4214 1897 4284 aliquid

302 4306 668 4361 aestimemus.
698 4304 1056 4360 Mansuetudo
1080 4320 1302 4375 quoque
1330 4305 1426 4359 illa
1447 4314 1552 4371 est,
1582 4321 1705 4375 qua:
1748 4306 1895 4362 nulla

290 4397 561 4467 passione
594 4396 843 4451 turbator
868 4415 883 4450 :
912 4404 967 4453 et
1002 4396 1321 4466 specialiter
1366 4398 1444 4449 ira
1474 4405 1530 4450 et
1560 4395 1744 4452 lurore
1790 4412 1896 4452 non

2004 3307 2250 3360 sensum,
2288 3293 2405 3347 sive
2449 3291 2813 3360 posteriorem
2856 3306 3191 3361 sequamur:
3226 3307 3327 3347 nec
3377 3310 3603 3361 peccan-

2003 3396 2112 3444 tem
2140 3388 2390 3455 fratrem,
2426 3401 2528 3441 ncc
2553 3386 2769 3454 inopem
2800 3386 3142 3448 eouso’latur,
3167 3386 3260 3454 qui
3294 3401 3403 3440 non
3439 3388 3599 3443 habet

2001 3476 2347 3544 eharitatem,
2375 3485 2429 3531 et
2448 3476 2749 3530 contemnit
2771 3474 2940 3529 verba
2971 3475 3216 3545 Apouoli
3248 3489 3598 3534 commonen-

2005 3569 2073 3623 tis
2096 3586 2112 3620 :
2139 3568 2389 3623 Debemus
2416 3577 2585 3623 autem
2607 3584 2725 3634 nos,
2755 3567 2841 3637 qui
2865 3566 3108 3638 fortiores
3138 3583 3334 3635 sumus,
3366 3569 3589 3637 inﬁrmi-

2002 3668 2135 3713 tates
2169 3656 2567 3713 imbecilliomm
2597 3666 2830 3727 portare,
2856 3667 2903 3712 et
2931 3675 3039 3711 non
3066 3658 3443 3730 nobismetipsis
3470 3664 3590 3731 pia-

2003 3769 2115 3807 cere
2148 3752 2342 3823 (Rom.
2387 3768 2479 3818 xv,
2506 3751 2592 3823 l).

2072 3844 2267 3914 (Vers.
2291 3844 2347 3913 5,
2379 3843 2473 3914 4.)
2514 3843 2746 3899 Solliciti
2776 3859 2980 3898 servare
3006 3845 3259 3898 unitatem
3291 3846 3501 3916 spiritus
3543 3849 3599 3902 in

2000 3938 2206 3993 vinculo
2244 3938 2405 4009 pacis.
2440 3935 2617 3992 Unum
2650 3954 2863 4004 corpus,
2892 3946 2939 3991 et
2967 3954 3102 3992 unus
3131 3937 3366 4009 spiritus,
3398 3940 3529 3994 sicut
3554 3951 3603 3994 et

1999 4029 2167 4084 vocati
2197 4030 2316 4084 estis
2344 4031 2399 4083 in
2436 4045 2541 4082 una
2566 4045 2657 4100 spe
2682 4030 2964 4083 vocationis
2983 4038 3185 4083 vestrm.
3214 4028 3473 4100 Ephesiis
3508 4031 3599 4097 qui

1996 4122 2108 4193 jam
2133 4125 2395 4178 unitatem
2419 4121 2658 4191 Spiritus
2682 4124 2857 4177 sancti
2882 4121 3103 4178 fuerant
3123 4124 3425 4189 consecuti,
3452 4135 3603 4181 recte

2001 4217 2198 4272 dicitur
2230 4235 2241 4270 :
2270 4216 2478 4271 solliciti
2506 4232 2707 4270 servare
2745 4216 3004 4269 unitatem
3041 4217 3254 4285 spiritus
3296 4217 3347 4269 in
3390 4216 3598 4273 uincqu

2000 4308 2163 4378 paris.
2186 4307 2295 4376 Qui
2332 4307 2478 4361 enim
2507 4306 2633 4375 quid
2666 4307 2853 4372 habet,
2884 4305 3147 4361 servandi
3178 4306 3255 4360 illi
3289 4306 3600 4362 sollicitudo

2000 4400 2335 4469 praecipitur.
2358 4399 2458 4467 Qui
2484 4409 2671 4454 autem
2698 4415 2805 4453 non
2838 4399 3023 4463 habet,
3054 4399 3290 4453 studium
3318 4400 3393 4453 illi
3422 4410 3479 4455 ut
3506 4399 3601 4455 ba-

290 4488 597 4559 mtpi-tur.
645 4489 815 4555 Quam
858 4489 951 4559 qui
995 4489 1269 4554 habuerit,
1314 4488 1730 4554 beatitudinem,
1768 4505 1896 4559 qua:
1926 4560 1943 4561 ί
1998 4492 2130 4547 bere
2175 4490 2378 4557 valeat,
2427 4491 2750 4561 imperatur.
2782 4490 2884 4545 llic
2920 4489 3080 4545 locus
3108 4489 3191 4545 vel
3231 4492 3471 4546 maxime
3503 4490 3599 4545 ad-

298 4579 525 4634 scr-nini
546 4594 694 4635 voce
728 4581 999 4649 promissa
1038 4591 1149 4645 est,
1184 4591 1594 4650 consequetur:
1618 4590 1685 4635 ut
1714 4581 1893 4648 possi-
1923 4560 1978 4623 Ὁ
2007 4597 2219 4638 versum
2249 4581 2547 4637 haereticos
2580 4581 2727 4644 facit,
2760 4582 2876 4651 qui,
2908 4582 3055 4651 pacis
3084 4580 3307 4636 vinculo
3337 4581 3601 4653 dissipato

294 4670 677 4739 dentiam,
704 4671 756 4725 id
781 4680 886 4738 est,
912 4673 1155 4741 «imperet.
1174 4671 1393 4741 corpori
1414 4686 1537 4734 suo,
1556 4669 1899 4726 dominetur-

378 4822 402 4849 ⁸
438 4811 546 4869 Pro
575 4809 802 4865 secundo
835 4810 1107 4865 Marianos
1137 4808 1317 4879 posuit
1352 4808 1524 4871 tertio,
1571 4806 1696 4876 quia
1742 4823 1896 4879 men-

307 4894 416 4941 tem
448 4882 510 4939 S.
552 4880 877 4952 Hieroiiymi
922 4877 1265 4952 nequaquam
1319 4885 1605 4952 assecutus
1635 4886 1719 4952 est
1754 4877 1898 4952 :“bic

292 4956 450 5010 enim
482 4962 709 5007 sanctus
742 4948 944 5006 Doctor
988 4953 1043 5005 iu
1092 4950 1344 5006 Ieremia!
1390 4948 1901 5004 Lamentatiuuibus

290 5026 414 5082 duo
434 5032 643 5079 tantum
667 5024 917 5092 agnoscit
936 5023 1244 5093 atphabcta,
1268 5020 1771 5093 propterduplicem
1783 5034 1901 5093 spe-

296 5098 446 5155 ciem
478 5096 639 5153 metri
658 5090 723 5149 et
750 5090 1049 5149 litterarum
1076 5092 1349 5149 diuersam
1382 5090 1804 5147 conneXionom.
1838 5090 1896 5145 lu

298 5170 491 5251 primo
512 5167 697 5249 itaque
714 5164 1081 5251 ,.secundo_et
1106 5172 1300 5251 quarto
1322 5161 1896 5251 currite‘Fhreportt‘t_ii,

301 5231 474 5303 idem,
505 5252 570 5291 ac
599 5231 831 5305 simplex
862 5246 948 5291 est
973 5231 1321 5305 alphabetum
1355 5232 1547 5302 viginti
1570 5232 1779 5305 duabus
1812 5231 1899 5286 lit-

296 5309 467 5373 teris,
494 5303 789 5377 namque
815 5308 972 5373 quasi
1002 5304 1626 5377 Sophicoeouiposituiu
1650 5320 1664 5368 ;
1698 5303 1763 5377 in_
1782 5314 1898 5377 ter-

305 5381 385 5441 tio
412 5389 602 5436 autem
640 5374 884 5446 capitulo
907 5376 1053 5433 aliud
1093 5388 1177 5432 est
1205 5374 1584 5446 alphabetum,
1610 5374 1767 5444 quasi
1800 5374 1900 5446 tri-

304 5459 484 5506 metro
527 5444 776 5504 carmine
822 5450 1110 5517 scriptum,
1161 5457 1273 5501 tres
1322 5445 1529 5499 habens
1576 5444 1901 5517 versus__sub

305 5536 635 5597 uitaquaque
659 5520 836 5579 littera
850 5513 1116 5597 Hebraica
1142 5526 1224 5573 ter
1248 5519 1422 5597 posita
1446 5530 1744 5597 conneztos.
1766 5513 1902 5596 vide

304 5584 698 5653 annotationes
744 5604 960 5647 nostras
988 5592 1044 5645 in
1076 5585 1591 5643 Latnentatiouibus
1622 5584 1897 5639 Jereutim.

304 5662 659 5721 Mns.-—.lta
687 5672 741 5720 et
765 5662 957 5722 nostri,
991 5658 1529 5729 postMartiahaeum,
1551 5656 1787 5729 codices.
1812 5655 1904 5709 ld-

312 5748 419 5800 que
444 5735 687 5789 omnium
713 5725 1033 5786 verissime:
1058 5728 1530 5800 secundumeuim
1553 5725 1901 5800 alphabetum

313 5795 447 5861 illud
476 5804 841 5874 Hieronymus
871 5801 1131 5871 appellat,
1164 5798 1306 5867 quod
1330 5799 1397 5851 ab
1424 5796 1593 5850 altero
1627 5795 1901 5850 diversum

2006 4682 2167 4739 atque
2194 4678 2477 4740 corrupto,
2503 4680 2695 4740 putant
2717 4686 2777 4726 se
2808 4681 2997 4726 tenere
3036 4671 3260 4740 spiritus
3293 4672 3556 4727 unitatem
3586 4692 3598 4726 :

2001 4814 2103 4863 est.
2138 4806 2309 4861 Porro
2337 4820 2407 4861 ex
2438 4813 2674 4873 quatuor
2703 4804 3038 4875 alphabetis,
3072 4804 3273 4875 quibus
3304 4804 3599 4875 Lamenta-

2004 4879 2180 4932 tiones
2205 4876 2460 4947 Jeremirc
2481 4873 2771 4937 constant,
2789 4880 2915 4947 ipso,
2937 4873 3267 4947 Hieronymo
3288 4884 3450 4947 teste,
3480 4873 3599 4928 Duo

2000 4949 2172 5020 prima
2203 4948 2349 5017 quasi
2376 4946 2605 5017 Saphiro
2634 4959 2796 5020 metro
2814 4945 3174 5020 scriptasunt,
3207 4945 3330 5013 quia
3362 4957 3464 5020 (res
3489 4962 3600 4996 wr-

1996 5015 2330 5088 ἠπόρημαιιὲ
2356 5015 2461 5073 sibi
2484 5018 2705 5072 connexi
2732 5024 2875 5077 west,
2906 5015 2953 5088 et
3068 5031 3176 5088 una
3196 5025 3393 5088 tantum
3422 5016 3597 5069 littera

2002 5084 2281 5157 incipiunt.
2316 5088 2527 5143 Heroici
2554 5103 2757 5143 comma
2785 5086 3066 5157 concludit.
3109 5085 3199 5147 Et,
3233 5084 3485 5157 Quartum
3520 5089 3602 5138 ul-

2004 5155 2276 5230 pltabetum
2307 5161 2473 5215 simile
2493 5171 2563 5213 est
2588 5160 2757 5230 primo
2798 5156 3093 5230 el_secuudo
3124 5173 3143 5209 :
3178 5157 3317 5209 unde
3348 5155 3603 5230 ltarctrie.

2003 5226 2105 5301 pro
2131 5246 2239 5285 uno
2268 5240 2477 5285 tantum
2511 5226 2598 5283 hic
2622 5229 2811 5283 habet.
2845 5226 3078 5301 Tertium
3105 5243 3241 5301 vero,
3267 5228 3403 5301 quod
3426 5228 3599 5281 trime-

2002 5298 2085 5355 tro
2110 5303 2363 5370 scriptum
2387 5310 2484 5365 est,
2506 5311 2554 5355 et
2574 5318 2607 5354 a
2646 5301 2807 5352 ternis
2840 5298 3051 5370 litteris,
3074 5299 3167 5370 sed
3188 5298 3594 5370 iisdemternos

2004 5372 2195 5442 incipit
2222 5368 2438 5437 versus,
2470 5368 2957 5442 liiciprosecuudo
3000 5368 3318 5442 altilium,
3352 5368 3595 5442 sivepro

2004 5458 2070 5497 eo
2092 5436 2279 5511 [quod
2310 5450 2394 5496 est
2424 5436 2501 5493 ab
2528 5436 2656 5511 aliis
2687 5438 2962 5493 diversum
2989 5477 3003 5494 .
3051 5436 3594 5511 rectissimeaccipit.

2006 5506 2121 5569 lloc
2143 5506 2322 5568 autem
2353 5526 2383 5565 a
2415 5510 2575 5565 tertio
2603 5510 2952 5569 Threnorum
2984 5510 3158 5579 capite
3198 5506 3477 5579 iratiirdtum
3503 5522 3563 5559 su
3582 5536 3596 5544 -

2009 5586 2107 5637 mit
2140 5601 2151 5634 :
2185 5599 2301 5652 qum
2334 5581 2506 5652 fraudi
2542 5596 2625 5652 res
2658 5580 2753 5633 fuit
2802 5576 3070 5652 Victorio,
3118 5587 3169 5631 ut
3202 5576 3337 5652 adeo
3383 5579 3597 5629 ιι-ηξιιεη

2005 5654 2094 5735 hic
2140 5648 2348 5711 laudari
2381 5651 2728 5735 alphabetum
2774 5649 3100 5705 existimarit
3131 5664 3142 5699 ς
3178 5648 3359 5717 sicque
3395 5656 3598 5701 temeto

2007 5726 2059 5779 in
2094 5735 2244 5780 textu
2276 5722 2638 5792 rcscrip-erit.
