4046 6338
479 267 585 327 ιθις

1733 265 1790 321 S.
1837 262 2115 323 EUSEBII
2150 259 2538 319 HIERONYMI

3694 256 3812 316 ιθθ

476 391 601 434 cum
645 379 825 434 unitas
869 378 1092 450 spiritus
1141 380 1192 434 in
1235 380 1383 449 pacis
1428 377 1644 434 vinculo
1690 388 2068 434 conservetur.
2098 382 2151 441 Α
2178 388 2442 444 omnes,et
2471 378 2523 428 in
2552 375 2810 430 omnibus.
2843 373 3243 443 Quomodoalia
3261 379 3345 430 est
3370 373 3550 429 ﬁdesa
3577 374 3810 444 baptis-

477 469 709 538 Quando
734 473 876 526 enim
907 488 1013 526 non
1053 472 1283 541 idipsum
1309 485 1498 525 omnes
1527 469 1822 540 loquimur,
1851 477 1904 524 et
1935 469 2072 522 alius

476 562 612 618 dicit
643 582 655 618 :
682 563 795 636 Ego
823 581 936 618 sum
967 563 1140 628 Pauli,
1169 580 1262 634 ego
1293 562 1503 633 Apollo,
1532 579 1623 634 ego
1652 561 1841 632 Cephw
1870 561 2069 635 (lCor.

471 669 516 719 ι,
552 656 679 725 12),
709 656 1004 723 dividimus
1022 656 1245 724 spiritus
1274 658 1557 724 unitatem,
1590 664 1646 710 et
1665 669 1783 710 eam
1816 656 1867 708 in
1891 664 2074 726 partes

475 764 541 805 ac
583 749 821 803 membra
871 747 1254 819 discerpimus.
1305 749 1416 804 Nec
1461 749 1646 804 statim
1697 749 1892 819 aliquis
1941 747 2071 801 illud

471 850 717 912 opponat
743 857 756 895 :
779 841 1064 909 Quomodo
1085 857 1217 912 ergo
1244 841 1477 896 divorsae
1509 852 1633 895 sunt
1659 841 1869 911 gratias,
1896 846 1952 893 ct
1983 854 2074 893 va-

469 937 548 991 ria
578 936 931 1003 charismata,
965 951 1088 988 cum
1118 934 1298 988 unitas
1327 933 1684 988 custodienda
1724 934 1794 987 sit
1817 930 2074 1000 spiritus?

473 1029 616 1084 Sunt
645 1029 864 1098 quidem
898 1030 1065 1082 variae
1108 1027 1460 1091 donationes,
1511 1026 1604 1082 sed
1637 1027 1692 1080 in
1733 1024 1928 1080 eodem
1961 1024 2074 1093 spi-

472 1122 581 1178 ritu
613 1140 625 1175 :
657 1132 713 1175 et
740 1122 960 1177 diversa
996 1121 1335 1182 ministeria,
1369 1121 1464 1174 sed
1508 1120 1647 1174 idem
1692 1120 1949 1174 Dominus
1977 1138 1989 1171 :
2021 1126 2078 1172 et

474 1216 808 1285 multiplices
835 1215 1211 1284 operatiOues,
1243 1213 1336 1268 sed
1367 1214 1482 1283 ipse
1516 1213 1657 1268 Deus
1695 1213 1784 1282 qui
1819 1219 2077 1280 Opel'ﬂllﬂ‘

474 1311 657 1367 omnia
694 1311 745 1364 in
779 1311 1035 1364 omnibus
1061 1309 1112 1378 (I
1139 1309 1257 1364 Cor.
1288 1324 1388 1373 xit,
1417 1310 1450 1362 4
1478 1325 1616 1376 seqq.
1638 1309 1679 1376 ).
1713 1306 1868 1373 Quod
1896 1316 2073 1360 autem

470 1406 592 1456 ait:
623 1401 796 1456 Unum
840 1418 1050 1469 corpus,
1087 1409 1134 1454 et
1161 1417 1294 1454 unus
1339 1401 1576 1472 spiritus,
1626 1398 1708 1453 vel
1757 1397 2076 1465 simpliciter

473 1508 641 1548 Unum
688 1509 888 1562 corpus
913 1491 1110 1546 Christi
1161 1491 1510 1562 intelligitur,
1540 1505 1662 1560 qua:
1692 1504 1774 1544 εει
1810 1489 2074 1555 Ecclesia,

476 1587 566 1643 vel
598 1597 748 1642 certe
775 1587 917 1654 quod
959 1601 1025 1640 ex
1076 1585 1298 1655 Virgine
1344 1595 1428 1640 est
1471 1585 1725 1654 dignatus
1755 1597 2072 1636 assumere:

473 1694 545 1735 ne
590 1680 740 1732 illum
774 1679 990 1748 quidem
1025 1685 1212 1745 putent
1253 1679 1416 1731 toties
1457 1687 1829 1744 corporatum,
1862 1674 2076 1745 quOties

2178 478 2344 534 male,
2367 469 2479 522 Deo
2498 480 2552 523 et
2579 469 2807 523 Domino
2824 487 2836 522 :
2852 471 2931 524 sic
2953 469 3244 538 baptisma,
3266 468 3527 522 Dominus
3545 477 3608 522 et
3627 468 3805 533 Deus,

2173 559 2277 612 alia
2319 566 2448 613 sunt
2475 576 2502 612 a
2527 560 2697 614 tribus
2724 561 2974 631 singulis,
3015 577 3133 631 qua:
3166 561 3370 631 pariter
3400 561 3804 616 nominantur.

2175 650 2288 705 Hoc
2309 663 2490 707 autem
2508 652 2630 706 dico
2646 662 2865 723 propter
2881 652 3200 717 Sabellium,
3226 654 3318 724 qui
3337 653 3600 707 eumdem
3620 652 3808 708 Deum

2176 741 2390 797 Patrem
2414 744 2708 798 arbitratur
2729 755 2784 798 et
2803 743 2996 799 Filium
3016 786 3031 810 ,
3065 743 3462 815 confunditque
3491 758 3808 814 personas,

2176 833 2303 888 dum
2351 835 2604 890 eamdem
2635 835 2975 890 divinitatem
3028 837 3079 890 in
3121 849 3358 906 utroque
3397 835 3805 904 deprehendit.

2178 927 2322 984 Ecce
2355 916 2796 985 manifestissime
2819 944 2956 984 unus
2992 929 3254 984 Dominus
3287 929 3461 984 Filius
3487 971 3504 996 ,
3557 938 3622 983 et
3657 942 3807 982 unus

2177 1018 2318 1074 Deus
2352 1021 2512 1076 Pater
2543 1033 2827 1078 vocantur.
2867 1022 3021 1090 Quod
3073 1022 3141 1076 ad
3191 1021 3511 1077 Corinthios
3566 1035 3807 1092 quoque

2177 1115 2394 1185 plenius
2422 1116 2684 1186 scriptum
2711 1124 2827 1170 est:
2863 1116 2969 1171 Sed
2997 1115 3142 1169 nobis
3173 1132 3307 1170 unus
3330 1114 3468 1169 Deus
3502 1113 3705 1181 Pater,
3746 1129 3811 1168 ea;

2177 1223 2278 1277 quo
2308 1210 2481 1262 omnia
2499 1251 2512 1272 ,
2546 1218 2592 1262 et
2615 1225 2749 1262 unus
2769 1207 3022 1263 Dominus
3046 1218 3219 1262 noster
3231 1205 3383 1261 Iesus
3397 1205 3649 1260 Christus
3667 1247 3684 1272 ,
3713 1222 3808 1278 per

2177 1314 2324 1367 quem
2357 1300 2530 1352 omnia
2556 1341 2570 1362 ,
2615 1308 2664 1353 et
2694 1317 2785 1352 nos
2811 1316 2904 1371 per
2925 1300 3098 1370 ipsum
3120 1297 3180 1369 (l
3206 1295 3328 1352 Cor.
3353 1312 3468 1357 vnl.
3498 1300 3532 1352 6
3556 1300 3602 1367 ).
3636 1296 3803 1354 Sicut

2178 1394 2322 1447 enim
2351 1392 2517 1465 διο
2546 1394 2654 1449 Deo
2681 1393 2830 1448 Patri
2863 1410 2969 1448 non
3005 1393 3197 1448 adimit
3225 1392 3398 1447 Filius
3427 1408 3496 1447 ne
3523 1391 3806 1446 Dominus

2179 1484 2268 1549 sit,
2303 1486 2704 1541 cumDominus
2731 1485 3009 1552 solusipse
3036 1485 3288 1540 dicatur:
3323 1484 3466 1538 itaet
3489 1481 3639 1537 Filio
3673 1497 3787 1536 non

2177 1579 2362 1634 aufert
2390 1580 2549 1634 Pater
2580 1591 2633 1634 ut
2667 1580 2808 1635 Deus
2847 1580 2919 1634 sit
2947 1623 2963 1647 ,
3015 1580 3139 1649 quia
3173 1578 3335 1634 Pater
3366 1577 3510 1632 Deus
3546 1589 3802 1631 tantum-

2185 1673 2346 1727 modo
2371 1673 2702 1726 nominatur.
2739 1671 2994 1742 Legimus
3026 1671 3156 1726 etin
3180 1670 3286 1724 alio
3312 1671 3472 1724 loco:
3509 1667 3580 1722 Et
3607 1669 3800 1722 scitote

473 1770 528 1826 in
556 1772 725 1827 veteri
756 1771 1008 1840 apparuit
1034 1771 1408 1825 Testamento.
1443 1769 1508 1823 Et
1530 1783 1670 1824 unus
1694 1768 1930 1838 Spiritus
1954 1783 2077 1820 san-
2109 1771 2156 1830 Β
2181 1767 2423 1831 quoniam
2449 1766 2698 1819 Dominus
2715 1766 2826 1836 ipse
2849 1776 2923 1819 est
2951 1764 3086 1820 Deus
3111 1763 3388 1838 (Ps.xcrx,
3414 1764 3504 1834 2);
3533 1776 3592 1819 et
3623 1762 3801 1818 alibi:

474 1870 596 1918 ctus
625 1879 639 1918 ε
675 1877 816 1917 unus
844 1862 1042 1931 quippe
1073 1860 1318 1929 largitor,
1355 1869 1409 1914 et
1437 1860 1814 1912 sanetilicator
1843 1867 1926 1911 cst
1955 1872 2074 1910 om-

475 1956 648 2012 nium.
687 1954 782 2010 Vel
813 1963 960 2009 certe
1002 1968 1165 2007 unum
1194 1967 1413 2021 corpus,
1461 1951 1525 2004 ad
1555 1951 1722 2004 vitam
1757 1951 1989 2003 refertur
2020 1956 2076 2002 et

477 2061 645 2116 Opera
676 2062 798 2116 qua:
836 2044 1028 2099 Gnece
1059 2044 1317 2098 dicuntur
1353 2042 1627 2118 πρακτικὸς
1668 2041 1818 2115 βίοςε
1853 2054 1905 2094 et
1937 2055 2074 2094 unus

473 2141 724 2211 spiritus.
751 2140 816 2192 ad
841 2138 1121 2192 scientiam
1153 2139 1766 2206 etcentemplatmuem.
1797 2148 1918 2204 quae
1945 2149 2067 2202 pro-

475 2237 592 2304 prie
633 2242 882 2288 versatur
924 2235 975 2285 in
1001 2231 1187 2289 corde.
1220 2241 1273 2285 ct
1303 2230 1371 2284 ab
1402 2230 1505 2284 illis
1537 2229 1838 2296 appellatur
1883 2229 2069 2302 θεορία.

473 2329 608 2383 Cum
631 2342 763 2397 ergo
786 2328 1087 2380 memhrmn
1113 2326 1236 2393 quis
1257 2324 1418 2378 tuerit
1444 2322 1728 2386 Ecclesiae,
1757 2336 1855 2376 nec
1879 2326 1946 2374 ab
1971 2335 2076 2375 uno

476 2420 598 2490 ejus
626 2421 819 2484 spiritu
849 2429 1154 2487 separatus,
1185 2425 1582 2484 consequenter
1622 2415 1727 2469 erit
1752 2414 1804 2467 in
1842 2429 1944 2466 una
1979 2427 2076 2480 spe

476 2511 808 2567 vocatioiiis.
854 2512 1124 2577 Quaeritur
1166 2508 1442 2579 (ιιιοιιιοάη
1473 2524 1577 2562 una
1606 2523 1732 2578 spes
1770 2508 2076 2562 vocationis

472 2606 548 2662 sit
573 2617 588 2659 ':
613 2621 734 2661 cum
763 2605 904 2668 apud
933 2604 1147 2659 Patrem
1177 2601 1587 2674 diversum
1611 2604 1723 2656 sint
1745 2602 2073 2656 mansiones.

473 2698 561 2757 Ad
589 2697 758 2766 quod,
790 2711 952 2750 uuam
976 2711 1125 2764 snem
1157 2694 1484 2760 vocationis,
1521 2709 1744 2762 regnum
1776 2693 2070 2758 caelorum,

470 2794 628 2864 quasi
663 2799 688 2828 ι
718 2805 876 2844 unam
920 2789 1136 2842 domum
1182 2789 1276 2841 Dei
1308 2785 1481 2840 Patris
1533 2802 1656 2842 esse
1683 2786 1923 2841 dicemus
1951 2784 2073 2858 [ΑΙ.

474 2881 777 2953 dicimus],
810 2891 867 2936 et
915 2881 969 2934 in
1002 2895 1107 2933 una
1152 2880 1316 2932 domo
1358 2880 1536 2933 varias
1587 2879 1919 2934 mansiones.
1954 2879 2077 2933 Alia

477 2978 617 3032 enim
639 2975 807 3047 gloria
832 2974 982 3036 solis,
1009 2974 1117 3026 alia
1140 2971 1298 3036 Iunce,
1323 2973 1433 3026 alia
1453 2973 1720 3027 stellarum
1751 2972 1768 3042 (
1791 2973 1805 3025 I
1837 2970 1958 3026 Cor.
1983 2987 2073 3036 xv,

478 3069 544 3124 41
570 3070 610 3140 ).
645 3066 754 3122 Aut
774 3076 921 3122 certe
954 3065 1086 3120 illud
1116 3067 1368 3120 subtilius
1399 3066 1690 3132 indicatur,
1714 3067 1855 3136 quod
1889 3067 1940 3120 in
1971 3065 2076 3121 line

2175 1857 2434 1914 Dominus
2461 1857 2604 1913 Deus
2632 1869 2749 1912 tuus
2776 1902 2790 1925 ,
2840 1857 2985 1914 Deus
3027 1876 3161 1912 unus
3189 1867 3264 1911 est
3296 1855 3480 1930 (Deut.
3507 1871 3586 1923 vl,
3612 1852 3701 1926 4).
3743 1853 3802 1910 Si

2177 1955 2355 2015 enim,
2401 1962 2458 2006 ut
2507 1952 2824 2006 existimant
2849 1951 3072 2017 Ariani,
3127 1951 3270 2006 Deus
3302 1950 3463 2005 Pater
3507 1949 3671 2004 solus
3717 1955 3802 2003 est

2179 2048 2340 2112 Deus,
2368 2046 2556 2101 eadem
2589 2045 3004 2115 Consequentia,
3039 2045 3188 2100 solus
3210 2045 3318 2099 erit
3341 2043 3613 2099 Dominus
3627 2042 3798 2098 Jesus

2177 2141 2451 2209 Christus,
2479 2151 2652 2195 etnec
2678 2140 2956 2195 Patererit
2983 2138 3268 2203 Dominus,
3297 2152 3398 2193 nec
3412 2136 3590 2191 Filius
3617 2135 3789 2190 Deus.

2177 2234 2286 2291 Sed
2315 2236 2478 2303 absit,
2510 2245 2569 2288 ιιι
2599 2249 2704 2288 non
2735 2235 2826 2300 sit,
2854 2234 2935 2288 vel
2971 2233 3024 2288 in
3053 2233 3429 2287 dominatione
3455 2230 3668 2294 deitas,
3705 2228 3792 2285 vel

2178 2329 2233 2382 in
2259 2326 2463 2382 deitate
2492 2326 2813 2381 dominatio.
2855 2325 3008 2380 Unus
3031 2324 3417 2388 estDominus,
3456 2330 3514 2378 et
3537 2337 3686 2377 unus
3709 2329 3792 2377 est

2178 2418 2348 2485 Deus,
2401 2418 2522 2488 quia
2558 2417 2736 2472 Patris
2763 2427 2819 2472 et
2850 2415 2972 2470 Filii
2997 2415 3337 2480 dominatio,
3383 2429 3488 2470 una
3516 2412 3791 2469 divinitas

2177 2521 2281 2567 est.
2314 2511 2607 2579 Pr0pterea
2633 2519 2688 2564 et
2710 2510 2848 2565 ﬁdes
2879 2524 2983 2564 una
3013 2509 3245 2576 dicitur,
3275 2508 3401 2579 quia
3434 2507 3704 2564 similiter
3736 2505 3788 2560 in

2178 2606 2414 2662 Patrem.
2441 2605 2569 2660 etin
2601 2604 2824 2671 Filium,
2856 2614 2910 2659 et
2943 2606 2996 2660 in
3025 2603 3289 2674 Spiritum
3316 2613 3570 2658 sanctum
3602 2601 3790 2658 credi-

2180 2713 2322 2753 mus.
2384 2697 2452 2753 Et
2483 2697 2754 2767 baptisma
2781 2713 2978 2762 unum,
3011 2696 3204 2752 eodem
3234 2696 3382 2752 enim
3409 2695 3600 2762 modo,
3654 2695 3787 2751 etin

2179 2789 2417 2853 Patrem,
2445 2789 2568 2844 etin
2587 2789 2803 2859 Filium,
2829 2799 2884 2844 et
2905 2789 2959 2844 in
2974 2789 3238 2859 Spiritum
3262 2799 3510 2843 sanctum
3534 2788 3790 2856 baptiza-

2179 2896 2322 2936 mur.
2368 2881 2432 2935 Et
2461 2891 2542 2936 ter
2568 2881 2905 2951 mergimur,
2932 2888 2991 2933 ut
3021 2878 3309 2934 Trinitatis
3338 2895 3503 2934 unum
3522 2887 3792 2950 appareat

2178 2980 2603 3029 sacramentum.
2641 2973 2704 3028 Et
2729 2989 2834 3028 non
2869 2973 3212 3044 baptizamur
3244 2974 3297 3028 in
3331 2971 3650 3028 nominibus
3681 2971 3786 3026 Pa-

2180 3066 2302 3130 tris,
2332 3073 2386 3120 et
2416 3065 2558 3128 Filii,
2591 3077 2645 3120 et
2675 3064 2916 3134 Spiritus
2943 3065 3120 3121 sancti
3149 3107 3164 3134 ,
3193 3065 3291 3121 sed
3323 3066 3375 3120 in
3399 3080 3508 3121 uno
3538 3066 3790 3130 nomine,

481 3171 538 3216 et
569 3159 1044 3214 consummatione
1069 3173 1252 3213 rerum
1285 3158 1339 3212 in
1372 3159 1658 3228 pristinum
1690 3169 1886 3214 statum
1918 3160 2079 3214 resti-
2106 3157 2151 3221 C
2181 3157 2324 3228 quod
2354 3157 2676 3228 intelligitur
2693 3158 2857 3212 Deus.
2889 3158 2957 3214 Et
2985 3157 3157 3212 miror
3175 3172 3279 3228 qua
3308 3159 3708 3229 consequentia
3736 3157 3789 3212 in

478 3254 681 3310 tuenda
710 3254 818 3308 sint
847 3254 1047 3318 omnia,
1077 3251 1294 3322 quando
1320 3268 1507 3307 omnes
1533 3268 1694 3306 unum
1718 3267 1920 3322 Corpus
1939 3251 1968 3290 ι’
1993 3251 2075 3308 ef-

437 3334 440 3336 Ὺ
478 3348 749 3406 ﬁciemur,
785 3352 839 3398 et
885 3345 936 3398 in
985 3344 1156 3397 virum
1195 3345 1490 3411 perrectum
1544 3342 2078 3399 reformabimurzet

485 3441 669 3496 oratio
702 3453 800 3507 pro
840 3435 998 3492 nobis
1031 3435 1334 3491 Salvatoris
1366 3434 1682 3504 implebitur
1712 3451 1726 3490 :
1755 3433 1934 3502 Pater,
1983 3435 2075 3501 da,

482 3541 541 3586 ut
572 3529 830 3601 quomodo
857 3544 952 3601 ego
983 3536 1031 3578 et
1060 3537 1114 3579 tu
1144 3541 1307 3580 unum
1335 3541 1534 3594 sumus,
1559 3526 1632 3578 sic
1658 3533 1704 3577 et
1738 3525 1826 3578 isti
1850 3526 1904 3578 in
1935 3525 2082 3578 nobis

484 3637 649 3675 unum
676 3621 777 3674 sint
811 3617 1010 3684 (Joan.
1044 3630 1176 3679 xvn,
1217 3614 1345 3684 21).
1383 3613 1498 3668 Non
1531 3614 1724 3684 ignoro
1749 3616 1799 3668 in
1842 3631 1908 3669 eo
1935 3616 2080 3686 quod

485 3728 634 3769 nunc
665 3709 889 3780 exposui
927 3706 1179 3760 :solliciti
1221 3721 1427 3760 seri-are
1468 3706 1722 3759 unitatem
1771 3706 1989 3774 spiritus
2029 3707 2084 3760 in

482 3803 692 3858 vinculo
721 3801 887 3871 pacis,
916 3797 1179 3866 Spiritum
1202 3811 1233 3850 a
1263 3797 1542 3866 plerisque
1575 3811 1682 3851 non
1712 3807 1961 3852 sanctum
1995 3814 2086 3854 ac-

496 3897 627 3964 cipi,
670 3893 766 3946 sed
814 3890 1066 3945 allectum
1106 3888 1307 3943 mentis
1353 3898 1515 3958 atque
1552 3890 1901 3956 sententiam,
1929 3889 2086 3961 juxta

494 4001 658 4059 quam
691 3983 931 4038 omnium
962 3981 1304 4037 credentium
1333 3991 1450 4036 erat
1489 3983 1670 4036 anima
1696 3993 1751 4037 et
1789 3998 1884 4039 cor
1920 3999 2085 4038 unum

495 4080 708 4152 (Actor.
740 4075 852 4144 tv).
887 4075 956 4130 Et
998 4076 1064 4128 ab
1092 4074 1360 4145 Apostolo
1387 4076 1584 4147 virgini
1629 4078 1986 4148 praecipitur:
2020 4077 2088 4133 Ut

488 4172 560 4226 sit
587 4181 767 4224 sancta
795 4178 842 4222 et
866 4183 1082 4236 corpore
1105 4178 1152 4221 et
1174 4169 1364 4239 spiritu
1395 4168 1446 4238 (l
1469 4169 1591 4223 Cor.
1616 4185 1712 4234 vn,
1742 4170 1847 4242 34)
1871 4187 1884 4226 :
1910 4173 2090 4227 Carnis

492 4265 750 4319 videlicet
777 4279 966 4332 opere,
998 4271 1052 4317 et
1083 4263 1280 4316 mentis
1319 4263 1536 4318 atl'ectu.
1583 4263 1688 4319 Sed
1730 4274 1786 4319 et
1815 4267 2091 4334 generalis

493 4354 806 4425 explanatio
839 4353 906 4406 ad
937 4353 1228 4422 specialem
1276 4353 1783 4423 interpretationem
1824 4355 1962 4410 trahi
1996 4372 2094 4426 po-

497 4457 624 4510 test,
651 4445 795 4517 quod
830 4453 1013 4499 servet
1038 4446 1305 4499 unitatem
1335 4446 1558 4513 Spiritus
1589 4445 1642 4499 in
1673 4446 1892 4502 vinculo
1925 4449 2090 4518 pacis,

2179 3264 2290 3304 uno
2319 3249 2610 3314 vocabulo,
2641 3249 2838 3304 eodem
2863 3263 3061 3318 opere,
3095 3258 3153 3304 et
3181 3248 3375 3305 eodem
3409 3260 3786 3318 sacramento,

2181 3348 2390 3394 natura:
2413 3338 2818 3404 diversitatem,
2869 3338 3066 3403 Arius.
3097 3339 3480 3410 Macedonius,
3510 3349 3567 3395 et
3604 3341 3790 3397 Euno-

2181 3432 2324 3484 mins
2353 3430 2706 3501 suspicentur
2737 3431 3132 3502 (concordante
3165 3432 3219 3486 in
3257 3432 3540 3503 impietate
3571 3433 3787 3489 discor-

2181 3523 2292 3594 dia)
2314 3532 2370 3578 et
2388 3533 2651 3580 creaturae
2681 3527 2732 3580 in
2760 3524 2927 3592 Filio,
2961 3534 3018 3581 et
3049 3525 3263 3598 Spiritu
3288 3538 3481 3582 sancto
3501 3541 3789 3584 emnosum

2179 3617 2384 3670 fontem
2412 3625 2685 3686 tenentes,
2703 3618 2953 3674 diversos
2984 3621 3264 3676 haereseos
3288 3620 3492 3676 rivulos
3509 3620 3789 3677 duxerint.

2189 3706 2364 3761 Unum
2395 3707 2670 3779 baptisma,
2697 3718 2751 3763 et
2777 3720 2968 3764 contra
3000 3709 3345 3766 Valentinum
3378 3709 3534 3776 facit,
3562 3710 3661 3782 qui
3685 3708 3792 3764 duo

2185 3801 2507 3872 baptismata
2522 3819 2646 3858 esse
2661 3804 2962 3871 contendit,
2977 3813 3029 3859 et
3042 3812 3231 3859 contra
3245 3818 3441 3860 omnes
3464 3803 3758 3860 haereticos
3774 3817 3789 3855 :

2187 3903 2247 3949 ut
2271 3895 2444 3950 sciant
2476 3911 2582 3950 noo
2604 3895 2804 3951 habere
2833 3911 2893 3952 se
2919 3896 3270 3967 baptismata,
3303 3895 3399 3952 sed
3422 3896 3476 3950 in
3501 3911 3607 3950 una
3632 3893 3791 3950 Chri-

2187 3987 2520 4043 stiEcclesia
2545 3987 2746 4044 fontem
2776 4004 2900 4045 esse
2919 3988 3166 4044 vitalem.
3197 3989 3564 4046 Potestnnum
3591 3985 3793 4056 baptis-

2189 4096 2275 4136 ma
2304 4090 2359 4136 et
2389 4083 2460 4136 ita
2485 4082 2594 4137 dici
2620 4123 2635 4147 ,
2680 4082 2824 4154 quod
2851 4083 2977 4138 licet
3009 4092 3090 4137 ter
3129 4081 3475 4152 baptizemur
3497 4124 3513 4149 ,
3572 4090 3793 4153 propter

2191 4175 2514 4244 mysterium
2546 4173 2829 4229 Trinitatis
2860 4192 2873 4227 :
2907 4181 3090 4229 tamen
3123 4188 3289 4228 unum
3314 4173 3584 4244 baptisma
3625 4185 3790 4243 repu-

2193 4274 2360 4322 tetur.
2395 4266 2573 4322 Unum
2597 4282 2815 4338 quoque
2843 4268 3106 4336 baptisma
3119 4276 3204 4322 est
3233 4267 3286 4322 in
3300 4282 3462 4336 aqua,
3489 4267 3541 4321 in
3565 4267 3782 4337 spiritu,

2193 4365 2249 4411 et
2277 4357 2329 4412 in
2354 4357 2498 4428 igne.
2547 4358 2615 4412 Et
2651 4358 2720 4413 de
2749 4373 2859 4428 quo
2894 4358 3163 4413 Dominus
3185 4358 3464 4429 loquitur:
3517 4357 3791 4428 Baptism

2197 4453 2359 4508 habeo
2389 4452 2643 4524 baptizari
2671 4453 2821 4524 (Luc.
2856 4471 2955 4520 xu,
2988 4454 3116 4521 50);
3171 4463 3229 4509 et
3258 4453 3418 4508 alibi:
3479 4454 3792 4527 Baptismate

498 4540 592 4610 qui
621 4553 723 4592 non
749 4537 989 4616 rapiatur
1018 4538 1167 4592 omni
1197 4548 1359 4591 vento
1379 4537 1667 4618 doc_lrin:c,
1697 4555 1873 4610 neque
1901 4541 1952 4594 in
1980 4557 2095 4596 mo-
2124 4543 2171 4603 D
2198 4561 2309 4600 meo
2361 4546 2740 4618 baptizabimini
2774 4545 2970 4618 (Marc.
3000 4564 3050 4613 x,
3101 4545 3216 4617 59).
3269 4548 3574 4603 Diversitas
3611 4556 3790 4602 autem

499 4609 620 4688 rem
654 4630 806 4684 stulti
833 4610 984 4699 quasi
1045 4630 1170 4684 luna
1202 4639 1445 4686 mutetur
1471 4609 1670 4701 ῖΕεειὶ.
1696 4609 1839 4687 xxvtt
1860 4632 1900 4703 ).
1952 4649 2097 4688 nunc

503 4723 724 4777 diabolo
737 4722 1006 4787 serviens,
1027 4737 1170 4776 nunc
1187 4722 1314 4778 Deo.
1335 4722 1682 4778 llabeatvero
1710 4739 1875 4777 unum
1901 4738 2100 4794 corpus

501 4815 771 4872 bonorum
801 4829 1050 4884 opermn,
1084 4824 1137 4868 et
1160 4829 1376 4884 semper
1403 4829 1622 4868 carnem
1647 4830 1798 4870 suam
1822 4814 1938 4870 Deo
1965 4827 2101 4869 tem-

500 4908 656 4978 plum
688 4905 963 4960 exhibeat.
1019 4906 1082 4958 Et
1127 4921 1295 4960 unum
1337 4907 1588 4976 spiritum
1617 4925 1631 4962 :
1658 4906 1846 4962 eadem
1884 4922 2102 4978 semper

506 4998 792 5054 sentiens:
829 4999 879 5051 in
929 5013 1031 5052 una
1062 5013 1158 5067 spe
1203 5001 1528 5064 vocationis,
1577 5010 1635 5053 ut
1661 5015 2002 5071 nequaquam
2035 5003 2101 5056 de

502 5089 1026 5159 repromissionibus
1066 5091 1369 5158 ambigens,
1414 5091 1464 5143 in
1499 5092 1902 5145 resurrectione
1932 5103 1984 5147 et
2018 5108 2105 5146 re-

508 5184 794 5238 stitutione
829 5184 1098 5248 omnium,
1134 5183 1304 5235 solida
1339 5191 1524 5237 mente
1554 5183 1814 5237 conﬁdat.

563 5271 817 5345 (Vers.5,
846 5271 924 5342 6.)
949 5271 1095 5326 Unus
1109 5269 1386 5334 Dominus,
1424 5289 1528 5325 una
1548 5273 1708 5341 fides,
1739 5292 1900 5330 unum
1914 5277 2108 5350 baptis-

509 5381 618 5432 ma,
642 5381 774 5418 unus
799 5364 939 5418 Deus
953 5373 999 5416 et
1015 5362 1172 5417 Pater
1184 5364 1434 5430 omnium,
1465 5365 1551 5433 qui
1567 5381 1721 5436 super
1737 5379 1996 5434 omnes,et
2018 5379 2110 5440 per

599 5532 625 5561 ι
658 5521 805 5576 Nihil
847 5521 1218 5576 dubitavimus
1265 5521 1330 5574 ad
1361 5521 1541 5576 lluiiui
1581 5523 1871 5580 lectionem
1905 5525 1992 5581 hic
2021 5542 2115 5581 re-

517 5594 782 5658 scribere,
811 5595 959 5662 quasi
986 5609 1144 5645 unam
1176 5591 1384 5645 domum
1410 5634 1424 5657 ,
1452 5593 1569 5662 ipso
1593 5594 1672 5648 sic
1705 5597 1956 5664 exigente
1981 5611 2108 5651 con-

522 5673 699 5738 te_\l|l,
749 5679 848 5738 pro
880 5680 984 5730 quo
1015 5671 1174 5716 antea
1207 5665 1357 5738 quasi
1387 5679 1548 5716 unum
1592 5664 1782 5720 bonum
1802 5670 2113 5738 legebatur,

520 5733 703 5790 minus
732 5732 1046 5788 cohazrento
1069 5732 1284 5788 caeteris
1312 5748 1496 5788 sensu.

2200 4639 2644 4711 prtepositionnm
2669 4639 2724 4695 in
2755 4639 2960 4710 quibus
2987 4640 3187 4695 dicitur
3213 4657 3226 4693 :
3263 4639 3412 4696 Unus
3427 4640 3588 4710 Deus,
3619 4651 3669 4697 et
3690 4639 3792 4694 Pa-

2200 4741 2275 4786 ter
2307 4732 2557 4796 omnium,
2579 4733 2671 4801 qui
2699 4746 2853 4804 super
2874 4748 3069 4796 omnes,
3101 4743 3148 4786 et
3179 4749 3272 4804 per
3294 4749 3491 4797 omnes,
3525 4742 3576 4787 et
3606 4734 3660 4788 in
3687 4745 3792 4786 om-

2203 4824 2372 4888 nibus,
2415 4825 2684 4879 diversam
2721 4825 3136 4896 intelligentiam
3190 4827 3361 4894 sapit.
3404 4827 3581 4896 Saper
3608 4838 3792 4882 omnes

2202 4915 2346 4967 enim
2373 4922 2452 4967 cst
2489 4913 2628 4968 Deus
2657 4913 2819 4968 Pater
2843 4953 2858 4980 ,
2909 4914 3031 4984 quia
3074 4925 3264 4970 auctor
3283 4925 3367 4970 est
3387 4916 3654 4971 omnium.
3693 4913 3792 4970 Per

2207 5019 2399 5058 omnes
2425 5003 2615 5070 Filius,
2651 5003 2775 5074 quia
2803 5016 2997 5060 cuncta
3029 5007 3354 5061 transcurrit
3383 5047 3398 5072 ,
3430 5007 3683 5076 vaditque
3703 5016 3794 5074 per

2207 5099 2409 5150 omnia.
2435 5095 2491 5149 ln
2515 5096 2768 5151 omnibus
2789 5095 2951 5168 611
2974 5097 3210 5164 Spiritus
3233 5108 3479 5166 sanctus,
3508 5098 3636 5170 quia
3663 5092 3792 5153 nihil

2209 5187 2413 5258 absque
2442 5203 2509 5243 eo
2531 5198 2636 5242 est.
2666 5187 2777 5242 Nec
2810 5203 2941 5243 vero
2968 5188 3287 5258 putandum,
3318 5205 3489 5244 unum
3526 5190 3712 5255 Deum,
3741 5191 3793 5240 et

2211 5279 2427 5335 Patrem
2459 5282 2700 5336 omnium
2731 5296 2856 5336 esse
2880 5284 3265 5349 communiter,
3297 5293 3357 5338 ut
3395 5285 3613 5340 scilicet
3637 5283 3702 5338 ad
3728 5282 3794 5335 ir-

2213 5371 2569 5426 rationabilia
2615 5371 2859 5442 jumenta
2879 5417 2893 5442 ,
2956 5389 3156 5429 nomen
3187 5373 3366 5430 Patris
3387 5375 3560 5446 possit
3585 5372 3788 5448 aptari;

2303 5529 2327 5566 b
2362 5529 2462 5584 llic
2485 5547 2701 5599 quoque
2713 5531 2963 5586 Ruﬁnum
2979 5529 3364 5601 praelegentem
3390 5530 3562 5587 seculi
3585 5542 3789 5601 sumus:

2225 5610 2385 5655 antea
2442 5616 2547 5655 non
2593 5608 2727 5657 satis
2773 5613 2918 5656 recte
2946 5641 2960 5666 ,
3021 5600 3075 5654 in
3107 5599 3332 5657 instanti
3389 5599 3790 5672 lectum,e[ﬁci-

2223 5688 2342 5744 mur
2373 5711 2387 5726 .
2414 5713 2434 5744 ί.
2478 5712 2489 5724 .
2519 5714 2534 5726 .
2566 5677 2910 5744 reformantur
2947 5710 2959 5724 .
2987 5709 3002 5723 .
3035 5710 3049 5725 .
3087 5709 3099 5724 .
3131 5714 3145 5726 .
3174 5673 3438 5744 impletur.
3485 5671 3605 5727 Vid.
3652 5673 3738 5728 lib.
3774 5682 3790 5722 ι

2224 5741 2545 5798 Invectivar.
2577 5741 2726 5798 nutu.
2749 5743 2840 5799 61.
