4056 6358
241 372 331 429 497
709 368 1357 427 COMMENTARIURUM
1396 370 1462 426 1N
1504 370 1818 427 EPISTOLl

1932 371 2027 429 AD
2064 371 2403 432 EPHESIOS
2442 374 2572 430 LIB.
2616 372 2684 430 ll.
2723 374 2881 431 CAP.
2927 374 3016 431 IV.
3404 377 3512 437 498

233 482 317 539 sed
339 484 616 556 quomodo
644 485 689 539 si
722 485 773 539 iu
806 483 994 539 decem
1021 482 1358 551 hominibus,
1390 485 1634 556 quinque
1665 483 1810 553 ﬁliis,
1838 483 1889 547 Α
1916 499 2038 541 esse
2064 486 2264 542 donata
2290 530 2306 556 ,
2363 489 2734 545 testimonium
2767 490 2837 544 de
2883 491 3233 562 sexagesimo
3273 492 3513 558 septimo

234 583 281 631 et
298 578 529 649 quinque
556 577 756 645 servis,
782 575 989 646 pariter
1007 576 1315 632 diceremus
1340 594 1354 631 :
1383 577 1579 633 borum
1593 578 1805 645 decem,
1913 577 2123 648 psalmo
2152 581 2452 651 assumpsit
2476 622 2491 648 ,
2552 591 2611 636 ut
2657 584 2897 637 sciamus
2924 583 3046 637 illas
3071 598 3198 641 esse
3226 583 3514 641 manubias

230 682 353 723 unus
378 676 466 724 est
501 667 754 724 dominus
786 713 801 736 ,
850 677 905 723 et
928 684 1070 722 unus
1097 677 1181 724 est
1207 678 1368 739 pater
1393 688 1405 723 :
1464 685 1572 725 non
1624 671 1811 741 utique
1912 669 2221 727 hominibus
2241 673 2588 743 distributas,
2614 689 2751 744 quas
2771 674 3023 731 Christus
3053 677 3230 732 victor
3248 676 3509 733 emeruit.

230 760 451 816 omnium
484 769 717 831 patrem,
752 775 853 817 nec
875 761 1158 815 dominum
1189 764 1430 818 omnium
1445 779 1809 820 vocaremus:
1909 762 2226 819 Ascendens
2255 764 2455 835 quippe
2480 766 2532 820 in
2563 766 2752 834 altum,
2794 769 3065 832 Captivam
3097 768 3253 822 duxit
3278 768 3510 837 captivi-

228 856 298 911 sic
318 863 372 912 et
402 857 455 911 in
498 871 570 912 eo
595 855 743 928 quod
775 855 852 910 ait
877 873 891 909 :
946 854 1092 910 Unus
1111 854 1255 910 Deus
1284 864 1334 911 et
1366 855 1526 911 Pater
1551 859 1807 927 omnium,
1912 863 2097 908 tatem.
2124 854 2233 909 Nos
2254 856 2344 925 qui
2367 872 2509 912 nunc
2535 857 2587 911 in
2615 859 2836 913 Christo
2863 858 3139 915 credimus
3155 859 3225 914 de
3252 859 3508 929 gentibus

227 946 439 1002 aliorum
472 946 632 1002 Pater
653 987 670 1012 ,
698 944 930 1001 aliorum
958 946 1100 1001 Deus
1130 947 1509 1015 acvipiendnm
1536 956 1641 1003 est.
1681 948 1811 1004 Tale
1911 946 2265 1016 congregati,
2312 962 2436 1002 cum
2481 962 2731 1004 essemus
2758 960 3013 1005 creatura
3045 951 3136 1005 Dei
3164 991 3181 1016 ,
3228 967 3256 1003 a
3287 949 3508 1006 diabolo

228 1038 345 1111 quid
387 1039 454 1096 de
480 1039 748 1095 creaturis
774 1080 790 1105 ,
841 1047 897 1095 et
925 1038 995 1095 de
1022 1038 1134 1094 Deo
1161 1041 1324 1095 etiam
1349 1040 1500 1096 Zeno
1539 1057 1663 1097 cum
1694 1043 1811 1097 suis
1910 1038 2055 1106 capti
2077 1052 2285 1103 sumus,
2314 1046 2370 1093 et
2390 1038 2509 1108 ejus
2532 1039 2865 1095 satellitibus
2895 1041 3195 1096 distributi.
3221 1039 3384 1097 Venit
3407 1041 3507 1111 igi-

231 1132 416 1190 Stoicis
469 1132 796 1203 suspicatur.
879 1132 1051 1200 Quem
1123 1143 1340 1188 secutus
1402 1133 1665 1204 Virgilius
1732 1133 1808 1189 ait
1912 1138 1999 1186 tur
2027 1131 2286 1187 Dominus
2322 1142 2525 1207 .noster
2544 1132 2704 1189 lesus
2731 1133 2984 1189 Christus
3030 1135 3331 1190 secundum
3363 1134 3505 1190 Eze-

236 1223 588 1298 (Eneith):
1910 1220 2144 1276 chielem
2171 1219 2325 1292 (Cap.
2361 1238 2415 1277 rx
2445 1232 2494 1278 et
2524 1227 2647 1293 xu),
2684 1239 2814 1279 vasa
2835 1240 3024 1280 secum
3049 1226 3381 1296 captivitatis
3410 1239 3507 1295 ap-

1911 1322 2169 1385 portans,
2245 1324 2302 1369 et
2356 1325 2551 1386 operto
2612 1316 2829 1386 capite,
2899 1332 2966 1372 ne
3029 1317 3100 1372 ab
3164 1316 3503 1373 adversariis

1909 1416 2361 1477 cognosceretur,
2387 1408 2702 1479 praedicavit
2724 1408 2810 1464 bis
2831 1408 2924 1479 qui
2948 1410 3096 1478 capti
3123 1419 3281 1465 erant
3310 1409 3506 1465 remis-

1911 1497 2119 1555 sionem
2148 1543 2163 1566 ,
2196 1507 2254 1553 et
2282 1500 2373 1571 qui
2407 1501 2736 1556 tenebantur
2764 1501 2816 1555 in
2851 1501 3045 1555 viculis
3077 1541 3093 1567 ,
3141 1501 3499 1566 solutionem,

1911 1603 1964 1646 et
1995 1608 2094 1647 nos
2114 1593 2182 1648 de
2207 1595 2420 1650 catenis
2440 1593 2701 1659 hostium,
2731 1604 2788 1651 et
2812 1595 2883 1651 de
2910 1596 3269 1667 compedibus
3297 1596 3505 1651 libera-

1913 1685 1993 1739 vit
2020 1730 2034 1754 ,
2068 1685 2211 1739 sicut
2235 1687 2383 1741 illam
2420 1689 2473 1742 in
2491 1688 2793 1759 Evangelio
2824 1689 3136 1751 mulierem,
3167 1688 3236 1744 de
3255 1704 3362 1759 qua
3390 1688 3509 1758 ipse

1912 1789 2341 1834 commemorat:
2406 1779 2557 1835 Hanc
2580 1792 2750 1835 autem
2798 1782 2965 1851 ﬁliam
2994 1782 3259 1837 Abraham
3286 1824 3302 1850 ,
3345 1799 3506 1849 quam

220 1866 439 1937 Quidam
474 1867 578 1923 hoc
598 1868 743 1939 quod
773 1875 859 1923 est
876 1870 1172 1937 scriptum:
1204 1866 1379 1938 Super
1395 1884 1594 1935 omnes,
1627 1876 1677 1923 et
1708 1884 1800 1938 per
1831 1864 1878 1924 Β
1905 1866 2079 1940 ligavit
2102 1868 2330 1924 Satanas
2353 1874 2470 1943 jam
2496 1872 2675 1925 decem
2703 1882 2751 1925 et
2782 1884 2899 1927 octo
2928 1874 3115 1941 annis,
3149 1890 3253 1928 non
3276 1873 3509 1940 oportuit

218 1976 405 2028 omnes,
438 1970 488 2014 et
512 1960 568 2014 in
588 1960 848 2026 omnibus,
876 1959 944 2015 ad
969 1961 1208 2030 Patrem,
1234 1969 1291 2015 et
1318 1958 1533 2021 Filium.
1565 1971 1616 2013 et
1635 1959 1808 2028 Spiri-
1905 1957 2036 2013 solvi
2062 1960 2125 2013 de
2148 1961 2348 2015 vinculo
2378 1963 2473 2016 hoc
2498 1963 2553 2015 in
2582 1962 2668 2017 die
2690 1964 2889 2017 sabbati
2922 1963 3059 2033 (Luc
3086 1980 3202 2029 xm,
3241 1962 3379 2035 16)?
3415 1964 3509 2020 Li-

221 2060 323 2108 tum
349 2060 595 2107 sanctum
625 2050 703 2107 sic
725 2053 998 2107 aestimant
1018 2066 1140 2107 esse
1169 2050 1541 2115 referendum,
1566 2059 1621 2104 ut
1650 2066 1805 2122 super
1910 2048 2235 2121 beratosque
2267 2067 2387 2121 nos,
2419 2062 2476 2108 et
2503 2069 2600 2123 per
2626 2070 2820 2110 novam
2843 2058 3213 2124 captivitatem
3237 2057 3308 2112 de
3331 2058 3507 2128 capti-

219 2142 386 2196 omnia
410 2141 573 2197 Pater
601 2142 695 2208 sit,
724 2142 850 2212 quia
867 2151 1059 2197 auctor
1079 2151 1163 2197 est
1185 2142 1461 2196 omnium:
1494 2158 1586 2212 per
1606 2158 1802 2211 omnes,
1907 2141 2076 2196 vitate
2125 2143 2296 2199 veteri
2320 2156 2507 2199 erutos
2530 2189 2545 2213 ,
2577 2160 2762 2201 secum
2793 2147 2949 2202 duxit
2979 2146 3035 2201 in
3066 2147 3304 2203 caelum:
3335 2156 3393 2204 et
3417 2149 3505 2205 his

219 2230 400 2297 Filius,
430 2231 559 2302 quia
581 2247 681 2303 per
710 2231 912 2287 Filium
934 2242 1114 2288 creata
1146 2244 1273 2287 sunt
1302 2233 1488 2301 omnia
1510 2249 1523 2285 :
1553 2232 1609 2287 in
1637 2233 1807 2287 omni-
1908 2234 2041 2303 ipsis
2069 2249 2211 2304 quos
2251 2235 2320 2291 de
2346 2236 2691 2293 inimicorum
2724 2254 2889 2293 manu
2920 2239 3096 2293 victor
3124 2240 3328 2308 eripuit
3349 2282 3366 2305 ,
3420 2240 3505 2296 di-

219 2324 326 2390 bus,
357 2323 595 2396 Spiritus
623 2335 844 2380 sanctus
871 2365 887 2389 ,
919 2325 1037 2395 ipse
1067 2325 1214 2381 enim
1235 2324 1593 2381 credentibus
1623 2324 1803 2393 datur,
1907 2339 2060 2379 versa
2074 2326 2370 2394 gratiarum
2389 2327 2532 2383 dona
2550 2329 2780 2399 largitus
2796 2339 2900 2384 est.
2920 2329 2989 2383 Et
3014 2331 3293 2399 eleganter
3308 2330 3506 2401 hicpo-

216 2427 269 2474 et
295 2419 552 2489 templum
575 2433 766 2475 sumus
788 2418 1027 2490 Spiritus
1044 2420 1219 2476 sancti
1242 2434 1259 2476 ;
1292 2430 1347 2476 et
1373 2419 1534 2476 Pater
1557 2429 1611 2476 et
1637 2418 1808 2476 Filius
1907 2415 2035 2484 suit,
2051 2416 2342 2471 deditdoua
2353 2419 2407 2472 in
2420 2420 2735 2483 hominibus,
2754 2436 2876 2473 cum
2895 2419 2949 2473 in
2967 2418 3229 2475 Psalterio
3241 2426 3506 2491 scriptum

218 2512 456 2570 habitant
483 2515 538 2569 in
566 2514 751 2570 nobis.
1906 2507 2008 2563 sit:
2034 2510 2446 2578 accepitdonaiu
2467 2509 2951 2583 hominihus(Psal.
2977 2527 3147 2576 vau,
3170 2511 3287 2582 i9).
3306 2510 3507 2567 Verum

286 2605 466 2680 (Vers.
490 2604 569 2677 7.)
596 2604 891 2675 Unicuique
914 2614 1085 2660 autem
1114 2613 1348 2660 nostrum
1378 2606 1502 2659 data
1532 2614 1605 2660 est
1637 2606 1806 2677 gratia
1908 2601 2144 2672 ibi,quia
2160 2602 2876 2669 necduml'actumerat,sed
2893 2604 3509 2673 futurutnpromitteba-

217 2696 499 2754 secundum
526 2712 823 2752 mensuram
860 2696 1161 2751 donationis
1192 2694 1405 2750 Christi.
1466 2695 1624 2752 Licet
1664 2696 1807 2751 Deus
1908 2698 3117 2769 tur,proptereadicitur,accepisse.Hicvero
3135 2701 3511 2769 cumAposto-

215 2789 370 2847 Pater
391 2803 557 2860 Super
582 2788 766 2844 omnia
785 2790 893 2854 sit,
919 2796 975 2842 et
1000 2803 1098 2857 per
1124 2802 1341 2853 omnes,
1370 2790 1491 2843 etin
1511 2790 1800 2844 omnibus:
1906 2789 1987 2845 lus
2016 2789 2180 2861 613
2210 2790 2431 2855 scribit,
2462 2790 2586 2859 quia
2612 2792 2722 2857 jam
2750 2788 3000 2855 dederat,
3040 2800 3097 2845 et
3145 2791 3200 2846 in
3251 2792 3512 2849 universo

217 2894 390 2941 tamen
411 2882 748 2955 gratiajuxta
767 2895 1083 2937 mensuram
1107 2880 1460 2937 credentibus
1478 2880 1662 2935 datur.
1688 2880 1804 2935 Non
1906 2882 2037 2936 orbe
2078 2881 2342 2936 Ecclesiae
2382 2881 2617 2936 fundata:
2654 2890 2843 2937 erant:
2876 2882 3084 2938 idcirco
3115 2900 3223 2939 non
3251 2886 3511 2957 accepisse

1904 2972 2181 3039 scribitur,
2200 2974 2296 3028 sed
2321 2973 2540 3027 dedisse.
2564 2973 2667 3027 Alii
2694 2974 2841 3029 hunc
2863 2975 3041 3029 locum
3066 2976 3137 3029 ita
3166 2974 3504 3043 edisserunt,

214 3067 665 3142 (magniﬁcentiae
709 3066 855 3124 enim
883 3065 1005 3137 ejus
1046 3080 1154 3121 non
1184 3076 1269 3122 est
1301 3065 1483 3135 linis),
1533 3065 1628 3120 sed
1660 3063 1805 3135 quod
1904 3065 2048 3137 quod
2080 3066 2149 3120 ob
2179 3066 2230 3119 id
2263 3067 2523 3121 Dominus
2552 3077 2735 3121 noster
2761 3065 2920 3121 Jesus
2944 3066 3197 3122 Christus
3224 3069 3290 3124 ad
3329 3070 3509 3126 caelos

208 3161 361 3233 juxta
413 3174 728 3216 mensuram
768 3160 1120 3215 vasculorum
1150 3200 1165 3223 ,
1220 3157 1469 3215 infundat
1508 3158 1803 3227 liquorem,
1905 3160 2079 3213 victor
2106 3159 2437 3224 ascenderit,
2470 3169 2527 3211 ut
2555 3156 2680 3213 inde
2710 3159 2939 3228 angelus
2966 3168 3308 3232 caeterasque
3338 3162 3514 3216 virtu-

215 3266 423 3312 tantum
449 3254 695 3310 muneris
724 3253 986 3323 largiens,
1017 3263 1279 3322 quantum
1298 3250 1586 3320 potestille
1599 3249 1687 3304 cui
1712 3248 1803 3303 do-
1827 3240 1874 3303 C
1908 3259 1989 3305 tes
2019 3250 2084 3306 ad
2112 3251 2414 3306 custodiam
2443 3251 2810 3304 Ecclesiarum
2859 3265 3081 3304 suarum
3123 3254 3391 3306 mitteret.
3442 3252 3512 3307 Et

212 3358 374 3421 natur
395 3387 413 3414 ,
470 3347 743 3417 accipere.
778 3344 889 3401 Nec
928 3347 1072 3400 enim
1105 3344 1171 3398 ad
1204 3358 1512 3399 mensuram
1544 3341 1633 3397 dat
1668 3341 1807 3395 Deus
1910 3342 2037 3397 dum
2066 3344 2320 3414 indiguus
2350 3342 2418 3396 sit
2447 3345 2599 3396 locus
2632 3342 2734 3396 iste
2763 3351 3038 3404 terrenus,
3064 3341 3379 3397 sublimium
3412 3356 3510 3413 po-

616 1317 779 1368 Deum
802 1329 1014 1381 namque
1034 1320 1112 1368 ire
1135 1331 1228 1381 per
1245 1330 1417 1373 omnes

397 1378 676 1446 Terrasque
700 1378 985 1443 tractusque
1017 1378 1185 1443 maris,
1211 1389 1340 1443 etc.;

224 1471 311 1520 et:

306 1556 555 1622 Principio
576 1556 754 1622 coelum
777 1568 835 1622 ac
851 1561 1029 1622 terras.
1059 1570 1359 1622 camposque
1383 1556 1653 1622 liquentes,

308 1617 677 1685 Lucentemqne
699 1618 899 1685 globum
922 1620 1077 1682 lunae,
1101 1617 1395 1685 Titaniaque
1420 1617 1571 1685 astra,

307 1680 519 1745 Spiritus
535 1683 676 1745 intus
697 1680 809 1745 alit,
831 1680 1084 1745 totamque
1109 1682 1270 1732 infusa
1292 1680 1382 1744 per
1405 1690 1541 1731 artus

305 1742 445 1793 Mens
467 1743 625 1806 agitat
643 1742 843 1806 molem,
869 1749 923 1794 et
944 1742 1122 1807 magno
1142 1756 1202 1794 se
1224 1742 1434 1807 corpore
1454 1746 1647 1795 miscet.

214 2976 354 3048 quod
365 2976 433 3030 ad
458 2988 770 3030 mensuram
792 2974 1070 3044 spiritum,
1101 2983 1156 3028 et
1176 2974 1408 3044 gratiam
1435 2974 1645 3028 tribuat
1662 2973 1806 3027 Deus

212 3439 502 3510 spirituum:
532 3447 627 3494 aut
647 3447 829 3510 potest
851 3438 1054 3493 habere
1087 3449 1422 3501 menSuram,
1453 3434 1596 3505 quod
1624 3448 1809 3503 aequa-

211 3531 340 3587 liter
368 3531 573 3603 ubique
598 3530 853 3587 diffusum
902 3538 1005 3585 est.
1047 3529 1201 3596 Quod
1245 3539 1301 3582 ut
1326 3528 1669 3584 manifestius
1693 3525 1806 3594 ﬁat,

211 3623 596 3696 imperfectum
615 3624 743 3679 licet
771 3631 830 3678 et
857 3639 963 3677 non
996 3622 1231 3691 impleus
1260 3619 1697 3687 similitudinem,
1725 3628 1807 3671 ta-

210 3732 338 3774 men
375 3732 471 3788 per
497 3716 642 3788 quod
670 3715 840 3787 possit
871 3714 1106 3785 intelligi
1134 3714 1277 3785 quod
1309 3713 1508 3769 dicitur
1530 3727 1810 3766 sumamus

210 3813 548 3882 exemplum.
591 3813 739 3867 Mare
765 3818 913 3867 certe
962 3810 1286 3864 immensum
1311 3819 1425 3876 est,
1456 3819 1510 3863 et
1536 3810 1812 3878 capacitas

209 3905 333 3975 ejus
364 3904 477 3959 Deo
508 3902 609 3958 soli
639 3900 805 3974 612
836 3910 993 3957 nota:
1026 3916 1097 3955 ex
1130 3900 1235 3955 hoc
1262 3900 1307 3953 si
1330 3900 1454 3968 quis
1474 3899 1606 3954 velit
1629 3898 1811 3951 multis

210 3996 534 4052 hominibus
565 3996 864 4050 secundum
916 3994 967 4048 id
996 3992 1138 4063 quod
1169 4001 1383 4063 gestare
1406 3993 1615 4060 queu‘ut
1638 4031 1653 4056 ,
1700 4000 1809 4044 tra-

210 4091 372 4154 dere,
409 4102 633 4144 necesse
654 4096 737 4142 est
765 4094 827 4141 ut
846 4084 914 4140 ad
935 4100 1244 4141 mensuram
1269 4083 1559 4153 unicuique
1587 4082 1810 4145 tribuat,

208 4192 267 4240 et
297 4194 487 4255 partes
513 4182 631 4250 ejus
653 4196 964 4235 mensuram
989 4179 1260 4244 recipiant
1285 4220 1300 4242 ,
1338 4176 1494 4246 cujus
1526 4185 1552 4212 ιι
1578 4174 1812 4229 solidum

209 4271 674 4331 immensurabile
687 4279 792 4327 est.
819 4270 893 4326 lta
926 4280 981 4325 et
1004 4270 1242 4339 Spiritus
1264 4279 1491 4323 sanctus
1515 4267 1814 4322 immensus

205 4366 441 4438 quidem
468 4373 647 4429 est,et
669 4364 819 4419 nullo
850 4362 960 4417 line
986 4361 1331 4417 concluditur
1358 4376 1369 4414 :
1398 4368 1575 4414 tamen
1600 4359 1814 4413 unicui-

1913 3443 2168 3492 testatum
2198 3435 2401 3490 habere
2429 3434 2804 3503 praesentiam,
2828 3431 3228 3504 quodammodo
3256 3434 3364 3488 illa:
3389 3446 3513 3488 sus-

1914 3530 2174 3586 tinuerint
2207 3530 2596 3600 captivitatem.
2635 3528 2761 3584 Ideo
2781 3531 2927 3583 enim
2960 3527 3284 3602 (inquiunt)
3318 3543 3511 3584 ascen-

1912 3622 1991 3677 dit
2019 3622 2072 3677 iu
2103 3623 2293 3689 altum,
2326 3631 2383 3676 ut
2408 3624 2691 3691 captivans
2716 3622 3117 3690 captivitatem,
3144 3623 3286 3676 duua
3330 3622 3515 3676 homi-

1912 3717 2073 3772 nibus
2116 3717 2422 3788 largiretur.
2458 3716 2572 3771 Hoc
2618 3724 2798 3770 autem
2842 3724 3012 3769 totum
3043 3715 3170 3769 ideo
3212 3713 3510 3783 Apostolus

1911 3811 2154 3879 replicat,
2180 3819 2236 3864 ut
2256 3812 2380 3879 quia
2402 3807 2651 3876 superius
2672 3806 2922 3861 dixerat:
2954 3804 3271 3874 Str/ferentes
3296 3807 3513 3861 invicem

1910 3904 1966 3956 in
1996 3901 2265 3971 charitate,
2294 3900 2503 3955 solliciti
2530 3917 2733 3956 servare
2757 3901 3005 3954 unitatem
3047 3901 3263 3968 spiritus
3302 3903 3355 3955 in
3398 3902 3513 3956 vin-

1913 3993 2031 4047 culo
2054 3994 2216 4066 pacis,
2248 3994 2471 4049 doceret
2500 3994 2551 4046 iu
2586 3992 2816 4047 diversis
2855 3992 3284 4046 charismatibus
3326 3992 3520 4048 Eccle-

1914 4087 2049 4141 sium
2085 4101 2207 4141 esse
2250 4084 2602 4152 concordem,
2634 4093 2692 4141 et
2719 4099 2823 4140 non
2855 4088 3042 4140 statim
3074 4086 3429 4141 schismatum
3462 4093 3521 4141 et

1914 4180 2311 4236 dissensionum
2340 4180 2688 4235 occasionem
2714 4178 2855 4245 dari,
2877 4181 3005 4250 quia
3035 4179 3337 4234 secundum
3364 4194 3520 4234 men-

1916 4288 2099 4328 suram
2127 4272 2437 4327 donationis
2465 4270 2672 4327 Cltristi
2712 4272 3088 4343 unusquisque
3137 4283 3385 4330 nostrum
3428 4286 3522 4328 ac-

1917 4363 2155 4433 cepisset
2182 4364 2364 4418 doua:
2395 4379 2507 4418 non
2551 4360 2767 4427 eadem,
2800 4363 2897 4418 sed
2928 4364 2980 4418 in
3014 4379 3179 4418 unum
3208 4379 3433 4433 corpus,
3461 4372 3520 4419 et

204 4476 323 4532 que
344 4461 508 4515 datur
531 4457 829 4515 secundum
857 4456 1001 4527 quod
1047 4443 1288 4525 expedit.
1322 4454 1390 4508 Et
1430 4452 1593 4508 simul
1624 4461 1818 4507 notan-
1919 4455 1972 4510 in
1995 4446 2159 4509 unum
2183 4456 2434 4525 spiritum
2456 4470 2647 4510 omnes
2668 4466 2892 4512 vocatos
2914 4471 3055 4525 esse,
3084 4457 3137 4512 id
3163 4466 3268 4524 est,
3297 4470 3357 4514 ut
3377 4462 3523 4514 sicut

205 4552 350 4609 dum
375 4597 390 4622 ,
424 4551 567 4622 quod
596 4551 715 4605 hate
743 4549 937 4604 eadem
964 4548 1137 4618 gratia
1157 4587 1172 4609 .
1227 4561 1350 4617 quae
1380 4560 1524 4600 nunc
1559 4546 1818 4600 attributa
1848 4621 1867 4622 ί
1920 4564 2058 4603 unus
2085 4547 2344 4604 Dominus
2371 4557 2477 4612 est.
2510 4558 2564 4604 et
2589 4564 2694 4603 una
2722 4550 2880 4615 lides,
2910 4558 2967 4604 et
3007 4567 3174 4606 unum
3223 4553 3516 4620 baptisma,

207 4646 563 4718 perhibetur,
595 4642 895 4701 secundum
924 4655 1238 4698 mensuram
1270 4639 1585 4695 donationis
1614 4636 1817 4693 Christi
1843 4621 1899 4681 Ῑ)
1920 4651 1976 4699 et
2003 4657 2142 4698 unus
2176 4644 2316 4696 Deus
2346 4642 2543 4696 Pater:
2573 4645 2647 4695 ita
2676 4651 2728 4697 et
2761 4657 2864 4697 nos
2894 4644 2946 4697 io
2975 4644 3244 4700 charitate
3284 4646 3524 4716 idipsum

202 4742 346 4798 data
381 4743 456 4797 sit
475 4740 657 4797 nobis.

1922 4737 2113 4801 simus,
2148 4737 2200 4790 itt
2234 4736 2385 4804 pacis
2411 4734 2624 4789 vinculo
2654 4747 2944 4790 servantes
2969 4737 3196 4806 spiritus
3226 4739 3520 4795 unitatem.

290 4835 482 4907 (Vers.
515 4834 599 4903 8.)
628 4831 857 4902 Propter
883 4833 1021 4899 quod
1049 4832 1205 4886 dicit:
1229 4827 1524 4884 Ascendens
1546 4827 1601 4881 in
1629 4825 1820 4892 altum,
1998 4828 2195 4901 (Vers.
2226 4827 2306 4898 9.)
2338 4827 2489 4895 Quod
2519 4835 2692 4880 autem
2721 4829 2970 4894 ascendit,
3003 4830 3131 4898 quid
3158 4839 3250 4897 est,
3277 4832 3377 4886 nisi
3403 4833 3530 4901 quia

203 4928 485 4997 captiuam
506 4924 660 4980 duxit
688 4925 1052 4997 captivitatem,
1097 4922 1238 4976 dedit
1263 4920 1407 4975 dona
1438 4922 1492 4974 in
1513 4918 1821 4973 hominibus.
1922 4929 1973 4977 et
2000 4921 2260 4975 descendit
2302 4921 2357 4974 in
2381 4918 2639 4989 inferiora
2666 4921 2857 4973 terrm?
2881 4920 2982 4985 Qui
3014 4923 3332 4978 ascendisse
3382 4937 3528 4979 nunc

201 5022 360 5090 Quia
398 5036 565 5091 supra
588 5018 837 5074 dixerat:
874 5015 1167 5088 Unicuique
1204 5024 1373 5069 autem
1429 5022 1661 5068 nostrum
1701 5011 1825 5065 data
1927 5013 2147 5082 dicitur,
2199 5022 2491 5083 propterea
2530 5010 2800 5077 ascendit,
2829 5010 2953 5081 quia
2984 5023 3110 5067 ante
3137 5014 3526 5071 descenderat.

202 5124 290 5170 est
321 5113 503 5185 gratia
536 5114 823 5166 secundum
843 5123 1139 5163 mensuram
1165 5107 1462 5161 donationis
1489 5102 1683 5159 Christi
1710 5145 1725 5170 ,
1764 5110 1828 5158 ut
1929 5106 2042 5161 Huc
2064 5105 2211 5160 enim
2242 5114 2432 5159 sonat:
2468 5101 2621 5171 Quod
2642 5112 2815 5157 autem
2840 5103 3098 5167 ascendit,
3119 5106 3246 5169 quid
3273 5115 3387 5172 est,
3430 5108 3534 5163 nisi

200 5206 581 5263 conﬁrmaret
611 5203 727 5260 haec
747 5204 865 5273 ipsa
886 5202 1049 5267 dona,
1082 5214 1206 5271 quae
1233 5212 1355 5270 post
1385 5198 1663 5269 paululum
1687 5212 1820 5269 quo-
1926 5199 2047 5269 quia
2074 5207 2121 5251 et
2142 5197 2423 5278 descendit.
2457 5196 2863 5267 Requirendutn
2894 5195 3077 5267 itaque
3105 5213 3269 5267 super
3294 5214 3362 5255 eo
3383 5200 3534 5272 quod

203 5314 334 5370 que
365 5306 676 5363 enumerat,
702 5295 935 5351 dicens:
963 5290 1033 5346 Et
1053 5294 1165 5360 ipse
1185 5291 1327 5347 dedit
1342 5290 1596 5363 quosdam
1621 5289 1829 5359 quidem
1930 5293 2056 5347 alibi
2084 5291 2189 5346 srri
2202 5299 2351 5352 ptum
2383 5300 2468 5347 est
2492 5309 2507 5347 :
2545 5290 2710 5345 Nemo
2739 5291 2972 5346 ascendit
3001 5293 3057 5346 in
3079 5292 3282 5353 caelum.
3313 5294 3413 5349 nisi
3445 5296 3537 5365 qui

202 5391 517 5460 apostolos,
534 5388 973 5460 quosdamautem
994 5384 1295 5456 prophetas,
1315 5385 1447 5437 alios
1463 5384 1828 5453 evangelistas,
1931 5383 1995 5437 de
2012 5382 2140 5437 caelo
2161 5381 2439 5448 descendit,
2470 5380 2644 5437 Filius
2664 5383 2885 5437 hominis
2917 5380 3113 5453 (Joan.
3142 5398 3222 5448 ut,
3257 5383 3371 5454 15).
3402 5399 3540 5454 quo-

201 5485 361 5543 alios
392 5495 630 5558 pastores
655 5493 703 5538 et
730 5482 1005 5553 magistros
1025 5521 1042 5548 ,
1092 5490 1148 5535 et
1197 5479 1408 5549 reliqua
1434 5522 1449 5547 ,
1481 5492 1513 5531 a
1544 5476 1833 5533 Salvatore
1934 5472 2099 5529 modo
2119 5470 2429 5528 ascenderit
2450 5484 2577 5528 ante
2597 5471 2979 5529 descendens?
2998 5473 3230 5542 Quando
3252 5480 3400 5531 enim
3422 5475 3542 5532 haec

1953 5637 2130 5692 lium:
2176 5652 2289 5709 quo
2314 5652 2504 5703 sensu,
2532 5638 2633 5709 ipsi
2657 5637 2893 5694 viderint
2915 5636 3176 5693 Erasmus
3196 5645 3253 5709 et
3271 5636 3547 5709 Marianas

1952 5708 2247 5764 editores:
2280 5709 2461 5765 Mser.
2491 5740 2562 5750 —
2605 5709 2739 5764 Cum
2788 5708 2995 5779 pridem
3055 5708 3289 5777 vulgatis
3334 5708 3548 5764 Cister-

1952 5781 2171 5835 cienses
2208 5794 2344 5835 mss.
2369 5783 2578 5839 solium.
2610 5782 2957 5840 Martiauaeus
2981 5780 3040 5838 iu
3071 5779 3197 5837 aliis
3233 5779 3412 5847 libris,
3460 5796 3546 5835 so-

1954 5851 2087 5921 lum,
2121 5853 2344 5909 invenit.

299 5663 328 5691 ε
366 5652 450 5709 lla
496 5650 629 5723 legit
683 5645 894 5723 codex._
914 5659 1021 5700 ms.
1044 5644 1249 5715 Regius
1270 5644 1408 5723 :__ita
1430 5656 1647 5723 quoque
1670 5640 1843 5711 prima

203 5740 411 5781 manu
433 5713 697 5791 scriptum
728 5727 849 5791 erat
883 5718 934 5770 in
965 5713 1634 5791 pervetustnCluuiacensi
1657 5728 1845 5791 exem-

257 5796 378 5851 lari
412 5812 425 5849 :
482 5786 577 5849 sed
624 5786 903 5847 recentior
934 5801 1126 5842 manus
1156 5786 1387 5843 mutavit
1410 5786 1633 5840 solidum
1664 5786 1715 5839 iu
1759 5799 1846 5838 so-

257 5811 378 5851 Ian
412 5812 425 5849 :
482 5811 577 5849 seu
624 5811 903 5847 Ιθαειιιιυι·
934 5811 1126 5842 atauus
1156 5811 1387 5843 mutant
1410 5811 1633 5840 smmum
1665 5811 1715 5839 tu
1759 5811 1846 5838 su-

202 5811 368 5926 rum.
405 5864 553 5933 Editi
580 5877 684 5922 nec
711 5854 972 5922 solidum,
1003 5872 1105 5916 nec
1133 5858 1305 5915 solum
1333 5858 1607 5917 retinent;
1640 5854 1733 5914 sed
1764 5870 1848 5909 θυι
