4056 6342
539 331 646 389 499

1794 334 1854 389 S.
1897 330 2177 389 EIISEBII
2210 329 2280 386 ιιι
2289 330 2598 387 ΕΠΟΝΥΜΙ

3741 333 3843 390 .500

538 446 889 514 loquebatur,
923 456 1043 518 post
1065 445 1476 502 descensionem
1505 459 1539 501 c
1566 446 1745 510 callis,
1773 460 1833 500 se
1858 445 2137 515 quondam
2160 443 2214 504 Δ
2242 442 2415 511 prima
2465 442 2693 512 epistola
2738 443 2805 496 ad
2852 442 3189 511 Cotinthios,
3240 445 3385 500 Deus
3427 444 3591 500 Pater
3626 441 3844 501 dedisse

538 540 608 593 ad
649 543 819 596 cmlos
865 539 1177 595 ascendisse
1222 538 1586 593 monstrabat.
1634 537 1859 594 Necnon
1902 550 1960 594 et
2008 539 2138 595 illud

537 633 747 701 pariter
794 630 1232 693 retractandum.
1279 631 1558 700 quomodo
1602 631 1719 699 ipsa
1770 630 2055 686 descensio
2085 639 2141 687 et

536 724 785 778 ascensio
815 722 1105 778 sentiendi:
1136 723 1226 776 sit.
1265 722 1587 779 Utrumnam
1613 723 1913 778 secundum
1942 738 2139 793 corpus

525 813 793 879 localiter,
840 826 911 868 an
952 829 1117 883 supra
1162 828 1361 883 corpus
1413 814 1806 882 spiritualiter,
1862 815 1945 868 vel
1990 823 2140 870 certe

530 916 761 977 utroque
794 908 977 962 modo.
1011 908 1267 963 Interiora
1296 919 1481 964 autem
1512 917 1693 976 terra',
1723 910 1968 963 infernus
1995 910 2139 964 acci-

531 1000 680 1068 pitur
715 998 785 1053 ad
824 1012 986 1069 qttem
1020 1000 1281 1055 Dominus
1315 1010 1504 1056 noster
1530 1001 1894 1071 Salvatorquc
1913 1002 2141 1055 descen-

536 1091 641 1157 dit,
670 1103 729 1145 ut
755 1102 1075 1148 sanctorum
1102 1095 1333 1156 animos,
1363 1106 1485 1164 qum
1514 1094 1584 1147 lbi
1618 1094 1939 1165 tenebantur
1966 1094 2141 1149 inclu-

535 1200 631 1250 δατ,
666 1201 851 1240 secum
881 1186 950 1241 ad
980 1187 1154 1243 cmlos
1184 1189 1360 1242 victor
1390 1187 1704 1242 abduceret.
1736 1186 1891 1243 Unde
1919 1195 1975 1242 ct
2019 1196 2141 1256 pust

533 1278 997 1333 resurrectionem
1046 1279 1187 1349 ejus,
1242 1281 1471 1348 plurima
1518 1293 1747 1347 corpora
1781 1279 2054 1347 iustorum
2082 1279 2136 1333 in

536 1378 727 1424 sancta
750 1368 974 1424 civitate
998 1371 1110 1424 visa
1142 1377 1273 1425 sunt
1294 1368 1316 1442 (
1332 1368 1523 1424 Matth.
1553 1370 1751 1440 xxvn).
1778 1370 1929 1436 Quod
1957 1380 2137 1425 autem

540 1461 789 1516 infernus
834 1464 890 1517 in
941 1461 1189 1517 inferiori
1236 1473 1394 1533 parte
1439 1471 1603 1518 terrae
1646 1463 1739 1526 sit,
1768 1474 1821 1517 et
1850 1462 2138 1519 Psalmista

535 1562 795 1619 testatur,
839 1556 1030 1611 dicens
1063 1574 1077 1610 :
1117 1557 1309 1629 Aperta
1346 1567 1421 1611 est
1447 1564 1613 1623 terra,
1653 1567 1699 1609 et
1737 1558 1992 1611 devorari!
2032 1558 2138 1610 Da-

531 1647 681 1714 tlmn,
710 1647 876 1728 61‘
913 1659 963 1704 et
1012 1650 1209 1720 operuit
1257 1664 1412 1718 super
1454 1651 1908 1720 congregationem
1944 1650 2137 1704 Abiran

530 1739 667 1809 (Ps.
701 1743 821 1805 lilii,
855 1742 966 1811 Π).
1000 1741 1065 1795 Et
1097 1743 1274 1810 ipsum
1305 1742 1357 1795 in
1383 1741 1749 1796 Numerorum
1783 1742 1924 1796 libro
1968 1739 2132 1811 (Cap.

2242 541 2531 589 narratur:
2567 535 2709 588 Alios
2738 535 2896 601 enim,
2939 535 3035 600 ait,
3076 538 3244 606 possit
3295 534 3432 590 Deus
3474 536 3530 589 in
3576 533 3842 590 Ecclesia:

2242 630 2414 697 primo
2438 627 2741 697 apostolos:
2768 628 2993 683 secundo
3036 630 3335 701 prophetas,
3385 629 3537 684 tertio
3575 629 3845 686 doctores:

2241 720 2427 775 deinde
2452 721 2696 787 virtutes,
2715 731 2763 776 et
2794 722 2935 776 dona
2959 724 3266 789 sanitatum,
3309 724 3712 796 apitttlationes,
3750 739 3843 795 gtt-

2239 810 2584 879 bernrttiones,
2629 828 2819 885 genere
2849 814 3151 883 linguarum
3184 813 3235 886 (Ι
3260 813 3385 870 Cor.
3419 830 3515 882 xu,
3542 815 3659 886 28).
3692 814 3844 880 Quod

2242 905 2515 962 Sabellius
2532 922 2637 961 non
2659 908 2994 978 intelligens,
3016 909 3232 964 Patrem
3254 908 3539 965 confundit
3558 920 3614 964 et
3629 909 3841 976 Filium,

2239 996 2366 1052 dum
2387 999 2631 1054 eamdem
2646 1003 3020 1070 Operationem
3039 1016 3167 1057 esse
3184 1017 3288 1057 non
3309 1012 3461 1073 putat
3479 1001 3845 1059 diversorum.

2243 1089 2304 1143 Et
2351 1092 2512 1144 simul
2557 1092 2874 1159 notandum,
2904 1092 3048 1161 quod
3078 1093 3164 1148 hic
3189 1094 3491 1164 apostolos,
3524 1093 3839 1164 prepltetas,

2240 1182 2622 1251 evangelistas,
2649 1192 2919 1251 pastores,
2944 1195 2998 1239 et
3024 1186 3316 1254 magistros
3334 1185 3561 1241 dedisse
3578 1187 3843 1243 Christus:

2240 1270 2316 1325 ibi
2347 1287 2473 1327 vero
2500 1274 2723 1329 eosdem
2754 1275 2917 1330 Pater
2958 1276 3208 1345 posuisse
3254 1288 3607 1333 numeretur.
3662 1278 3846 1335 Posuit

2241 1362 2422 1433 itaque
2454 1366 2568 1419 sive
2594 1365 2743 1420 dedit
2782 1364 2943 1422 Pater
2972 1375 3029 1423 et
3077 1366 3263 1434 Filius,
3318 1368 3496 1438 primo
3540 1372 3844 1441 apostolos,

2240 1455 2481 1510 secundo
2529 1459 2865 1528 prophetas:
2913 1474 3023 1512 non
3060 1459 3182 1514 illos
3213 1461 3301 1529 qui
3335 1460 3511 1516 futura
3543 1463 3847 1519 vaticinen-

2242 1551 2349 1609 tur,
2381 1547 2568 1616 quales
2596 1548 2646 1601 in
2681 1549 2850 1604 veteri
2898 1549 3124 1620 legimus
3165 1548 3563 1610 Testamento:
3603 1553 3698 1610 sed
3746 1556 3845 1625 qui

2240 1638 2484 1694 inlideles
2510 1650 2569 1695 et
2595 1642 2881 1710 imperitos
2904 1653 3137 1713 arguant
3155 1651 3318 1714 atque
3344 1644 3665 1715 dijudiecut.
3682 1645 3846 1703 Tales

2241 1730 2438 1801 quippe
2486 1731 2778 1801 prepltetos
2828 1734 2950 1788 novi
2999 1731 3334 1790 Tcstamenti
3387 1738 3436 1791 in
3483 1737 3587 1792 alia
3615 1739 3846 1808 epistola

531 1832 629 1902 16)
660 1834 873 1900 plenius
900 1833 1023 1901 expl
1049 1844 1225 1886 catur.
1265 1833 1393 1886 Alio
1432 1847 1648 1902 quoque
1693 1833 1819 1887 loco
1863 1831 2130 1902 legimus:
2161 1819 2211 1881 Β
2238 1838 2359 1877 esse
2384 1822 2573 1879 άθθηίί
2603 1825 2679 1896 (11
2704 1824 2829 1882 (λον-
2853 1826 2951 1897 “).
2977 1827 3170 1883 Τθνιίο
3197 1829 3590 1899 Επιηῧθιίθηεν
3614 1844 3846 1900 ηιιοιωι

533 1920 723 1976 Veniat
750 1938 892 1978 more
914 1940 1070 1994 super
1095 1938 1198 1987 eos,
1232 1930 1283 1977 et
1308 1922 1623 1978 descendant
1652 1924 1707 1976 in
1750 1922 2015 1992 infernum
2057 1924 2133 1977 ri-

524 2026 697 2069 ventes
723 2014 856 2084 (Ps.
891 2032 1007 2075 LIV.
1037 2014 1151 2085 l6).

597 2108 616 2175 (
643 2107 798 2162 V’crs.
834 2104 951 2178 10.)
979 2107 1082 2173 Qui
1106 2108 1396 2174 descendit,
1423 2108 1532 2179 ipse
1554 2117 1628 2162 est
1651 2108 1739 2178 qui
1768 2107 2004 2161 ascendit
2043 2122 2131 2160 ss-

522 2218 621 2270 pra
646 2216 823 2256 omnes
848 2202 1026 2267 calas,
1057 2213 1113 2257 at
1132 2203 1367 2275 impleret
1389 2205 1580 2258 omnia.
1621 2201 1891 2273 Numquid
1939 2215 2134 2271 corpo-

520 2294 711 2347 raliter
741 2309 933 2348 omues
960 2295 1151 2359 eteius,
1204 2305 1258 2349 et
1310 2297 1595 2352 tntiversas
1642 2296 2027 2360 sublimitates,
2076 2291 2131 2350 et

521 2386 792 2440 caelorum
839 2386 1099 2453 circulos,
1129 2401 1265 2457 quos
1292 2386 1599 2457 philosophi
1628 2387 1872 2456 spltteras
1907 2397 2124 2452 vocant,

521 2476 797 2530 transiens
826 2487 992 2545 atque
1024 2476 1438 2544 transcenderis,
1467 2478 1617 2533 stetit
1649 2479 1705 2532 in
1741 2490 1956 2532 summo
1999 2475 2129 2533 calli

521 2567 753 2635 fornice,
771 2578 826 2623 et
848 2578 907 2623 nt
922 2569 1045 2639 ipso
1064 2569 1231 2625 scibo
1254 2580 1397 2638 utar,
1422 2571 1643 2640 apside?
1665 2570 1749 2625 An
1772 2579 1920 2625 certe
1941 2572 2127 2626 omnia

518 2662 828 2731 corporalia
854 2672 1211 2719 contemnens
1241 2673 1405 2732 atque
1448 2660 1780 2736 despiciens,
1825 2676 1881 2721 et
1921 2676 2127 2721 aeterna

518 2756 931 2825 contemplans,
982 2771 1146 2822 super
1188 2761 1379 2823 cmlos,
1413 2757 1469 2814 id
1494 2768 1599 2827 est,
1633 2772 1801 2828 super
1827 2756 2125 2815 invisibilia

517 2850 739 2902 stetisse
764 2849 1071 2905 credendus
1098 2851 1390 2921 est?quod
1434 2865 1537 2922 ego
1584 2851 1780 2908 melius
1824 2861 1974 2923 puto.
2022 2853 2126 2908 De-

518 2940 735 2994 scendit
781 2955 913 3010 ergo
957 2943 1007 2994 in
1059 2943 1321 2997 interiora
1366 2954 1548 3009 terrae,
1597 2953 1652 3000 et
1682 2947 1929 3001 a~cendit
1957 2960 2126 3015 super

518 3048 713 3089 omnes
736 3035 904 3089 caelos
933 3035 1101 3090 Filius
1131 3036 1251 3101 Dei,
1283 3044 1343 3091 ut
1369 3053 1477 3092 non
1517 3049 1723 3093 tantum
1771 3039 1944 3110 legem
1995 3053 2120 3109 pro~

516 3127 819 3199 phetasque
838 3128 1170 3199 compleret;
1200 3129 1295 3185 sed
1326 3139 1379 3184 et
1406 3130 1543 3185 alias
1567 3132 1830 3201 quasdam
1872 3133 2121 3189 occultas

2236 1915 2469 1982 Speciosi
2498 1916 2668 1983 pedes
2696 1927 2821 1972 sunt
2850 1918 2919 1973 ad
2944 1920 3373 1975 atmuntiaudam
3420 1936 3610 1990 pacem
3654 1921 3842 1991 (Boas.

2237 2011 2325 2079 χ).
2355 2005 2467 2062 Nec
2493 2022 2629 2063 vero
2658 2011 2984 2081 putandum,
3017 2013 3161 2082 quod
3191 2013 3332 2068 sicut
3369 2014 3420 2068 in
3468 2015 3847 2085 superioribus

2238 2098 2432 2163 tribus,
2476 2100 2620 2156 alios
2665 2102 2804 2157 dixit
2848 2118 2971 2158 esse
3013 2105 3313 2173 apostolos,
3346 2106 3491 2161 alios
3522 2106 3842 2177 prophetas,

2234 2192 2372 2247 alios
2403 2194 2815 2265 Evangelistss:
2851 2198 2922 2251 ita
2953 2209 3009 2268 et
3031 2198 3086 2253 in
3117 2199 3433 2269 pastoribus
3456 2208 3516 2255 et
3542 2200 3844 2271 magistris,

2232 2282 2414 2339 cilicia
2461 2285 2677 2342 diversa
2723 2290 2983 2357 posuerit.
3018 2290 3134 2346 Non
3163 2292 3307 2346 enim
3338 2292 3451 2345 ait:
3485 2292 3629 2347 alios
3656 2305 3843 2351 autem

2233 2384 2504 2447 pastores,
2540 2390 2594 2434 ct
2621 2380 2759 2435 alios
2787 2383 3108 2452 magistros,
3163 2384 3258 2439 sed
3305 2383 3447 2438 alios
3494 2395 3742 2454 pastores
3792 2394 3846 2443 ct

2234 2473 2520 2541 magistros
2551 2487 2566 2526 :
2621 2482 2679 2525 ut
2723 2476 2813 2541 qui
2857 2483 3040 2544 pastor
3076 2484 3180 2542 est,
3212 2489 3335 2530 esse
3362 2475 3563 2531 debeat
3588 2486 3645 2532 et
3674 2478 3845 2549 magi-

2230 2571 2385 2617 ster;
2417 2578 2515 2619 nec
2544 2562 2597 2618 in
2629 2563 2889 2620 Ecclesiis
2914 2568 3167 2635 quamvis
3193 2576 3417 2623 sanctus
3455 2568 3548 2638 sit,
3600 2571 3842 2639 pastoris

2228 2657 2333 2711 sibi
2366 2671 2567 2712 nomen
2592 2672 2894 2723 assumere,
2928 2660 3033 2714 nisi
3062 2661 3236 2730 possit
3256 2662 3459 2718 docere
3480 2677 3617 2732 quos
3643 2663 3839 2734 pascit.

2228 2746 2329 2802 Vel
2357 2759 2507 2804 certe
2535 2749 2716 2814 aliter,
2747 2759 2806 2803 ut
2835 2765 2974 2805 unus
2999 2763 3164 2822 atque
3195 2753 3342 2807 idem
3383 2768 3591 2823 praeses
3643 2755 3840 2811 Eccle~

2225 2841 2348 2908 sim,
2390 2842 2462 2895 sit
2492 2851 2681 2911 pastor
2710 2852 2765 2898 et
2804 2842 3033 2901 doctor:
3079 2856 3266 2914 pastor
3304 2848 3488 2901 ovium
3524 2863 3538 2901 :
3574 2849 3840 2919 magister

2226 2931 2527 2989 hominum.
2561 2934 2816 2990 Homines
2840 2937 3032 3008 quippe
3070 2946 3117 2990 et
3153 2940 3393 3010 jumenta
3429 2941 3601 2994 salvos
3647 2943 3837 3011 facies,

2228 3025 2447 3083 Domine
2490 3031 2507 3098 (
2529 3029 2676 3085 Ptol.
2727 3045 2890 3094 xxxv,
2924 3032 3011 3102 7).
3053 3033 3307 3089 Arbitror
3331 3034 3499 3091 hodie
3527 3050 3749 3108 quoque
3782 3041 3838 3097 in

2226 3120 2506 3187 Ecclesiis,
2537 3124 2993 3193 quemadmodum
3039 3126 3302 3197 propheta
3344 3138 3401 3184 et
3449 3132 3793 3202 evangelista
3818 3171 3841 3203 ,

512 3220 984 3290 dispensationes,
1036 3237 1172 3294 quas
1218 3225 1367 3281 solus
1416 3226 1532 3294 ipse
1571 3228 1723 3280 novit
1762 3241 1889 3280 cum
1932 3226 2114 3282 Patre.

2231 3223 2409 3282 pastor
2437 3228 2649 3285 quoque
2680 3217 2953 3273 invenitur
2978 3229 3032 3274 et
3058 3220 3286 3278 doctor;
3323 3222 3392 3276 ita
3425 3199 3668 3292 posse'et
3698 3199 3837 3296 apo;

512 3310 699 3383 Neque
724 3314 869 3368 enim
900 3315 1044 3369 scire
1076 3326 1384 3383 possumus,
1416 3316 1692 3384 qutmtodo
1720 3327 1774 3371 et
1803 3316 2031 3386 angelis,
2066 3323 2121 3372 et

509 3402 712 3474 bisqui
741 3401 793 3459 in
821 3404 1035 3460 inferno
1079 3415 1255 3468 erant,
1306 3406 1532 3475 sanguis
1581 3408 1779 3462 Christi
1828 3405 2119 3475 profuerit,

509 3506 563 3551 et
611 3506 793 3553 tamen
856 3499 989 3568 quin
1042 3496 1310 3566 profuerit
1369 3502 1587 3555 nescire
1632 3515 1741 3553 non
1800 3513 2115 3568 possumus.

508 3587 802 3644 Descendit
845 3601 1069 3658 quoque
1118 3587 1187 3642 ad
1210 3588 1438 3653 inieras,
1466 3597 1522 3642 et
1549 3591 1797 3645 ascendit
1824 3590 1890 3643 ad
1918 3589 2111 3658 t'tBlOS,

506 3687 569 3732 ut
596 3678 842 3747 impleret
872 3692 973 3733 eos
1000 3678 1094 3748 qui
1122 3678 1178 3732 in
1205 3677 1315 3733 illis
1341 3678 1655 3749 regionibus
1681 3692 1835 3734 erant
1857 3718 1873 3745 ,
1916 3695 2118 3734 secun-

505 3769 637 3825 dum
679 3770 735 3824 id
771 3770 914 3839 quod
946 3782 1005 3824 se
1033 3782 1233 3838 capere
1258 3776 1527 3838 poterant.
1563 3771 1638 3824 Ex
1664 3786 1774 3841 quo
1803 3771 2112 3839 sciendum,

499 3860 644 3928 quod
673 3868 961 3929 antequam
990 3857 1243 3915 Christus
1270 3860 1628 3916 descenderet
1664 3870 1723 3916 et
1766 3862 2107 3930 ascenderet,

2222 3308 2421 3362 stolum
2453 3311 2709 3379 reperiri,
2753 3310 2806 3365 in
2843 3327 2949 3382 quo
2980 3315 3321 3383 apostolatus
3359 3317 3508 3386 signa
3538 3330 3588 3374 et
3630 3320 3836 3389 indicia

2219 3401 2633 3470 compleantur;
2664 3413 2717 3458 et
2744 3420 2774 3458 e
2806 3408 3028 3476 regione
3054 3421 3176 3464 esse
3209 3410 3472 3479 plurimos
3500 3424 3609 3469 tam
3659 3416 3831 3483 foris,

2217 3506 2382 3561 quam
2410 3495 2575 3560 intus,
2613 3506 2720 3551 tam
2751 3498 2801 3552 in
2856 3497 3134 3565 Ecclesia,
3171 3516 3331 3571 quam
3377 3504 3430 3558 in
3480 3504 3791 3564 ha'resihus
3816 3551 3833 3575 ,

2217 3584 2309 3654 qui
2346 3586 2784 3656 pseudoapostoli
2817 3590 2953 3655 sint,
2976 3601 3032 3646 et
3053 3592 3564 3664 pseudopmpltetae,
3586 3607 3642 3653 et
3663 3613 3834 3668 pseu-

2214 3675 2656 3748 doevangelista',
2677 3690 2731 3736 et
2755 3683 3240 3753 pseudopastores,
3266 3698 3317 3741 et
3341 3687 3832 3762 pseudomagistri.

2217 3768 2285 3822 Et
2320 3769 2388 3825 de
2431 3772 2731 3827 haeresibus
2788 3776 3007 3845 quidem
3055 3778 3201 3831 nulla
3249 3779 3516 3835 dubitatio
3559 3792 3644 3837 est
3688 3789 3832 3854 quin

2213 3861 2518 3917 secundum
2547 3862 2740 3919 falsam
2773 3866 2958 3933 tidem,
2990 3867 3125 3923 falsa
3171 3871 3429 3928 universa
3479 3873 3829 3943 possideant.

2214 3952 2271 4007 ln
2314 3953 2574 4011 Ecclesiis
2617 3970 2799 4014 autem
2849 3975 3032 4016 nonne
3077 3963 3231 4018 vobis
3261 3965 3519 4020 videntur
3542 3966 3664 4021 falsi
3696 3982 3829 4025 esse

2213 4055 2483 4114 pastores,
2531 4048 2623 4118 qui
2669 4065 2778 4105 non
2818 4063 3043 4121 pascunt
3071 4068 3201 4110 oves
3230 4071 3351 4110 cum
3379 4057 3689 4128 disciplina,
3718 4059 3825 4117 sed

500 3965 673 4005 vacua
700 3951 899 4006 iuerint
923 3952 1131 4017 omnis,
1152 3961 1209 4007 et
1231 3951 1562 4021 plenitudine
1586 3954 1734 4009 illius
1758 3954 2106 4023 indiguerint.

500 4041 605 4098 Hic
630 4043 783 4097 locus
801 4044 1091 4099 adversum
1110 4044 1399 4106 Ebionem.
1418 4058 1473 4101 et
1498 4046 1810 4113 Photinttm,
1826 4048 1912 4102 vel
1940 4050 2111 4102 maxi-

500 4149 595 4189 me
625 4133 775 4189 facit.
809 4134 868 4192 Si
893 4136 1039 4190 enim
1068 4136 1187 4206 ipse
1212 4145 1301 4192 est
1334 4139 1638 4195 ascendens
1678 4140 1730 4194 in
1777 4139 1962 4201 caelos.
2015 4140 2107 4209 qui
2208 4141 2361 4208 quasi
2386 4142 2708 4198 mercenarii
2731 4159 3073 4217 nequaquam
3097 4150 3276 4219 gregis
3297 4153 3529 4206 salutem
3552 4153 3819 4223 cogitant,

499 4224 572 4282 de
591 4225 745 4282 ctelis
762 4236 889 4282 ante
912 4227 1300 4294 descenderat,
1323 4229 1596 4297 quomodo
1631 4230 1892 4285 Dominus
1918 4243 2108 4288 noster
2207 4231 2352 4301 quod
2380 4233 2611 4300 erravit,
2644 4250 2750 4289 non
2777 4247 3181 4306 convertentes,
3212 4250 3265 4294 et
3294 4241 3438 4312 qttod
3466 4242 3651 4311 periit,
3703 4260 3821 4302 non

497 4314 663 4371 Iesus
676 4316 925 4373 Christus
941 4334 1048 4374 non
1069 4325 1198 4375 ante
1219 4320 1442 4377 Mariam
1464 4329 1566 4387 est,
1592 4321 1687 4377 sed
1709 4331 1835 4393 post
1851 4320 2103 4403 Mariam?
2206 4332 2548 4393 qumrentes;
2586 4325 2683 4381 sed
2706 4331 3081 4385 tantummodo
3101 4330 3170 4385 de
3190 4331 3383 4386 ovibus
3412 4333 3494 4388 lac
3518 4342 3575 4388 et
3604 4334 3817 4403 lanam,

497 4408 723 4465 Necnon
754 4418 812 4466 et
836 4418 1024 4464 contra
1055 4424 1175 4477 eos,
1204 4411 1297 4481 qui
1324 4412 1463 4468 duos
1493 4413 1633 4467 ﬁlios
1672 4414 1862 4470 insano
1910 4402 2103 4471 eri-ore
2202 4415 2533 4487 Glscibos
2551 4417 2803 4475 videlicet
2818 4429 2873 4476 et
2889 4423 3211 4478 vestimenta
3233 4424 3664 4494 captantes.Nec
3679 4402 3821 4485 vero

494 4501 851 4569 contingunt:
893 4502 1093 4559 Filium
1130 4504 1384 4560 videlicet
1412 4505 1527 4572 Dei,
1559 4514 1615 4561 et
1643 4505 1811 4562 ﬁlium
1842 4507 2098 4564 hominis.
2130 4572 2175 4589 λ
2203 4508 2407 4578 absque
2422 4508 2619 4565 ordine
2639 4512 2691 4564 in
2716 4510 2832 4566 lucc
2854 4522 3100 4582 putemus
3128 4516 3445 4586 Apostolum
3472 4518 3657 4573 subito
3686 4535 3821 4589 pro-

491 4590 641 4649 Ecce
666 4595 751 4649 ltic
776 4594 1121 4665 apertissime
1136 4596 1355 4664 dicitur,
1386 4597 1531 4669 quod
1558 4600 1675 4669 ipse
1694 4598 1761 4654 sit
1793 4600 2100 4657 ascendens
2124 4572 2179 4633 θ
2202 4572 2440 4670 rupisse;
2463 4618 2649 4658 verum
2671 4605 2797 4676 quia
2823 4572 3155 4676 praemiserat
3167 4572 3289 4666 esse
3313 4612 3479 4665 Deum
3503 4625 3672 4681 super
3686 4572 3817 4669 In-

499 4692 665 4754 atque
690 4684 1049 4742 descendens.
1076 4685 1191 4742 Nec
1221 4689 1403 4742 statim
1451 4689 1553 4744 ista
1602 4688 1869 4754 dicentes,
1917 4691 2097 4747 locum
2200 4695 2289 4750 nia
2312 4705 2362 4750 et
2388 4711 2485 4766 per
2512 4700 2716 4763 omnia,
2748 4694 2807 4755 et
2824 4701 2874 4756 in
2902 4703 3169 4767 omnibus,
3204 4713 3258 4759 et
3280 4704 3568 4776 unicuique
3591 4718 3817 4764 sancto-

491 4779 648 4835 alteri
681 4780 875 4836 heresi
903 4779 1119 4845 damus.
1150 4797 1272 4851 qua:
1299 4782 1641 4839 dimidiatam
1669 4782 1872 4839 Christi
1898 4786 2096 4841 asserit
2197 4800 2320 4840 ruet
2359 4786 2540 4844 datam
2561 4791 2789 4861 gratiam
2817 4794 3115 4848 secundum
3147 4810 3459 4852 mensuram
3489 4797 3809 4856 donationis

487 4869 985 4961 dispensationem;
1032 4870 1132 4930 sed
1179 4874 1263 4929 sic
1308 4890 1473 4931 unum
1521 4884 1578 4932 et
1618 4876 1719 4933 Dei
1771 4886 1827 4933 et
1854 4877 2097 4934 bomiuis
2196 4876 2437 4937 Christi:
2471 4895 2613 4937 nunc
2641 4882 2792 4939 addit
2820 4885 2956 4940 alios
2986 4888 3285 4955 apostolos,
3312 4888 3448 4943 alios
3480 4889 3803 4961 prophetas,

486 4960 686 5018 Filium
714 4963 1080 5021 confitemur:
1110 4979 1182 5021 ne
1202 4964 1669 5037 dispensationem
1694 4971 1959 5039 asstnnpti
1990 4970 2091 5026 ho-
2194 4971 2334 5028 alios
2359 4975 2739 5045 evangelistas,
2766 4979 2904 5034 alios
2935 4990 3178 5049 pastores
3198 4991 3253 5036 et
3272 4982 3562 5053 magistros
3588 4960 3719 5041 esse
3743 4985 3807 5044 in

484 5053 673 5122 minis,
701 5069 810 5124 qua
848 5054 1045 5112 salvati
1084 5068 1303 5124 sumus,
1353 5072 1423 5115 ex
1464 5067 1615 5128 parte
1654 5060 1983 5131 credentes,
2032 5062 2086 5119 in
2193 5061 2439 5120 Ecclesia
2469 5067 2806 5138 distributos,
2827 5072 2919 5142 qui
2942 5076 3235 5130 necessarii
3262 5075 3368 5130 sint
3398 5076 3467 5132 ad
3510 5077 3809 5148 perfectio-

484 5154 646 5243 parte
674 5155 1013 5243 “uocemus.
1059 5237 1098 5243 _
1151 5238 1163 5243 _
1298 5239 1307 5243 Α
1363 5239 1391 5243 μ
1600 5240 1607 5243 _
2194 5173 2345 5226 nem,
2369 5160 2883 5236 instructionemque
2901 5176 3213 5226 sanctorum
3236 5171 3287 5226 in
3308 5185 3450 5241 opus
3484 5172 3799 5243 ministerii,

556 5232 750 5337 (-Vers.
780 5239 877 5337 tl,
904 5236 1024 5310 12.)
1051 5237 1120 5295 Et
1143 5238 1252 5311 ipse
1272 5239 1417 5337 dedit
1444 5240 1698 5337 quosdam
1717 5244 1929 5337 quide—m
1956 5261 2087 5316 apo-
2192 5247 2247 5304 in
2268 5251 2681 5312 tedilicationem
2711 5232 2955 5329 corporis
2981 5258 3180 5317 Christi
3209 5279 3223 5316 :
3253 5232 3378 5334 quia
3424 5279 3546 5320 cum
3595 5232 3800 5337 corpus

484 5329 644 5428 stolas
667 5346 687 5384 :
712 5332 967 5428 quaedam
989 5340 1163 5387 autem
1186 5334 1467 5402 prophetas
1489 5332 1672 5391 :elios
1700 5351 1819 5391 vero
1844 5335 2086 5412 Evange-
2191 5344 2405 5402 Domini
2450 5348 2690 5406 Ecclesia
2735 5353 2829 5419 sit,
2878 5365 2932 5409 et
2981 5355 3221 5413 Ecclesia
3250 5329 3319 5413 de
3349 5359 3487 5413 vivis
3517 5329 3796 5428 lapidibus

479 5417 663 5474 littus:
690 5421 822 5477 alios
850 5430 1025 5478 autem
1052 5431 1285 5495 pastores
1312 5433 1361 5479 et
1388 5427 1664 5499 magistros
1688 5429 1757 5482 ad
1784 5429 2084 5485 iustructio—
2189 5445 2561 5495 construatur:
2584 5441 2638 5497 lti
2660 5458 2795 5512 quos
2815 5417 2981 5515 supra
3013 5448 3433 5503 memoravimus
3455 5450 3512 5504 in
3541 5417 3792 5506 l-l'cclesia

479 5526 599 5563 nem
627 5522 943 5612 sanctorum,
996 5516 1049 5568 in
1093 5531 1224 5586 opus
1270 5518 1577 5586 ministerii,
1609 5522 1660 5574 in
1687 5521 2083 5589 a-diﬁcationem
2187 5534 2533 5599 constitutos,
2566 5535 2617 5590 id
2646 5536 2848 5592 habent
2874 5539 3083 5606 aperis,
3118 5549 3177 5595 ut
3220 5540 3514 5596 secundum
3559 5540 3789 5612 dispen-

480 5606 711 5701 corport's
733 5604 947 5701 Christi.
978 5606 1045 5663 Et
1073 5610 1273 5701 euhoe
1304 5611 1424 5667 loco
1450 5614 1896 5670 manifestissime
1932 5628 2083 5671 (οω-
2183 5623 2448 5681 sationem
2478 5634 2535 5681 et
2563 5628 2738 5684 ofﬁcia
2767 5628 2869 5683 sibi
2913 5604 3147 5699 credita,
3203 5631 3501 5689 Ecclesium
3547 5604 3783 5701 Christi,

483 5690 763 5800 1""b_"'“"v
795 5694 971 5800 Ρ
996 5706 1052 5754 εί
1080 5696 1201 5800 Filii
1233 5716 1334 5800 “fl”
1360 5701 1637 5800 ἀίνίηῖίξιε·
1663 5703 1944 5775 Siquidem
1976 5702 2077 5767 Ῑιοο
2182 5715 2236 5773 id
2268 5725 2372 5786 est,
2400 5735 2598 5793 corpus
2623 5721 2739 5793 ejus
2767 5722 3059 5783 ediﬁcent.
3093 5690 3151 5783 Si
3181 5727 3302 5798 quis
3325 5727 3491 5800 igitur
3518 5744 3624 5784 non
3648 5690 3787 5784 aedi;

481 5783 626 5850 quod
658 5801 799 5842 nunc
824 5782 1073 5847 Christus
1104 5790 1363 5882 tribuisse
1408 5794 1573 5869 615
1615 5797 1973 5872 describitur,
2019 5800 2074 5861 iu
2181 5807 2306 5866 licet
2335 5782 2893 5887 Ecclesiam'Cbrisli,
2917 5833 3018 5876 nec
3054 5782 3272 5891 plebdm
3319 5782 3424 5879 ςῖω
