4056 6316
242 284 344 340 501

754 280 1412 340 COMMENTARIORUM
1450 281 1523 339 IN
1558 279 1822 343 metu

1930 280 1961 343 ι
1989 279 2089 341 ΔΙ)
2119 279 2460 341 ΕΙἮΕΞΙΟδ
2499 278 2629 337 LIB.
2673 279 2739 336 ιι.
2784 279 2937 336 CAP.
2980 282 3069 338 1V.

3431 281 3539 339 503

236 395 461 453 hstruit
482 395 577 468 (ut
602 394 673 453 de
699 394 953 465 subjecto
965 393 1191 466 papula,
1212 391 1429 453 Christi
1444 392 1692 453 Ecclesia
1714 407 1843 453 coa-
1870 399 1918 459 Α
1943 392 2099 463 iusta
2128 391 2494 455 humilitatem
2513 437 2531 461 ,
2573 407 2685 449 non
2708 393 2889 453 solum
2919 394 3203 465 parvulum
3235 393 3535 467 Apostolus

233 487 525 558 struatur),
542 488 647 543 iste
669 502 770 543 nec
790 486 1087 556 apostolus,
1113 501 1214 542 nec
1237 484 1527 556 propheta,
1550 500 1654 545 nec
1673 500 1837 547 cvan-

233 582 446 652 gelbta,
482 597 583 638 nee
612 589 819 652 pastor,
853 595 953 638 nec
975 581 1232 649 magister
1256 588 1345 635 est
1365 577 1751 649 appellandus.

304 674 324 743 (
346 673 500 729 Vera.
534 673 603 729 t5
620 672 804 743 seqq.)
836 670 1011 727 Donec
1030 686 1547 729 occurrentum
1568 671 1622 726 iu
1641 670 1839 731 unitate

232 764 359 834 [idsi
382 774 431 821 et
459 765 745 836 agnitionis
762 763 865 833 ﬁlii
888 762 1009 831 Dei,
1031 764 1085 819 is
1105 762 1272 819 virum
1293 762 1601 835 perfertur»,
1618 763 1674 818 in
1694 778 1838 818 utcu-

239 872 423 913 sttrutu
449 857 621 915 atatis
647 855 989 926 plenitudinis
1018 854 1228 911 Christi.
1267 854 1337 911 Ut
1366 854 1508 911 ultre
1538 870 1640 910 non
1674 856 1836 911 rimus

230 951 439 1022 parvuli
464 954 795 1021 ﬂuet-tutas,
823 959 870 1007 et
890 948 1181 1007 circumtuli
1209 949 1349 1007 omni
1378 958 1524 1006 tuto
1558 949 1833 1017 (locum,

230 1043 290 1097 in
318 1043 533 1112 fallacia
575 1042 841 1097 taurinum
885 1052 932 1095 et
976 1042 1194 1107 astutia,
1239 1041 1307 1094 ad
1349 1043 1835 1097 circumventa-ent

230 1137 449 1193 erroris.
486 1135 755 1193 Veriuuent
776 1144 953 1189 autem
981 1133 1230 1203 facientes
1256 1134 1315 1189 in
1339 1131 1619 1199 clrurilate,
1644 1149 1834 1206 augea-

229 1247 349 1285 ntur
372 1231 427 1283 in
445 1230 562 1301 ipso
580 1230 755 1287 omnia
778 1229 865 1299 qui
892 1237 967 1283 ert
986 1238 1147 1298 caput
1176 1225 1431 1285 Christus.
1463 1226 1834 1294 Quaerendum

228 1335 571 1392 quaeomnes
592 1320 791 1378 dixerit
801 1334 1093 1392 occurrere
1114 1320 1171 1377 in
1186 1320 1397 1377 unitate
1416 1319 1540 1378 fidei
1562 1335 1578 1376 :
1603 1318 1829 1379 Utrum-

229 1390 355 1469 nam
379 1427 576 1469 omnes
598 1390 903 1481 homines?
918 1427 991 1473 an
1039 1426 1233 1473 omnes
1279 1421 1518 1479 saltans,
1568 1427 1641 1467 an
1680 1421 1832 1470 certe

228 1518 419 1559 omnes
436 1504 528 1575 qui
556 1504 785 1559 rationis
801 1518 1032 1574 capaces
1055 1503 1216 1563 sunt?
1245 1503 1472 1561 Videtur
1489 1512 1673 1561 autem
1695 1504 1830 1561 mihi

226 1594 295 1649 de
323 1595 583 1655 omnibus
606 1594 917 1651 hominibus
945 1594 1155 1663 dicere,
1183 1596 1309 1666 quia
1350 1596 1508 1655 multi
1546 1596 1695 1652 venti
1731 1596 1830 1653 do-

223 1686 529 1744 ctrinarum
552 1697 720 1744 sunt:
752 1695 805 1743 et
832 1686 968 1745 llatu
994 1702 1190 1745 eorum
1216 1687 1476 1747 ﬂuctibus
1511 1688 1824 1755 concitatis,

1941 500 2004 543 se
2029 498 2157 543 esse
2182 483 2389 545 dixerit
2410 525 2427 549 ,
2461 482 2561 541 sed
2583 482 2935 545 ﬂuctuantem
2955 526 2975 552 ,
3002 496 3058 541 et
3083 486 3234 545 anno
3255 485 3533 545 doctriua-

1939 593 2065 637 rum
2082 578 2214 635 ﬂatu
2236 579 2296 637 in
2320 578 2535 635 diversa
2554 586 2826 651 reptatam
2849 622 2869 647 ,
2895 578 2952 633 in
2975 578 3191 637 lallacia
3223 578 3533 653 hominum,

1938 674 1994 733 in
2037 675 2314 745 nequitia,
2342 673 2413 731 ad
2456 673 2985 733 circnmventionem
3026 673 3256 734 erroris.
3296 673 3401 740 Qui
3430 686 3530 733 att-

1937 774 2048 824 tetn
2070 767 2189 823 vult
2217 766 2334 825 haec
2377 780 2502 827 eum
2549 780 2661 819 non
2700 762 2773 821 de
2813 764 3147 834 humilitate,
3180 764 3279 825 sed
3305 765 3374 823 de
3393 778 3532 821 con-

1936 858 2164 917 scientia
2195 857 2492 929 protulisse
2513 900 2528 921 ,
2576 855 2743 917 dicit:
2786 856 2989 915 Paulus
3014 858 3338 931 apostolus,
3362 857 3531 916 homo

1935 961 2056 1009 erat
2086 950 2233 1007 acuti
2257 961 2314 1006 et
2334 950 2480 1009 acris
2507 950 2734 1021 ingenii,
2763 956 2820 1009 et
2843 949 2939 1019 qui
2954 949 3023 1006 ad
3047 950 3259 1021 primos
3280 965 3530 1021 quosque

1935 1041 2331 1114 disputantium
2357 1051 2609 1109 conatus,
2634 1040 2817 1113 sagaci
2840 1049 3023 1097 mente
3048 1056 3171 1113 quae
3196 1048 3356 1098 erant
3384 1040 3530 1097 infe.

1935 1134 2130 1199 renda,
2160 1142 2548 1204 praenosceret.
2582 1130 2998 1203 Yidehatigitur
3026 1147 3173 1203 saepe
3203 1148 3273 1193 ex
3294 1143 3528 1204 utraque

1936 1235 2089 1297 parte
2112 1226 2194 1281 sic
2217 1225 2357 1291 dici,
2386 1232 2443 1279 et
2473 1232 2583 1279 tam
2605 1220 2927 1283 verisimilia
2956 1224 3011 1279 in
3040 1223 3207 1281 rebus
3234 1224 3527 1285 Contrariis

1932 1318 2109 1379 asseri
2129 1360 2146 1386 ,
2178 1326 2239 1373 ut
2264 1315 2546 1386 ambigere
2576 1314 2821 1371 facerent
2842 1313 3158 1371 audientem
3186 1331 3199 1368 :
3232 1313 3437 1371 idcirco
3467 1321 3529 1375 ut

1934 1414 2101 1469 homo
2123 1453 2140 1479 ,
2190 1418 2249 1468 et
2290 1409 2469 1469 adhuc
2508 1409 2565 1465 in
2601 1406 2779 1478 fragili
2810 1406 3144 1481 corpusculo
3170 1409 3526 1474 constitutus,

1930 1504 2416 1565 circumferebatur
2440 1502 2661 1575 quidem
2686 1502 2838 1561 omni
2864 1510 3033 1558 vento
3049 1499 3339 1565 doctrinm,
3358 1498 3528 1575 διε

1932 1599 2031 1656 sed
2059 1612 2167 1653 non
2193 1596 2505 1655 elidebatur
2525 1593 2581 1649 in
2602 1608 2755 1662 saxa,
2774 1607 2878 1651 nec
2902 1592 3054 1651 navis
3074 1591 3192 1663 ejus
3218 1590 3526 1663 gurgitibus

1933 1692 2265 1762 implebatur
2287 1708 2305 1745 :
2349 1690 2531 1747 stabat
2572 1687 2775 1758 quippe
2817 1687 2868 1741 in
2898 1685 3062 1756 puppi
3093 1682 3525 1756 gubernaculum

224 1779 329 1835 huc
358 1789 526 1850 atque
552 1780 683 1836 illuc
705 1779 957 1837 homines
982 1781 1192 1838 incerto
1219 1797 1411 1848 cursu,
1454 1789 1513 1839 et
1558 1783 1710 1843 vario
1747 1785 1822 1841 fe-

1932 1795 2149 1853 tenens,
2180 1793 2237 1841 et
2262 1792 2582 1859 spumantes
2609 1780 2888 1837 hmreseos
2915 1778 3135 1845 ﬂuctus,
3162 1775 3290 1835 fidei
3316 1774 3527 1835 securi-

221 1883 423 1929 ntntur
465 1888 678 1930 errore.
723 1872 880 1931 Unde
904 1874 1053 1929 omni
1080 1874 1264 1930 studio
1292 1873 1673 1941 laborandum,
1706 1877 1821 1945 pri-

220 1966 452 2021 mumii:
486 1965 617 2023 fidei
662 1980 951 2025 occurrere
998 1966 1236 2023 unitate:
1280 1966 1483 2025 deinde
1530 1966 1586 2022 in
1630 1968 1822 2027 eadem

220 2060 455 2127 unitate,
500 2057 702 2116 habere
746 2059 1074 2129 agnitionem
1120 2057 1246 2115 Filii
1272 2058 1392 2119 Dei.
1423 2058 1665 2128 Quorum
1696 2074 1821 2116 cum

218 2153 384 2210 fuerit
398 2166 591 2209 secura
609 2151 902 2221 possessio,
922 2152 1133 2221 parvuli
1151 2166 1275 2208 esse
1290 2159 1586 2217 cessantes,
1604 2161 1661 2208 et
1673 2166 1824 2209 men-

216 2259 403 2301 suram
432 2245 706 2301 uiterieris
732 2245 967 2303 liminis
997 2243 1324 2314 recipientes
1363 2245 1522 2316 (quae
1568 2260 1822 2307 mensura

221 2337 603 2409 plenitudinis,
626 2353 882 2394 mensura
908 2335 1112 2393 Christi
1128 2338 1261 2408 est),
1287 2337 1513 2407 pet-lecti
1533 2338 1637 2397 viri
1657 2352 1824 2395 voca;

219 2431 403 2486 bulum
417 2430 739 2487 sortiemur:
757 2431 829 2487 ita
849 2438 1026 2487 tamen
1043 2439 1102 2487 ut
1115 2428 1223 2502 [AL
1240 2438 1373 2485 tacet
1390 2427 1469 2502 ut]
1481 2429 1547 2484 ad
1566 2444 1822 2487 consumo

216 2532 423 2580 mutam
463 2529 677 2579 etatem
714 2520 1064 2591 plenitudinis
1095 2520 1335 2589 Christi,
1374 2522 1557 2577 omnis
1594 2520 1823 2579 creden-

221 2617 361 2672 tium
410 2614 571 2671 turba
606 2615 907 2684 perveniat,
945 2624 998 2670 et
1029 2627 1366 2684 nequaquam
1394 2612 1451 2669 in
1476 2612 1822 2683 dogmatibus

221 2707 517 2776 ﬂuctuans,
546 2706 617 2763 ad
645 2706 816 2765 instar
844 2706 1197 2777 parvulorum
1229 2706 1442 2777 gurgite
1481 2704 1822 2769 inﬁdelitatis

219 2800 428 2855 feratur
453 2799 688 2861 incerto.
714 2799 842 2855 dum
871 2798 1018 2856 venti
1044 2800 1172 2857 hinc
1208 2799 1332 2859 inde
1361 2796 1681 2871 perflantes,
1707 2797 1822 2857 hmo

218 2894 519 2949 retieerum
554 2892 716 2967 617
750 2892 1011 2949 videlicet
1033 2936 1051 2961 ,
1086 2891 1205 2949 sive
1230 2889 1564 2961 sapientium
1589 2889 1777 2947 saeculi
1801 2930 1820 2958 ,

218 2984 460 3042 diversa:
490 2994 1041 3056 compugnantesque
1067 2984 1332 3052 rationes,
1363 2984 1703 3055 naufragium
1725 2998 1824 3039 au-

219 3076 501 3133 dientibus
523 3089 617 3137 aut
646 3076 919 3144 inferunt,
948 3088 1039 3135 aut
1069 3078 1380 3133 minantur:
1410 3077 1540 3135 dum
1574 3076 1665 3131 alii
1696 3074 1822 3133 abs-

1928 1888 2041 1937 tate
2078 1876 2383 1948 frangebat.
2423 1874 2543 1930 Non
2583 1883 2769 1933 tamen
2813 1869 3113 1942 intrepidus
3151 1876 3209 1929 et
3251 1882 3480 1925 securus
3505 1906 3524 1934 ,
3608 1884 3611 1891 ·

1925 1985 2030 2029 nec
2072 1969 2291 2040 quietus
2337 1977 2395 2025 et
2444 1965 2692 2036 placidus
2716 2006 2733 2031 ,
2777 1962 3150 2035 prospiciebat
3175 1968 3367 2016 ventos
3394 1959 3523 2023 hinc

1926 2065 2057 2125 inde
2092 2061 2409 2135 pavitantes,
2436 2069 2493 2117 et
2512 2059 2746 2119 sollicita
2773 2071 2909 2114 aure
2938 2054 3216 2126 captabat,
3239 2052 3523 2111 vincebat-

1925 2172 2037 2229 que
2075 2155 2389 2211 contraria:
2440 2151 2541 2208 sed
2584 2166 2695 2209 non
2743 2157 2864 2211 erat
2901 2148 2985 2203 illi
3030 2159 3227 2209 secura
3265 2144 3520 2201 victoria.

1924 2247 2059 2317 Quia
2108 2246 2275 2315 igitur
2312 2241 2757 2305 adversariorum
2800 2238 2967 2297 verba
2993 2277 3009 2304 ,
3037 2246 3203 2307 atque
3243 2235 3516 2302 rationes,

1925 2343 2125 2413 quibus
2158 2338 2443 2394 veritatem
2483 2343 2735 2390 evertere
2781 2331 3117 2394 nitebantur,
3160 2326 3381 2384 videbat
3414 2343 3523 2381 non

1926 2435 2089 2493 facile
2133 2446 2293 2504 posse
2332 2427 2628 2501 superari,
2668 2435 2726 2485 et
2775 2426 2923 2483 omni
2964 2418 3259 2477 calliditate
3307 2418 3521 2490 plenas,

1926 2528 2230 2585 dialecticae
2276 2537 2535 2596 quoque,
2582 2522 2749 2581 immo
2796 2515 3006 2575 diaboli
3047 2520 3169 2569 arte
3211 2518 3522 2574 contextus,

1924 2622 2181 2694 sperabat
2224 2620 2323 2677 Dei
2364 2617 2632 2674 auxilium
2658 2658 2673 2681 ,
2721 2621 2783 2670 ut
2820 2626 3037 2671 omnem
3068 2604 3524 2667 deliberationem

1925 2716 1995 2773 de
2018 2724 2201 2772 tuente
2226 2726 2324 2769 sua
2355 2708 2713 2782 propelleret,
2733 2714 2790 2763 et
2814 2714 2981 2762 certae
2996 2710 3159 2771 atque
3179 2698 3371 2756 deﬁxa:
3397 2697 3527 2751 abs-

1924 2824 2035 2879 que
2072 2806 2181 2863 ulla
2229 2803 2480 2859 molestia
2505 2799 2759 2861 crederet
2784 2794 3042 2861 veritati,
3070 2801 3127 2849 ct
3152 2799 3376 2863 augeret
3402 2803 3524 2844 eam

1926 2899 1981 2955 in
2010 2896 2299 2952 dilectione
2324 2891 2526 2953 Christi
2552 2906 2567 2943 :
2598 2904 2761 2961 quem
2815 2885 3020 2943 sciebat
3054 2894 3111 2947 et
3137 2881 3219 2939 sui
3247 2880 3303 2938 et
3342 2880 3505 2937 totius

1927 2987 2190 3046 Ecclesia:
2230 2980 2484 3055 corporis
2510 2989 2690 3052 caput.
2745 2976 3044 3035 Sciendum
3071 2974 3217 3048 quod
3242 2973 3332 3029 hic
3370 2974 3527 3028 locus

1926 3084 1985 3141 in
2012 3080 2205 3139 Greco
2234 3072 2580 3133 manifestior
2610 3071 2682 3126 sit
2705 3110 2723 3134 .
2760 3069 2888 3131 dum
2917 3078 3099 3124 autem
3129 3067 3184 3127 in
3215 3064 3468 3121 Latinum
3492 3079 3526 3120 e

217 3185 331 3241 que
370 3170 653 3227 voluntate
699 3169 967 3235 fallaciae,
1008 3185 1073 3229 ea
1121 3181 1301 3231 tamen
1336 3186 1457 3241 quae
1490 3169 1629 3225 falsa
1667 3178 1817 3240 sunt,
1845 3161 1894 3231 C
1927 3174 2095 3234 verbo
2147 3167 2473 3229 transfertur
2519 3165 2590 3227 ad
2629 3164 2854 3220 verbum
2879 3202 2897 3228 ,
2930 3176 3126 3217 sensus
3166 3158 3514 3215 sermonibus

221 3262 560 3333 pradicant;
588 3261 680 3321 alii
709 3277 843 3318 vero
866 3262 1015 3321 omni
1036 3262 1335 3323 calliditate
1361 3262 1568 3321 erroris
1595 3263 1822 3333 laqueos

217 3365 661 3425 componentes,
719 3369 819 3413 nos
865 3354 1127 3426 decipere
1172 3366 1228 3411 et
1270 3357 1492 3413 vincere
1538 3356 1819 3417 festinant.

217 3448 362 3505 Cum
382 3456 568 3509 autem
612 3446 959 3507 occurrerint
984 3458 1147 3520 atque
1179 3450 1537 3520 pervenerint
1560 3450 1736 3507 sancti
1764 3448 1819 3511 in

217 3555 543 3598 mensuram
576 3541 887 3612 supradicti
924 3543 1063 3611 viri,
1090 3551 1219 3603 tunc
1246 3543 1619 3615 intelligentes
1641 3543 1821 3607 chari-

223 3645 397 3692 tatera
438 3634 679 3700 Christi,
715 3635 991 3705 augebunt
1028 3637 1081 3693 in
1114 3651 1182 3693 eo
1218 3636 1405 3701 omnia
1435 3650 1556 3707 qua:
1590 3650 1822 3707 accepe-

218 3735 346 3782 rant
387 3727 603 3787 semina
634 3727 919 3793 veritatis,
965 3725 1236 3787 habentes
1275 3726 1525 3799 corporis
1556 3725 1820 3789 Ecclesiae

219 3827 385 3888 caput
413 3816 705 3877 Dominum
734 3818 945 3875 Jesum.
977 3816 1113 3887 Quia
1145 3831 1277 3875 vero
1302 3818 1418 3877 ait:
1456 3815 1523 3873 Ut
1546 3818 1687 3871 ultra
1715 3833 1820 3873 non

219 3912 385 3966 simus
408 3911 615 3981 parvuli
642 3911 955 3981 ﬁuctuantes
978 3950 997 3977 ,
1033 3919 1094 3967 et
1120 3910 1349 3981 reliqua,
1381 3925 1441 3967 se
1468 3924 1689 3987 quoque
1716 3910 1819 3969 llu-

220 4009 508 4059 ctuantem
529 4010 585 4061 et
608 4004 892 4071 parvulum
905 4016 1029 4061 esse
1055 4010 1393 4067 contestans,
1410 4001 1819 4061 retractandum

223 4098 463 4163 videtur,
479 4104 735 4157 utrumne
752 4096 870 4155 huic
899 4095 1196 4155 secundum
1222 4095 1584 4153 humilitatem
1604 4095 1821 4153 locutus

220 4190 330 4246 sit:
357 4203 427 4251 an
443 4199 603 4247 certe
630 4204 698 4247 ex
727 4197 882 4259 parte
905 4188 1262 4257 videns,etex
1284 4198 1439 4261 parte
1453 4200 1818 4261 cognoscens,

221 4280 562 4337 intellexerit
582 4289 845 4351 quantum
872 4296 903 4339 a
937 4280 1177 4350 perfecta
1201 4282 1350 4338 absit
1374 4282 1606 4340 scientia
1630 4324 1644 4348 ,
1677 4294 1734 4343 et
1763 4282 1819 4347 in

226 4389 352 4431 vera
380 4374 737 4433 conscientiae
762 4388 877 4431 sua:
896 4372 1061 4430 verba
1088 4376 1425 4445 proruperit.
1473 4374 1530 4431 Si
1566 4376 1691 4449 quis
1715 4375 1819 4447 igi-

225 4477 312 4523 tur
350 4467 469 4527 vult
504 4481 633 4525 eum
656 4464 774 4525 haec
804 4465 1106 4527 secundum
1149 4466 1516 4525 humilitatem
1546 4466 1814 4535 locutum,

1928 3263 2193 3329 involuti,
2220 3263 2515 3319 obscurum
2549 3258 2729 3315 fecere
2757 3253 2867 3327 (Al.
2894 3249 3098 3322 facere]
3128 3250 3269 3322 quod
3299 3249 3520 3306 dicitur.

1997 3356 2179 3431 (Vers.
2215 3351 2329 3423 16.)
2381 3350 2466 3413 Ea:
2504 3363 2608 3420 quo
2657 3354 2823 3405 totum
2866 3360 3055 3414 corpus
3083 3352 3447 3417 compactum,
3476 3350 3524 3394 et

1925 3448 2337 3521 conglutinale
2367 3458 2458 3517 per
2501 3453 2703 3495 omnem
2729 3441 3036 3519 juncturam
3080 3433 3523 3489 subministratio-

1925 3541 2003 3594 nt's
2048 3536 2334 3593 secundum
2375 3532 2727 3607 operationem
2761 3529 2817 3587 in
2860 3541 3156 3581 mensuram
3181 3524 3525 3597 uniuscujus-

1923 3647 2023 3704 que
2050 3627 2262 3687 membri
2283 3633 2619 3699 augmentum
2638 3620 2871 3691 corporis
2893 3619 3021 3692 facit
3044 3618 3097 3672 in
3117 3615 3523 3687 ludiﬁcationem

1924 3724 2007 3779 sui
2034 3724 2087 3777 in
2114 3720 2386 3779 charitate.
2441 3717 2496 3772 In
2527 3716 2637 3770 line
2661 3729 2869 3778 rerum,
2911 3726 3039 3766 cum
3072 3710 3239 3775 Deum
3274 3707 3411 3763 facie
3435 3706 3518 3760 vi-

1924 3815 2055 3873 dere
2085 3812 2413 3882 coeperimus
2440 3808 2508 3863 ad
2534 3807 2730 3863 faciem
2760 3845 2778 3873 ,
2809 3812 2866 3859 et
2891 3805 2944 3858 in
2974 3814 3290 3861 mensuram
3322 3812 3522 3870 perve-

1929 3906 2171 3962 nerimus
2210 3902 2386 3957 anatis
2416 3897 2765 3972 plenitudinis
2794 3894 3000 3950 Christi
3031 3892 3124 3966 (de
3152 3890 3310 3969 cujus
3341 3888 3518 3962 pleni~

1927 3997 2114 4053 tudine
2145 4004 2171 4032 κ
2208 4008 2355 4049 nunc
2405 4004 2597 4046 omnes
2633 3986 2944 4058 accepimus
2989 3982 3192 4054 (.Joan.
3234 3979 3313 4053 1),
3346 3982 3418 4035 ita
3460 3989 3521 4035 ut

1926 4087 2177 4144 Christus
2225 4100 2334 4141 non
2362 4098 2430 4139 ex
2460 4090 2613 4155 parte
2645 4081 2750 4147 sit,
2802 4076 2897 4133 sed
2952 4083 3099 4130 totus
3141 4074 3194 4129 in
3240 4072 3434 4129 nobis:
3470 4079 3527 4127 et

1928 4180 2139 4237 relictis
2170 4176 2340 4233 initiis
2378 4174 2733 4246 parvulorum
2764 4211 2777 4237 ,
2831 4166 3170 4224 creverimus
3201 4165 3255 4220 in
3286 4178 3410 4221 eum
3442 4163 3524 4227 vi-

1927 4290 2073 4340 rum,
2102 4272 2170 4335 de
2200 4286 2308 4344 quo
2331 4266 2605 4339 Propheta
2638 4264 2771 4327 dicit
2796 4281 2810 4318 :
2839 4260 2974 4315 Ecce
3000 4260 3100 4330 vir,
3132 4258 3320 4315 Oriens
3338 4272 3523 4311 nomen

1927 4367 2009 4423 illi
2040 4366 2226 4440 (Zach.
2255 4379 2326 4429 vr,
2371 4359 2482 4434 12).
2543 4360 2608 4414 Et
2655 4357 2896 4419 Joannes
2922 4354 3166 4428 Baptista
3190 4366 3525 4410 commemo—

1929 4470 2013 4516 rat
2040 4456 2222 4528 (Joan.
2251 4472 2290 4523 ι,
2321 4454 2451 4529 '50):
2503 4451 2636 4508 Post
2678 4467 2758 4505 me
2796 4450 2927 4504 venit
2960 4449 3068 4524 [ΔΙ.
3100 4445 3293 4529 veniet]
3331 4446 3405 4501 uir
3434 4445 3524 4516 qui

221 4564 320 4619 illo
348 4571 533 4620 utetur
552 4559 846 4630 exemplo:
889 4559 1113 4628 Quando
1141 4576 1284 4621 erant
1313 4561 1560 4631 paruulus
1582 4602 1601 4629 ,
1627 4561 1814 4632 loque-
1842 4553 1899 4615 υ
1920 4561 2136 4607 anteme
2165 4550 2333 4619 [actus
2352 4560 2448 4613 est,
2474 4545 2721 4616 quoniam
2748 4552 2871 4598 ante
2894 4558 2974 4595 me
3001 4541 3159 4612 erat),
3194 4549 3323 4594 tunc
3346 4537 3401 4592 in
3424 4551 3523 4592 oc-

220 4657 314 4713 bar
338 4666 398 4713 ut
424 4653 710 4726 parvulus,
749 4654 1035 4727 cogitabam
1072 4662 1129 4717 ut
1156 4652 1431 4727 parvulus,
1459 4651 1726 4727 rapiebant
1758 4661 1815 4711 ut

221 4750 498 4820 mulus.
541 4746 765 4819 Quando
802 4762 921 4803 uero
957 4746 1128 4820 factus
1162 4762 1279 4809 sum
1316 4746 1417 4815 vir,
1469 4743 1713 4805 θυσσααυὶ
1756 4759 1819 4811 eo

219 4858 340 4914 qua:
370 4849 520 4897 erant
556 4840 765 4909 parvuli
810 4836 1015 4911 (lCar.
1046 4852 1161 4902 stu,
1196 4838 1256 4893 11
1285 4837 1326 4908 ).
1398 4835 1553 4897 Alius
1579 4850 1712 4899 vero.
1745 4834 1814 4899 ad

222 4935 329 4990 ista
372 4930 745 5003 respondeat,
790 4928 1203 4999 comparatione
1235 4927 1572 4994 multorum,
1606 4926 1661 4981 in
1693 4936 1822 4982 tcta-

222 5037 332 5084 tem
365 5025 596 5101 perfecti
622 5026 725 5081 viri
753 5023 1073 5094 Apostolum
1106 5021 1459 5091 pervenisse:
1496 5020 1563 5076 ad
1594 5035 1656 5077 ea
1683 5036 1818 5077 vero

220 5135 345 5192 qua:
371 5117 615 5189 reposita
643 5112 848 5171 sanctis
875 5123 1043 5183 sunt,
1082 5113 1260 5169 adhuc
1292 5114 1574 5187 parvulum
1598 5130 1814 5171 nuncu-

224 5195 366 5285 pari.
417 5208 702 5281 Siquidem
769 5206 986 5276 omues}
1025 5204 1307 5276 apostolos
1349 5205 1444 5277 qui
1494 5206 1547 5269 in
1591 5203 1818 5269 Christo

222 5305 494 5373 credant,
548 5300 803 5373 parvulos
839 5297 1101 5368 propheta
1129 5305 1549 5361 commemorat.
1577 5297 1774 5357 dicens
1801 5316 1813 5353 :

219 5395 361 5453 Ecce
392 5411 488 5469 ego
519 5404 567 5449 et
599 5391 806 5463 parvuli
847 5406 977 5461 quos
1001 5390 1141 5455 dedit
1167 5388 1295 5443 mihi
1330 5388 1470 5443 Deus
1493 5388 1657 5471 (lsai.
1692 5404 1813 5458 vm,

218 5490 337 5562 18).
368 5490 501 5549 Post
528 5485 648 5542 haec
684 5481 951 5541 attentius
977 5479 1394 5549 disserendum,
1428 5496 1496 5543 ne
1523 5477 1668 5545 forte
1688 5497 1819 5539 vere

311 5684 338 5715 α
369 5674 569 5732 Verius
597 5688 692 5727 nos
720 5684 927 5739 attines,
949 5670 1178 5725 Ruﬁnus
1215 5669 1428 5741 legerit,
1468 5669 1558 5725 ubi
1597 5677 1654 5741 et
1690 5670 1821 5727 sub-

219 5762 432 5803 nexam
495 5742 893 5815 expositionem
952 5757 1172 5799 omnem
1222 5740 1480 5814 perquam
1547 5740 1813 5799 invidiose

1925 4657 2087 4698 cursu
2113 4640 2276 4695 unius
2309 4637 2455 4705 fidei,
2482 4645 2536 4703 et
2564 4637 2723 4690 unius
2746 4633 3047 4709 agnitionis
3068 4631 3193 4687 Filii
3222 4631 3521 4707 Dei,quem

1930 4752 2073 4795 nunc
2117 4747 2217 4807 pro
2264 4732 2530 4793 varietate
2581 4727 2876 4797 mentium,
2930 4742 3035 4781 non
3072 4740 3175 4781 una
3203 4739 3302 4781 nec
3329 4723 3523 4779 eadem

1928 4830 2035 4887 fide
2084 4837 2142 4886 et
2186 4825 2461 4901 agnitione
2498 4822 2905 4899 cognoscimus,
2933 4829 3102 4877 totum
3126 4833 3345 4890 corpus,
3376 4815 3522 4886 quod

1930 4922 2077 4993 prius
2105 4920 2422 4989 dissipatum
2454 4918 2650 4983 luerat,
2679 4922 2735 4969 et
2766 4914 2819 4967 in
2847 4911 3060 4966 diversa
3096 4910 3389 4963 laceratum
3413 4949 3428 4975 ,
3465 4907 3523 4961 in

1928 5030 2081 5071 suam
2131 5026 2446 5084 compagem
2489 5008 2914 5080 juncturamque
2972 5000 3295 5070 redigetur:
3346 4997 3417 5051 ita
3462 5005 3524 5053 ut

1928 5126 2035 5166 una
2077 5105 2513 5163 subministratis
2557 5100 2858 5169 eademque
2912 5093 3201 5165 operatio,
3251 5098 3311 5147 et
3360 5090 3521 5145 unius

1929 5202 2103 5258 aetatis
2127 5204 2502 5256 consummata
2533 5190 2799 5266 perfectio
2820 5232 2836 5257 ,
2872 5198 3042 5244 totum
3073 5197 3323 5243 crescere
3357 5180 3522 5237 faciat

1927 5309 2123 5365 corpus
2152 5292 2457 5363 aequaliter,
2501 5297 2556 5344 et
2598 5285 2783 5351 omnia
2810 5282 3059 5343 membra
3098 5278 3255 5350 juxta
3297 5288 3520 5335 mensus

1926 5403 2042 5444 ram
2091 5399 2244 5441 suam
2277 5385 2668 5439 incrementum
2701 5374 2882 5433 aetatis
2903 5373 3203 5445 accipiant.
3259 5368 3392 5425 Haec
3424 5381 3522 5427 au-

1930 5490 2038 5549 tem
2086 5488 2196 5534 tota
2226 5474 2547 5541 aediﬁcatio,
2592 5486 2691 5551 per
2736 5483 2897 5553 quam
2928 5465 3095 5549 διε
3117 5459 3378 5529 Ecclesiae
3422 5471 3518 5528 per

1930 5667 2184 5751 suggillet
2210 5664 2306 5722 lib.
2338 5677 2378 5736 ι,
2409 5674 2558 5719 num.
2589 5656 2685 5725 61,
2715 5670 2877 5729 quem
2902 5653 3131 5717 videsis.
