4046 6336
537 241 646 297 503

1805 237 1866 292 S.
1907 232 2172 291 EUSEBII
2214 232 2592 292 HIERONYMI

3728 225 3848 290 5M

541 363 727 424 partes
756 368 957 424 corpus
985 365 1232 423 augetur,
1279 361 1467 408 mutua
1499 351 1553 406 itt
1584 365 1644 406 se
1678 349 1949 406 charitate
1979 365 2134 406 com-
2163 351 2216 408 Α
2243 349 2396 417 bum,
2429 349 2750 421 quibusdam
2783 351 2940 422 quasi
2967 351 3238 418 sentibus,
3269 350 3544 407 orationis
3559 364 3762 408 sensus
3790 357 3851 407 et

542 448 803 518 plebitur.
846 448 1012 502 Totas
1039 445 1389 501 rationabiles
1418 453 1698 500 creaturas
1730 446 1832 499 sub
1861 444 2020 498 unius
2047 457 2134 498 ra-

543 542 818 598 tionabilis
863 541 1112 597 animalis
1159 539 1529 610 intelligamus
1558 538 1843 608 exemplo,
1885 547 1941 594 et
1965 538 2137 608 quod-

542 651 778 705 cumque
823 632 890 688 de
935 632 1095 701 hujus
1147 632 1404 688 membris
1445 630 1744 686 dixerimus
1773 640 1830 686 et
1859 630 2130 700 partibus,

544 726 650 781 hoc
681 727 914 780 sciamus
941 740 1067 781 esse
1095 723 1444 780 referendum
1488 723 1554 779 ad
1587 737 2023 794 unamquamque
2051 737 2136 776 ra-

543 817 857 873 tionabilem
889 826 1218 874 creaturam.
1269 817 1534 872 Putemus
1560 815 1664 871 hoc
1704 815 1906 870 animal
1939 815 2011 868 ita
2042 828 2137 884 per

541 919 692 964 artus
718 951 733 974 ,
771 925 940 964 venas
967 951 982 974 ,
1013 924 1320 978 carnesque
1365 909 1661 963 laceratum
1692 948 1708 974 ,
1738 916 1796 962 ut
1820 922 1920 962 nec
1943 921 2006 962 os
2025 907 2136 962 ossi

545 1003 768 1066 haereat,
804 1019 904 1057 nec
933 1016 1134 1057 nervus
1152 1001 1415 1073 jungatur
1447 1001 1514 1055 ad
1550 1015 1774 1055 nervum
1801 1017 1814 1052 :
1845 998 2137 1069 separatim

543 1096 684 1151 oculi
733 1096 952 1166 iaceant
975 1137 989 1160 ,
1025 1108 1273 1148 seorsum
1313 1106 1502 1157 nares,
1537 1107 1731 1147 manus
1760 1091 1926 1145 alium
1958 1090 2137 1145 locum

543 1197 786 1253 teneant,
815 1188 922 1242 alio
950 1186 1186 1256 projecti
1215 1187 1322 1242 sint
1347 1185 1546 1257 pedes,
1580 1193 1636 1240 et
1659 1184 1865 1254 reliqua
1898 1182 2139 1238 membra

543 1281 596 1334 in
648 1280 791 1334 hunc
842 1277 1062 1333 modum
1111 1279 1253 1332 inter
1298 1291 1358 1332 se
1397 1277 1645 1348 dispersa
1693 1277 1829 1342 sint,
1862 1285 1917 1330 et
1940 1274 2136 1330 divisa.

546 1369 718 1440 Finge
749 1370 986 1439 aliquem
1016 1366 1206 1424 venire
1237 1377 1404 1423 tanta:
1435 1367 1680 1422 scientia}
1712 1366 2008 1433 medicum,
2050 1365 2141 1436 qui

539 1467 692 1535 juxta
719 1464 930 1519 fabulas
979 1463 1324 1522 ethnicorum
1350 1505 1365 1530 ,
1396 1461 1771 1531 Esculapium
1817 1461 1988 1530 possit
2013 1460 2142 1515 imi-

546 1560 673 1628 tari,
704 1557 799 1613 et"
835 1559 887 1613 in
912 1573 1108 1613 novam
1143 1557 1368 1628 ﬁgurato
1403 1571 1713 1626 novumque
1744 1569 1944 1612 nomen
1967 1596 1983 1623 ,
2018 1553 2142 1609 Vir-

549 1649 696 1705 bium
738 1653 1044 1705 suscitare:
1079 1650 1167 1704 hic
1203 1663 1433 1704 necesse
1470 1647 1692 1703 habebit
1721 1647 2142 1718 unumquodque

2236 442 2482 512 germina
2510 441 2870 499 suﬁ'ocantur.

2310 533 2493 606 (Vers.
2526 535 2594 590 17
2625 536 2805 607 seqq.)
2838 535 2958 591 Hoc
2980 552 3101 608 ergo
3131 538 3268 604 dico,
3291 547 3341 594 et
3363 546 3623 594 contestor
3643 537 3701 592 in
3727 535 3848 593 Do-

2239 625 2378 680 mino
2401 669 2415 694 ,
2458 636 2512 680 ut
2544 643 2648 680 non
2673 627 2900 698 amplius
2926 627 3197 684 ambuletis
3221 671 3234 694 ,
3274 630 3407 684 sicut
3435 640 3485 683 et
3511 639 3691 702 gentes
3721 646 3848 684 am-

2240 717 2422 771 bulant
2450 719 2506 772 in
2533 720 2760 774 vanitate
2778 737 2965 777 sensus
2993 722 3100 789 sui,
3133 722 3394 776 obscurati
3423 731 3614 787 mente,
3637 721 3848 777 abalie-

2239 813 2348 866 nati
2390 829 2423 864 a
2453 813 2531 866 ria
2566 811 2666 866 Dei
2695 823 2904 884 prapter
2934 815 3289 884 ignorantiam
3309 856 3324 880 ,
3377 829 3495 885 quae
3517 823 3598 869 est
3628 815 3684 867 in
3709 814 3847 882 illis,

2240 915 2449 976 prapter
2477 907 2763 961 ca'citatem
2791 908 2964 962 cordis
2985 923 3186 962 eorum.
3232 907 3336 976 Qui
3363 907 3701 980 desperantes
3725 947 3744 974 ,
3768 923 3853 962 se-

2241 999 2483 1068 metipsos
2535 997 2862 1051 tradiderunt
2905 999 3251 1069 impudicitia:
3291 999 3346 1053 in
3395 999 3698 1070 operatione
3744 999 3853 1053 im-

2243 1090 2511 1144 munditiis
2537 1091 2704 1146 omnis
2726 1091 2780 1144 in
2807 1091 3049 1144 avaritia.
3078 1090 3190 1146 Hoc
3216 1105 3372 1162 ergo,
3391 1091 3488 1157 ait,
3511 1090 3638 1146 dico
3661 1089 3852 1156 vobis,

2241 1197 2276 1236 ο
2305 1181 2557 1252 Ephesii,
2589 1197 2794 1254 vosque
2819 1191 3125 1250 contestor,
3157 1191 3215 1238 ut
3241 1183 3370 1254 quia
3392 1182 3682 1238 occursuri
3705 1181 3854 1239 estis

2244 1273 2298 1328 in
2321 1289 2632 1330 mensuram
2655 1275 2832 1329 :etatis
2858 1273 3223 1344 plenitudinis
3248 1271 3479 1341 Christi,
3511 1287 3622 1328 non
3651 1273 3857 1328 ambu-

2244 1367 2370 1423 letis
2397 1368 2544 1422 sicut
2582 1367 2864 1422 ambulant
2898 1375 3092 1437 gentes
3112 1411 3127 1436 ,
3161 1381 3285 1436 quae
3315 1365 3478 1420 idolis
3506 1366 3850 1430 servientes,

2244 1467 2303 1515 et
2343 1474 2510 1515 sensu
2559 1467 2616 1515 et
2654 1467 2843 1514 mente
2889 1458 3192 1514 abutuntur
3240 1459 3294 1512 in
3329 1472 3515 1528 prava.
3553 1456 3684 1524 Qute
3715 1470 3857 1512 cum

2249 1552 2378 1610 ideo
2427 1553 2744 1623 acceperint
2789 1552 3025 1606 animam
3072 1560 3129 1606 et
3168 1551 3530 1616 intellectum,
3553 1559 3612 1606 ut
3636 1564 3859 1620 cogno—

2247 1657 2466 1702 scerent
2499 1645 2692 1712 Deum,
2718 1644 3008 1701 abalienati
3033 1652 3159 1700 sunt
3180 1659 3210 1698 a
3233 1645 3316 1698 via
3336 1643 3452 1714 ejus
3472 1644 3659 1715 (quam
3684 1645 3862 1699 aliam

551 1742 858 1798 membrum
891 1756 989 1797 suo
1016 1743 1135 1797 loco
1167 1740 1458 1796 restituere
1487 1782 1501 1807 ,
1547 1749 1605 1797 et
1630 1755 1951 1812 compagem
1977 1756 2138 1811 copn-
2173 1728 2222 1788 Β
2250 1740 2461 1810 absque
2489 1739 2712 1795 Christo
2741 1754 2850 1795 non
2883 1738 3166 1808 novimus)
3212 1746 3269 1792 et
3311 1738 3364 1792 in
3404 1738 3488 1793 sui
3518 1737 3705 1792 cordis
3736 1751 3861 1792 am-

548 1836 662 1890 lare
689 1835 960 1906 compagi,
993 1842 1048 1889 et
1077 1833 1310 1905 quodam
1333 1835 1548 1904 glutino
1571 1834 1820 1904 partibus
1851 1835 2140 1900 restitutis,

547 1942 713 1982 unum
745 1941 946 1996 corpus
969 1927 1213 1981 efﬁcere.
1272 1927 1386 1981 Huc
1415 1941 1585 1997 usque
1615 1926 1778 1981 nobis
1814 1941 1918 1981 una
1953 1926 2145 1982 simili-

551 2019 682 2074 tudo
712 2021 1065 2090 processerit:
1099 2033 1241 2074 nunc
1272 2019 1325 2074 in
1355 2018 1607 2075 eamdem
1630 2018 2045 2075 similitudinem
2076 2019 2144 2074 ad

548 2111 602 2167 id
631 2111 777 2182 quod
805 2112 1035 2182 intelligi
1068 2113 1338 2176 volumus,
1369 2111 1513 2166 aliud
1539 2113 1785 2166 trahatur
1807 2111 2142 2179 exemplum.

548 2205 810 2260 Parvulos
843 2213 1076 2272 crescat,
1109 2214 1165 2260 et
1195 2205 1413 2260 occulto
1437 2219 1575 2270 :evo,
1606 2205 1658 2258 in
1684 2203 1982 2274 perfectam
2014 2202 2145 2258 ado-

545 2298 716 2352 lescal
763 2306 1016 2352 nitatem:
1061 2311 1218 2350 suum
1268 2309 1461 2350 manus
1504 2305 1856 2365 augmentum
1900 2294 2140 2361 habebit,

552 2405 647 2444 sua
680 2390 851 2461 pedes
879 2391 1122 2447 sentient
1159 2391 1534 2446 incrementa:
1575 2400 1766 2445 venter
1795 2389 1924 2445 dum
1972 2391 2146 2445 nesci-

551 2499 696 2544 mus.
730 2483 1026 2553 impletur:
1060 2482 1297 2548 humeri,
1328 2481 1456 2537 dum
1491 2482 1754 2537 falluntur
1780 2482 1926 2537 oculi
1955 2525 1970 2551 ,
2002 2483 2144 2538 dila-

552 2585 734 2631 tantur
761 2595 774 2632 :
817 2588 874 2631 et
914 2577 1097 2631 omnia
1129 2578 1377 2632 membra
1407 2591 1506 2648 per
1535 2585 1720 2646 partes
1744 2577 1902 2648 juxta
1931 2592 2148 2633 mensu-

548 2685 666 2725 ram
701 2685 854 2724 snam
893 2671 973 2724 sic
1014 2678 1269 2724 crescunt
1306 2681 1363 2724 ut
1396 2684 1576 2726 tamen
1610 2684 1718 2725 non
1748 2670 1872 2736 sibi,
1901 2669 1996 2725 sed
2020 2684 2141 2724 cor-

549 2761 667 2832 pori
696 2761 993 2817 videantur
1020 2761 1226 2831 augeri.
1282 2761 1360 2816 lta
1385 2759 1414 2799 ι)
1447 2762 1612 2832 igitur
1635 2770 1691 2816 et
1717 2761 1768 2815 in
1800 2762 2147 2817 restitutione

549 2854 796 2908 omnium
825 2895 837 2916 ,
891 2853 1108 2924 quando
1139 2868 1339 2924 corpus
1385 2854 1551 2909 totius
1600 2853 1867 2909 Ecclesiae
1896 2869 2036 2909 nunc
2067 2855 2148 2909 di-

548 2960 796 3012 spersum
843 2956 1005 3016 atque
1057 2947 1352 3002 laceratum
1379 2991 1394 3014 ,
1437 2962 1599 3003 verus
1631 2948 1874 3004 medicus
1899 2947 2147 3004 Christus

549 3037 712 3093 Jesus
760 3048 1049 3094 sanaturus
1088 3040 1402 3104 advenerit,
1443 3043 1818 3112 unusquisque
1845 3042 2145 3098 secundum

552 3146 862 3186 mensuram
898 3131 1061 3199 ﬁdei,
1096 3143 1150 3188 et
1185 3134 1479 3203 agnitionis
1521 3133 1647 3189 Filii
1678 3135 1772 3191 Dei
1805 3136 1996 3208 (quem
2027 3136 2149 3192 ideo
2177 3116 2224 3181 Ο

558 3239 858 3294 agnoscere
906 3225 1123 3294 dicitur,
1180 3227 1306 3296 quia
1354 3227 1507 3298 prius
1555 3239 1820 3296 noverat,
1863 3239 1917 3285 et
1965 3242 2151 3299 posma

553 3332 715 3374 nosse
764 3318 1006 3390 desivit)
1050 3336 1207 3375 suum
1256 3321 1486 3392 recipiet
1515 3321 1732 3388 locum,
1762 3332 1817 3379 et
1846 3322 2072 3393 incipiet
2100 3323 2154 3379 id

550 3425 675 3465 esse
724 3410 870 3481 quod
913 3413 1107 3466 fuerat.
1180 3412 1258 3465 lta
1303 3421 1484 3467 tamen
1519 3422 1578 3468 ut
1602 3429 1709 3467 non
1737 3413 1896 3483 juxta
1932 3425 1953 3452 ε
1989 3415 2152 3469 aliam

548 3495 842 3567 haeresim,
895 3519 1090 3558 omnes
1137 3503 1189 3557 in
1227 3519 1334 3557 una
1381 3512 1544 3559 aetate
1573 3504 1686 3558 sint
1715 3506 1912 3574 positi,
1947 3505 2000 3561 id
2028 3515 2152 3561 est;

550 3609 744 3650 omnes
794 3596 846 3648 in
882 3595 1109 3664 angelos
1153 3594 1569 3650 reformentur:
1607 3595 1702 3650 sed
1731 3599 2155 3668 unumquodque

555 3687 862 3742 membrum
891 3687 1046 3756 juxta
1079 3701 1392 3740 mensuram
1427 3696 1482 3742 et
1515 3686 1751 3742 officium
1782 3703 1942 3743 suum
1969 3690 2152 3758 perfe-

551 3790 700 3835 ctum
728 3779 826 3835 sit:
858 3779 1024 3850 620
1055 3778 1209 3833 verbi
1241 3780 1414 3849 gratia
1444 3821 1458 3845 ,
1503 3789 1562 3834 ιιι
1601 3782 1831 3851 angelus
1877 3782 2067 3853 refuga
2102 3785 2154 3840 id

551 3889 676 3929 esse
703 3873 926 3942 incipiat
951 3872 1098 3943 quod
1124 3884 1344 3928 creatus
1369 3884 1491 3928 est:
1522 3885 1576 3929 et
1601 3875 1764 3930 homo
1786 3921 1799 3943 ,
1847 3877 1938 3947 qui
1962 3877 2030 3932 de
2059 3894 2153 3948 pa-

554 3967 737 4020 radiso
784 3965 963 4020 fuerat
1003 3965 1245 4036 ejeclus,
1289 3966 1357 4020 ad
1386 3968 1656 4023 cnlturam
1687 3968 1883 4024 iterum
1914 3971 2152 4041 paradisi

553 4058 895 4113 restituatur.
921 4058 1024 4112 Ista
1053 4067 1232 4114 autem
1261 4060 1518 4116 universa
1549 4061 1629 4117 sic
1660 4062 1812 4129 ﬁent,
1839 4073 1898 4118 ut
1924 4065 2152 4122 invicem

556 4152 703 4204 inter
755 4165 815 4204 se
863 4149 1132 4206 charitate
1178 4151 1518 4221 jungantur:
1571 4166 1626 4210 et
1677 4155 1805 4210 dum
1846 4160 2154 4229 congaudet

558 4241 864 4296 membrum
900 4242 1167 4307 membro,
1201 4254 1253 4297 et
1283 4243 1334 4297 in
1369 4244 1597 4300 alterius
1627 4249 1976 4316 provectione
2003 4250 2154 4307 laeta-

560 4348 667 4403 tur,
704 4335 906 4390 Christi
935 4351 1165 4404 corpus,
1230 4336 1478 4392 Ecclesia
1511 4339 1910 4408 primitivorum
1946 4341 2154 4400 habitet

554 4430 608 4484 in
639 4428 856 4485 cmlesti
885 4430 1224 4496 Jerusalem,
1272 4446 1432 4500 quam
1467 4433 1519 4487 in
1553 4432 1661 4488 alio
1692 4433 1813 4489 loco
1851 4435 2152 4504 Apostolus

2249 1833 2436 1888 bulant
2466 1834 2734 1888 eiecitate.
2796 1831 2978 1903 Atque
3019 1833 3228 1886 utinam
3255 1844 3516 1900 peccasse
3546 1828 3858 1898 sufﬁceret,

2249 1938 2304 1984 et
2352 1927 2437 1982 vel
2485 1941 2612 1982 sero
2654 1936 2881 1997 agerent
2929 1924 3364 1997 paenitudinem,
3416 1925 3864 1996 damnarentque

2249 2023 2381 2077 vitia
2430 2020 2486 2074 in
2538 2018 2737 2090 quibus
2764 2019 2969 2090 jugiter
2998 2018 3319 2084 inhiarunt,
3368 2025 3518 2074 esset
3545 2017 3864 2074 remedium

2250 2113 2581 2184 resipiscere
2625 2121 2750 2182 post
2791 2126 3059 2168 errorem.
3117 2109 3271 2166 Nunc
3311 2125 3444 2165 vero
3473 2111 3858 2179 desperantes,

2248 2223 2310 2263 se
2334 2247 2349 2274 ,
2377 2213 2433 2260 et
2462 2205 2517 2260 in
2548 2205 2711 2260 ritum
2741 2202 3200 2258 irrationabilium
3224 2202 3550 2268 bestiarum,
3575 2215 3741 2258 caeno
3769 2216 3865 2257 vo-

2249 2297 2529 2369 raginique
2559 2305 2866 2366 mergentes
2892 2334 2909 2360 ,
2941 2292 3288 2349 tradiderunt
3309 2291 3668 2362 impudicitia
3696 2300 3865 2363 atque

2249 2391 2480 2447 luxuria:
2507 2435 2520 2458 ,
2576 2396 2868 2460 operantes
2905 2385 3167 2457 quidquid
3195 2399 3395 2456 corpus
3435 2384 3646 2453 voluit,
3700 2397 3866 2439 mens

2249 2480 2623 2547 desideravit,
2669 2479 2839 2535 libido
2863 2479 3156 2549 suggessit.
3217 2477 3438 2532 Etcum
3469 2475 3606 2532 nihil
3633 2476 3867 2533 omnino

2252 2573 2706 2646 prmtcrmiserint
2724 2572 2871 2643 quod
2888 2568 3231 2626 immundum
3255 2571 3351 2635 sit,
3370 2569 3471 2624 hoc
3486 2577 3657 2623 totum
3679 2568 3868 2625 fecere

2251 2671 2305 2726 in
2335 2672 2585 2738 avaritia,
2615 2670 2742 2725 dum
2769 2683 3063 2737 numquam
3093 2667 3417 2722 luxuriando
3441 2666 3738 2736 satiantur,
3765 2679 3866 2722 nec

2247 2768 2413 2841 621
2459 2781 2652 2821 eorum
2712 2764 3009 2820 terminum
3058 2762 3220 2817 habet
3251 2760 3525 2830 voluptas.
3553 2759 3664 2816 Aut
3710 2767 3867 2816 certe

2249 2860 2393 2915 ultra
2426 2873 2746 2914 concessam
2774 2857 2875 2910 viri
2908 2855 2976 2910 ad
3004 2853 3260 2910 feminam
3289 2853 3768 2923 conjunctionem,
3794 2852 3864 2908 ad

2252 2952 2456 3022 majora
2477 2949 2878 3014 conscendunt,
2911 2947 3142 3002 masculi
3172 2947 3223 3000 in
3255 2945 3531 3000 masculos
3563 2943 3866 3015 turpitudi-

2253 3059 2376 3100 nem
2421 3052 2734 3112 Operantes,
2769 3051 2825 3096 et
2873 3038 3186 3095 mercedem
3216 3038 3422 3092 erroris
3447 3037 3534 3092 sui
3563 3037 3620 3092 in
3651 3045 3866 3093 semet-

2256 3140 2393 3209 ipsis
2425 3137 2771 3207 recipientes.
2815 3135 3045 3190 Vanitas
3080 3146 3296 3198 sensus,
3345 3140 3400 3186 et
3431 3131 3633 3186 mentis
3663 3131 3868 3187 obseu-

2257 3233 2389 3287 ritas
2414 3272 2430 3296 ,
2465 3229 2716 3286 bifariam
2746 3227 3041 3294 dividitur,
3085 3227 3140 3281 in
3169 3223 3356 3280 sreculi
3404 3223 3569 3294 hujus
3616 3224 3864 3295 negotia,

2256 3337 2312 3383 et
2337 3326 2390 3382 in
2418 3324 2745 3396 sapientiam
2769 3324 3089 3378 saicularem
3127 3339 3140 3374 :
3171 3318 3390 3391 quando
3413 3327 3508 3373 aut
3537 3318 3592 3374 in
3621 3318 3709 3374 his
3741 3333 3866 3391 quae

2256 3419 2440 3474 mundi
2469 3418 2631 3489 hujus
2657 3427 2807 3485 sunt,
2839 3424 2896 3471 et
2921 3416 3034 3470 cito
3058 3420 3368 3478 transeunt,
3397 3412 3742 3476 detiuemur.
3775 3420 3868 3468 aut

2259 3527 2364 3568 non
2400 3511 2678 3580 profutura
2703 3511 3112 3581 cognoscimus.
3138 3507 3334 3562 Nonne
3365 3505 3520 3561 vobis
3551 3505 3777 3562 videtur
3812 3506 3865 3561 in

2259 3602 2506 3658 vanitate
2560 3617 2753 3658 sensus
2795 3612 2850 3656 et
2886 3600 3223 3656 obscuritate
3266 3598 3470 3654 mentis
3503 3597 3744 3668 ingredi,
3777 3597 3869 3670 qui

2257 3697 2451 3753 diebus
2485 3710 2548 3751 ac
2574 3694 2825 3752 noctibus
2857 3694 2910 3748 in
2932 3693 3216 3748 dialectica
3249 3701 3367 3746 arte
3401 3699 3733 3762 torquetur:
3771 3690 3863 3762 qui

2257 3789 2515 3862 physicus
2545 3796 2919 3859 perscrutator
2949 3787 3140 3842 oculos
3171 3794 3325 3840 trans
3357 3783 3559 3840 coelum
3595 3783 3744 3839 levat
3765 3825 3782 3851 ,
3813 3795 3868 3838 et

2258 3883 2398 3938 ultra
2431 3881 2758 3950 profundum
2792 3889 3060 3935 terrarum
3093 3888 3148 3934 et
3176 3877 3358 3950 abyssi
3393 3875 3668 3947 quoddam
3700 3877 3865 3931 inane

2258 3975 2525 4044 demergit
2555 3972 2665 4046 [ΑΙ.
2711 3969 3099 4042 demergitur],
3129 3970 3222 4040 qui
3269 3968 3511 4023 iambum
3550 3968 3738 4037 struit,
3773 3967 3862 4038 qui

2258 4078 2465 4124 tantam
2512 4075 2814 4122 metrorum
2865 4063 3055 4120 silvam
3105 4065 3159 4117 in
3205 4077 3305 4118 suo
3359 4061 3637 4117 studiosus
3693 4061 3860 4117 corde

2258 4157 2540 4229 distinguit
2571 4165 2627 4212 et
2651 4155 2902 4226 congerit
2933 4173 2944 4209 :
2972 4165 3027 4210 et
3056 4155 3142 4224 (ut
3169 4155 3399 4210 alteram
3432 4163 3643 4224 partem
3676 4162 3859 4208 trans-

2257 4251 2403 4322 eam)
2435 4250 2527 4320 qni
2552 4249 2767 4320 divitias
2797 4263 2893 4318 per
2929 4246 3010 4302 fas
3039 4259 3093 4302 et
3124 4245 3276 4302 nefas
3321 4247 3519 4316 quaerit
3551 4262 3565 4298 :
3596 4244 3698 4316 qui
3727 4245 3860 4301 adu-

2259 4345 2398 4400 latur
2427 4343 2667 4414 regibus,
2714 4339 3063 4396 haereditates
3108 4347 3290 4410 captat
3336 4339 3566 4403 alienas,
3617 4347 3676 4394 et
3723 4351 3859 4408 Opes

2260 4447 2576 4508 congregat,
2608 4451 2742 4507 quas
2765 4435 2820 4490 in
2851 4443 3131 4490 momento
3158 4433 3247 4490 cui
3275 4434 3346 4487 sit
3374 4433 3684 4492 relicturus.
3716 4434 3860 4504 igno-

558 4532 790 4577 matrem
816 4533 1135 4578 sanctorum
1163 4499 1322 4579 vocat
1353 4523 1554 4597 (Galat.
1588 4525 1688 4598 tv).
1723 4499 1932 4583 Idcirco
1959 4528 2039 4601 (ut
2063 4544 2154 4584 su-
2181 4499 2232 4560 Β
2258 4499 2764 4598 τθιῖνριῖοάθιιιθηι
2791 4529 2887 4598 ait,
2930 4530 3018 4598 qui
3067 4529 3396 4598 desperantes
3437 4499 3774 4597 semetipsos,
3806 4524 3857 4581 id

560 4629 658 4684 pra
689 4614 951 4687 diximus)
1001 4616 1122 4672 haec
1151 4617 1296 4688 apud
1339 4632 1439 4672 uos
1479 4618 1799 4676 obscuriora
1825 4632 1990 4688 sunt,
2023 4623 2150 4692 quia

555 4715 910 4785 μεταφορικῶς
937 4708 1190 4763 dicuntur
1239 4711 1295 4763 in
1321 4708 1533 4766 Graeco.
1567 4710 1636 4766 Et
1661 4713 1839 4768 omnis
1866 4715 2154 4785 metapho-

556 4815 639 4869 ra,
684 4801 731 4857 si
758 4801 826 4857 de
856 4801 960 4857 alia
991 4803 1043 4858 in
1067 4803 1231 4858 aliam
1265 4803 1501 4876 linguam
1539 4809 1908 4866 transferatur
1937 4809 2006 4867 ad
2035 4827 2155 4868 ver--

628 5038 655 5067 ι
694 5028 848 5107 lde_m_
871 5027 1133 5107 iiuﬁnus,
1166 5037 1431 5107 etnnovam
1459 5031 1704 5107 ﬁguram,
1740 5051 2028 5107 novumque
2056 5039 2151 5091 Im-

557 5103 750 5171 minem
782 5097 1039 5171 Virbium,
1061 5105 1168 5153 etc.
1200 5097 1417 5156 Videsis
1447 5097 1572 5171 qua:
1600 5103 1674 5159 ibi
1688 5097 2026 5163 vannotanius
2046 5109 2149 5164 sub

556 5170 756 5244 prioris
787 5168 905 5223 libri
940 5168 1124 5244 ﬁnem.

631 5241 660 5280 b
701 5241 817 5294 Non
850 5254 950 5312 suo
981 5239 1068 5294 hic
1105 5254 1165 5294 se
1190 5241 1342 5312 loqui
1366 5257 1565 5312 sensu,
1612 5246 1710 5302 sed
1735 5263 1798 5304 ex
1830 5250 2145 5307 Adamantii

557 5326 824 5390 persona,
874 5309 1235 5390 l-lieronymus
1265 5309 1557 5390 signiﬁcat
1583 5316 1634 5371 in
1665 5317 1945 5390 Apologia:
1975 5322 2071 5377 lib.
2103 5339 2142 5390 ι,

554 5380 710 5439 num.
754 5380 846 5455 36,
877 5380 973 5455 ubi
1016 5380 1090 5436 de
1130 5382 1238 5455 hoc
1270 5380 1420 5439 Pauli
1453 5385 1576 5441 loco
1606 5403 1621 5440 :
1653 5380 2010 5455 Latissiinam,
2061 5380 2146 5448 in;

554 5457 706 5524 quit,
744 5449 985 5534 Origenis
1009 5452 1400 5534 expositionem
1432 5463 1478 5510 et
1505 5459 1708 5514 eosdem
1741 5478 1921 5518 sensus
1947 5449 2026 5534 per
2064 5465 2147 5517 di-

553 5519 702 5602 uersa
740 5519 1223 5602 uerlianvolee'ntem
1264 5525 1400 5602 breui
1447 5544 1680 5602 sermone
1713 5519 2141 5602 constrini'cimus,

555 5595 688 5649 nihil
715 5592 982 5672 exemplis,
1013 5601 1060 5646 et
1089 5596 1466 5672 assertionibus
1477 5598 1626 5656 illius
1650 5603 1964 5672 auferentes.
1987 5592 2146 5658 Cum;

554 5680 651 5747 ητις
688 5663 1090 5747 peruenissemus
1116 5664 1185 5717 ad
1225 5666 1413 5747 ﬁnem,
1446 5670 1555 5747 liceo
1582 5663 1897 5743 subiecimus
1921 5690 1938 5730 :
1967 5672 2145 5746 Igitur

552 5743 603 5788 et
631 5739 684 5789 in
714 5739 1089 5790 restitutionem
1113 5739 1366 5805 omnium,
1395 5741 1500 5794 etc;

1630 5799 1654 5810 ι.
1661 5800 1784 5816 σαψ-..τ

2258 4634 2364 4693 est,
2393 4625 2743 4698 ἀπηλγηκότες
2787 4623 3027 4685 ἑαυτοὺς,
3080 4619 3254 4674 multo
3280 4618 3426 4674 aliud
3469 4617 3523 4672 in
3561 4616 3758 4674 Graeco
3787 4616 3857 4673 Si-

2255 4717 2478 4790 gniﬁcat
2500 4733 2663 4788 quam
2696 4716 2748 4771 in
2794 4715 3035 4771 Latino:
3075 4714 3410 4785 desperantes
3449 4712 3653 4784 quippe
3697 4712 3857 4772 ἀπηλ-

2256 4814 2467 4890 γηκότες
2499 4809 2880 4876 nominantur;
2910 4805 3259 4881 ἀπηλγηκότες
3282 4814 3467 4861 autem
3499 4804 3554 4861 hi
3585 4814 3737 4877 sunt,
3764 4803 3853 4878 qui

2333 5048 2356 5077 ο
2399 5035 2512 5092 Hoc
2553 5035 2687 5090 satis
2718 5031 2938 5089 abunde
2965 5041 3083 5086 erat
3111 5030 3178 5085 ad
3210 5031 3550 5102 purgandam
3579 5032 3633 5087 in
3662 5031 3851 5088 Hiero—

2257 5103 3176 5182 nymo‘Origenismi.suspicionem
3195 5144 3211 5169 ,
3245 5104 3390 5173 quod
3424 5105 3540 5182 haec
3564 5106 3758 5182 omnia
3779 5117 3844 5158 ex

2255 5173 2640 5234 haereticorum
2674 5173 2918 5246 profecta
2946 5173 3170 5246 ingenio
3203 5175 3547 5246 pronuntiet.
3564 5173 3643 5230 lta
3674 5178 3845 5230 enim—

2255 5265 2384 5307 vero
2409 5250 2526 5317 ipse
2557 5245 2774 5316 repunit
2809 5246 3045 5317 Rufino:
3081 5245 3304 5312 Quando
3332 5246 3448 5317 dico
3479 5261 3495 5298 :
3527 5245 3604 5300 Ita
3638 5254 3844 5317 tamen,

2256 5330 2313 5376 ut
2338 5315 2615 5389 uonjnxta
2639 5318 2802 5372 aliam
2837 5315 3087 5389 haeresim
3113 5330 3305 5389 omnes
3332 5315 3387 5370 in
3419 5332 3523 5370 una
3555 5327 3718 5373 aetate
3746 5315 3848 5370 sint

2254 5391 2441 5463 positi,
2462 5386 2684 5463 ostendo
2704 5398 2753 5463 et
2774 5405 2855 5463 ea,
2889 5387 2954 5442 de
2979 5386 3171 5463 quibus
3194 5387 3429 5455 disputo,
3451 5403 3561 5441 esse
3587 5389 3842 5463 haeretica.

2256 5457 2302 5517 et
2333 5464 2397 5518 ab
2431 5461 2539 5516 alia
2567 5461 2748 5516 Ittzresi
2779 5460 3097 5530 discrepare.
3133 5457 3263 5521 Quae
3291 5467 3416 5530 sunt
3444 5475 3566 5528 ergo
3596 5457 3717 5514 duce
3745 5459 3844 5530 Ita:—

2250 5535 2428 5590 reses?
2458 5531 2578 5588 Una
2596 5572 2610 5597 ,
2637 5547 2753 5601 qua:
2781 5531 2908 5584 dicit
2933 5528 3106 5584 omnes
3137 5529 3470 5585 rationabiles
3503 5541 3770 5601 creaturas
3793 5528 3842 5580 in

2249 5606 2462 5677 angelos
2496 5599 2773 5674 reformari
2797 5618 2815 5656 :
2843 5601 3047 5677 altera,
3082 5617 3200 5669 qute
3229 5601 3412 5677 asserit
3431 5599 3842 5677 unumquodque

2247 5677 2303 5747 in
2318 5671 2663 5747 'restitutione
2707 5673 2968 5747 mundijd
2995 5675 3109 5742 fore
3139 5671 3279 5745 quod
3307 5672 3569 5728 conditum
3595 5683 3671 5728 est
3691 5716 3706 5740 ,
3737 5681 3837 5727 etc.

2247 5745 2368 5817 qua:
2395 5745 2739 5803 consuluisse
2761 5742 2995 5814 juvabit.
