4046 6366
242 338 353 399 503

235 461 532 529 postquam
560 454 937 526 peccaverint,
978 466 1087 508 non
1122 451 1350 508 dolent:
1381 450 1472 523 qui
1503 463 1845 522 nequaquam
1873 448 1922 508 A

238 546 548 604 sentientes
590 545 804 603 ruinam
853 561 1031 613 suam,
1088 544 1339 602 feruntur
1385 545 1439 601 in
1486 559 1742 616 pronum,
1788 554 1844 600 et

242 649 519 712 tamquam
554 639 746 696 bestia:
777 638 981 695 ferrum
1006 639 1275 705 videntes,
1306 640 1359 696 in
1391 648 1621 696 mortem
1655 649 1838 695 ruunt.

239 730 393 788 P0ne
422 730 558 787 mihi
586 731 726 787 duos
754 733 809 787 in
844 748 951 788 uno
980 732 1111 787 vitio
1154 731 1537 802 deprehensos
1564 750 1578 787 :
1611 733 1839 788 alterum

238 823 330 894 qui
362 822 660 894 intelligat.
695 824 1022 895 plangatque
1069 823 1215 895 quod
1257 823 1392 879 fecit
1423 839 1437 878 :
1468 824 1707 880 alterum
1747 826 1838 896 qui

235 915 543 972 delectetur
563 916 620 971 in
644 916 877 983 scelere,
898 924 956 973 et
982 930 1087 972 non
1112 915 1289 971 solum
1307 932 1415 971 non
1429 916 1633 981 doleat,
1650 932 1839 973 verum

237 1007 408 1062 etiam
431 1007 715 1077 glorietur,
763 1015 821 1063 et
855 1016 1012 1078 putet
1037 1022 1097 1064 se
1120 1007 1409 1078 quamdam
1444 1008 1839 1077 turpitudinum

242 1097 485 1168 palmam
513 1107 569 1155 et
589 1100 875 1156 victoriam
897 1108 1252 1156 cottsecutum
1289 1118 1303 1157 :
1335 1115 1516 1157 nonne
1561 1100 1657 1157 tibi
1691 1100 1840 1157 vide-

242 1198 339 1244 tur
361 1189 451 1245 ille
478 1190 686 1258 dolere,
708 1199 765 1247 et
787 1191 873 1246 hic
906 1193 1125 1263 penitus
1146 1208 1254 1248 non
1293 1193 1523 1250 dolere?
1552 1193 1842 1265 Exprimit-

243 1296 391 1350 rnus,
409 1284 456 1337 si
472 1283 761 1353 possimus,
789 1285 1010 1340 verbum
1029 1285 1098 1341 de
1123 1284 1315 1353 verbo,
1338 1286 1655 1343 etdicamus
1676 1286 1841 1346 ἀπηλ-

239 1375 475 1449 γηκότες,
507 1376 814 1444 indolentes,
840 1378 978 1443 sive,
1020 1379 1326 1433 indolorios.
1374 1378 1510 1435 Nam
1541 1388 1594 1434 et
1619 1379 1836 1451 quidam

238 1471 270 1501 ⁸
299 1466 754 1538 philosophorum
789 1471 1114 1545 ἀναλγησίαν,
1147 1469 1200 1524 id
1227 1478 1332 1536 est,
1360 1471 1672 1526 indoloriam
1703 1486 1839 1541 prae-

232 1558 463 1615 dicavit.
506 1560 571 1616 lli
618 1560 713 1633 qui
760 1574 987 1618 naturas
1031 1563 1210 1617 varias
1257 1563 1632 1629 introducunt,
1664 1565 1839 1620 sciant

232 1663 530 1722 propterea
557 1661 750 1723 gentes
778 1654 831 1709 in
856 1654 1095 1710 vanitate
1122 1669 1320 1711 sensus
1344 1656 1657 1712 obscuratis
1686 1672 1837 1713 men-

232 1743 385 1799 tibus
411 1745 691 1801 ambulare
728 1763 742 1801 :
769 1746 898 1817 quia
930 1746 1256 1818 ignorantia:
1286 1762 1347 1804 se
1389 1757 1445 1803 et
1475 1749 1706 1804 uocitati
1734 1750 1832 1806 de-

735 331 1398 394 COMMENTARIORUM
1435 331 1505 390 IN
1544 331 1929 390 EPISTOLAM
1972 331 2066 387 AD
2106 329 2443 389 EPHESIOS
2480 330 2610 387 LIB.
2653 330 2718 389 ll.
2761 330 2915 388 CAP.
2956 330 3051 389 IV.

3436 329 3542 391 506

2021 448 2202 519 (Vers.
2230 448 2345 519 20.)
2375 448 2480 505 Vos
2508 459 2680 506 autem
2709 468 2813 506 non
2845 451 2922 506 ita
2959 450 3215 507 didicistis
3244 450 3546 519 Christum;

1943 542 1990 595 si
2017 550 2188 595 tamen
2208 540 2361 595 illum
2394 542 2615 598 audistis
2637 551 2686 597 et
2715 542 2770 597 in
2807 541 2903 598 illo
2931 542 3069 598 docti
3096 543 3243 600 estis.
3273 542 3332 600 Si
3353 555 3547 600 omnes

1942 634 2037 705 qui
2081 633 2358 690 Christum
2389 636 2579 692 audire
2619 636 2893 701 videntur,
2926 636 3214 703 audirent,
3246 651 3544 708 numquam

1942 725 2009 781 ad
2038 726 2329 797 Ephesios,
2363 737 2419 783 et
2444 737 2597 784 certe
2625 729 2754 784 illos
2781 730 2979 801 quibus
3016 739 3361 787 sacramenta
3387 728 3548 788 Citri-

1942 820 2010 873 sti
2054 818 2321 874 revelarat
2345 818 2642 890 Apostolus
2689 821 2902 877 diceret
2932 838 2946 875 :
2978 819 3041 877 Si
3070 830 3243 877 tamen
3268 821 3419 878 illum
3448 839 3546 878 au-
3634 894 3639 897 Ι

1942 909 2112 965 distis.
2152 912 2372 967 Discere
2417 923 2596 968 autem
2640 910 2939 984 Christum,
2973 915 3207 984 idipsum
3256 925 3365 984 est,
3396 915 3543 988 quod

1944 1020 2104 1062 nosse
2143 1006 2401 1062 virtutem
2433 1025 2448 1061 :
2495 1017 2551 1063 et
2580 1007 2762 1065 audite
2792 1009 2964 1069 illum,
2998 1023 3105 1065 non
3150 1008 3333 1066 diﬁert
3376 1010 3448 1067 ab
3476 1024 3544 1068 eo

1941 1098 1987 1152 si
2017 1098 2245 1164 diceret,
2274 1099 2470 1156 audire
2499 1101 2846 1172 sapientiam,
2881 1103 3043 1175 623
3068 1102 3358 1171 justitiam,
3388 1102 3547 1161 forti-

1942 1190 2212 1256 tudinem,
2257 1193 2699 1262 temperantiam,
2733 1204 2789 1251 et
2829 1204 3026 1250 caetera
3067 1196 3263 1266 quibus
3286 1195 3543 1255 Christus

1943 1294 2186 1340 vocatur.
2219 1285 2274 1342 Si
2307 1286 2430 1356 quis
2465 1302 2598 1358 ergo
2646 1286 2923 1344 Christum
2975 1289 3188 1344 audivit
3234 1301 3290 1347 et
3328 1291 3539 1362 didicit,

1943 1393 2051 1432 non
2080 1378 2383 1434 ambulabit
2416 1379 2467 1433 in
2503 1380 2746 1436 vanitate
2777 1396 2971 1436 sensus
3001 1382 3083 1437 sui
3119 1400 3133 1437 :
3159 1397 3260 1438 nec
3281 1383 3546 1440 obscura-

1940 1481 2031 1526 tus
2077 1479 2259 1526 mente
2283 1470 2561 1540 gradietur
2594 1488 2607 1525 :
2641 1486 2819 1540 neque
2862 1473 2968 1527 erit
2997 1472 3340 1529 abalienatus
3376 1489 3404 1527 a
3435 1474 3545 1530 vita

1944 1561 2037 1618 Dei
2067 1580 2080 1618 :
2105 1560 2331 1618 habebit
2362 1562 2530 1618 etiam
2556 1563 2864 1631 scientiam,
2898 1565 3244 1635 ignoratione
3273 1563 3544 1634 discussa,

1938 1668 1996 1716 et
2022 1660 2270 1716 immisso
2320 1661 2564 1717 tenebris
2592 1660 2819 1728 lumine,
2843 1662 3024 1717 omnis
3054 1662 3123 1718 de
3161 1661 3338 1718 oculis
3363 1661 3544 1720 cordis

1940 1752 2059 1823 ejus
2088 1754 2309 1809 caecitas
2337 1753 2637 1810 auferetur.
2680 1754 2838 1825 Quod
2876 1761 3000 1811 cum
3045 1755 3317 1823 habuerit,
3346 1770 3454 1812 non
3484 1770 3545 1814 se

230 1835 439 1892 derint.
474 1836 646 1893 Nemo
669 1838 819 1893 enim
849 1839 1138 1908 imperitus
1177 1840 1491 1910 appellatur
1534 1848 1588 1896 et
1630 1855 1832 1910 caecus,
1864 1840 1914 1901 B
1940 1846 2115 1903 tradet
2142 1847 2535 1918 impudicitiae:
2575 1863 2678 1905 nec
2714 1848 3034 1919 operabitur
3056 1864 3274 1906 omnem
3311 1848 3550 1906 immun-

231 1927 345 1985 nisi
393 1928 440 1984 is
467 1930 558 2001 qui
597 1945 931 2002 cognoscere
960 1940 1142 2004 potest
1167 1940 1225 1988 et
1245 1932 1453 1989 videre.
1475 1933 1583 1990 Nec
1611 1934 1840 1991 dicimus

229 2037 448 2079 ciccum
487 2038 611 2080 esse
651 2024 886 2094 lapidem
910 2067 926 2094 ,
960 2036 1015 2081 et
1043 2026 1260 2083 brutum
1301 2027 1508 2083 animal
1537 2030 1789 2099 ignorare
1822 2047 1834 2083 :

230 2116 367 2187 quia
399 2131 508 2172 non
541 2117 611 2173 ab
639 2133 706 2172 eo
749 2120 1029 2189 qumritur,
1078 2134 1180 2175 nec
1223 2120 1342 2190 ejus
1386 2128 1595 2176 naturae
1629 2129 1736 2187 est,
1783 2130 1842 2176 ιιι

232 2218 534 2279 cognoscat
579 2220 635 2265 et
684 2210 883 2267 videat.
934 2210 1031 2267 Sin
1077 2222 1257 2268 autem
1290 2213 1343 2268 in
1371 2222 1564 2269 natura
1597 2214 1837 2284 gentium

233 2299 361 2369 luit,
407 2310 468 2357 ut
506 2301 603 2358 Dei
639 2303 804 2377 622
848 2305 1021 2359 vitam
1051 2304 1419 2376 intelligerent
1444 2316 1500 2361 et
1546 2306 1835 2363 viderent:

233 2410 350 2450 nou
381 2396 700 2452 choicorutn
732 2410 786 2453 et
809 2398 1172 2469 spiritualium
1195 2409 1384 2455 natura
1411 2403 1581 2469 varia,
1616 2400 1712 2456 sed
1744 2415 1839 2455 vo-

235 2488 446 2545 luntas.
499 2488 827 2547 Dixeramus
878 2508 1040 2561 supra
1073 2491 1447 2562 operationem
1478 2493 1840 2550 immunditiae

236 2581 422 2638 omnis
455 2582 510 2637 in
541 2583 790 2651 avaritia,
822 2601 933 2640 non
973 2586 1041 2643 ad
1083 2588 1401 2656 avaritiam,
1435 2596 1494 2643 ut
1522 2596 1685 2643 sonat
1713 2588 1841 2643 sim-

239 2675 483 2745 pliciter,
512 2678 827 2749 pertinere;
852 2680 948 2735 sed
964 2680 1029 2735 ad
1056 2681 1337 2737 libidinem
1358 2691 1522 2752 atque
1548 2681 1836 2737 luxuriam.

238 2766 518 2826 Debemus
546 2769 689 2827 hunc
714 2786 932 2827 sensum
963 2773 1189 2829 alterius
1213 2774 1318 2829 loci
1348 2773 1664 2830 testimonio
1687 2788 1836 2829 com-

239 2862 501 2933 probare.
554 2860 614 2918 ln
665 2865 840 2935 prima
905 2865 973 2920 ad
1036 2864 1553 2921 Thessalonicenses
1599 2865 1838 2935 Epistola

239 2954 545 3012 scribitur:
583 2955 716 3012 ch
740 2967 817 3012 est
862 2959 998 3013 enim
1034 2957 1273 3013 voluntas
1326 2958 1442 3022 Dei,
1493 2957 1839 3024 sanctiﬁcatio

237 3060 433 3117 vestra,
462 3056 517 3104 ut
543 3049 841 3105 abstineatis
867 3067 955 3106 vos
975 3068 1007 3106 a
1029 3052 1410 3123 fornicatione:
1440 3060 1495 3105 ut
1524 3050 1654 3104 sciat
1680 3063 1839 3102 unus-

238 3142 459 3212 quisque
486 3153 711 3198 ttestrum
734 3160 887 3198 suum
928 3160 1018 3199 vas
1046 3144 1312 3217 possidere
1348 3144 1403 3198 in
1432 3141 1838 3211 sanctiﬁcatione

1943 1939 2128 1995 ditiam
2183 1941 2234 1995 in
2263 1940 2511 2008 avaritia,
2559 1955 2857 1997 concessos
2896 1942 3038 1997 lines
3089 1941 3544 2014 praetergrediens

1944 2032 2271 2103 nuptiarum.
2316 2033 2374 2087 Si
2419 2041 2600 2088 autem
2628 2032 2921 2105 aliquando
2950 2032 3247 2104 contigerit
3273 2041 3335 2089 ut
3363 2033 3545 2105 aliqua

1943 2125 2195 2194 passione
2223 2132 2536 2193 superetur,
2568 2124 2779 2181 dolebit
2826 2139 2998 2195 super
3047 2124 3273 2182 vulnere
3319 2140 3441 2193 suo,
3489 2133 3546 2182 et

1942 2216 2290 2273 conscientia:
2337 2226 2609 2273 tormenta
2642 2217 2879 2287 patietur
2910 2234 2925 2271 :
2956 2216 3086 2288 quia
3126 2215 3357 2273 liberam
3388 2215 3543 2273 fron-

1946 2318 2075 2376 tem,
2104 2322 2159 2366 et
2184 2310 2473 2379 puritatem
2506 2310 2871 2365 immaculata:
2911 2309 3112 2365 mentis
3153 2310 3417 2365 amiserit.
3450 2309 3548 2366 Di-

1942 2417 2159 2459 scamus
2190 2401 2356 2472 igitur
2382 2398 2683 2467 Christum,
2714 2410 2770 2456 et
2800 2400 3089 2455 audiamus
3116 2400 3272 2457 illum
3299 2418 3315 2467 ;
3344 2402 3389 2456 si
3419 2401 3545 2473 quis

1942 2505 2026 2552 est
2049 2495 2145 2565 qui
2178 2502 2361 2565 potest
2380 2493 2565 2549 dicere
2589 2510 2602 2548 :
2633 2493 2715 2548 An
2743 2494 3152 2562 experimentum
3178 2492 3408 2564 quaeritis
3431 2494 3545 2564 ejus

1940 2590 2029 2661 qui
2056 2587 2213 2643 inme
2242 2588 2469 2659 loquitur
2491 2585 2730 2641 Christus
2755 2586 2794 2658 (I
2827 2584 2948 2640 Cor.
2975 2600 3101 2649 xm.
3130 2583 3227 2658 3)?
3244 2584 3543 2642 Curramus

1937 2679 2006 2735 ad
2037 2695 2162 2736 eum
2202 2680 2397 2735 diebus
2426 2696 2491 2735 ac
2520 2679 2771 2735 noctibus
2800 2720 2815 2745 ,
2846 2679 2916 2733 ad
2966 2694 3030 2733 os
3070 2678 3190 2747 ejus
3218 2687 3274 2734 et
3302 2679 3369 2733 ad
3414 2678 3535 2735 elo-

1920 2774 2128 2845 quium
2150 2774 2503 2845 pendeamus.
2528 2770 2779 2827 Christus
2804 2773 2962 2828 nobis
2990 2771 3235 2842 loquitur
3262 2787 3278 2826 :
3306 2770 3547 2841 Spiritus

1943 2866 2116 2924 sancti
2139 2875 2269 2922 sunt
2292 2865 2458 2922 verba
2505 2880 2630 2937 qua:
2679 2865 2902 2934 promit.
2951 2864 3156 2921 Statuit
3202 2862 3347 2919 enim
3397 2862 3545 2920 Deus

1941 2959 1997 3016 in
2028 2959 2273 3015 Ecclesia
2321 2960 2555 3027 primum
2597 2957 2896 3028 apostolos,
2930 2955 3171 3011 secundo
3211 2953 3535 3026 prophetas,

1942 3052 2104 3109 tertio
2124 3051 2399 3107 doctores.
2427 3049 2536 3106 Sed
2559 3064 2660 3104 nec
2684 3048 2816 3104 illud
2839 3058 2922 3103 est
2945 3047 3373 3117 desperandum,
3394 3046 3540 3119 quod

1942 3144 2232 3216 aliquando
2263 3144 2382 3214 ipse
2428 3144 2482 3199 in
2516 3142 2793 3198 mentibus
2825 3142 3030 3196 nostris
3057 3139 3312 3196 Christus
3345 3140 3537 3211 loqua—

238 3242 289 3287 et
313 3233 511 3288 honore
535 3250 555 3291 :
581 3252 686 3290 non
713 3236 769 3290 in
808 3234 1025 3291 libidine
1071 3236 1334 3299 desiderii,
1382 3237 1513 3290 sicut
1557 3244 1605 3289 et
1639 3246 1835 3304 gentes,
1866 3226 1913 3293 C
1947 3245 2056 3304 tur,
2090 3245 2144 3291 et
2174 3251 2271 3306 per
2297 3234 2653 3305 semetipsum
2688 3249 2786 3287 nos
2807 3231 3021 3300 docent,
3054 3240 3110 3286 et
3138 3244 3403 3301 organum
3429 3229 3543 3285 oris

240 3341 363 3396 qua:
392 3342 493 3380 non
526 3336 775 3382 noverunt
823 3326 989 3382 Deum
1014 3343 1034 3383 :
1060 3336 1116 3382 ut
1146 3344 1208 3382 ne
1235 3328 1350 3398 quis
1394 3326 1837 3399 supergrediatur,

238 3427 289 3472 et
306 3417 765 3474 circumscribatin
786 3421 991 3491 negotio
1015 3423 1229 3492 fratrem
1248 3436 1403 3474 suum
1430 3434 1448 3474 :
1476 3420 1720 3490 quoniam
1739 3418 1840 3472 vin-

239 3508 347 3565 dex
370 3518 446 3565 est
469 3508 726 3566 Dominus
752 3512 819 3567 de
844 3514 924 3568 his
948 3513 1188 3568 omnibus
1209 3530 1229 3569 :
1253 3513 1387 3567 sicut
1422 3520 1469 3566 et
1506 3511 1841 3581 pratdixiinus

237 3604 406 3672 vobis,
440 3612 487 3658 et
516 3606 781 3675 testiﬁcati
811 3624 1010 3661 sumus.
1040 3605 1165 3660 Non
1192 3606 1328 3660 enim
1359 3605 1556 3660 vocavit
1580 3620 1673 3659 nos
1701 3603 1842 3658 Deus

238 3696 294 3751 in
323 3697 678 3764 inmunditia,
719 3699 812 3753 sed
854 3700 908 3754 in
958 3701 1368 3769 sanctificatione
1397 3698 1439 3767 (ι
1471 3697 1651 3753 Thess.
1691 3712 1768 3763 tv,
1810 3698 1844 3751 5

241 3799 290 3846 et
314 3789 502 3863 seqq.).
537 3790 843 3864 Diligenter
873 3797 1131 3859 observa,
1161 3793 1285 3865 quia
1315 3792 1383 3848 ad
1404 3793 1713 3848 castitatem
1744 3804 1844 3846 nos

244 3899 576 3953 provocans,
606 3894 663 3941 et
690 3887 880 3942 volens
908 3888 1171 3944 uxoribus
1213 3896 1422 3941 tantum
1454 3901 1576 3943 esse
1618 3893 1845 3941 conten-

245 3983 353 4044 tos,
380 3975 582 4032 dixerit
608 3994 622 4032 :
657 3976 742 4032 Ne
769 3979 883 4049 quis
910 3980 1355 4050 supergrediatur,
1387 3987 1435 4033 et
1456 3977 1843 4034 circumscribat

242 4068 300 4122 in
362 4070 570 4142 negotio
627 4074 843 4141 fratrem
881 4089 1072 4140 suum,
1136 4072 1187 4127 id
1233 4081 1348 4137 est,
1400 4087 1469 4127 ne
1512 4087 1664 4126 suam
1713 4086 1846 4126 con-

241 4159 428 4229 jugem
500 4160 889 4232 derelinquens
918 4209 934 4233 ,
1007 4164 1243 4222 alterius
1321 4164 1568 4234 polluere
1639 4171 1848 4235 quaerat

248 4266 501 4308 uxorem.
570 4253 671 4312 Ubi
730 4272 831 4312 uos
888 4257 1194 4324 habemus,
1253 4268 1300 4314 et
1357 4260 1747 4315 circumscribat
1792 4260 1845 4314 in

246 4346 455 4415 negotio
504 4347 719 4414 fratrem
764 4365 947 4419 suum,
982 4352 1036 4405 in
1082 4350 1273 4407 Graeco
1321 4352 1535 4422 legitur.
1580 4356 1668 4409 καὶ
1694 4355 1846 4410 πλεο-

245 4446 436 4495 νεκτεῖν
476 4440 526 4493 ἓν
564 4449 639 4511 τῷ
686 4444 957 4519 πράγματι
998 4445 1087 4500 τὸν
1132 4442 1343 4519 ἀδελφὸν
1377 4446 1559 4502 αὐτοῦ.
1589 4446 1848 4511 Πλεονεξία

245 4542 431 4587 autem
479 4533 698 4588 avaritia
747 4547 1114 4607 nuncupatur,
1160 4552 1320 4607 quam
1362 4552 1463 4593 nos
1515 4552 1843 4608 possumus,

1944 3347 2052 3386 non
2082 3338 2295 3401 quaerat
2334 3329 2499 3385 alieni
2534 3345 2547 3383 :
2577 3336 2788 3382 tantum
2823 3340 2928 3379 non
2973 3324 3148 3378 simus
3180 3321 3384 3378 subditi
3417 3333 3544 3392 pec-

1942 3432 2100 3490 cato;
2134 3418 2235 3478 nec
2262 3436 2467 3492 corpus
2497 3430 2743 3476 nostrum
2773 3417 2973 3473 delicta
3001 3413 3344 3486 possideant,
3375 3418 3432 3469 et
3460 3411 3542 3467 in-

1942 3517 2224 3589 gredietur
2250 3516 2303 3572 in
2334 3515 2465 3570 illud
2496 3500 2790 3584 sapientia.

2017 3610 2203 3681 (Vers.
2234 3608 2355 3680 2L)
2390 3608 2541 3664 Sicut
2580 3615 2652 3661 est
2682 3605 2874 3659 veritas
2911 3603 2966 3657 in
3006 3599 3154 3656 Jesu.
3182 3596 3538 3665 Vocabulum,

1944 3702 2117 3766 Iesus,
2147 3700 2423 3758 interdum
2465 3715 2587 3757 eum
2617 3697 2892 3753 hominem
2924 3691 3217 3765 signiﬁcat,
3248 3689 3340 3761 qui
3369 3704 3399 3745 a
3436 3688 3544 3744 Deo

1946 3797 2127 3854 Verbo
2150 3807 2235 3853 est
2267 3803 2585 3863 assumptus
2614 3808 2681 3848 ex
2714 3790 2959 3860 Virgine,
2986 3788 3139 3859 juxta
3168 3783 3300 3840 illud
3333 3802 3348 3840 :
3375 3781 3547 3838 Voca-

1947 3890 2022 3945 bis
2050 3906 2231 3947 nomen
2274 3891 2390 3960 ejus
2423 3886 2578 3941 Iesus
2608 3902 2627 3941 :
2654 3885 2766 3954 ipse
2808 3882 2947 3938 enim
2990 3877 3211 3935 salvabit
3240 3873 3490 3946 populum
3512 3891 3547 3929 a

1946 3984 2169 4059 peccatis
2195 3983 2307 4052 ejus
2328 3980 2480 4053 (Luc.
2510 3996 2548 4045 ι,
2585 3978 2701 4048 51).
2735 3978 2797 4030 Et
2821 3974 2984 4030 alibi:
3012 3970 3165 4027 Jesus
3194 3984 3315 4042 ergo
3354 3968 3546 4039 fatiga-

1949 4085 2029 4131 tus
2051 4074 2113 4130 de
2135 4075 2222 4127 via
2250 4071 2432 4142 (Joan.
2487 4085 2566 4136 tv,
2599 4070 2679 4141 6),
2726 4075 2781 4123 et
2823 4066 3057 4134 reliqua.
3107 4061 3386 4117 Interdum
3415 4072 3550 4114 vero

1952 4173 2121 4228 Deum
2160 4169 2437 4224 Verbum:
2481 4164 2653 4221 Nobis
2696 4164 2840 4219 enim
2892 4175 3029 4214 unus
3079 4156 3342 4211 Dominus
3388 4153 3552 4209 Jesus

1948 4263 2202 4319 Christus
2227 4277 2321 4330 per
2347 4275 2509 4331 quem
2537 4257 2741 4313 omnia.
2770 4254 2832 4310 Si
2862 4251 3078 4324 quando
3117 4263 3250 4321 ergo
3293 4246 3430 4303 dicit
3455 4246 3551 4301 Je-

1948 4372 2041 4413 sus
2073 4374 2086 4409 :
2117 4354 2232 4426 Ego
2256 4370 2373 4409 sum
2403 4353 2505 4420 uia,
2537 4360 2582 4406 et
2621 4351 2805 4405 veritas
2836 4345 3018 4420 (Joau.
3052 4358 3162 4409 xtv,
3185 4340 3269 4408 6).
3299 4339 3451 4409 juxta
3498 4335 3551 4392 id

1950 4449 2077 4506 dicit
2102 4448 2248 4518 quod
2273 4446 2439 4501 Filius
2464 4446 2561 4500 Dei
2592 4453 2695 4499 est.
2724 4443 2862 4498 Cum
2885 4448 3066 4495 autem
3090 4435 3287 4493 scribit
3313 4432 3514 4488 Paulus
3544 4447 3559 4485 :

1955 4542 2100 4596 Sicut
2129 4548 2202 4593 est
2224 4539 2409 4592 veritas
2429 4538 2483 4591 in
2501 4535 2629 4590 Iesu
2661 4576 2676 4602 ,
2704 4534 2772 4589 de
2790 4535 2995 4603 templo
3019 4527 3268 4599 corporis
3281 4525 3547 4593 loquitur,

247 4624 356 4680 vim
386 4627 539 4683 verbi
582 4628 1000 4700 transferentes,
1038 4633 1120 4689 sic
1150 4635 1201 4688 in
1230 4634 1489 4703 praesenti
1516 4635 1637 4690 loco
1666 4635 1849 4705 cxpri-
1877 4624 1932 4686 D
1957 4638 2007 4693 in
2060 4652 2169 4707 quo
2224 4635 2433 4689 habitat
2462 4632 2702 4687 Verbum
2752 4631 2915 4685 Deus.
2979 4626 3197 4682 Verbum
3245 4623 3392 4680 enim
3426 4636 3549 4675 caro

247 4735 401 4776 mere
430 4738 444 4775 :
477 4731 536 4776 ut
560 4739 625 4777 ne
650 4725 768 4793 quis
796 4726 1237 4800 supergrediatur,
1271 4736 1319 4781 et
1340 4744 1527 4780 avarus
1558 4727 1767 4797 fraudet
1794 4729 1847 4782 in

247 4815 453 4885 negotio
481 4814 697 4884 fratrem
734 4834 907 4874 suum.
953 4818 1091 4888 Qua:
1132 4820 1277 4875 enim
1307 4820 1696 4890 consequentia
1741 4829 1845 4886 est,

247 4907 335 4963 vel
365 4909 421 4964 in
452 4909 546 4963 illo
575 4911 817 4981 capitulo
845 4915 990 4985 quod
1021 4929 1165 4969 nunc
1191 4914 1259 4969 ad
1288 4915 1603 4985 exemplum
1630 4915 1847 4970 vocavi-

246 5020 392 5067 mus,
429 5002 515 5060 vel
546 5004 602 5059 in
627 5001 734 5060 hoc
773 5007 918 5077 quod
961 5007 1337 5079 principaliter
1361 5008 1430 5063 ad
1462 5009 1730 5080 Ephesios
1757 5027 1851 5067 cu-

249 5114 449 5155 namur
484 5114 786 5171 exponere,
835 5101 980 5159 inter
1021 5102 1415 5174 impudicitiam
1468 5115 1525 5160 et
1559 5105 1849 5161 immundi-

252 5194 415 5261 tiam,
458 5194 768 5251 castitatem
819 5212 1035 5268 quoque
1078 5206 1134 5253 et
1182 5196 1443 5254 affectum
1489 5199 1849 5270 conjugalem,

249 5287 691 5342 extraordinario
746 5299 973 5358 repente
1026 5289 1305 5345 avaritiam
1363 5292 1679 5347 nominari?
1735 5293 1850 5348 Non

253 5382 406 5435 vobis
435 5381 726 5436 molestum
751 5382 843 5448 sit,
877 5382 925 5437 si
950 5381 1041 5436 diu
1071 5383 1122 5437 in
1154 5382 1566 5438 obscurioribus
1590 5384 1851 5439 immore-

252 5491 374 5530 mur
399 5494 411 5528 :
440 5475 655 5531 eausati
683 5475 830 5531 enim
862 5476 914 5530 in
938 5474 1206 5546 principio
1248 5491 1457 5545 sumus,
1491 5478 1637 5533 inter
1664 5493 1853 5534 onmes

253 5568 409 5625 Pauli
434 5567 731 5638 Epistolas,
761 5568 907 5626 hanc
928 5567 1013 5625 vel
1043 5568 1284 5626 maxime
1313 5578 1370 5626 et
1403 5570 1609 5638 verbis,
1651 5581 1707 5627 et
1732 5587 1856 5629 sen-

252 5661 406 5720 sibus
439 5661 757 5718 involutam.

324 5788 351 5815 ι
369 5775 628 5854 Dionysii
648 5786 1013 5849 cognomento
1037 5778 1405 5854 Hetathemeni
1420 5826 1435 5851 ,
1464 5782 1563 5854 fuit
1587 5793 1708 5839 ante
1730 5802 1849 5842 sen-

255 5849 441 5921 tentia,
473 5847 852 5905 dolorem'nou
901 5865 1010 5907 esse
1059 5851 1277 5910 malum.
1329 5847 1556 5913 ilierott.
1600 5862 1756 5929 supr.
1790 5859 1844 5915 in

1958 4733 2153 4802 factum
2189 4736 2287 4793 est,
2322 4736 2366 4780 et
2405 4726 2651 4780 habitavit
2681 4726 2735 4778 in
2774 4723 2919 4778 nobis
2953 4720 3135 4786 (Joan.
3185 4733 3225 4782 ι,
3274 4715 3385 4787 ﬂ).
3436 4712 3555 4769 Nisi

1957 4822 2099 4880 forte
2129 4834 2420 4891 utrumque
2449 4818 2517 4873 de
2549 4818 2659 4872 Deo
2689 4815 2869 4871 Verbo
2899 4809 3322 4883 intelligendum
3342 4846 3359 4873 ,
3406 4804 3551 4875 quod

1957 4914 2230 4990 quomodo
2255 4913 2464 4968 habitet
2493 4910 2546 4965 in
2578 4925 2645 4966 eo
2676 4909 2810 4970 vita,
2843 4916 2897 4962 et
2924 4907 3040 4975 ipse
3068 4904 3142 4958 sit
3185 4900 3296 4955 vita
3338 4915 3354 4954 :
3403 4895 3554 4952 Sicut

1954 5018 2093 5072 enim
2122 5012 2268 5066 habet
2300 5009 2461 5063 Pater
2484 5008 2639 5061 vitam
2667 5007 2721 5060 in
2763 5000 3036 5075 semetipso
3069 5016 3087 5055 :
3113 4999 3189 5052 ita
3216 5005 3266 5051 et
3295 4992 3437 5047 Filio
3457 4992 3521 5046 de
3538 5018 3553 5041 .-

1956 5108 2030 5161 ait
2053 5106 2243 5160 habere
2264 5104 2423 5158 vitam
2444 5103 2498 5156 in
2521 5099 2793 5166 semetipso
2817 5095 2996 5169 (Joan.
3023 5109 3081 5160 v,
3103 5090 3221 5162 26).
3252 5087 3345 5146 Sic
3375 5094 3432 5144 et
3450 5099 3550 5142 ve-

1958 5199 2091 5255 ritas
2111 5197 2327 5252 dicatur
2360 5195 2552 5261 Filius,
2581 5205 2634 5249 et
2672 5193 2787 5261 ipsa
2822 5193 2878 5245 in
2915 5204 2982 5245 eo
3015 5187 3261 5243 habitare
3286 5189 3557 5239 monstre-

1959 5304 2070 5350 tur.
2103 5294 2229 5349 Haec
2257 5304 2436 5348 autem
2467 5291 2720 5354 dicimus,
2755 5305 2860 5342 non
2902 5285 3090 5341 Jesum
3141 5298 3172 5337 a
3213 5279 3433 5357 Christo
3472 5291 3562 5332 se-

1962 5394 2216 5457 parantcs
2249 5404 2263 5441 :
2305 5383 2472 5457 625,
2512 5397 2613 5438 nec
2642 5395 2861 5435 rursum
2894 5379 3058 5433 Deum
3088 5375 3331 5430 Verbum
3354 5373 3449 5428 ‘ab
3491 5385 3558 5426 eo

1962 5496 2124 5553 quem
2152 5481 2467 5549 assumpsit,
2498 5477 2773 5531 hominem
2819 5473 3054 5528 alterum
3100 5483 3224 5526 esse
3272 5466 3559 5523 dicentes:

1961 5576 2053 5632 sed
2097 5574 2397 5632 secundum
2446 5568 2837 5642 intelligentias
2861 5566 3148 5624 eﬁ'ectuum
3176 5563 3261 5621 vel
3295 5561 3560 5627 locorum,

1963 5672 2115 5729 illum
2134 5684 2292 5741 quem
2310 5682 2474 5723 unum
2498 5678 2619 5723 esse
2631 5662 2911 5721 credimus
2929 5660 3127 5717 Filium
3150 5658 3385 5716 hominis
3406 5652 3567 5715 οιἚί-

1956 5802 2081 5861 cap.
2110 5802 2125 5843 l
2154 5784 2224 5843 ad
2251 5782 2432 5841 Galat.
