4046 6344
515 236 621 291 5οἹ
1772 242 1833 299 8.
1874 240 2109 300 ιυειιιιῖ

2212 241 2563 302 narremur
3703 248 3814 307 500

512 351 650 409 lium
664 354 783 421 Dei,
797 362 986 411 etante
1000 354 2112 429 virginem,etpestvirgiuernaliumatque
2140 360 2192 422 Α
2217 356 2303 415 tre
2319 394 2340 424 ,
2679 357 2925 417 hominis
2947 362 3229 432 corruptio
3249 402 3265 429 ,
3298 362 3593 420 exterioris
3619 370 3706 420 est
3729 363 3817 423 iu—

513 444 684 502 slium
699 445 1281 517 uuncupentes.Potest
1292 462 1359 502 au
1368 457 1481 504 tem
1493 457 1548 503 et
1561 448 1967 520 aliteriutelligi
1978 448 2111 506 ..ςερ-

517 548 576 594 ut
595 550 669 594 est
697 540 875 595 veritas
898 540 955 594 in
968 537 1115 595 Iesu.
1146 540 1203 595 In
1224 541 1387 610 nullo,
1399 541 1855 611 patriarcharum,
1876 542 1929 597 in
1961 542 2112 599 nullo

518 619 929 698 prophetarum,
950 629 1169 685 inuollo
1186 632 1556 700 apostolorum
1577 636 1779 691 veritas
1799 632 1921 702 ιιιῡι,
1936 634 2038 691 nisi
2053 636 2111 693 iu

515 723 633 779 solo
653 722 802 781 less.
819 723 1076 779 Aliienitn
1089 739 1156 779 ex
1171 731 1323 793 parte
1340 727 1769 796 cognoscebant,
1789 737 1847 785 et
1865 745 1933 787 ea
1956 740 2110 797 parte

514 815 934 885 prophetabant,
963 826 1127 887 etper
1152 818 1432 887 speculum
1458 820 1513 875 in
1538 823 1833 889 aenigmate
1853 820 2111 879 videbam

514 905 559 975 (Ι
577 904 846 977 (Σωκιιιι).
866 906 923 962 In
951 907 1069 965 solo
1090 907 1219 965 Iesu
1247 908 1445 966 veritas
1467 911 1560 967 Dei
1581 914 1850 981 apparuit,
1880 929 2003 982 quo
2030 913 2111 970 io-

512 998 696 1069 quitnr
708 996 1066 1055 conﬁdenter:
1090 999 1198 1071 Ego
1217 1018 1332 1055 sum
1347 1003 1533 1059 veritos
1547 1000 1735 1072 (locis.
1758 1020 1870 1071 stv,
1885 1006 1944 1075 6)
1959 1023 1973 1061 :
1988 1021 2111 1077 qua

511 1091 1000 1149 credentibusinse
1013 1092 1165 1161 juxta
1184 1094 1487 1166 analogiam
1515 1095 1639 1153 tidei
1669 1097 1860 1153 tribuit
1885 1097 2110 1157 libertae

513 1194 645 1241 tem.
676 1184 779 1254 Qui
827 1187 975 1242 enim
1002 1188 1282 1257 cognoscit
1303 1190 1609 1255 veritatem,
1643 1204 1672 1242 a
1699 1191 1927 1248 veritate
1948 1190 2112 1249 liber-

511 1285 623 1334 tate
636 1278 891 1335 donatur.
924 1278 991 1332 Et
1020 1278 1137 1348 ipsa
1160 1278 1364 1336 veritas
1395 1292 1688 1350 propterea
1712 1282 1941 1337 formam
1964 1283 2108 1341 servi

512 1371 829 1440 assumpsit,
844 1370 1212 1428 ethumiliavit
1234 1371 1467 1435 se,l'acta
1490 1374 1755 1431 obediens
1780 1374 2111 1446 PatriuSque

513 1461 583 1517 ad
604 1472 837 1518 mortem
858 1460 1091 1535 (Philip.
1120 1464 1178 1534 ιι)
1206 1482 1220 1518 :
1244 1473 1303 1521 ut
1318 1481 1543 1522 servum
1563 1467 1827 1525 redderet
1846 1469 2107 1528 liberum.

522 1552 626 1608 Ubi
648 1553 793 1608 cnim
824 1554 1048 1623 spiritus
1075 1554 1170 1611 Dei
1209 1566 1318 1623 est,
1351 1556 1423 1612 ibi
1466 1557 1714 1614 libertas.
1757 1557 1816 1615 Si
1862 1561 2111 1619 volumus

520 1644 753 1701 fortnam
785 1647 945 1703 liberi
976 1648 1029 1702 in
1060 1647 1214 1713 testi,
1248 1649 1549 1719 faciemque
1581 1665 1915 1722 cognoscere
1962 1655 2105 1709 veri-

2212 452 2501 509 staoratio.
2526 451 2787 511 Estimet
2812 452 3005 524 aliquis
3031 453 3352 522 simpliciter
3373 454 3597 511 Paulum
3622 455 3771 526 loqui
3795 471 3813 519 ;

2211 542 2273 601 Si
2321 545 2445 615 quis
2478 544 2743 611 templum
2788 545 2890 601 Dei
2930 547 3275 616 corrumpit,
3303 556 3620 616 corrumpet
3660 546 3808 604 illum

2212 636 2397 693 Deus:
2422 634 2693 709 Templum
2708 636 2847 692 enim
2871 635 2970 692 Dei
2994 647 3229 694 sanctum
3256 648 3368 703 est,
3396 638 3537 710 quod
3558 638 3685 693 estis
3698 654 3807 697 vos.

2211 726 2320 784 Sed
2355 726 2495 782 forte
2519 739 2572 783 et
2599 728 2673 784 ibi
2706 728 2915 798 aliquid
2944 727 3155 797 latitat,
3187 730 3337 799 quod
3363 730 3508 799 apud
3545 744 3650 785 nos
3673 729 3811 787 vide-

2212 828 2300 876 tur
2344 821 2747 877 absconditum.
2783 822 2839 878 Si
2885 822 3151 891 templum
3190 822 3288 879 Dei
3331 838 3435 879 nos
3470 837 3695 891 sumus,
3724 837 3809 879 se-

2212 912 2453 969 cundum
2487 914 2544 969 id
2573 914 2718 985 quod
2748 914 3009 973 scribitur
3043 932 3060 973 :
3090 913 3359 988 Templum
3393 916 3532 971 enim
3560 913 3664 970 Dei
3690 932 3810 970 αικα

2212 1014 2349 1060 ctutn
2372 1014 2447 1059 est
2463 1003 2603 1076 quod
2631 1006 2755 1061 estis
2775 1022 2867 1060 eos
2884 1004 2931 1078 (l
2951 1004 3075 1063 Cor.
3100 1021 3185 1073 ιιι,
3210 1006 3305 1075 17)
3331 1016 3425 1063 :et
3444 1005 3585 1061 alios
3615 1005 3808 1077 estqui

2211 1096 2515 1162 corrumpit
2559 1097 2819 1167 templum
2869 1097 3001 1163 Dei,
3043 1097 3191 1153 aliud
3228 1097 3374 1168 quod
3412 1098 3813 1167 corrumpitur.

2211 1189 2579 1259 Quarendum
2617 1190 2739 1259 quis
2785 1189 2858 1247 sit
2904 1190 2999 1247 ille
3037 1190 3130 1259 qui
3184 1190 3449 1261 templum
3493 1199 3812 1261 corrumpat

2212 1280 2335 1337 Dei.
2380 1280 2439 1338 Si
2481 1281 2761 1336 inveneris
2799 1279 2988 1337 hostes
3016 1282 3323 1337 Jerusalem
3347 1321 3364 1347 ,
3394 1290 3816 1352 corrumpeutes

2211 1382 2377 1443 atque
2415 1372 2686 1429 violantes
2725 1372 2985 1441 templum
3025 1387 3097 1427 ex
3126 1370 3400 1442 lapidibus
3431 1381 3765 1428 exstructum
3797 1389 3812 1427 :

2212 1462 2418 1521 videbis
2448 1466 2653 1534 pariter
2680 1478 2900 1520 omnem
2918 1472 3396 1534 eorrumpentem,
3429 1476 3481 1519 et
3512 1464 3813 1521 violantem

2213 1555 2471 1626 templum
2527 1554 2666 1619 Dei,
2718 1569 2881 1625 quem
2921 1563 3239 1624 corrumpet
3275 1564 3332 1610 et
3377 1554 3599 1611 violabit
3627 1555 3818 1624 Deus,

2212 1648 2482 1705 ulciscens
2527 1648 2941 1718 corruptionem
2985 1647 3177 1717 templi
3204 1648 3311 1703 sui.
3343 1647 3731 1704 Verumtamen
3760 1656 3822 1705 et

516 1738 665 1806 tatis,
706 1740 1065 1796 ascendamus
1106 1756 1229 1797 cum
1278 1758 1344 1798 eo
1394 1745 1450 1798 in
1498 1753 1763 1812 montem,
1820 1746 2109 1805 videamus
2134 1749 2184 1813 Π
2210 1742 2471 1811 templum
2495 1739 2641 1812 quod
2681 1755 2745 1796 se
2766 1739 2998 1811 praebuit
3023 1738 3243 1810 (vivens
3277 1740 3500 1811 quidem
3529 1751 3616 1797 est
3646 1750 3818 1811 atque

515 1846 643 1887 eum
670 1832 1110 1903 transﬁguratum
1138 1850 1151 1887 :
1186 1833 1279 1889 ubi
1298 1843 1353 1890 et
1380 1836 1706 1893 vestimenta
1735 1836 1879 1909 ejus,
1907 1837 1965 1895 id
1993 1846 2103 1907 est.

515 1921 816 1993 Scriptum
843 1940 966 1996 qua:
1010 1925 1082 1981 de
1119 1942 1186 1983 eo
1232 1928 1973 1996 aunuutiant,immutantur
2004 1950 2019 1987 :
2047 1940 2105 1990 et

513 2014 729 2087 Moyses
756 2030 975 2088 quoque
1003 2028 1061 2072 et
1081 2019 1245 2086 Elias,
1273 2019 1326 2075 id
1351 2029 1458 2086 est,
1480 2020 1596 2077 Lex
1625 2031 1683 2078 et
1705 2021 2000 2092 Propheta:
2023 2024 2108 2079 vi-

516 2106 716 2163 dentur
743 2108 799 2164 in
814 2108 989 2180 gloria
1014 2109 1235 2181 (Matth.
1258 2114 1412 2179 xvn).
1428 2111 1701 2181 Quamdiu
1717 2113 1983 2171 Dominus
1999 2115 2108 2172 l'or-

515 2215 659 2255 mam
672 2201 821 2257 servi
839 2216 949 2257 non
970 2213 1163 2269 mutat,
1183 2220 1284 2261 nec
1295 2207 1541 2261 ascendit
1558 2206 1613 2261 in
1636 2218 1901 2275 montem,
1920 2207 2037 2265 Lex
2055 2208 2109 2266 in

510 2292 792 2359 sordibus,
818 2292 1108 2363 Prophetas
1128 2295 1186 2350 in
1215 2297 1479 2367 squalore
1502 2309 1811 2357 versantur.
1841 2299 1979 2357 Cum
2017 2301 2111 2359 ille

518 2386 587 2441 ad
615 2387 905 2455 superiora
928 2388 1338 2459 conscenderit,
1371 2400 1426 2446 et
1450 2392 1777 2450 vesu'meota
1801 2409 1898 2450 sua
1923 2396 2111 2455 volue-

514 2477 587 2533 rit
627 2477 938 2547 immutsre,
975 2479 1402 2554 intellectusque
1427 2484 1497 2540 de
1527 2499 1689 2542 servo
1718 2485 1886 2542 fuerit
1924 2487 2110 2547 clarus

515 2578 573 2626 et
610 2571 792 2627 liber:
827 2579 958 2628 tunc.
983 2572 1156 2645 Moysi
1193 2590 1411 2647 quoque
1437 2586 1499 2635 et
1524 2577 1692 2645 Elite,
1738 2588 1795 2635 et
1836 2579 2022 2648 iacies,
2053 2588 2111 2641 et

514 2664 839 2720 vestimenta
862 2675 1161 2724 mutantur.

585 2755 769 2830 (Vers.
798 2757 921 2831 32.)
948 2757 1212 2833 Deponerc
1234 2779 1323 2818 nos
1341 2765 1623 2823 secundum
1640 2766 1871 2830 priorem
1890 2784 2107 2827 convrr-

508 2850 762 2905 sationent
786 2860 1004 2907 ueterem
1023 2854 1304 2922 hominem,
1334 2858 1423 2927 qui
1451 2860 1804 2930 corrumpitur
1826 2862 1989 2932 justo
2015 2862 2109 2918 do-

507 2941 702 2996 sideria
723 2944 939 2999 erroris.
966 2944 1103 3012 Quia
1129 2946 1349 3004 videtur
1365 2948 1523 3019 juxta
1542 2950 1792 3011 ordinem
1816 2994 1834 3023 ,
1868 2963 2106 3012 textum.

512 3048 622 3103 quc
649 3037 926 3091 sermonis
966 3050 1184 3094 scatere
1213 3041 1511 3108 sententia,
1542 3042 1622 3099 sic
1658 3044 1945 3115 legettdum
1970 3055 2056 3104 est
2084 3064 2101 3103 ε

2211 1832 2498 1902 sensibile)
2545 1831 2763 1888 insidiis
2804 1832 3242 1903 corrumpentis,
3288 1830 3402 1887 luet
3446 1847 3664 1902 pinnas,
3716 1847 3819 1903 per

2212 1924 2317 1991 hoc
2342 1924 2516 1996 ipsum
2540 1922 2683 1992 quod
2705 1934 3022 1995 corruptum
3051 1931 3217 1997 atque
3238 1922 3537 1990 violatum,
3556 1924 3818 1994 spiritum

2212 2014 2641 2083 incorruptionis
2672 2014 2880 2070 amisit.

2282 2108 2462 2181 (Vers.
2511 2109 2583 2163 25
2607 2151 2623 2178 ,
2665 2106 2784 2179 id.)
2831 2106 3169 2162 Renovamini
3214 2114 3385 2161 autent
3421 2105 3605 2176 spiritu
3636 2122 3816 2163 sensus

2210 2199 2361 2253 uestri
2405 2214 2426 2253 :
2476 2205 2524 2253 et
2573 2197 2776 2253 induite
2815 2213 3001 2252 nouum
3052 2197 3353 2263 hominem,
3400 2198 3489 2264 qui
3532 2198 3818 2253 secundum

2212 2288 2378 2344 Deum
2430 2297 2629 2345 creatus
2678 2300 2788 2356 est,
2843 2290 2894 2342 in
2931 2289 3143 2362 justitia
3181 2298 3228 2344 et
3265 2288 3536 2344 sanctitate
3560 2289 3815 2345 veritatis.

2209 2381 2320 2439 Nec
2349 2384 2405 2438 in
2438 2396 2603 2439 sensu
2635 2396 2966 2438 renovamur
2994 2381 3197 2452 absque
3217 2380 3413 2451 spiritu
3434 2421 3451 2449 ,
3482 2395 3584 2436 nec
3620 2379 3675 2435 in
3708 2380 3819 2451 spi-

2212 2477 2317 2531 ritu
2347 2475 2556 2546 absque
2588 2489 2796 2541 scnsu;
2829 2474 2926 2531 sed
2955 2490 3285 2530 renovamur
3308 2471 3597 2547 conjuncte
3631 2474 3682 2528 in
3703 2473 3818 2545 spi-

2211 2572 2315 2624 ritu
2335 2569 2503 2645 626
2527 2583 2720 2625 sensus
2752 2554 2967 2669 nostrils
2999 2577 3055 2623 ut
3085 2567 3365 2641 quomodo
3389 2567 3676 2639 psallimus
3702 2569 3817 2639 spi-

2210 2668 2319 2723 ritu
2338 2706 2358 2735 ,
2390 2666 2675 2737 psallimus
2695 2673 2752 2722 et
2771 2666 2937 2723 sensu
2954 2708 2971 2734 ,
2994 2680 3219 2722 oramus
3240 2666 3437 2735 spiritu
3459 2706 3477 2731 ,
3506 2679 3730 2721 oramus
3758 2674 3817 2724 et

2208 2772 2420 2815 sensu:
2451 2760 2533 2815 sic
2561 2758 2615 2817 in
2642 2756 2837 2828 Spiritu
2881 2771 3081 2814 sensus
3119 2757 3295 2812 nostri
3332 2770 3664 2812 renovemur
3697 2774 3710 2810 :
3752 2765 3816 2813 ut

2208 2868 2335 2909 cum
2375 2866 2567 2909 sensus
2616 2850 2849 2907 mundus
2886 2850 3050 2907 fuerit
3098 2858 3261 2922 atque
3309 2856 3609 2923 purgatus,
3648 2860 3703 2904 et
3744 2849 3814 2905 ab

2209 2947 2359 3005 omni
2395 2945 2606 3004 macula
2646 2944 2885 3001 sordida:
2912 2942 3281 3000 concretionis
3312 2942 3526 2998 alienus
3560 2959 3573 2995 :
3604 2950 3734 2996 tunc
3758 2941 3814 2997 ei

2205 3041 2461 3112 jungatur
2490 3050 2544 3096 et
2575 3038 2829 3110 spiritus,
2859 3048 2915 3093 et
2946 3039 3019 3092 ita
3050 3035 3288 3110 quodam
3324 3036 3467 3092 inter
3496 3049 3559 3092 se
3587 3034 3815 3091 unitatis

524 3122 627 3180 Vos
647 3136 823 3183 autem
849 3145 949 3183 non
980 3130 1054 3184 ita
1081 3130 1343 3187 didicistis
1374 3132 1638 3191 Christum
1662 3136 1732 3207 (si
1760 3145 1932 3193 tamen
1958 3138 2108 3197 illum
2134 3138 2181 3205 ο
2210 3134 2416 3206 glutino
2445 3133 2763 3202 copulentur
2786 3173 2802 3197 ,
2830 3140 2886 3186 ut
2912 3144 3251 3202 nequaquam
3282 3127 3522 3198 simplex
3552 3126 3806 3198 spiritus,

509 3218 754 3280 audistis.
781 3230 829 3276 et
854 3222 909 3278 in
948 3221 1044 3277 illo
1080 3225 1218 3278 docti
1257 3225 1400 3300 estis)
1431 3229 1689 3297 deponere
1712 3246 1801 3289 vos
1824 3232 2107 3291 secundum

512 3311 739 3381 priorem
760 3316 1198 3370 conversationem
1219 3328 1439 3374 veterem
1464 3321 1743 3391 hominem,
1770 3326 2108 3390 qui'corrum-

512 3402 655 3471 pitur
671 3404 833 3473 juxta
858 3404 1120 3487 desideria
1139 3410 1333 3463 erroris
1353 3412 1523 3465 :situt
1546 3422 1622 3469 est
1650 3416 1840 3471 veritas
1853 3416 1910 3471 in
1931 3415 2064 3475 Issit
2087 3434 2106 3475 .'

516 3504 577 3550 ut
596 3495 671 3551 sit
696 3512 890 3554 sensus
920 3517 935 3554 :
964 3500 1253 3566 Quomodo
1280 3513 1365 3557 est
1398 3503 1599 3563 veritas
1627 3507 1681 3561 in
1721 3506 1876 3578 .Iesu,
1898 3510 1983 3565 sie
2003 3512 2110 3567 erit

511 3590 646 3647 etin
677 3591 828 3648 vobis
860 3592 953 3662 qui
982 3593 1253 3650 didicistis
1276 3593 1575 3666 Christum,
1605 3606 1665 3655 et
1689 3599 1916 3657 audistis
1931 3601 2105 3672 illum;

519 3691 575 3738 et
603 3681 752 3739 docti
782 3682 920 3739 estis
957 3683 1241 3755 deponere
1267 3688 1567 3745 secundum
1597 3690 1835 3761 priorem
1877 3707 2107 3752 conver-

512 3776 780 3833 sationem
831 3785 1074 3834 veterem
1125 3777 1427 3849 hominem,
1457 3782 1932 3856 quicorrunipitur
1954 3786 2107 3859 juxta

507 3868 775 3925 desideria
790 3870 1012 3926 erroris.
1032 3870 1280 3929 Veterem
1294 3883 1471 3930 autem
1489 3875 1785 3946 hominem,
1798 3893 1959 3951 quem
1974 3898 2109 3952 prm-

508 3959 643 4029 cipit
657 3959 1059 4030 deponendum,
1085 3964 1445 4023 inveteratum
1474 3983 1505 4023 a
1528 3969 1732 4029 malitia
1752 3972 1990 4031 arbitror
2010 3990 2109 4048 ap-

513 4053 847 4123 pellariJste
881 4056 1027 4113 enim
1048 4056 1213 4131 625
1235 4061 1533 4118 secundum
1554 4064 1793 4134 priorem
1821 4081 2111 4126 conversa-

511 4146 712 4201 tionem
734 4156 791 4202 et
806 4145 1077 4204 desideria
1090 4151 1316 4220 erroris,
1331 4165 1546 4225 semper
1560 4168 1773 4225 errans,
1797 4165 1854 4215 et
1873 4158 1927 4214 in
1943 4174 2111 4231 opere

508 4241 875 4312 corruptionis
897 4242 1167 4314 helluans,
1190 4248 1561 4319 corrumpitur
1588 4258 1750 4321 atque
1767 4250 2019 4312 violatur.
2039 4255 2109 4312 Et

511 4333 639 4403 quia
681 4335 734 4389 in
775 4333 1061 4393 desideriis
1100 4335 1472 4396 indesinenter
1500 4352 1753 4401 versatur
1772 4343 1978 4401 erroris
2000 4385 2015 4407 .
2050 4353 2108 4401 et

516 4439 806 4497 numquam
844 4438 1022 4484 cessat
1065 4444 1096 4484 a
1135 4429 1263 4486 vitio
1287 4471 1304 4498 ,
1336 4446 1674 4505 nequaquam
1710 4445 2003 4507 corruptus
2029 4437 2108 4494 di-

2210 3226 2304 3283 sed
2332 3225 2559 3296 spiritus
2597 3238 2794 3280 sensus
2820 3239 2945 3280 esse
2975 3222 3211 3278 dicatur.
3248 3220 3385 3276 Cum
3421 3230 3603 3276 autem
3644 3235 3812 3277 reno-

2208 3321 2315 3375 vati
2341 3317 2612 3374 fuerimus
2639 3318 2693 3372 in
2721 3317 2918 3390 spiritu
2943 3358 2960 3383 ,
2988 3316 3077 3387 qui
3109 3315 3283 3371 nostri
3310 3328 3509 3370 sensus
3533 3322 3619 3370 est
3646 3313 3808 3381 spiri-

2212 3423 2331 3478 tus;
2363 3422 2492 3468 tunc
2513 3410 2804 3470 induemur
2822 3426 3021 3467 novum
3051 3411 3328 3465 hominem
3350 3450 3365 3475 ,
3389 3409 3479 3481 qui
3507 3408 3813 3466 secundum

2209 3504 2382 3560 Deum
2402 3511 2624 3559 creatus
2654 3512 2759 3558 est.
2788 3501 2946 3571 Quod
2972 3502 3194 3575 quidem
3219 3502 3345 3557 aliis
3371 3501 3552 3556 verbis
3575 3502 3811 3571 idipsnm

2211 3607 2347 3668 puto
2388 3610 2546 3661 esse,
2602 3596 2745 3667 quod
2788 3597 2843 3651 in
2894 3594 3003 3651 alio
3050 3595 3171 3651 loco
3212 3594 3455 3650 dicitur:
3488 3591 3702 3649 Induite
3727 3609 3813 3650 ros

2210 3687 2472 3745 Christum
2516 3687 2700 3745 lerunt
2759 3688 2942 3761 (Rom.
3001 3704 3133 3755 χιιι,
3176 3687 3293 3761 Η).
3337 3686 3444 3744 lste
3490 3688 3693 3761 quippe
3730 3697 3814 3742 est

2211 3796 2386 3837 novus
2413 3781 2608 3846 homo,
2640 3796 2749 3853 quo
2780 3781 3021 3838 universi
3047 3781 3340 3838 credentes
3359 3779 3628 3837 debemus
3661 3778 3814 3837 indui

2209 3883 2373 3946 atque
2407 3874 2620 3929 vestiri.
2651 3871 2796 3941 Quid
2824 3874 2969 3929 enim
2999 3873 3053 3929 in
3098 3872 3323 3928 homine
3348 3874 3436 3942 qui
3466 3890 3495 3925 a
3528 3872 3812 3929 Salvatore

2210 3975 2398 4023 nostro
2426 3977 2744 4037 assumptus
2776 3973 2863 4020 est
2884 4004 2901 4031 ,
2934 3979 3039 4019 non
3073 3979 3278 4022 novum
3311 3963 3443 4020 fuit?
3473 3961 3807 4035 Ceoceptus,

2210 4055 2461 4112 nativitas
2477 4097 2494 4125 ,
2523 4065 2708 4129 partus
2729 4096 2744 4124 ,
2763 4054 2985 4110 infantia
3001 4096 3020 4123 ,
3045 4055 3299 4111 doctrina
3320 4100 3336 4125 ,
3361 4052 3469 4111 vita
3491 4097 3506 4121 ,
3527 4055 3760 4112 virtutes
3790 4072 3803 4110 :

2209 4160 2263 4207 et
2312 4146 2380 4205 ad
2410 4160 2755 4217 extremum,
2785 4162 2927 4204 crux
2971 4160 3028 4204 et
3081 4149 3264 4220 passio
3288 4190 3305 4213 ,
3351 4148 3717 4218 exspoliantis
3755 4149 3808 4205 in

2209 4257 2273 4301 ea
2329 4243 2697 4315 principatus,
2747 4253 2804 4298 et
2858 4242 3163 4299 contrarias
3202 4241 3543 4296 fortitudines
3572 4240 3808 4299 ostentui

2208 4335 2461 4407 habentis
2493 4352 2508 4390 :
2531 4337 2868 4393 resurrectio
2889 4350 3103 4407 quoque
3124 4344 3181 4393 et
3209 4348 3476 4391 ascensus
3498 4332 3565 4388 ad
3590 4335 3806 4390 (mlum.

2172 4403 2311 4493 Λίἱο
2340 4447 2472 4505 ergo
2494 4446 2627 4491 vere
2650 4440 2874 4488 creatus
2898 4438 2985 4486 est
3003 4430 3058 4486 in
3083 4420 3298 4503 iustitia
3327 4437 3382 4484 et
3405 4428 3699 4485 sanctitate
3726 4444 3812 4484 ve-

512 4518 660 4575 οἱιυι·
683 4558 700 4587 ο
728 4519 823 4577 80d
840 4525 1114 4594 corrumpi
1146 4542 1160 4581 :
1188 4526 1332 4596 quod
1362 4541 1463 4598 per
1483 4529 1728 4599 singulos
1747 4529 1898 4599 dies,
1925 4534 2106 4603 horas,
2135 4524 2187 4589 D
2213 4523 2427 4581 ritatis:
2460 4524 2587 4596 quia
2613 4522 2758 4579 Deus
2790 4537 2983 4592 verus,
3007 4521 3104 4578 Dei
3134 4519 3246 4577 veri
3274 4519 3443 4575 Filius
3470 4516 3591 4583 fuit,
3614 4529 3669 4575 et
3701 4527 3813 4575 tota

517 4621 718 4682 puncta
750 4623 917 4683 atque
963 4625 1235 4674 momenta
1264 4620 1669 4692 corrumpitur,
1728 4623 2067 4696 intercipitur
2089 4670 2105 4696 ,

517 4702 772 4762 violatur.
802 4704 995 4765 Sermo
1017 4723 1147 4765 vero
1176 4709 1272 4768 Dei
1296 4711 1386 4782 qui
1414 4711 1536 4770 ideo
1563 4713 1819 4773 interﬁcit
1837 4754 1856 4786 ,
1888 4726 1948 4772 ut
1976 4714 2113 4775 vivi-

516 4798 644 4857 ﬁcet
693 4809 995 4869 mortuum,
1055 4812 1111 4861 et
1155 4805 1459 4863 viviﬁcatus
1503 4807 1792 4865 Dominum
1834 4811 2107 4883 requirat,

516 4907 679 4963 quem
708 4904 835 4951 ante
863 4895 1141 4955 interitttm
1165 4899 1480 4971 nesciebat,
1510 4916 1617 4959 non
1644 4904 1985 4977 corrumpit,
2013 4904 2110 4964 sed

516 4988 775 5045 intertlcit
815 5000 1052 5047 veterem
1083 4991 1359 5052 hominem
1395 5012 1409 5051 :
1444 4994 1559 5069 Ego
1584 4997 1721 5052 enim
1748 4996 1963 5067 occido,
1995 4999 2109 5069 ait,

515 5092 565 5136 et
588 5097 684 5153 ego
705 5083 908 5155 vivi/ica
944 5084 1124 5156 (Deut.
1158 5102 1311 5142 xxxii
1338 5128 1354 5153 ,
1395 5087 1525 5159 59);
1557 5097 1614 5145 et
1643 5105 1659 5145 :
1690 5088 1820 5146 Cum
1854 5090 2113 5161 interﬁce-

516 5185 593 5230 ret
622 5175 779 5246 illos,
809 5186 929 5232 tunc
966 5179 1257 5250 quterebrmt
1292 5196 1411 5234 eum
1439 5178 1563 5250 (Ps.
1597 5197 1775 5238 Lxxvu
1797 5227 1813 5252 ,
1839 5183 1957 5254 54).
1999 5181 2112 5241 Nec

518 5276 772 5338 putemus
799 5268 903 5325 hoc
926 5269 1070 5340 quod
1101 5285 1245 5326 nunc
1276 5273 1354 5326 ait
1383 5289 1396 5326 :
1429 5271 1533 5339 Qui
1558 5276 1905 5347 corrumpitur
1927 5291 2111 5331 secun-

517 5362 644 5416 dum
672 5361 930 5419 desideria
959 5364 1182 5431 erroris,
1232 5364 1304 5419 illi
1344 5378 1466 5421 esse
1495 5366 1833 5423 contrarium
1875 5367 2016 5438 quod
2056 5365 2113 5422 in

516 5454 623 5509 alio
665 5454 786 5511 loco
826 5456 1091 5525 scriptum
1135 5466 1218 5513 cst
1260 5476 1276 5514 :
1319 5457 1385 5512 Et
1424 5459 1471 5513 si
1507 5459 1730 5515 exterior
1758 5468 1929 5514 noster
1959 5457 2112 5513 homo

514 5548 867 5619 corrumpitur
896 5565 914 5602 :
940 5550 1031 5604 sed
1070 5550 1114 5605 is
1144 5552 1233 5620 qui
1259 5549 1468 5607 interior
1497 5560 1570 5606 est
1595 5597 1612 5622 ,
1643 5559 1917 5608 renovatur
1942 5552 2006 5606 de
2029 5551 2115 5607 die

518 5641 573 5695 in
602 5640 738 5695 diem
768 5641 834 5712 (ll
861 5640 982 5697 Cor.
1017 5659 1070 5697 tv
1096 5684 1112 5710 ,
1156 5642 1246 5715 16)
1286 5662 1298 5699 :
1346 5643 1471 5713 quia
1510 5644 1787 5715 corruptio
1825 5640 2114 5698 exterioris

522 5727 789 5803 hominis,
836 5732 1120 5792 interioris
1156 5732 1394 5793 hominis
1430 5734 1715 5793 renovatio
1743 5736 1869 5793 est:
1902 5737 1958 5790 et
1981 5744 2116 5792 con-

2213 4617 2266 4673 in
2310 4615 2405 4672 illo
2458 4616 2651 4687 religio
2689 4624 2851 4685 atque
2884 4614 3093 4685 iustitia
3139 4616 3229 4669 Dei
3268 4615 3501 4669 veritate
3541 4613 3811 4684 completa

2214 4709 2449 4797 cst.lQui
2480 4709 2646 4781 igitur
2674 4708 3153 4764 conversationem
3186 4706 3333 4763 illius
3375 4704 3571 4761 imitari
3598 4714 3813 4777 potest,

2214 4812 2266 4859 et
2298 4801 2582 4857 universas
2627 4804 2680 4856 in
2716 4814 2776 4855 se
2823 4800 3132 4871 exprimere
3161 4799 3392 4854 virtutes
3413 4840 3430 4866 ,
3463 4808 3515 4853 et
3547 4796 3619 4852 sit
3662 4813 3816 4856 man-

2212 4905 2434 4960 suetus,
2466 4892 2605 4948 sicut
2642 4891 2741 4946 l‘uit
2776 4890 2866 4947 ille
2906 4900 3219 4948 mansuetus
3259 4900 3315 4945 et
3344 4888 3561 4943 humilis
3609 4890 3808 4959 corde,

2213 4996 2268 5044 et
2324 4995 2487 5058 ponat
2531 4985 2771 5039 animam
2817 4999 2971 5040 suam
3013 4998 3113 5056 pro
3157 4982 3389 5049 amicis,
3420 4989 3475 5034 ut
3505 4980 3598 5036 ille
3630 4980 3816 5054 posuit

2214 5098 2313 5155 pro
2345 5082 2535 5138 cvibus
2556 5079 2669 5136 suis
2696 5098 2709 5137 :
2744 5079 3069 5136 verberatus
3101 5094 3208 5135 non
3236 5075 3566 5150 respondeat
3598 5095 3609 5131 :
3647 5078 3817 5133 malc—

2215 5175 2392 5232 dictus
2423 5188 2529 5231 non
2558 5170 2947 5239 remaledicat,
2967 5170 3063 5229 sed
3088 5171 3271 5227 vincat
3300 5171 3353 5224 in
3384 5167 3692 5224 humilitate
3723 5184 3817 5223 su-

2216 5266 2460 5339 perbiam
2496 5284 2509 5319 :
2543 5266 2649 5322 iste
2679 5263 2908 5322 indutus
2938 5273 3022 5320 est
3060 5278 3264 5320 novum
3295 5261 3571 5317 hominem
3602 5304 3617 5329 ,
3651 5270 3709 5317 et
3736 5261 3818 5316 di-

2216 5374 2341 5417 cere
2370 5373 2492 5414 cum
2527 5356 2787 5428 Apostolo
2813 5365 2996 5427 potest
3019 5373 3031 5409 :
3075 5354 3196 5409 Vivo
3219 5361 3392 5409 autent
3408 5356 3526 5426 jam
3552 5370 3657 5407 non
3681 5369 3776 5427 ego
3797 5396 3811 5421 ,

2220 5452 2338 5507 vivit
2365 5465 2480 5505 vero
2509 5451 2563 5503 in
2593 5465 2672 5504 me
2706 5445 2943 5504 Christus
2978 5443 3177 5520 (Calai.
3212 5462 3290 5511 ιι,
3327 5444 3438 5516 10).
3473 5443 3538 5499 Et
3579 5462 3594 5499 :
3629 5442 3817 5499 Imita—

2222 5552 2357 5597 tores
2406 5540 2509 5596 mei
2537 5549 2696 5595 estote
2722 5583 2737 5609 ,
2779 5541 2910 5593 sicut
2957 5548 3006 5592 et
3038 5554 3133 5611 ego
3155 5534 3348 5591 Christi
3380 5530 3423 5605 (Ι
3456 5531 3579 5589 Cor.
3608 5550 3663 5590 xt
3683 5576 3699 5601 ,
3733 5533 3811 5604 l).

2221 5634 2406 5690 Potest
2430 5647 2644 5705 quoque
2674 5631 2840 5687 verba
2868 5630 3095 5686 Joannis
3124 5641 3403 5683 assumere
3434 5644 3447 5680 :
3474 5620 3580 5691 Qui
3608 5626 3735 5681 dicit
3762 5640 3814 5679 se

2221 5725 2516 5806 in_Cltristo
2557 5722 2763 5784 credere
2791 5771 2806 5798 ,
2832 5720 2977 5783 debet
3005 5724 3134 5782 sicut
3163 5722 3251 5780 ille
3278 5720 3565 5779 antbulavit
3585 5762 3601 5794 ,
3636 5729 3684 5778 et
3708 5722 3816 5793 ipse
