4034 6302
542 267 1191 332 COMMENTARIURUM
1230 274 1299 330 ΙΝ
1339 268 1733 332 εριετθιλιι
1770 272 1865 327 AD
1903 270 2234 333 EPHBSIOS
2270 272 2401 330 LIB.
2447 274 2512 329 ii.
2553 272 2709 330 CAP.
2752 275 2841 331 iV.
3236 277 3342 337 5i0

229 390 344 442 itare
382 387 422 461 (l
463 387 620 443 Im.
650 402 719 454 ιι,
745 390 829 459 8).
858 387 1015 457 Quod
1040 397 1218 445 autem
1260 387 1340 444 ait
1378 405 1393 442 :
1428 386 1533 455 Qui
1566 401 1646 441 re.
1672 387 1727 449 Α
1752 386 2121 457 unusquisque
2166 388 2395 458 mystica
2435 400 2671 459 qumque
2709 398 2873 460 atque
2912 396 3162 460 secreta,
3190 400 3248 449 et
3275 404 3340 449 ea

230 500 307 536 aut
344 482 493 537 Deum
535 492 735 538 creatas
771 492 882 551 est,
924 496 1030 538 nou
1064 490 1092 520 ⁸
1121 482 1359 553 idipsutn
1388 487 1547 536 sonat
1586 477 1642 535 in
1744 490 1863 546 qua:
1893 477 1989 532 Dei
2028 477 2253 533 veritate
2293 488 2420 532 sunt
2464 479 2623 549 plena
2645 522 2661 547 ,
2694 479 2947 551 loquatur
2983 494 3109 538 eum
3159 482 3347 554 proxi-

229 589 276 630 l0
302 588 533 632 temone
566 576 707 645 quod
737 573 949 631 Graeco.
997 572 1217 631 Creatio
1259 574 1459 644 quippe
1500 570 1643 642 apud
1745 584 1837 623 mo
1884 583 2017 635 suo,
2050 578 2105 626 et
2132 570 2251 627 dies
2278 570 2390 627 dici
2419 580 2633 628 eructet
2663 573 2891 629 verbum
2918 620 2932 645 ,
2966 584 3020 630 et
3050 590 3157 631 uox
3192 578 3341 634 nocti

252 669 495 740 generatio
516 706 535 735 ,
566 668 653 724 vel
694 668 937 722 nativitas
965 666 1168 722 dicitur
1195 686 1208 719 :
1251 665 1397 735 apud
1419 662 1645 718 Graecos
1744 658 1945 717 iudicet
1984 660 2266 717 scientiam
2306 661 2483 734 (Paul.
2514 662 2691 735 xvm),
2733 665 2836 720 hoc
2864 672 2950 721 est
2969 707 2986 732 ,
3015 665 3163 721 clara
3192 680 3343 738 quas-

231 763 328 817 sub
361 760 569 817 nomine
591 761 885 817 creationis
905 801 919 823 ,
949 761 1174 815 verbum
1204 759 1421 829 factum
1444 767 1497 811 et
1519 770 1642 810 cono
1742 768 1851 822 que
1877 763 1932 810 et
1959 754 2191 811 lucentia
2224 753 2312 810 his
2356 754 2591 821 iudicet,
2636 756 2729 827 qui
2774 765 3063 812 merentur
3099 757 3290 814 audire
3323 775 3337 813 :

229 856 281 910 iis
304 854 573 925 accipitur.
622 854 687 910 Et
734 854 878 924 quod
923 854 1063 923 apud
1096 866 1196 908 nos
1235 852 1465 907 conditio
1489 892 1504 917 ,
1537 850 1640 905 hoc
1756 845 1854 900 Vos
1902 849 2021 901 eatis
2068 848 2245 902 tamen
2291 849 2472 902 mundi
2502 847 2681 919 (Hau.
2716 864 2753 904 v
2777 891 2791 917 ,
2825 851 2941 921 ii).
2971 851 3143 907 Porro
3173 858 3335 908 tene-

264 948 468 1003 Grsecos
504 948 694 1001 erectio
742 955 927 1001 sonat.
957 945 1112 1001 Unde
1139 954 1195 999 et
1225 943 1452 999 haeresis
1474 939 1640 1013 627
1742 937 1902 993 brosa
1928 947 1985 993 et
2004 939 2267 1006 involuta,
2297 950 2352 995 et
2375 940 2525 995 omni
2551 951 3025 999 sacramentorum
3057 953 3219 1001 nocte
3247 959 3341 1002 ve-

232 1040 400 1096 itatem
431 1039 632 1095 Christi
664 1039 1006 1094 calumnians
1028 1081 1044 1102 ,
1082 1038 1387 1096 Salomonis
1407 1042 1642 1105 usurpet
1743 1033 1848 1086 lata
1870 1073 1885 1100 ,
1918 1031 2004 1087 bis
2029 1032 2231 1087 referat
2256 1074 2271 1099 ,
2305 1034 2396 1102 qui
2425 1041 2481 1089 et
2504 1034 2606 1103 ipsi
2638 1049 2743 1091 nox
2769 1075 2784 1102 ,
2812 1036 3058 1092 tenebras
3082 1078 3098 1104 ,
3127 1038 3215 1094 vel
3243 1051 3342 1094 ea-

230 1131 370 1203 »pfum
406 1148 421 1187 :
460 1131 713 1187 Dominus
741 1133 929 1187 creauit
956 1150 1035 1186 me
1059 1132 1263 1186 initium
1290 1132 1489 1185 ciarum
1516 1145 1639 1184 sua-
1740 1125 1850 1195 ligo
1878 1134 2034 1192 sunt,
2066 1125 2137 1180 de
2160 1126 2362 1195 quibus
2400 1126 2604 1182 dicitur
2632 1142 2649 1180 :
2681 1125 2751 1181 Et
2780 1130 2951 1203 caligo
2985 1130 3081 1185 sub
3121 1131 3340 1201 pedibus

235 1224 403 1295 (Prov.
453 1238 547 1282 vttt
572 1268 587 1291 ,
620 1225 739 1297 22).
770 1224 1246 1281 Considerandum
1280 1225 1478 1295 igitur,
1511 1222 1636 1292 quia
1739 1223 1852 1292 ejus
1885 1216 2003 1289 (Ps.
2036 1232 2172 1285 ms,
2206 1218 2295 1292 i0)
2325 1235 2339 1273 :
2370 1219 2515 1275 haud
2545 1220 2774 1275 dubiutn
2804 1222 2937 1292 quin
2962 1223 3081 1279 Dei.
3114 1223 3249 1279 Nam
3278 1233 3338 1282 et

236 1334 266 1370 ο
294 1328 445 1388 atque
470 1318 719 1373 conditio
742 1332 1041 1389 numquam
1064 1319 1169 1373 nisi
1192 1318 1244 1372 in
1270 1318 1477 1387 magnis
1504 1330 1638 1385 ope-
1741 1312 1794 1366 in
1848 1323 2037 1367 monte
2079 1311 2209 1367 Sina
2259 1311 2478 1385 Moyses
2515 1312 2823 1383 ingreditur
2850 1314 2906 1369 in
2958 1315 3233 1373 turbinem
3280 1326 3338 1377 et

240 1412 592 1465 nominentur.
614 1409 777 1467 Verbi
798 1423 983 1477 causa,
1010 1410 1244 1466 mundus
1262 1422 1479 1465 creatus
1505 1417 1589 1465 est
1615 1424 1633 1465 :
1736 1403 2028 1473 caliginem
2054 1448 2068 1473 ,
2098 1404 2190 1458 ubi
2218 1414 2339 1459 erat
2369 1404 2514 1460 Deus
2539 1402 2739 1476 (Exod.
2794 1410 2911 1478 xix)
2937 1447 2953 1473 ,
3005 1418 3065 1463 et
3109 1408 3177 1465 de
3212 1410 3339 1478 ipso

229 1504 428 1559 :oudita
466 1513 549 1559 est
589 1522 604 1557 :
646 1504 841 1561 domus
866 1518 999 1561 vero
1025 1503 1271 1576 quamvis
1302 1518 1493 1574 magna
1524 1504 1630 1571 sit,
1737 1495 1852 1551 Deo
1900 1496 2163 1565 scriptum
2195 1506 2282 1552 est
2328 1514 2341 1550 :
2388 1495 2576 1552 Posuit
2615 1498 2851 1553 tenebras
2881 1499 3156 1554 latibulum
3183 1515 3336 1557 suum

230 1602 316 1651 ata
350 1596 525 1666 potius
554 1596 755 1652 dicitur
777 1639 790 1663 ,
820 1611 983 1668 quam
1014 1598 1233 1652 condita
1260 1638 1276 1663 ,
1313 1597 1398 1651 vel
1428 1604 1633 1651 creata.
1737 1587 1854 1657 (Pa.
1883 1604 1993 1644 xm
2021 1633 2036 1657 ,
2069 1591 2181 1660 12).
2211 1589 2488 1661 Loquatur
2509 1590 2692 1662 itaque
2719 1593 3004 1648 veritatem
3032 1602 3195 1664 atque
3221 1609 3338 1666 my—

229 1689 362 1759 ignis
404 1688 548 1744 enim
591 1688 850 1759 operibus
891 1696 1058 1760 atque
1099 1688 1324 1743 iacturis
1347 1730 1361 1753 ,
1400 1686 1633 1743 verbum
1734 1684 1971 1738 sterium
2003 1684 2374 1754 unusquisque
2399 1699 2525 1741 cum
2568 1686 2825 1756 proximo
2853 1702 2955 1744 suo
2978 1730 2994 1756 ,
3025 1698 3083 1745 et
3110 1703 3217 1746 non
3243 1691 3339 1747 det

230 1782 340 1836 nnis
374 1782 685 1836 assuntltur.
737 1781 814 1836 Ex
844 1796 952 1852 quo
982 1780 1525 1836 animadvertendum
1558 1781 1634 1834 is-
1662 1776 1710 1838 B
1737 1784 1985 1830 sanctum
2014 1776 2273 1843 canibus,
2299 1792 2476 1847 neque
2503 1779 2686 1833 mittat
2706 1782 3033 1850 margaritas
3056 1797 3187 1837 suas
3207 1790 3337 1839 ante

229 1884 404 1929 torum
457 1873 729 1929 hominem
756 1919 771 1945 ,
818 1875 909 1942 qui
946 1873 1099 1942 juxta
1132 1871 1299 1928 Deum
1332 1874 1385 1927 in
1413 1873 1636 1927 Christo
1739 1882 1935 1937 porcos
1964 1866 2183 1940 (Matth.
2210 1872 2307 1939 vit)
2347 1887 2362 1918 ε
2407 1870 2504 1926 sed
2542 1871 2876 1942 quicumque
2902 1873 3086 1930 oleum
3132 1875 3336 1932 habue-

232 1982 258 2022 s
310 1976 434 2036 est,
490 1982 747 2041 magnum
792 1968 890 2025 Dei
941 1980 1080 2039 opus
1108 1982 1274 2034 esse,
1307 1976 1361 2022 et
1390 1966 1637 2022 eminere
1737 1964 1851 2019 rint
1896 1964 2144 2019 veritatis
2166 2002 2183 2029 ,
2231 1962 2361 2019 illos
2398 1964 2454 2019 in
2490 1964 2789 2021 thalamum
2825 1968 3016 2037 sponsi
3045 1977 3104 2024 et
3134 1982 3330 2039 penum

229 2071 445 2117 steteras
482 2074 766 2119 creaturas
809 2078 824 2117 :
866 2078 988 2119 cum
1017 2063 1096 2119 sic
1125 2060 1376 2118 conditus
1404 2076 1530 2118 esse
1555 2062 1636 2117 di-
1736 2056 1880 2126 regis
1906 2055 2149 2111 inducat.
2183 2056 2357 2113 Porro
2382 2057 2532 2128 quod
2568 2059 2646 2113 ait
2688 2077 2702 2111 :
2737 2058 3034 2130 Loquimini
3068 2062 3333 2116 veritatem

292 2160 350 2208 ut
403 2154 668 2222 mundus,
724 2166 780 2211 et
824 2154 1034 2211 initium
1076 2157 1284 2211 viarum
1321 2155 1447 2222 Dei,
1491 2164 1547 2212 et
1578 2155 1632 2211 in
1735 2149 2090 2218 unusquisque
2129 2165 2248 2203 ουηι
2276 2150 2627 2221 ργοωίπιοηο
2652 2192 2668 2218 .
2699 2151 2937 2208 “iam!”
2963 2151 3035 2208 de
3068 2151 3332 2210 Ζίδειιπῖι

235 2258 269 2299 o
297 2245 688 2301 elementorum
717 2244 963 2303 omnium
990 2249 1057 2301 sit
1086 2259 1323 2303 creatus.
1736 2239 1999 2311 propheta
2028 2252 2303 2312 sumptum
2344 2242 2530 2311 (Zach.
2566 2258 2661 2299 vm
2679 2286 2693 2309 ,
2728 2246 2841 2315 lli).

229 2352 299 2391 rs.
346 2336 467 2408 25.)
496 2336 722 2409 PrOpter
747 2339 885 2410 quod
923 2340 1230 2412 depensum
1268 2340 1590 2396 mendacium
1615 2381 1631 2407 ,
1807 2332 1992 2405 (Vera.
2024 2332 2147 2405 26.)
2171 2330 2491 2399 Irascimiui,
2514 2343 2563 2389 et
2585 2336 2748 2391 nolite
2770 2352 3003 2409 peccare.
3035 2337 3113 2393 De
3133 2344 3335 2408 quarto

235 2430 313 2484 ini
358 2430 624 2485 veritatem
669 2432 1018 2504 unusquisque
1068 2448 1182 2487 cum
1224 2434 1461 2506 proximo
1488 2449 1586 2488 suo
1613 2447 1634 2487 :
1736 2424 1946 2495 psalmo
1979 2424 2084 2481 hoc
2111 2434 2452 2496 usurpatum,
2482 2426 2620 2481 ιιιιηί
2646 2426 2873 2483 dubium
2891 2438 3003 2497 est,
3032 2438 3088 2484 et
3111 2429 3334 2484 videtur

231 2539 283 2575 ηπ
308 2536 493 2578 mm
528 2523 835 2578 αιιεηιινκηι
859 2526 1105 2579 mmora.
1136 2523 1252 2579 Non
1286 2524 1629 2595 simpliciter,
1734 2517 1813 2571 illi
1839 2530 1962 2573 esse
1988 2518 2326 2573 contrarium
2354 2518 2503 2589 quod
2540 2519 2668 2575 alibi
2697 2519 2899 2577 dicitur
2929 2537 2949 2576 :
2981 2520 3138 2576 Nunc
3160 2531 3333 2577 autem

229 2612 351 2667 tiam
386 2624 586 2685 putant
608 2613 656 2681 δ,
702 2629 805 2671 nec
846 2617 1124 2672 moraliter
1160 2618 1455 2687 Apostolus
1497 2632 1633 2687 prie-
1734 2607 1977 2678 deponite
2002 2620 2049 2663 et
2075 2626 2162 2667 vos
2183 2626 2359 2667 omnes
2382 2612 2514 2667 iram
2537 2655 2555 2681 ,
2584 2624 2633 2670 et
2657 2614 3071 2686 indignationem
3093 2657 3109 2684 ,
3140 2621 3193 2671 et
3221 2631 3331 2671 ma-

244 2706 539 2763 mendacio
568 2708 869 2774 derelicto,
899 2720 1023 2763 cum
1057 2711 1315 2780 proximis
1344 2712 1630 2766 veritatem
1735 2701 1837 2755 ίίιὶι

1741 2701 1903 2755 tiliam
1923 2743 1940 2769 ,
1990 2712 2039 2757 et
2084 2703 2455 2775 blasphemiam
2477 2748 2493 2773 ,
2536 2714 2583 2760 et
2622 2715 2823 2779 turpem
2844 2722 3131 2763 senuerunt
3154 2725 3220 2763 ea:
3246 2724 3334 2765 ore

234 2797 385 2852 dam.
422 2799 635 2871 Alioqui
672 2800 719 2855 gi
761 2807 968 2856 tantum
999 2816 1123 2857 cum
1156 2804 1418 2871 proximis
1449 2804 1631 2874 loqui-
1736 2804 1902 2849 vestra
1930 2793 2154 2866 (Colon.
2185 2811 2275 2861 ιιι,
2310 2797 2387 2868 8).
2417 2797 2523 2853 Sed
2552 2808 2608 2853 et
2633 2800 2959 2870 simpliciter
2991 2802 3332 2860 intellectum

234 2893 499 2947 eriutem
524 2937 539 2960 ,
582 2895 911 2966 quicumque
950 2910 1061 2950 non
1106 2896 1268 2951 metu
1309 2899 1587 2966 proximus
1613 2939 1629 2966 ,
1736 2900 1895 2944 nocet
1922 2930 1937 2955 ,
1968 2890 2095 2945 dum
2141 2900 2400 2958 putantur
2445 2892 2545 2947 ira)
2585 2892 2735 2949 frena
2764 2895 2963 2951 laxata.
2999 2896 3205 2966 Duplex
3233 2911 3334 2954 au-

240 2980 444 3040 audire
488 2985 850 3041 mendacium.
884 2986 1042 3053 Quod
1066 2988 1288 3058 quidem
1328 2997 1386 3044 et
1412 2993 1461 3043 in
1491 2989 1632 3061 Lege
1737 2992 1844 3036 tem
1872 2995 1978 3037 nou
2007 2983 2182 3037 solum
2207 2985 2350 3054 apud
2378 2998 2482 3038 nos
2508 3027 2522 3051 ,
2558 3000 2751 3040 verum
2781 2990 2946 3043 etiam
2977 2988 3119 3060 apud
3151 2990 3332 3061 philo-

229 3084 365 3129 itum
395 3086 484 3132 est
512 3093 526 3130 :
556 3077 679 3132 Non
701 3078 1019 3135 adulta-abis
1047 3095 1260 3135 uxorm
1289 3083 1512 3153 proximi
1555 3084 1632 3137 ινί
1737 3074 1939 3143 sophos
1969 3076 2063 3130 ira
2096 3088 2292 3132 numen
2322 3078 2612 3149 accipitur.
2647 3079 2746 3136 Vel
2776 3094 2902 3136 cum
2934 3082 3133 3153 injuria
3162 3086 3333 3142 laces-

262 3181 334 3222 ιι
363 3209 381 3232 .
408 3169 525 3241 i7).
560 3169 617 3226 Si
643 3173 929 3242 proximus
956 3176 1514 3243 tantumpmpinquus
1543 3175 1629 3231 vel
1657 3160 1701 3224 C
1734 3170 1857 3233 siti,
1898 3168 2241 3226 naturalibus
2264 3171 2501 3227 stimulis
2540 3173 2881 3228 concitantur
2911 3192 2925 3229 :
2954 3166 3039 3231 vel
3067 3192 3212 3246 cum,
3244 3193 3331 3235 re-

275 3263 554 3333 accipitur
581 3305 596 3331 ,
642 3265 908 3321 adulteria
937 3266 989 3321 iu
1018 3267 1229 3322 alienus
1255 3271 1377 3338 jure
1408 3269 1632 3339 permlt-
1732 3266 2049 3332 quiescente
2069 3264 2276 3333 impetu
2296 3307 2312 3332 ,
2338 3276 2393 3319 et
2414 3264 2599 3322 furore
2628 3269 2893 3324 restincto
2917 3310 2934 3338 ,
2961 3279 3143 3339 p0test
3171 3285 3329 3329 mena

229 3355 289 3409 ad
324 3357 638 3424 proximum
668 3364 828 3413 vocat
854 3372 1070 3415 omnem
1102 3359 1373 3415 hominem
1399 3402 1414 3427 ,
1446 3360 1538 3431 qui
1560 3375 1629 3416 ex
1732 3355 1939 3412 habere
1967 3356 2233 3427 judicium
2259 3395 2278 3424 ,
2318 3366 2373 3413 et
2410 3358 2771 3417 nihilominus
2800 3375 2968 3431 super
3012 3375 3081 3417 eo
3107 3364 3197 3433 qui
3231 3376 3328 3434 pu-

251 3448 550 3505 nobiscum
596 3460 823 3519 parente
851 3462 1142 3522 generatus
1184 3463 1288 3509 est.
1322 3453 1473 3522 Quod
1505 3454 1628 3524 qui-
1731 3456 1873 3503 tatur
1918 3448 2126 3504 laesisse
2153 3489 2170 3515 ,
2218 3448 2493 3506 desiderat
2539 3452 2830 3507 ultionem.
2864 3454 3116 3510 Arbitror
3145 3455 3329 3529 itaque

251 3542 524 3610 parabola
549 3542 641 3597 illa
672 3543 961 3614 significat,
986 3544 1379 3601 deierusalem
1404 3544 1628 3601 Jericho
1728 3540 1797 3597 de
1819 3543 1985 3614 priori
2017 3542 2098 3597 ira
2129 3557 2275 3597 nunc
2294 3542 2529 3614 dictum,
2558 3552 2616 3599 et
2643 3545 2802 3601 nobis
2828 3547 2984 3616 quasi
3013 3546 3327 3606 hominibus

229 3648 255 3688 ε
309 3634 738 3705 descendentis,
779 3638 871 3706 qui
912 3636 1102 3693 incidit
1129 3639 1180 3693 in
1216 3638 1456 3694 latrones
1507 3654 1520 3691 :
1570 3644 1628 3693 et
1725 3649 1849 3690 esse
1890 3648 2213 3692 concessum
2241 3678 2257 3703 ,
2292 3646 2352 3691 ut
2377 3637 2447 3691 ad
2485 3638 2727 3707 indigna:
2755 3639 2991 3710 alicujus
3022 3642 3103 3696 rei
3131 3640 3325 3699 faciem

229 3735 306 3781 ite
356 3734 416 3784 et
460 3728 645 3785 Levita
690 3728 1152 3797 praetereuntibus
1179 3776 1192 3799 ,
1224 3747 1253 3786 a
1279 3731 1625 3787 Samaritsno
1726 3742 2042 3785 moveamur
2065 3772 2082 3797 ,
2114 3730 2678 3804 tranquillitatemque
2722 3734 2920 3790 mentis
2946 3776 2961 3800 ,
3003 3737 3153 3793 velut
3184 3738 3324 3795 lenis

229 3838 233 3867 ι
286 3830 417 3886 est,
478 3828 533 3876 et
577 3821 645 3877 ad
680 3822 1038 3878 stabularium
1071 3832 1323 3879 revectus
1351 3822 1503 3894 (Luc.
1536 3823 1617 3895 ι).
1725 3810 1969 3892 quaedam
2016 3837 2146 3877 aura
2186 3824 2479 3880 cunturbet
2521 3841 2536 3880 :
2584 3841 2930 3897 nequaquam
2982 3836 3167 3885 tamen
3211 3840 3235 3868 ο
3265 3830 3321 3888 in

229 3919 266 3966 it
306 3922 499 3969 autem
529 3925 653 3983 p031
683 3914 800 3971 haec
830 3915 1095 3972 Dominus
1128 3929 1252 3971 eum
1285 3932 1406 3973 esse
1439 3917 1624 3988 proxi-
1724 3923 1999 3971 tumentes
2037 3918 2283 3988 gurgites
2326 3918 2530 3974 luroris
2570 3919 2773 3989 impetu
2801 3920 3168 3977 subievemur.
3204 3922 3325 3979 Fir-

229 4004 328 4075 qui
363 4003 451 4059 illi
482 4005 910 4063 misericordiam
945 4009 1131 4063 iecerit
1157 4049 1171 4074 ,
1206 4009 1395 4064 volens
1437 4016 1621 4065 osten-
1723 4009 1937 4065 inianus
1993 4020 2177 4067 noster
2218 4011 2412 4068 librum
2460 4012 2530 4069 de
2582 4012 2664 4068 ira
2707 4013 2801 4070 Dei
2847 4013 3015 4071 docto
3038 4017 3244 4086 pariter
3267 4026 3324 4073 et

229 4112 391 4153 mnes
441 4095 726 4168 homines,
775 4099 1028 4156 omnibus
1054 4114 1176 4157 esse
1213 4103 1511 4171 proximos.
1548 4102 1620 4159 Et
1728 4102 2007 4175 eloquenti
2055 4114 2309 4158 sermone
2361 4103 2726 4174 conscripsit,
2771 4119 2932 4175 quem
2963 4106 3054 4176 qui
3083 4108 3318 4178 legerit,

231 4189 362 4245 dent
414 4188 501 4245 sic
530 4190 867 4248 intellectum
896 4192 1125 4249 aedificat
1152 4194 1459 4249 audientes.
1492 4194 1615 4250 ϐω·
1720 4205 1850 4267 puto
1897 4198 1951 4254 ei
2002 4196 2071 4252 ad
2121 4197 2218 4253 ira:
2264 4196 2606 4253 intellectum
2635 4196 2962 4271 multis
2991 4198 3323 4272 abundeque

230 4281 264 4335 d
295 4281 454 4353 quod
482 4282 734 4353 sequitur
763 4298 779 4336 :
812 4282 1071 4350 Quoniam
1101 4301 1277 4341 sumus
1305 4289 1616 4343 alterutram
1719 4305 1885 4361 posse
1907 4286 2186 4347 sufﬁcere.

242 4419 257 4443 ,
293 4375 475 4443 magis
505 4375 723 4432 videtur
749 4374 882 4433 mihi
912 4378 1226 4450 significare
1255 4382 1574 4454 mysterium
1595 4421 1610 4446 ,
1789 4380 1887 4436 Sol
1915 4395 2020 4435 non
2042 4380 2245 4437 occidat
2270 4396 2429 4452 super
2457 4383 2786 4438 iracundiam
2813 4393 3054 4441 vestram.
3085 4383 3143 4441 Si
3169 4386 3305 4441 sim-

232 4482 260 4521 s
290 4468 522 4536 dicere,
548 4468 639 4539 qui
668 4469 826 4525 nobis
853 4469 958 4526 fide
980 4481 1038 4526 et
1058 4473 1253 4528 virtute
1276 4484 1404 4529 sunt
1424 4476 1612 4545 proxl.
1721 4474 1934 4544 pliciter
1962 4474 2108 4531 hunc
2145 4476 2321 4531 solem
2362 4476 2752 4547 intelligimus,
2797 4480 2889 4548 qui
2922 4477 3098 4534 oculis
3123 4480 3307 4538 carnis

229 4560 364 4615 ubra
388 4562 596 4632 quippe
624 4563 945 4621 alterutrum
976 4579 1082 4619 non
1104 4576 1265 4633 sunt,
1295 4568 1396 4622 nisi
1424 4568 1611 4625 fideles
1639 4548 1692 4612 Ῑ)
1717 4563 2001 4634 aspicitur,
2054 4579 2374 4635 peccamus,
2423 4567 2644 4637 quando
2692 4567 3015 4640 irascimur,
3065 4579 3122 4626 et
3169 4571 3315 4629 oeci.

229 4670 282 4722 ι,
315 4665 373 4711 et
403 4653 707 4713 Christiani
739 4658 1179 4715 Christianorum
1203 4703 1219 4729 ,
1251 4670 1306 4717 et
1338 4663 1561 4732 perfecti
1593 4704 1608 4730 ,
1714 4658 1882 4714 dente
1926 4658 2074 4725 sole,
2126 4659 2408 4717 iracundia
2451 4672 2792 4730 perseverat.
2840 4661 2963 4718 Non
3014 4677 3310 4735 peccamus

230 4748 332 4829 qui
392 4758 529 4806 sunt
574 4752 789 4820 plenae,
830 4763 1334 4825 consummatthue
1370 4757 1607 4813 virtutis.
1713 4766 1922 4824 autem,
1948 4757 2169 4829 quando
2193 4757 2377 4830 (verbi
2422 4758 2628 4830 gratia)
2676 4772 2710 4813 a
2763 4760 2938 4829 prima
2970 4759 3104 4816 hora
3134 4774 3313 4830 usque

257 4842 413 4913 quod
444 4842 652 4902 Paulus
683 4845 801 4918 ipse
829 4848 1106 4929 perfectus
1132 4894 1146 4919 ,
1178 4850 1233 4905 iu
1257 4848 1424 4924 628
1454 4851 1609 4922 Epis-
1712 4848 1781 4905 ad
1811 4846 2152 4905 undecimam
2182 4849 2508 4916 irascentes,
2540 4849 2774 4905 iacimus
2798 4851 2942 4921 quod
2976 4850 3308 4922 indignatio,

230 4952 254 4987 :t
319 4934 654 5007 loquebatur
697 4956 712 4993 :
764 4939 1090 5012 Sapientiam
1132 4951 1306 4998 autem
1342 4945 1608 5014 loquimur
1709 4942 1887 5010 furor,
1923 4943 2002 4997 ira
2039 4943 2439 5012 suggesserim.
2477 4942 2600 5009 Quo
2624 4957 2790 4998 sensu
2818 4940 2954 4997 nihil
2996 4942 3128 4996 mihi
3155 4942 3309 4999 vide-

229 5027 445 5097 :rfectos
495 5028 540 5100 (l
593 5030 714 5085 Cor.
765 5046 845 5099 ιι,
890 5030 967 5103 6).
1020 5033 1163 5105 Ergo
1197 5035 1513 5105 hocjubet,
1544 5046 1603 5093 ut
1712 5045 1800 5092 tur
1842 5036 2167 5103 absurdius,
2217 5034 2379 5107 quasi
2417 5051 2526 5091 non
2556 5044 2722 5107 queat
2765 5036 3037 5107 quispiam
3086 5035 3155 5090 ab
3181 5045 3306 5092 ortu
3394 5092 3397 5097 _

229 5199 257 5262 ἓ
308 5182 660 5262 rel'eregdus
701 5186 762 5245 S.
802 5190 1141 5261 Augustinus
1184 5193 1284 5249 lib.
1342 5209 1362 5248 ι
1415 5205 1593 5253 cautr.
1840 5259 1886 5262 ,Α
1965 5261 1969 5262 ν
2289 5261 2297 5262 κ
2450 5200 2459 5215 '
2501 5198 2750 5262 Quidquid
2774 5200 2961 5262 υδίίμιο

232 5254 379 5326 Leg.
416 5265 477 5311 et
501 5256 788 5334 Pr0pbet.,_
812 5254 1058 5334 capsa,
1084 5264 1174 5334 qui
1203 5272 1380 5322 tamen
1394 5266 1596 5323 factum

1371 5266 1596 5323 tractum
1831 5259 1998 5324 Gignit
2013 5263 2267 5323 materies,
2285 5261 2397 5323 hoc,
2418 5269 2470 5314 te
2490 5254 2725 5327 donante,
2751 5254 2964 5313 creatur.

229 5335 650 5403 tqueg'eatum
689 5330 745 5385 in
779 5330 911 5403 ipsis
936 5330 1235 5403 Scripturis
1262 5337 1369 5393 dici
1397 5340 1599 5394 asserit

229 5398 723 5492 singiﬂ'erenlter”,
736 5398 1102 5492 s‘i'vunquteex
1124 5408 1346 5491 materia
1368 5410 1595 5492 aliqua,
1775 5411 1803 5453 ι’
1833 5411 1930 5492 llic
1954 5418 2197 5492 etpaulo
2225 5417 2454 5492 inferius
2488 5417 2812 5492 recolendus
2844 5414 3021 5492 Rufini
3049 5416 3195 5492 iiber
3228 5435 3303 5492 tt,

230 5469 810 5561 ἷιιιιξιξιῌρτεξιξςωρῃι.
989 5476 1223 5532 ethnicis
1250 5479 1412 5535 nimis
1443 5469 1595 5536 multi
1705 5469 1858 5542 num.
1890 5469 3305 5561 s.'Aa'onug'iééiiBnéH'iEiii'ﬁu’eui'iusustulit;

229 5541 235 5591 ι
269 5550 491 5597 essent.
524 5541 674 5612 Virg.
707 5542 1033 5604 Eneid.,x:
1704 5541 2071 5616 emendamus
2089 5541 2693 5617 initie'rohiiui‘iéxiu.

232 5650 358 5705 colae
381 5652 561 5706 Fauno
578 5654 776 5722 Dryope
803 5673 952 5725 quem
974 5657 1189 5730 Nympha
1212 5677 1425 5718 crearat.
1703 5701 1757 5754 δη
1780 5639 1822 5755 et

1780 5639 1803 5669 ο
1831 5630 2189 5688 Correximus
2215 5644 2342 5717 post
2366 5629 2665 5691 Victorium
2687 5631 2760 5719 ad
2786 5631 2948 5689 ﬁdem
2978 5647 3109 5719 mss.
3136 5629 3299 5689 codd.

1710 5701 1757 5777 in
1803 5708 2053 5759 tumentes
2081 5716 2346 5777 σωρίτας,
2376 5719 2474 5776 pro
2500 5720 2608 5775 quo
2649 5714 2847 5763 vitiose
2897 5713 3127 5764 retinuit
3163 5703 3303 5763 Mar-

230 5757 427 5817 iianus
446 5801 463 5830 ,
492 5776 512 5816 t
534 5760 603 5820 de
633 5761 810 5836 Raptu
844 5785 856 5821 :
1705 5757 1934 5834 tiaumus
2008 5757 2602 5851 νὶιιῖιιιπῖιιὶὲἶθῖἁῇίᾶἶ
2629 5757 2738 5837 etc.
