  <div class='ocr_page' id='page_1' title='image "/cluster/home/n/w/nwhite01/storage/ocr_20150623/26/uva.x000826568/263.png"; bbox 0 0 4034 6364; ppageno 0'>
   <div class='ocr_carea' id='block_1_1' title="bbox 526 251 628 312">
    <p class='ocr_par' dir='ltr' id='par_1_1' title="bbox 526 251 628 312">
     <span class='ocr_line' id='line_1_1' title="bbox 526 251 628 312; baseline -0.029 -1"><span class='ocrx_word' id='word_1_1' title='bbox 526 251 628 312; x_wconf 80' lang='lat' dir='ltr'><strong>5H</strong></span> 
     </span>
    </p>
   </div>
   <div class='ocr_carea' id='block_1_2' title="bbox 1771 263 2575 335">
    <p class='ocr_par' dir='ltr' id='par_1_2' title="bbox 1771 263 2575 335">
     <span class='ocr_line' id='line_1_2' title="bbox 1771 263 2575 335; baseline 0.022 -17"><span class='ocrx_word' id='word_1_2' title='bbox 1771 263 1831 318; x_wconf 85' lang='lat' dir='ltr'><strong>S.</strong></span> <span class='ocrx_word' id='word_1_3' title='bbox 1874 263 2148 324; x_wconf 85' lang='lat' dir='ltr'><strong>EUSEBII</strong></span> <span class='ocrx_word' id='word_1_4' title='bbox 2186 269 2575 335; x_wconf 77' lang='lat' dir='ltr'><strong>HIERONYMI</strong></span> 
     </span>
    </p>
   </div>
   <div class='ocr_carea' id='block_1_3' title="bbox 3712 282 3808 342">
    <p class='ocr_par' dir='ltr' id='par_1_3' title="bbox 3712 282 3808 342">
     <span class='ocr_line' id='line_1_3' title="bbox 3712 282 3808 342; baseline 0.031 -3"><span class='ocrx_word' id='word_1_5' title='bbox 3712 282 3808 342; x_wconf 66' lang='grc'><strong>513</strong></span> 
     </span>
    </p>
   </div>
   <div class='ocr_carea' id='block_1_4' title="bbox 525 369 3809 469">
    <p class='ocr_par' dir='ltr' id='par_1_4' title="bbox 525 369 3809 469">
     <span class='ocr_line' id='line_1_4' title="bbox 525 369 3809 469; baseline 0.009 -43"><span class='ocrx_word' id='word_1_6' title='bbox 525 369 863 469; x_wconf 76' lang='lat' dir='ltr'><strong>solisusque</strong></span> <span class='ocrx_word' id='word_1_7' title='bbox 917 372 986 428; x_wconf 89' lang='lat' dir='ltr'><strong>ad</strong></span> <span class='ocrx_word' id='word_1_8' title='bbox 1031 387 1285 431; x_wconf 84' lang='lat' dir='ltr'><strong>occasum</strong></span> <span class='ocrx_word' id='word_1_9' title='bbox 1309 415 1324 440; x_wconf 85' lang='lat'><strong>,</strong></span> <span class='ocrx_word' id='word_1_10' title='bbox 1370 376 1426 431; x_wconf 92' lang='lat' dir='ltr'><strong>in</strong></span> <span class='ocrx_word' id='word_1_11' title='bbox 1469 384 1614 434; x_wconf 91' lang='lat' dir='ltr'><strong>tanta</strong></span> <span class='ocrx_word' id='word_1_12' title='bbox 1662 380 1876 436; x_wconf 89' lang='lat' dir='ltr'><strong>scelera</strong></span> <span class='ocrx_word' id='word_1_13' title='bbox 1919 381 2119 438; x_wconf 90' lang='lat' dir='ltr'><strong>debac-</strong></span> <span class='ocrx_word' id='word_1_14' title='bbox 2145 390 2197 452; x_wconf 80' lang='grc' dir='ltr'>Α</span> <span class='ocrx_word' id='word_1_15' title='bbox 2224 402 2392 460; x_wconf 98' lang='lat' dir='ltr'><strong>serat,</strong></span> <span class='ocrx_word' id='word_1_16' title='bbox 2423 395 2528 449; x_wconf 92' lang='lat' dir='ltr'><strong>nisi</strong></span> <span class='ocrx_word' id='word_1_17' title='bbox 2578 395 2628 450; x_wconf 92' lang='lat' dir='ltr'><strong>in</strong></span> <span class='ocrx_word' id='word_1_18' title='bbox 2679 398 2933 454; x_wconf 88' lang='lat' dir='ltr'><strong>convivio</strong></span> <span class='ocrx_word' id='word_1_19' title='bbox 2963 396 3262 454; x_wconf 83' lang='lat' dir='ltr'><strong>Salvatoris</strong></span> <span class='ocrx_word' id='word_1_20' title='bbox 3293 396 3476 468; x_wconf 84' lang='lat' dir='ltr'><strong>(Joan.</strong></span> <span class='ocrx_word' id='word_1_21' title='bbox 3505 397 3650 469; x_wconf 80' lang='lat' dir='ltr'><strong>xm).</strong></span> <span class='ocrx_word' id='word_1_22' title='bbox 3679 398 3809 467; x_wconf 84' lang='lat' dir='ltr'><strong>Quia</strong></span> 
     </span>
    </p>
   </div>
   <div class='ocr_carea' id='block_1_5' title="bbox 526 464 2122 547">
    <p class='ocr_par' dir='ltr' id='par_1_5' title="bbox 526 464 2122 547">
     <span class='ocr_line' id='line_1_5' title="bbox 526 464 2122 547; baseline 0.008 -27"><span class='ocrx_word' id='word_1_23' title='bbox 526 464 716 534; x_wconf 87' lang='lat' dir='ltr'><strong>cbari,</strong></span> <span class='ocrx_word' id='word_1_24' title='bbox 773 475 977 538; x_wconf 90' lang='lat' dir='ltr'><strong>quanta</strong></span> <span class='ocrx_word' id='word_1_25' title='bbox 1026 476 1136 523; x_wconf 89' lang='lat' dir='ltr'><strong>tota</strong></span> <span class='ocrx_word' id='word_1_26' title='bbox 1183 469 1290 524; x_wconf 86' lang='lat' dir='ltr'><strong>vita</strong></span> <span class='ocrx_word' id='word_1_27' title='bbox 1338 485 1434 525; x_wconf 91' lang='lat' dir='ltr'><strong>sua</strong></span> <span class='ocrx_word' id='word_1_28' title='bbox 1478 485 1585 526; x_wconf 92' lang='lat' dir='ltr'><strong>non</strong></span> <span class='ocrx_word' id='word_1_29' title='bbox 1637 474 1809 542; x_wconf 89' lang='lat' dir='ltr'><strong>possit</strong></span> <span class='ocrx_word' id='word_1_30' title='bbox 1862 473 2122 547; x_wconf 87' lang='lat' dir='ltr'><strong>lacrymis</strong></span> 
     </span>
    </p>
   </div>
   <div class='ocr_carea' id='block_1_6' title="bbox 528 559 2114 636">
    <p class='ocr_par' dir='ltr' id='par_1_6' title="bbox 528 559 2114 636">
     <span class='ocr_line' id='line_1_6' title="bbox 528 559 2114 636; baseline 0.005 -22"><span class='ocrx_word' id='word_1_31' title='bbox 528 559 790 627; x_wconf 68' lang='lat' dir='ltr'><strong>eXpiare&#39;!</strong></span> <span class='ocrx_word' id='word_1_32' title='bbox 818 561 927 614; x_wconf 75' lang='lat' dir='ltr'><strong>Aut</strong></span> <span class='ocrx_word' id='word_1_33' title='bbox 970 576 1075 614; x_wconf 90' lang='lat' dir='ltr'><strong>non</strong></span> <span class='ocrx_word' id='word_1_34' title='bbox 1105 561 1278 630; x_wconf 89' lang='lat' dir='ltr'><strong>magis</strong></span> <span class='ocrx_word' id='word_1_35' title='bbox 1328 561 1408 617; x_wconf 91' lang='lat' dir='ltr'><strong>ira</strong></span> <span class='ocrx_word' id='word_1_36' title='bbox 1447 563 1624 619; x_wconf 92' lang='lat' dir='ltr'><strong>locum</strong></span> <span class='ocrx_word' id='word_1_37' title='bbox 1671 565 1723 618; x_wconf 92' lang='lat' dir='ltr'><strong>in</strong></span> <span class='ocrx_word' id='word_1_38' title='bbox 1757 564 1846 621; x_wconf 92' lang='lat' dir='ltr'><strong>die</strong></span> <span class='ocrx_word' id='word_1_39' title='bbox 1890 565 2114 636; x_wconf 87' lang='lat' dir='ltr'><strong>habeat,</strong></span> 
     </span>
    </p>
   </div>
   <div class='ocr_carea' id='block_1_7' title="bbox 527 650 2122 723">
    <p class='ocr_par' dir='ltr' id='par_1_7' title="bbox 527 650 2122 723">
     <span class='ocr_line' id='line_1_7' title="bbox 527 650 2122 723; baseline 0.005 -17"><span class='ocrx_word' id='word_1_40' title='bbox 527 664 649 706; x_wconf 92' lang='lat' dir='ltr'><strong>cum</strong></span> <span class='ocrx_word' id='word_1_41' title='bbox 680 650 864 721; x_wconf 91' lang='lat' dir='ltr'><strong>utique</strong></span> <span class='ocrx_word' id='word_1_42' title='bbox 895 664 1006 706; x_wconf 79' lang='lat' dir='ltr'><strong>nox</strong></span> <span class='ocrx_word' id='word_1_43' title='bbox 1053 653 1274 723; x_wconf 86' lang='lat' dir='ltr'><strong>requies</strong></span> <span class='ocrx_word' id='word_1_44' title='bbox 1320 653 1394 708; x_wconf 91' lang='lat' dir='ltr'><strong>sit</strong></span> <span class='ocrx_word' id='word_1_45' title='bbox 1441 653 1676 723; x_wconf 90' lang='lat' dir='ltr'><strong>furoris,</strong></span> <span class='ocrx_word' id='word_1_46' title='bbox 1705 663 1762 710; x_wconf 89' lang='lat' dir='ltr'><strong>et</strong></span> <span class='ocrx_word' id='word_1_47' title='bbox 1789 658 2122 714; x_wconf 77' lang='lat' dir='ltr'><strong>succedente</strong></span> 
     </span>
    </p>
   </div>
   <div class='ocr_carea' id='block_1_8' title="bbox 527 747 2118 819">
    <p class='ocr_par' dir='ltr' id='par_1_8' title="bbox 527 747 2118 819">
     <span class='ocr_line' id='line_1_8' title="bbox 527 747 2118 819; baseline 0.004 -20"><span class='ocrx_word' id='word_1_48' title='bbox 527 757 750 815; x_wconf 89' lang='lat' dir='ltr'><strong>somno,</strong></span> <span class='ocrx_word' id='word_1_49' title='bbox 810 747 974 803; x_wconf 87' lang='lat' dir='ltr'><strong>etiam</strong></span> <span class='ocrx_word' id='word_1_50' title='bbox 1027 748 1074 804; x_wconf 89' lang='lat' dir='ltr'><strong>si</strong></span> <span class='ocrx_word' id='word_1_51' title='bbox 1119 747 1432 819; x_wconf 85' lang='lat' dir='ltr'><strong>irascimur,</strong></span> <span class='ocrx_word' id='word_1_52' title='bbox 1485 750 1540 806; x_wconf 91' lang='lat' dir='ltr'><strong>in</strong></span> <span class='ocrx_word' id='word_1_53' title='bbox 1587 751 1733 808; x_wconf 91' lang='lat' dir='ltr'><strong>diem</strong></span> <span class='ocrx_word' id='word_1_54' title='bbox 1783 753 2118 808; x_wconf 86' lang='lat' dir='ltr'><strong>iracundiam</strong></span> 
     </span>
    </p>
   </div>
   <div class='ocr_carea' id='block_1_9' title="bbox 527 839 2120 914">
    <p class='ocr_par' dir='ltr' id='par_1_9' title="bbox 527 839 2120 914">
     <span class='ocr_line' id='line_1_9' title="bbox 527 839 2120 914; baseline 0.003 -17"><span class='ocrx_word' id='word_1_55' title='bbox 527 839 870 898; x_wconf 79' lang='lat' dir='ltr'><strong>differamus.</strong></span> <span class='ocrx_word' id='word_1_56' title='bbox 905 843 1041 910; x_wconf 84' lang='lat' dir='ltr'><strong>Quia</strong></span> <span class='ocrx_word' id='word_1_57' title='bbox 1074 844 1238 914; x_wconf 89' lang='lat' dir='ltr'><strong>igitur</strong></span> <span class='ocrx_word' id='word_1_58' title='bbox 1267 859 1431 899; x_wconf 88' lang='lat' dir='ltr'><strong>verus</strong></span> <span class='ocrx_word' id='word_1_59' title='bbox 1476 845 1589 914; x_wconf 93' lang='lat' dir='ltr'><strong>sol,</strong></span> <span class='ocrx_word' id='word_1_60' title='bbox 1620 848 1764 901; x_wconf 85' lang='lat' dir='ltr'><strong>sicut</strong></span> <span class='ocrx_word' id='word_1_61' title='bbox 1807 847 2008 902; x_wconf 92' lang='lat' dir='ltr'><strong>occidit</strong></span> <span class='ocrx_word' id='word_1_62' title='bbox 2031 862 2120 901; x_wconf 88' lang='lat' dir='ltr'><strong>su-</strong></span> 
     </span>
    </p>
   </div>
   <div class='ocr_carea' id='block_1_10' title="bbox 527 934 2118 1008">
    <p class='ocr_par' dir='ltr' id='par_1_10' title="bbox 527 934 2118 1008">
     <span class='ocr_line' id='line_1_10' title="bbox 527 934 2118 1008; baseline 0.003 -20"><span class='ocrx_word' id='word_1_63' title='bbox 527 947 625 1003; x_wconf 86' lang='lat' dir='ltr'><strong>per</strong></span> <span class='ocrx_word' id='word_1_64' title='bbox 680 934 856 990; x_wconf 88' lang='lat' dir='ltr'><strong>malos</strong></span> <span class='ocrx_word' id='word_1_65' title='bbox 904 935 1240 1005; x_wconf 85' lang='lat' dir='ltr'><strong>prophetas,</strong></span> <span class='ocrx_word' id='word_1_66' title='bbox 1285 936 1438 1006; x_wconf 80' lang='lat' dir='ltr'><strong>juxta</strong></span> <span class='ocrx_word' id='word_1_67' title='bbox 1482 936 1614 992; x_wconf 92' lang='lat' dir='ltr'><strong>illud</strong></span> <span class='ocrx_word' id='word_1_68' title='bbox 1653 936 1798 1008; x_wconf 90' lang='lat' dir='ltr'><strong>quod</strong></span> <span class='ocrx_word' id='word_1_69' title='bbox 1857 939 2118 1008; x_wconf 88' lang='lat' dir='ltr'><strong>scriptum</strong></span> 
     </span>
    </p>
   </div>
   <div class='ocr_carea' id='block_1_11' title="bbox 525 1027 2120 1102">
    <p class='ocr_par' dir='ltr' id='par_1_11' title="bbox 525 1027 2120 1102">
     <span class='ocr_line' id='line_1_11' title="bbox 525 1027 2120 1102; baseline 0.003 -21"><span class='ocrx_word' id='word_1_70' title='bbox 525 1035 648 1082; x_wconf 90' lang='lat' dir='ltr'><strong>est:</strong></span> <span class='ocrx_word' id='word_1_71' title='bbox 681 1036 706 1064; x_wconf 76' lang='grc'><strong><em>⁸</em></strong></span> <span class='ocrx_word' id='word_1_72' title='bbox 753 1027 955 1083; x_wconf 81' lang='lat' dir='ltr'><strong>Occidit</strong></span> <span class='ocrx_word' id='word_1_73' title='bbox 1003 1029 1081 1084; x_wconf 85' lang='lat' dir='ltr'><strong>sol</strong></span> <span class='ocrx_word' id='word_1_74' title='bbox 1131 1045 1289 1101; x_wconf 90' lang='lat' dir='ltr'><strong>super</strong></span> <span class='ocrx_word' id='word_1_75' title='bbox 1333 1031 1614 1102; x_wconf 82' lang='lat' dir='ltr'><strong>praplietas</strong></span> <span class='ocrx_word' id='word_1_76' title='bbox 1667 1041 1859 1086; x_wconf 84' lang='lat' dir='ltr'><strong>vestros</strong></span> <span class='ocrx_word' id='word_1_77' title='bbox 1906 1032 2120 1086; x_wconf 84' lang='lat' dir='ltr'><strong>meridie</strong></span> 
     </span>
    </p>
   </div>
   <div class='ocr_carea' id='block_1_12' title="bbox 525 1117 2122 1197">
    <p class='ocr_par' dir='ltr' id='par_1_12' title="bbox 525 1117 2122 1197">
     <span class='ocr_line' id='line_1_12' title="bbox 525 1117 2122 1197; baseline 0.005 -23"><span class='ocrx_word' id='word_1_78' title='bbox 525 1117 706 1193; x_wconf 83' lang='lat' dir='ltr'><strong>(Amos</strong></span> <span class='ocrx_word' id='word_1_79' title='bbox 731 1137 848 1192; x_wconf 86' lang='lat' dir='ltr'><strong>vut,</strong></span> <span class='ocrx_word' id='word_1_80' title='bbox 873 1122 930 1193; x_wconf 89' lang='lat'><strong>9)</strong></span> <span class='ocrx_word' id='word_1_81' title='bbox 968 1141 982 1178; x_wconf 87' lang='lat'><strong>:</strong></span> <span class='ocrx_word' id='word_1_82' title='bbox 1015 1121 1091 1178; x_wconf 91' lang='lat' dir='ltr'><strong>ita</strong></span> <span class='ocrx_word' id='word_1_83' title='bbox 1130 1123 1299 1179; x_wconf 90' lang='lat' dir='ltr'><strong>etiam</strong></span> <span class='ocrx_word' id='word_1_84' title='bbox 1348 1138 1516 1195; x_wconf 88' lang='lat' dir='ltr'><strong>super</strong></span> <span class='ocrx_word' id='word_1_85' title='bbox 1545 1139 1742 1180; x_wconf 90' lang='lat' dir='ltr'><strong>omnes</strong></span> <span class='ocrx_word' id='word_1_86' title='bbox 1767 1126 1968 1181; x_wconf 92' lang='lat' dir='ltr'><strong>occidit</strong></span> <span class='ocrx_word' id='word_1_87' title='bbox 1997 1142 2122 1197; x_wconf 88' lang='lat' dir='ltr'><strong>pec-</strong></span> 
     </span>
    </p>
   </div>
   <div class='ocr_carea' id='block_1_13' title="bbox 524 1219 2117 1292">
    <p class='ocr_par' dir='ltr' id='par_1_13' title="bbox 524 1219 2117 1292">
     <span class='ocr_line' id='line_1_13' title="bbox 524 1219 2117 1292; baseline 0.001 -18"><span class='ocrx_word' id='word_1_88' title='bbox 524 1227 767 1287; x_wconf 80' lang='lat' dir='ltr'><strong>eatores,</strong></span> <span class='ocrx_word' id='word_1_89' title='bbox 797 1234 1138 1292; x_wconf 88' lang='lat' dir='ltr'><strong>nequaquam</strong></span> <span class='ocrx_word' id='word_1_90' title='bbox 1168 1219 1251 1275; x_wconf 87' lang='lat' dir='ltr'><strong>eis</strong></span> <span class='ocrx_word' id='word_1_91' title='bbox 1282 1229 1438 1276; x_wconf 89' lang='lat' dir='ltr'><strong>ortus</strong></span> <span class='ocrx_word' id='word_1_92' title='bbox 1459 1220 1543 1276; x_wconf 92' lang='lat' dir='ltr'><strong>sui</strong></span> <span class='ocrx_word' id='word_1_93' title='bbox 1575 1220 1759 1276; x_wconf 91' lang='lat' dir='ltr'><strong>lumen</strong></span> <span class='ocrx_word' id='word_1_94' title='bbox 1787 1221 2076 1292; x_wconf 80' lang='lat' dir='ltr'><strong>indulgens</strong></span> <span class='ocrx_word' id='word_1_95' title='bbox 2104 1239 2117 1276; x_wconf 91' lang='lat'>:</span> 
     </span>
    </p>
   </div>
   <div class='ocr_carea' id='block_1_14' title="bbox 523 1312 2119 1384">
    <p class='ocr_par' dir='ltr' id='par_1_14' title="bbox 523 1312 2119 1384">
     <span class='ocr_line' id='line_1_14' title="bbox 523 1312 2119 1384; baseline 0.003 -17"><span class='ocrx_word' id='word_1_96' title='bbox 523 1312 773 1384; x_wconf 71' lang='lat' dir='ltr'><strong>prteripit</strong></span> <span class='ocrx_word' id='word_1_97' title='bbox 805 1329 952 1370; x_wconf 91' lang='lat' dir='ltr'><strong>nunc</strong></span> <span class='ocrx_word' id='word_1_98' title='bbox 990 1313 1319 1383; x_wconf 84' lang='lat' dir='ltr'><strong>Apostolus,</strong></span> <span class='ocrx_word' id='word_1_99' title='bbox 1368 1329 1436 1370; x_wconf 92' lang='lat' dir='ltr'><strong>ne</strong></span> <span class='ocrx_word' id='word_1_100' title='bbox 1465 1315 1600 1369; x_wconf 90' lang='lat' dir='ltr'><strong>talia</strong></span> <span class='ocrx_word' id='word_1_101' title='bbox 1643 1314 1902 1370; x_wconf 87' lang='lat' dir='ltr'><strong>faciamus</strong></span> <span class='ocrx_word' id='word_1_102' title='bbox 1931 1315 2119 1372; x_wconf 92' lang='lat' dir='ltr'><strong>furore</strong></span> 
     </span>
    </p>
   </div>
   <div class='ocr_carea' id='block_1_15' title="bbox 526 1406 2120 1479">
    <p class='ocr_par' dir='ltr' id='par_1_15' title="bbox 526 1406 2120 1479">
     <span class='ocr_line' id='line_1_15' title="bbox 526 1406 2120 1479; baseline 0.003 -20"><span class='ocrx_word' id='word_1_103' title='bbox 526 1406 802 1473; x_wconf 85' lang='lat' dir='ltr'><strong>superati,</strong></span> <span class='ocrx_word' id='word_1_104' title='bbox 834 1420 930 1476; x_wconf 91' lang='lat' dir='ltr'><strong>per</strong></span> <span class='ocrx_word' id='word_1_105' title='bbox 973 1421 1093 1475; x_wconf 73' lang='lat' dir='ltr'><strong>qua:</strong></span> <span class='ocrx_word' id='word_1_106' title='bbox 1127 1407 1286 1462; x_wconf 89' lang='lat' dir='ltr'><strong>nobis</strong></span> <span class='ocrx_word' id='word_1_107' title='bbox 1315 1406 1400 1462; x_wconf 88' lang='lat' dir='ltr'><strong>sol</strong></span> <span class='ocrx_word' id='word_1_108' title='bbox 1445 1407 1689 1476; x_wconf 87' lang='lat' dir='ltr'><strong>occidat,</strong></span> <span class='ocrx_word' id='word_1_109' title='bbox 1723 1417 1779 1462; x_wconf 92' lang='lat' dir='ltr'><strong>et</strong></span> <span class='ocrx_word' id='word_1_110' title='bbox 1819 1409 2120 1479; x_wconf 84' lang='lat' dir='ltr'><strong>principale</strong></span> 
     </span>
    </p>
   </div>
   <div class='ocr_carea' id='block_1_16' title="bbox 525 1498 2122 1572">
    <p class='ocr_par' dir='ltr' id='par_1_16' title="bbox 525 1498 2122 1572">
     <span class='ocr_line' id='line_1_16' title="bbox 525 1498 2122 1572; baseline 0.003 -18"><span class='ocrx_word' id='word_1_111' title='bbox 525 1498 735 1564; x_wconf 88' lang='lat' dir='ltr'><strong>cordis,</strong></span> <span class='ocrx_word' id='word_1_112' title='bbox 766 1499 1007 1554; x_wconf 88' lang='lat' dir='ltr'><strong>tenebris</strong></span> <span class='ocrx_word' id='word_1_113' title='bbox 1056 1499 1386 1556; x_wconf 88' lang='lat' dir='ltr'><strong>involvatnr.</strong></span> <span class='ocrx_word' id='word_1_114' title='bbox 1417 1500 1654 1570; x_wconf 89' lang='lat' dir='ltr'><strong>Quidam</strong></span> <span class='ocrx_word' id='word_1_115' title='bbox 1703 1511 1896 1572; x_wconf 90' lang='lat' dir='ltr'><strong>putant</strong></span> <span class='ocrx_word' id='word_1_116' title='bbox 1924 1505 2006 1558; x_wconf 89' lang='lat' dir='ltr'><strong>sic</strong></span> <span class='ocrx_word' id='word_1_117' title='bbox 2031 1518 2122 1558; x_wconf 82' lang='lat' dir='ltr'><strong>ac-</strong></span> 
     </span>
    </p>
   </div>
   <div class='ocr_carea' id='block_1_17' title="bbox 525 1590 2119 1665">
    <p class='ocr_par' dir='ltr' id='par_1_17' title="bbox 525 1590 2119 1665">
     <span class='ocr_line' id='line_1_17' title="bbox 525 1590 2119 1665; baseline 0.003 -19"><span class='ocrx_word' id='word_1_118' title='bbox 525 1590 835 1659; x_wconf 91' lang='lat' dir='ltr'><strong>cipiendum</strong></span> <span class='ocrx_word' id='word_1_119' title='bbox 885 1591 992 1647; x_wconf 90' lang='lat' dir='ltr'><strong>hoc</strong></span> <span class='ocrx_word' id='word_1_120' title='bbox 1040 1607 1166 1648; x_wconf 91' lang='lat' dir='ltr'><strong>esse</strong></span> <span class='ocrx_word' id='word_1_121' title='bbox 1212 1591 1554 1664; x_wconf 86' lang='lat' dir='ltr'><strong>simpliciter,</strong></span> <span class='ocrx_word' id='word_1_122' title='bbox 1597 1594 1872 1665; x_wconf 90' lang='lat' dir='ltr'><strong>quomodo</strong></span> <span class='ocrx_word' id='word_1_123' title='bbox 1904 1603 1960 1650; x_wconf 91' lang='lat' dir='ltr'><strong>et</strong></span> <span class='ocrx_word' id='word_1_124' title='bbox 1988 1595 2119 1650; x_wconf 91' lang='lat' dir='ltr'><strong>illud</strong></span> 
     </span>
    </p>
   </div>
   <div class='ocr_carea' id='block_1_18' title="bbox 527 1685 2121 1757">
    <p class='ocr_par' dir='ltr' id='par_1_18' title="bbox 527 1685 2121 1757">
     <span class='ocr_line' id='line_1_18' title="bbox 527 1685 2121 1757; baseline 0.003 -20"><span class='ocrx_word' id='word_1_125' title='bbox 527 1686 707 1755; x_wconf 85' lang='lat' dir='ltr'><strong>quarti</strong></span> <span class='ocrx_word' id='word_1_126' title='bbox 736 1685 955 1756; x_wconf 88' lang='lat' dir='ltr'><strong>psalmi,</strong></span> <span class='ocrx_word' id='word_1_127' title='bbox 984 1686 1129 1742; x_wconf 91' lang='lat' dir='ltr'><strong>unde</strong></span> <span class='ocrx_word' id='word_1_128' title='bbox 1151 1686 1383 1757; x_wconf 88' lang='lat' dir='ltr'><strong>idipsum</strong></span> <span class='ocrx_word' id='word_1_129' title='bbox 1410 1696 1686 1757; x_wconf 90' lang='lat' dir='ltr'><strong>sumptum</strong></span> <span class='ocrx_word' id='word_1_130' title='bbox 1709 1687 1922 1743; x_wconf 92' lang='lat' dir='ltr'><strong>videtur</strong></span> <span class='ocrx_word' id='word_1_131' title='bbox 1949 1707 1960 1741; x_wconf 92' lang='lat'>:</span> <span class='ocrx_word' id='word_1_132' title='bbox 1993 1687 2121 1755; x_wconf 68' lang='lat' dir='ltr'><strong>Quae</strong></span> 
     </span>
    </p>
   </div>
   <div class='ocr_carea' id='block_1_19' title="bbox 2225 485 3808 562">
    <p class='ocr_par' dir='ltr' id='par_1_19' title="bbox 2225 485 3808 562">
     <span class='ocr_line' id='line_1_19' title="bbox 2225 485 3808 562; baseline 0.007 -24"><span class='ocrx_word' id='word_1_133' title='bbox 2225 490 2352 540; x_wconf 88' lang='lat' dir='ltr'><strong>tunc</strong></span> <span class='ocrx_word' id='word_1_134' title='bbox 2375 485 2455 540; x_wconf 96' lang='lat' dir='ltr'><strong>vel</strong></span> <span class='ocrx_word' id='word_1_135' title='bbox 2484 490 2725 545; x_wconf 83' lang='lat' dir='ltr'><strong>maxime</strong></span> <span class='ocrx_word' id='word_1_136' title='bbox 2771 489 2825 545; x_wconf 93' lang='lat' dir='ltr'><strong>in</strong></span> <span class='ocrx_word' id='word_1_137' title='bbox 2873 499 3201 560; x_wconf 86' lang='lat' dir='ltr'><strong>potestatem</strong></span> <span class='ocrx_word' id='word_1_138' title='bbox 3245 490 3296 544; x_wconf 90' lang='lat' dir='ltr'><strong>ei</strong></span> <span class='ocrx_word' id='word_1_139' title='bbox 3345 489 3566 556; x_wconf 91' lang='lat' dir='ltr'><strong>damur,</strong></span> <span class='ocrx_word' id='word_1_140' title='bbox 3599 493 3808 562; x_wconf 87' lang='lat' dir='ltr'><strong>quando</strong></span> 
     </span>
    </p>
   </div>
   <div class='ocr_carea' id='block_1_20' title="bbox 2225 577 3811 650">
    <p class='ocr_par' dir='ltr' id='par_1_20' title="bbox 2225 577 3811 650">
     <span class='ocr_line' id='line_1_20' title="bbox 2225 577 3811 650; baseline 0.008 -19"><span class='ocrx_word' id='word_1_141' title='bbox 2225 591 2326 632; x_wconf 91' lang='lat' dir='ltr'><strong>nec</strong></span> <span class='ocrx_word' id='word_1_142' title='bbox 2355 577 2723 649; x_wconf 87' lang='lat' dir='ltr'><strong>humanitate,</strong></span> <span class='ocrx_word' id='word_1_143' title='bbox 2765 598 2866 640; x_wconf 91' lang='lat' dir='ltr'><strong>nec</strong></span> <span class='ocrx_word' id='word_1_144' title='bbox 2891 583 3186 639; x_wconf 86' lang='lat' dir='ltr'><strong>clementia</strong></span> <span class='ocrx_word' id='word_1_145' title='bbox 3207 625 3222 650; x_wconf 89' lang='lat'><strong>,</strong></span> <span class='ocrx_word' id='word_1_146' title='bbox 3253 598 3355 639; x_wconf 91' lang='lat' dir='ltr'><strong>nec</strong></span> <span class='ocrx_word' id='word_1_147' title='bbox 3395 586 3811 645; x_wconf 88' lang='lat' dir='ltr'><strong>mansuetudine</strong></span> 
     </span>
    </p>
   </div>
   <div class='ocr_carea' id='block_1_21' title="bbox 2223 669 3811 748">
    <p class='ocr_par' dir='ltr' id='par_1_21' title="bbox 2223 669 3811 748">
     <span class='ocr_line' id='line_1_21' title="bbox 2223 669 3811 748; baseline 0.008 -26"><span class='ocrx_word' id='word_1_148' title='bbox 2223 669 2342 738; x_wconf 88' lang='lat' dir='ltr'><strong>ejus</strong></span> <span class='ocrx_word' id='word_1_149' title='bbox 2389 671 2677 738; x_wconf 90' lang='lat' dir='ltr'><strong>vincimur,</strong></span> <span class='ocrx_word' id='word_1_150' title='bbox 2734 690 2894 744; x_wconf 90' lang='lat' dir='ltr'><strong>quem</strong></span> <span class='ocrx_word' id='word_1_151' title='bbox 2946 676 3162 732; x_wconf 88' lang='lat' dir='ltr'><strong>odimus</strong></span> <span class='ocrx_word' id='word_1_152' title='bbox 3205 674 3446 746; x_wconf 75' lang='lat' dir='ltr'><strong>indigne.</strong></span> <span class='ocrx_word' id='word_1_153' title='bbox 3497 676 3637 733; x_wconf 86' lang='lat' dir='ltr'><strong>Huic</strong></span> <span class='ocrx_word' id='word_1_154' title='bbox 3677 677 3811 748; x_wconf 91' lang='lat' dir='ltr'><strong>quod</strong></span> 
     </span>
    </p>
   </div>
   <div class='ocr_carea' id='block_1_22' title="bbox 2224 766 3812 838">
    <p class='ocr_par' dir='ltr' id='par_1_22' title="bbox 2224 766 3812 838">
     <span class='ocr_line' id='line_1_22' title="bbox 2224 766 3812 838; baseline 0.008 -24"><span class='ocrx_word' id='word_1_155' title='bbox 2224 776 2371 817; x_wconf 89' lang='lat' dir='ltr'><strong>nunc</strong></span> <span class='ocrx_word' id='word_1_156' title='bbox 2409 766 2701 834; x_wconf 74' lang='lat' dir='ltr'><strong>pratcepit,</strong></span> <span class='ocrx_word' id='word_1_157' title='bbox 2735 784 2896 838; x_wconf 87' lang='lat' dir='ltr'><strong>neque</strong></span> <span class='ocrx_word' id='word_1_158' title='bbox 2937 768 3108 822; x_wconf 84' lang='lat' dir='ltr'><strong>locum</strong></span> <span class='ocrx_word' id='word_1_159' title='bbox 3158 767 3290 823; x_wconf 85' lang='lat' dir='ltr'><strong>detis</strong></span> <span class='ocrx_word' id='word_1_160' title='bbox 3319 767 3560 835; x_wconf 85' lang='lat' dir='ltr'><strong>diabolo,</strong></span> <span class='ocrx_word' id='word_1_161' title='bbox 3589 767 3720 824; x_wconf 90' lang='lat' dir='ltr'><strong>illud</strong></span> <span class='ocrx_word' id='word_1_162' title='bbox 3748 769 3812 827; x_wconf 83' lang='lat' dir='ltr'><strong>de</strong></span> 
     </span>
    </p>
   </div>
   <div class='ocr_carea' id='block_1_23' title="bbox 2226 852 3812 932">
    <p class='ocr_par' dir='ltr' id='par_1_23' title="bbox 2226 852 3812 932">
     <span class='ocr_line' id='line_1_23' title="bbox 2226 852 3812 932; baseline 0.007 -26"><span class='ocrx_word' id='word_1_163' title='bbox 2226 852 2613 912; x_wconf 87' lang='lat' dir='ltr'><strong>Ecclesiastico</strong></span> <span class='ocrx_word' id='word_1_164' title='bbox 2668 868 3076 928; x_wconf 87' lang='lat' dir='ltr'><strong>comparatur:</strong></span> <span class='ocrx_word' id='word_1_165' title='bbox 3133 859 3193 913; x_wconf 92' lang='lat' dir='ltr'><strong>Si</strong></span> <span class='ocrx_word' id='word_1_166' title='bbox 3245 859 3460 928; x_wconf 82' lang='lat' dir='ltr'><strong>spiritus</strong></span> <span class='ocrx_word' id='word_1_167' title='bbox 3513 869 3812 932; x_wconf 81' lang='lat' dir='ltr'><strong>potestatem</strong></span> 
     </span>
    </p>
   </div>
   <div class='ocr_carea' id='block_1_24' title="bbox 2221 944 3814 1023">
    <p class='ocr_par' dir='ltr' id='par_1_24' title="bbox 2221 944 3814 1023">
     <span class='ocr_line' id='line_1_24' title="bbox 2221 944 3814 1023; baseline 0.009 -26"><span class='ocrx_word' id='word_1_168' title='bbox 2221 944 2456 1002; x_wconf 84' lang='lat' dir='ltr'><strong>habentis</strong></span> <span class='ocrx_word' id='word_1_169' title='bbox 2483 951 2776 1004; x_wconf 74' lang='lat' dir='ltr'><strong>ascenderit</strong></span> <span class='ocrx_word' id='word_1_170' title='bbox 2806 968 2958 1023; x_wconf 88' lang='lat' dir='ltr'><strong>super</strong></span> <span class='ocrx_word' id='word_1_171' title='bbox 2987 962 3058 1017; x_wconf 79' lang='lat' dir='ltr'><strong>te,</strong></span> <span class='ocrx_word' id='word_1_172' title='bbox 3100 953 3271 1006; x_wconf 83' lang='lat' dir='ltr'><strong>locum</strong></span> <span class='ocrx_word' id='word_1_173' title='bbox 3316 962 3464 1006; x_wconf 86' lang='lat' dir='ltr'><strong>tuum</strong></span> <span class='ocrx_word' id='word_1_174' title='bbox 3505 970 3572 1009; x_wconf 83' lang='lat' dir='ltr'><strong>ne</strong></span> <span class='ocrx_word' id='word_1_175' title='bbox 3620 954 3814 1012; x_wconf 75' lang='lat' dir='ltr'><strong>dederis</strong></span> 
     </span>
    </p>
   </div>
   <div class='ocr_carea' id='block_1_25' title="bbox 2222 1037 3815 1114">
    <p class='ocr_par' dir='ltr' id='par_1_25' title="bbox 2222 1037 3815 1114">
     <span class='ocr_line' id='line_1_25' title="bbox 2222 1037 3815 1114; baseline 0.009 -25"><span class='ocrx_word' id='word_1_176' title='bbox 2222 1039 2268 1090; x_wconf 89' lang='lat' dir='ltr'><strong>ei</strong></span> <span class='ocrx_word' id='word_1_177' title='bbox 2301 1037 2490 1108; x_wconf 87' lang='lat' dir='ltr'><strong>(Eccli.</strong></span> <span class='ocrx_word' id='word_1_178' title='bbox 2519 1056 2574 1109; x_wconf 72' lang='grc' dir='ltr'>ι,</span> <span class='ocrx_word' id='word_1_179' title='bbox 2609 1041 2691 1109; x_wconf 77' lang='grc'><strong>4).</strong></span> <span class='ocrx_word' id='word_1_180' title='bbox 2725 1041 2827 1098; x_wconf 84' lang='lat' dir='ltr'><strong>Ille</strong></span> <span class='ocrx_word' id='word_1_181' title='bbox 2857 1044 3129 1114; x_wconf 89' lang='lat' dir='ltr'><strong>superbus</strong></span> <span class='ocrx_word' id='word_1_182' title='bbox 3159 1045 3559 1101; x_wconf 90' lang='lat' dir='ltr'><strong>ettemerarius</strong></span> <span class='ocrx_word' id='word_1_183' title='bbox 3593 1048 3710 1103; x_wconf 83' lang='lat' dir='ltr'><strong>vult</strong></span> <span class='ocrx_word' id='word_1_184' title='bbox 3734 1063 3815 1104; x_wconf 56' lang='lat' dir='ltr'><strong>asc</strong></span> 
     </span>
    </p>
   </div>
   <div class='ocr_carea' id='block_1_26' title="bbox 2222 1128 3816 1209">
    <p class='ocr_par' dir='ltr' id='par_1_26' title="bbox 2222 1128 3816 1209">
     <span class='ocr_line' id='line_1_26' title="bbox 2222 1128 3816 1209; baseline 0.008 -27"><span class='ocrx_word' id='word_1_185' title='bbox 2222 1128 2477 1195; x_wconf 88' lang='lat' dir='ltr'><strong>cendere,</strong></span> <span class='ocrx_word' id='word_1_186' title='bbox 2509 1132 2628 1186; x_wconf 93' lang='lat' dir='ltr'><strong>vult</strong></span> <span class='ocrx_word' id='word_1_187' title='bbox 2657 1133 2842 1188; x_wconf 90' lang='lat' dir='ltr'><strong>subire</strong></span> <span class='ocrx_word' id='word_1_188' title='bbox 2873 1152 2884 1187; x_wconf 92' lang='lat'>:</span> <span class='ocrx_word' id='word_1_189' title='bbox 2913 1134 3008 1190; x_wconf 91' lang='lat' dir='ltr'><strong>sed</strong></span> <span class='ocrx_word' id='word_1_190' title='bbox 3033 1134 3196 1190; x_wconf 90' lang='lat' dir='ltr'><strong>etiam</strong></span> <span class='ocrx_word' id='word_1_191' title='bbox 3221 1137 3264 1190; x_wconf 91' lang='lat' dir='ltr'><strong>si</strong></span> <span class='ocrx_word' id='word_1_192' title='bbox 3291 1146 3342 1191; x_wconf 93' lang='lat' dir='ltr'><strong>te</strong></span> <span class='ocrx_word' id='word_1_193' title='bbox 3363 1152 3693 1207; x_wconf 91' lang='lat' dir='ltr'><strong>oppressum</strong></span> <span class='ocrx_word' id='word_1_194' title='bbox 3723 1155 3816 1209; x_wconf 61' lang='lat' dir='ltr'><strong>puo</strong></span> 
     </span>
    </p>
   </div>
   <div class='ocr_carea' id='block_1_27' title="bbox 2225 1223 3816 1294">
    <p class='ocr_par' dir='ltr' id='par_1_27' title="bbox 2225 1223 3816 1294">
     <span class='ocr_line' id='line_1_27' title="bbox 2225 1223 3816 1294; baseline 0.008 -20"><span class='ocrx_word' id='word_1_195' title='bbox 2225 1223 2440 1292; x_wconf 79' lang='lat' dir='ltr'><strong>laverit,</strong></span> <span class='ocrx_word' id='word_1_196' title='bbox 2475 1232 2530 1279; x_wconf 89' lang='lat' dir='ltr'><strong>et</strong></span> <span class='ocrx_word' id='word_1_197' title='bbox 2571 1240 2630 1279; x_wconf 91' lang='lat' dir='ltr'><strong>se</strong></span> <span class='ocrx_word' id='word_1_198' title='bbox 2651 1224 2958 1294; x_wconf 77' lang='lat' dir='ltr'><strong>extulerit,</strong></span> <span class='ocrx_word' id='word_1_199' title='bbox 3013 1239 3070 1282; x_wconf 93' lang='lat' dir='ltr'><strong>tu</strong></span> <span class='ocrx_word' id='word_1_200' title='bbox 3103 1243 3171 1284; x_wconf 92' lang='lat' dir='ltr'><strong>ne</strong></span> <span class='ocrx_word' id='word_1_201' title='bbox 3221 1229 3444 1286; x_wconf 90' lang='lat' dir='ltr'><strong>dederis</strong></span> <span class='ocrx_word' id='word_1_202' title='bbox 3482 1230 3684 1287; x_wconf 93' lang='lat' dir='ltr'><strong>locum.</strong></span> <span class='ocrx_word' id='word_1_203' title='bbox 3717 1231 3816 1287; x_wconf 73' lang='lat' dir='ltr'><strong>Po~</strong></span> 
     </span>
    </p>
   </div>
   <div class='ocr_carea' id='block_1_28' title="bbox 2225 1317 3818 1397">
    <p class='ocr_par' dir='ltr' id='par_1_28' title="bbox 2225 1317 3818 1397">
     <span class='ocr_line' id='line_1_28' title="bbox 2225 1317 3818 1397; baseline 0.009 -30"><span class='ocrx_word' id='word_1_204' title='bbox 2225 1323 2392 1368; x_wconf 90' lang='lat' dir='ltr'><strong>testas</strong></span> <span class='ocrx_word' id='word_1_205' title='bbox 2419 1317 2620 1387; x_wconf 88' lang='lat' dir='ltr'><strong>quippe</strong></span> <span class='ocrx_word' id='word_1_206' title='bbox 2644 1317 2870 1385; x_wconf 90' lang='lat' dir='ltr'><strong>diaboli,</strong></span> <span class='ocrx_word' id='word_1_207' title='bbox 2908 1335 3014 1376; x_wconf 93' lang='lat' dir='ltr'><strong>non</strong></span> <span class='ocrx_word' id='word_1_208' title='bbox 3045 1321 3098 1376; x_wconf 93' lang='lat' dir='ltr'><strong>in</strong></span> <span class='ocrx_word' id='word_1_209' title='bbox 3134 1323 3443 1379; x_wconf 85' lang='lat' dir='ltr'><strong>temeritate</strong></span> <span class='ocrx_word' id='word_1_210' title='bbox 3470 1323 3622 1381; x_wconf 90' lang='lat' dir='ltr'><strong>illius</strong></span> <span class='ocrx_word' id='word_1_211' title='bbox 3656 1333 3818 1397; x_wconf 84' lang='lat' dir='ltr'><strong>atque</strong></span> 
     </span>
    </p>
   </div>
   <div class='ocr_carea' id='block_1_29' title="bbox 2217 1405 3279 1476">
    <p class='ocr_par' dir='ltr' id='par_1_29' title="bbox 2217 1405 3279 1476">
     <span class='ocr_line' id='line_1_29' title="bbox 2217 1405 3279 1476; baseline 0.008 -15"><span class='ocrx_word' id='word_1_212' title='bbox 2217 1405 2510 1476; x_wconf 79' lang='lat' dir='ltr'><strong>iactantia,</strong></span> <span class='ocrx_word' id='word_1_213' title='bbox 2542 1411 2637 1466; x_wconf 89' lang='lat' dir='ltr'><strong>scd</strong></span> <span class='ocrx_word' id='word_1_214' title='bbox 2668 1412 2721 1466; x_wconf 92' lang='lat' dir='ltr'><strong>io</strong></span> <span class='ocrx_word' id='word_1_215' title='bbox 2755 1422 2843 1468; x_wconf 88' lang='lat' dir='ltr'><strong>tua</strong></span> <span class='ocrx_word' id='word_1_216' title='bbox 2871 1423 2954 1470; x_wconf 92' lang='lat' dir='ltr'><strong>est</strong></span> <span class='ocrx_word' id='word_1_217' title='bbox 2983 1415 3279 1472; x_wconf 88' lang='lat' dir='ltr'><strong>voluntate.</strong></span> 
     </span>
    </p>
   </div>
   <div class='ocr_carea' id='block_1_30' title="bbox 2295 1500 3816 1584">
    <p class='ocr_par' dir='ltr' id='par_1_30' title="bbox 2295 1500 3816 1584">
     <span class='ocr_line' id='line_1_30' title="bbox 2295 1500 3816 1584; baseline 0.01 -30"><span class='ocrx_word' id='word_1_218' title='bbox 2295 1500 2483 1572; x_wconf 86' lang='lat' dir='ltr'><strong>(Vers.</strong></span> <span class='ocrx_word' id='word_1_219' title='bbox 2515 1503 2636 1575; x_wconf 71' lang='lat'><strong>28.)</strong></span> <span class='ocrx_word' id='word_1_220' title='bbox 2685 1505 2788 1574; x_wconf 88' lang='lat' dir='ltr'><strong>Qui</strong></span> <span class='ocrx_word' id='word_1_221' title='bbox 2820 1509 3114 1579; x_wconf 80' lang='lat' dir='ltr'><strong>furabatur,</strong></span> <span class='ocrx_word' id='word_1_222' title='bbox 3138 1513 3259 1582; x_wconf 89' lang='lat' dir='ltr'><strong>jam</strong></span> <span class='ocrx_word' id='word_1_223' title='bbox 3301 1527 3405 1565; x_wconf 92' lang='lat' dir='ltr'><strong>non</strong></span> <span class='ocrx_word' id='word_1_224' title='bbox 3436 1514 3675 1584; x_wconf 82' lang='lat' dir='ltr'><strong>furetur:</strong></span> <span class='ocrx_word' id='word_1_225' title='bbox 3703 1531 3816 1569; x_wconf 84' lang='lat' dir='ltr'><strong>ma-</strong></span> 
     </span>
    </p>
   </div>
   <div class='ocr_carea' id='block_1_31' title="bbox 2222 1592 3816 1670">
    <p class='ocr_par' dir='ltr' id='par_1_31' title="bbox 2222 1592 3816 1670">
     <span class='ocr_line' id='line_1_31' title="bbox 2222 1592 3816 1670; baseline 0.01 -25"><span class='ocrx_word' id='word_1_226' title='bbox 2222 1592 2301 1661; x_wconf 89' lang='lat' dir='ltr'><strong>gis</strong></span> <span class='ocrx_word' id='word_1_227' title='bbox 2327 1603 2497 1648; x_wconf 87' lang='lat' dir='ltr'><strong>autem</strong></span> <span class='ocrx_word' id='word_1_228' title='bbox 2529 1596 2749 1664; x_wconf 83' lang='lat' dir='ltr'><strong>laboret,</strong></span> <span class='ocrx_word' id='word_1_229' title='bbox 2778 1601 3043 1670; x_wconf 85' lang='lat' dir='ltr'><strong>aperando</strong></span> <span class='ocrx_word' id='word_1_230' title='bbox 3071 1603 3308 1657; x_wconf 88' lang='lat' dir='ltr'><strong>manibus</strong></span> <span class='ocrx_word' id='word_1_231' title='bbox 3335 1605 3444 1658; x_wconf 86' lang='lat' dir='ltr'><strong>suis</strong></span> <span class='ocrx_word' id='word_1_232' title='bbox 3465 1605 3600 1669; x_wconf 87' lang='lat' dir='ltr'><strong>quod</strong></span> <span class='ocrx_word' id='word_1_233' title='bbox 3626 1607 3816 1661; x_wconf 87' lang='lat' dir='ltr'><strong>bonum</strong></span> 
     </span>
    </p>
   </div>
   <div class='ocr_carea' id='block_1_32' title="bbox 2223 1691 3818 1768">
    <p class='ocr_par' dir='ltr' id='par_1_32' title="bbox 2223 1691 3818 1768">
     <span class='ocr_line' id='line_1_32' title="bbox 2223 1691 3818 1768; baseline 0.011 -32"><span class='ocrx_word' id='word_1_234' title='bbox 2223 1693 2297 1737; x_wconf 82' lang='lat' dir='ltr'><strong>est</strong></span> <span class='ocrx_word' id='word_1_235' title='bbox 2326 1700 2345 1738; x_wconf 91' lang='lat'><strong><em>:</em></strong></span> <span class='ocrx_word' id='word_1_236' title='bbox 2373 1695 2431 1739; x_wconf 88' lang='lat' dir='ltr'><strong>ut</strong></span> <span class='ocrx_word' id='word_1_237' title='bbox 2460 1691 2641 1742; x_wconf 84' lang='lat' dir='ltr'><strong>habeat</strong></span> <span class='ocrx_word' id='word_1_238' title='bbox 2684 1693 3066 1746; x_wconf 84' lang='lat' dir='ltr'><strong>communicare</strong></span> <span class='ocrx_word' id='word_1_239' title='bbox 3109 1694 3156 1746; x_wconf 90' lang='lat' dir='ltr'><strong>ei</strong></span> <span class='ocrx_word' id='word_1_240' title='bbox 3180 1695 3268 1764; x_wconf 90' lang='lat' dir='ltr'><strong>qui</strong></span> <span class='ocrx_word' id='word_1_241' title='bbox 3316 1695 3538 1768; x_wconf 76' lang='lat' dir='ltr'><strong>indiget.</strong></span> <span class='ocrx_word' id='word_1_242' title='bbox 3578 1695 3713 1764; x_wconf 86' lang='lat' dir='ltr'><strong>Quia</strong></span> <span class='ocrx_word' id='word_1_243' title='bbox 3763 1697 3818 1753; x_wconf 88' lang='lat' dir='ltr'><strong>bi</strong></span> 
     </span>
    </p>
   </div>
   <div class='ocr_carea' id='block_1_33' title="bbox 527 1773 3818 1861">
    <p class='ocr_par' dir='ltr' id='par_1_33' title="bbox 527 1773 3818 1861">
     <span class='ocr_line' id='line_1_33' title="bbox 527 1773 3818 1861; baseline 0.003 -29"><span class='ocrx_word' id='word_1_244' title='bbox 527 1778 699 1833; x_wconf 88' lang='lat' dir='ltr'><strong>dicitis</strong></span> <span class='ocrx_word' id='word_1_245' title='bbox 728 1780 784 1834; x_wconf 88' lang='lat' dir='ltr'><strong>in</strong></span> <span class='ocrx_word' id='word_1_246' title='bbox 822 1780 1066 1836; x_wconf 86' lang='lat' dir='ltr'><strong>cordibus</strong></span> <span class='ocrx_word' id='word_1_247' title='bbox 1098 1782 1299 1850; x_wconf 83' lang='lat' dir='ltr'><strong>vestris,</strong></span> <span class='ocrx_word' id='word_1_248' title='bbox 1321 1790 1373 1838; x_wconf 88' lang='lat' dir='ltr'><strong>et</strong></span> <span class='ocrx_word' id='word_1_249' title='bbox 1402 1783 1457 1835; x_wconf 90' lang='lat' dir='ltr'><strong>in</strong></span> <span class='ocrx_word' id='word_1_250' title='bbox 1486 1781 1741 1837; x_wconf 83' lang='lat' dir='ltr'><strong>cubilibus</strong></span> <span class='ocrx_word' id='word_1_251' title='bbox 1773 1783 1952 1836; x_wconf 82' lang='lat' dir='ltr'><strong>vestris</strong></span> <span class='ocrx_word' id='word_1_252' title='bbox 1981 1799 2122 1837; x_wconf 87' lang='lat' dir='ltr'><strong>com-</strong></span> <span class='ocrx_word' id='word_1_253' title='bbox 2153 1773 2200 1832; x_wconf 91' lang='lat' dir='ltr'><strong>B</strong></span> <span class='ocrx_word' id='word_1_254' title='bbox 2226 1778 2316 1847; x_wconf 94' lang='lat' dir='ltr'><strong>qui</strong></span> <span class='ocrx_word' id='word_1_255' title='bbox 2355 1781 2406 1834; x_wconf 92' lang='lat' dir='ltr'><strong>in</strong></span> <span class='ocrx_word' id='word_1_256' title='bbox 2459 1781 2588 1836; x_wconf 75' lang='lat' dir='ltr'><strong>\‘iltB</strong></span> <span class='ocrx_word' id='word_1_257' title='bbox 2631 1782 2788 1837; x_wconf 75' lang='lat' dir='ltr'><strong>istius</strong></span> <span class='ocrx_word' id='word_1_258' title='bbox 2839 1784 3072 1854; x_wconf 83' lang='lat' dir='ltr'><strong>negotiis</strong></span> <span class='ocrx_word' id='word_1_259' title='bbox 3123 1797 3542 1854; x_wconf 83' lang='lat' dir='ltr'><strong>eonversantur,</strong></span> <span class='ocrx_word' id='word_1_260' title='bbox 3593 1799 3818 1861; x_wconf 88' lang='lat' dir='ltr'><strong>propter</strong></span> 
     </span>
    </p>
   </div>
   <div class='ocr_carea' id='block_1_34' title="bbox 529 1871 2116 1947">
    <p class='ocr_par' dir='ltr' id='par_1_34' title="bbox 529 1871 2116 1947">
     <span class='ocr_line' id='line_1_34' title="bbox 529 1871 2116 1947; baseline 0.005 -22"><span class='ocrx_word' id='word_1_261' title='bbox 529 1873 818 1944; x_wconf 83' lang='lat' dir='ltr'><strong>pungimini</strong></span> <span class='ocrx_word' id='word_1_262' title='bbox 842 1871 1016 1945; x_wconf 83' lang='lat' dir='ltr'><strong>(Psal.</strong></span> <span class='ocrx_word' id='word_1_263' title='bbox 1050 1890 1124 1940; x_wconf 91' lang='lat' dir='ltr'><strong>tv,</strong></span> <span class='ocrx_word' id='word_1_264' title='bbox 1158 1874 1235 1947; x_wconf 81' lang='lat'><strong>5),</strong></span> <span class='ocrx_word' id='word_1_265' title='bbox 1271 1875 1323 1930; x_wconf 89' lang='lat' dir='ltr'><strong>id</strong></span> <span class='ocrx_word' id='word_1_266' title='bbox 1354 1884 1461 1942; x_wconf 92' lang='lat' dir='ltr'><strong>est,</strong></span> <span class='ocrx_word' id='word_1_267' title='bbox 1491 1891 1846 1947; x_wconf 59' lang='lat' dir='ltr'><strong>quaecumque</strong></span> <span class='ocrx_word' id='word_1_268' title='bbox 1893 1877 1945 1931; x_wconf 94' lang='lat' dir='ltr'><strong>in</strong></span> <span class='ocrx_word' id='word_1_269' title='bbox 1994 1875 2116 1946; x_wconf 88' lang='lat' dir='ltr'><strong>die,</strong></span> 
     </span>
    </p>
   </div>
   <div class='ocr_carea' id='block_1_35' title="bbox 526 1963 2120 2042">
    <p class='ocr_par' dir='ltr' id='par_1_35' title="bbox 526 1963 2120 2042">
     <span class='ocr_line' id='line_1_35' title="bbox 526 1963 2120 2042; baseline 0.005 -24"><span class='ocrx_word' id='word_1_270' title='bbox 526 1963 617 2019; x_wconf 91' lang='lat' dir='ltr'><strong>vel</strong></span> <span class='ocrx_word' id='word_1_271' title='bbox 666 1980 864 2036; x_wconf 88' lang='lat' dir='ltr'><strong>opere,</strong></span> <span class='ocrx_word' id='word_1_272' title='bbox 914 1967 999 2022; x_wconf 91' lang='lat' dir='ltr'><strong>vel</strong></span> <span class='ocrx_word' id='word_1_273' title='bbox 1043 1982 1331 2038; x_wconf 88' lang='lat' dir='ltr'><strong>sermone,</strong></span> <span class='ocrx_word' id='word_1_274' title='bbox 1366 1969 1450 2025; x_wconf 90' lang='lat' dir='ltr'><strong>vel</strong></span> <span class='ocrx_word' id='word_1_275' title='bbox 1481 1970 1816 2041; x_wconf 79' lang='lat' dir='ltr'><strong>cogitatioiie</strong></span> <span class='ocrx_word' id='word_1_276' title='bbox 1849 1973 2120 2042; x_wconf 90' lang='lat' dir='ltr'><strong>peccatis,</strong></span> 
     </span>
    </p>
   </div>
   <div class='ocr_carea' id='block_1_36' title="bbox 527 2054 2124 2134">
    <p class='ocr_par' dir='ltr' id='par_1_36' title="bbox 527 2054 2124 2134">
     <span class='ocr_line' id='line_1_36' title="bbox 527 2054 2124 2134; baseline 0.004 -23"><span class='ocrx_word' id='word_1_277' title='bbox 527 2054 644 2111; x_wconf 75' lang='lat' dir='ltr'><strong>lure</strong></span> <span class='ocrx_word' id='word_1_278' title='bbox 675 2057 1003 2115; x_wconf 85' lang='lat' dir='ltr'><strong>succedente</strong></span> <span class='ocrx_word' id='word_1_279' title='bbox 1033 2061 1349 2129; x_wconf 68' lang='lat' dir='ltr'><strong>pwnitentia</strong></span> <span class='ocrx_word' id='word_1_280' title='bbox 1380 2073 1610 2132; x_wconf 78' lang='lat' dir='ltr'><strong>purgate</strong></span> <span class='ocrx_word' id='word_1_281' title='bbox 1640 2078 1738 2134; x_wconf 89' lang='lat' dir='ltr'><strong>per</strong></span> <span class='ocrx_word' id='word_1_282' title='bbox 1771 2073 1988 2118; x_wconf 92' lang='lat' dir='ltr'><strong>noctem</strong></span> <span class='ocrx_word' id='word_1_283' title='bbox 2028 2082 2038 2117; x_wconf 90' lang='lat'>:</span> <span class='ocrx_word' id='word_1_284' title='bbox 2068 2073 2124 2119; x_wconf 93' lang='lat' dir='ltr'><strong>et</strong></span> 
     </span>
    </p>
   </div>
   <div class='ocr_carea' id='block_1_37' title="bbox 525 2147 2016 2214">
    <p class='ocr_par' dir='ltr' id='par_1_37' title="bbox 525 2147 2016 2214">
     <span class='ocr_line' id='line_1_37' title="bbox 525 2147 2016 2214; baseline 0.001 -9"><span class='ocrx_word' id='word_1_285' title='bbox 525 2147 606 2205; x_wconf 89' lang='lat' dir='ltr'><strong>ira</strong></span> <span class='ocrx_word' id='word_1_286' title='bbox 639 2149 709 2206; x_wconf 84' lang='lat' dir='ltr'><strong>sit</strong></span> <span class='ocrx_word' id='word_1_287' title='bbox 737 2149 940 2214; x_wconf 88' lang='lat' dir='ltr'><strong>brevis,</strong></span> <span class='ocrx_word' id='word_1_288' title='bbox 973 2168 1073 2207; x_wconf 91' lang='lat' dir='ltr'><strong>nec</strong></span> <span class='ocrx_word' id='word_1_289' title='bbox 1103 2154 1156 2207; x_wconf 92' lang='lat' dir='ltr'><strong>in</strong></span> <span class='ocrx_word' id='word_1_290' title='bbox 1189 2154 1334 2209; x_wconf 89' lang='lat' dir='ltr'><strong>diem</strong></span> <span class='ocrx_word' id='word_1_291' title='bbox 1361 2154 1666 2209; x_wconf 86' lang='lat' dir='ltr'><strong>crastinum</strong></span> <span class='ocrx_word' id='word_1_292' title='bbox 1698 2155 2016 2210; x_wconf 80' lang='lat' dir='ltr'><strong>differatur.</strong></span> 
     </span>
    </p>
   </div>
   <div class='ocr_carea' id='block_1_38' title="bbox 597 2241 2119 2316">
    <p class='ocr_par' dir='ltr' id='par_1_38' title="bbox 597 2241 2119 2316">
     <span class='ocr_line' id='line_1_38' title="bbox 597 2241 2119 2316; baseline 0.006 -21"><span class='ocrx_word' id='word_1_293' title='bbox 597 2241 779 2313; x_wconf 82' lang='lat' dir='ltr'><strong>(Vers.</strong></span> <span class='ocrx_word' id='word_1_294' title='bbox 807 2241 930 2316; x_wconf 72' lang='lat'><strong>27.)</strong></span> <span class='ocrx_word' id='word_1_295' title='bbox 977 2243 1160 2312; x_wconf 81' lang='lat' dir='ltr'><strong>Neque</strong></span> <span class='ocrx_word' id='word_1_296' title='bbox 1186 2245 1356 2298; x_wconf 89' lang='lat' dir='ltr'><strong>locum</strong></span> <span class='ocrx_word' id='word_1_297' title='bbox 1400 2245 1532 2299; x_wconf 89' lang='lat' dir='ltr'><strong>detis</strong></span> <span class='ocrx_word' id='word_1_298' title='bbox 1572 2246 1803 2300; x_wconf 85' lang='lat' dir='ltr'><strong>diabolo.</strong></span> <span class='ocrx_word' id='word_1_299' title='bbox 1855 2246 2119 2304; x_wconf 86' lang='lat' dir='ltr'><strong>Diabolus</strong></span> 
     </span>
    </p>
   </div>
   <div class='ocr_carea' id='block_1_39' title="bbox 525 2333 2118 2408">
    <p class='ocr_par' dir='ltr' id='par_1_39' title="bbox 525 2333 2118 2408">
     <span class='ocr_line' id='line_1_39' title="bbox 525 2333 2118 2408; baseline 0.004 -19"><span class='ocrx_word' id='word_1_300' title='bbox 525 2333 775 2390; x_wconf 69' lang='lat' dir='ltr'><strong>Graecum</strong></span> <span class='ocrx_word' id='word_1_301' title='bbox 809 2337 1036 2392; x_wconf 89' lang='lat' dir='ltr'><strong>verbum</strong></span> <span class='ocrx_word' id='word_1_302' title='bbox 1069 2346 1174 2400; x_wconf 88' lang='lat' dir='ltr'><strong>est,</strong></span> <span class='ocrx_word' id='word_1_303' title='bbox 1225 2337 1369 2408; x_wconf 92' lang='lat' dir='ltr'><strong>quod</strong></span> <span class='ocrx_word' id='word_1_304' title='bbox 1402 2337 1593 2394; x_wconf 90' lang='lat' dir='ltr'><strong>Latine</strong></span> <span class='ocrx_word' id='word_1_305' title='bbox 1639 2338 1840 2395; x_wconf 90' lang='lat' dir='ltr'><strong>dicitur</strong></span> <span class='ocrx_word' id='word_1_306' title='bbox 1867 2341 2118 2396; x_wconf 88' lang='lat' dir='ltr'><strong>crimina-</strong></span> 
     </span>
    </p>
   </div>
   <div class='ocr_carea' id='block_1_40' title="bbox 527 2429 2118 2502">
    <p class='ocr_par' dir='ltr' id='par_1_40' title="bbox 527 2429 2118 2502">
     <span class='ocr_line' id='line_1_40' title="bbox 527 2429 2118 2502; baseline 0.006 -20"><span class='ocrx_word' id='word_1_307' title='bbox 527 2436 608 2482; x_wconf 89' lang='lat' dir='ltr'><strong>tor</strong></span> <span class='ocrx_word' id='word_1_308' title='bbox 639 2445 658 2482; x_wconf 88' lang='lat'><strong><em>:</em></strong></span> <span class='ocrx_word' id='word_1_309' title='bbox 687 2429 873 2499; x_wconf 90' lang='lat' dir='ltr'><strong>lingua</strong></span> <span class='ocrx_word' id='word_1_310' title='bbox 925 2445 1054 2486; x_wconf 91' lang='lat' dir='ltr'><strong>vero</strong></span> <span class='ocrx_word' id='word_1_311' title='bbox 1092 2431 1322 2486; x_wconf 69' lang='lat' dir='ltr'><strong>Hebraea</strong></span> <span class='ocrx_word' id='word_1_312' title='bbox 1361 2431 1529 2487; x_wconf 89' lang='lat' dir='ltr'><strong>Satan</strong></span> <span class='ocrx_word' id='word_1_313' title='bbox 1556 2433 1890 2502; x_wconf 82' lang='lat' dir='ltr'><strong>appellatur,</strong></span> <span class='ocrx_word' id='word_1_314' title='bbox 1924 2434 1974 2489; x_wconf 91' lang='lat' dir='ltr'><strong>id</strong></span> <span class='ocrx_word' id='word_1_315' title='bbox 2001 2444 2118 2502; x_wconf 91' lang='lat' dir='ltr'><strong>est,</strong></span> 
     </span>
    </p>
   </div>
   <div class='ocr_carea' id='block_1_41' title="bbox 528 2520 2122 2597">
    <p class='ocr_par' dir='ltr' id='par_1_41' title="bbox 528 2520 2122 2597">
     <span class='ocr_line' id='line_1_41' title="bbox 528 2520 2122 2597; baseline 0.006 -25"><span class='ocrx_word' id='word_1_316' title='bbox 528 2520 888 2589; x_wconf 83' lang='lat' dir='ltr'><strong>adversarius,</strong></span> <span class='ocrx_word' id='word_1_317' title='bbox 941 2523 1056 2579; x_wconf 87' lang='lat' dir='ltr'><strong>sive</strong></span> <span class='ocrx_word' id='word_1_318' title='bbox 1104 2526 1437 2580; x_wconf 89' lang='lat' dir='ltr'><strong>contrarius:</strong></span> <span class='ocrx_word' id='word_1_319' title='bbox 1490 2535 1546 2580; x_wconf 91' lang='lat' dir='ltr'><strong>et</strong></span> <span class='ocrx_word' id='word_1_320' title='bbox 1594 2526 1663 2581; x_wconf 90' lang='lat' dir='ltr'><strong>ab</strong></span> <span class='ocrx_word' id='word_1_321' title='bbox 1712 2527 1979 2597; x_wconf 78' lang='lat' dir='ltr'><strong>Apostolo</strong></span> <span class='ocrx_word' id='word_1_322' title='bbox 2021 2527 2122 2582; x_wconf 86' lang='lat' dir='ltr'><strong>Be-</strong></span> 
     </span>
    </p>
   </div>
   <div class='ocr_carea' id='block_1_42' title="bbox 528 2611 2120 2694">
    <p class='ocr_par' dir='ltr' id='par_1_42' title="bbox 528 2611 2120 2694">
     <span class='ocr_line' id='line_1_42' title="bbox 528 2611 2120 2694; baseline 0.008 -29"><span class='ocrx_word' id='word_1_323' title='bbox 528 2611 622 2668; x_wconf 88' lang='lat' dir='ltr'><strong>lial</strong></span> <span class='ocrx_word' id='word_1_324' title='bbox 655 2613 722 2686; x_wconf 90' lang='lat' dir='ltr'><strong>(ll</strong></span> <span class='ocrx_word' id='word_1_325' title='bbox 754 2612 874 2671; x_wconf 87' lang='lat' dir='ltr'><strong>Cor.</strong></span> <span class='ocrx_word' id='word_1_326' title='bbox 921 2616 1018 2688; x_wconf 88' lang='lat' dir='ltr'><strong>vt),</strong></span> <span class='ocrx_word' id='word_1_327' title='bbox 1067 2616 1095 2656; x_wconf 72' lang='grc' dir='ltr'>δ</span> <span class='ocrx_word' id='word_1_328' title='bbox 1148 2619 1251 2674; x_wconf 86' lang='lat' dir='ltr'><strong>hoc</strong></span> <span class='ocrx_word' id='word_1_329' title='bbox 1290 2629 1407 2689; x_wconf 90' lang='lat' dir='ltr'><strong>est,</strong></span> <span class='ocrx_word' id='word_1_330' title='bbox 1457 2622 1647 2693; x_wconf 84' lang='lat' dir='ltr'><strong>absque</strong></span> <span class='ocrx_word' id='word_1_331' title='bbox 1685 2626 1817 2694; x_wconf 80' lang='lat' dir='ltr'><strong>jugo</strong></span> <span class='ocrx_word' id='word_1_332' title='bbox 1867 2623 2012 2694; x_wconf 90' lang='lat' dir='ltr'><strong>quod</strong></span> <span class='ocrx_word' id='word_1_333' title='bbox 2050 2624 2120 2679; x_wconf 92' lang='lat' dir='ltr'><strong>de</strong></span> 
     </span>
    </p>
   </div>
   <div class='ocr_carea' id='block_1_43' title="bbox 527 2705 2118 2786">
    <p class='ocr_par' dir='ltr' id='par_1_43' title="bbox 527 2705 2118 2786">
     <span class='ocr_line' id='line_1_43' title="bbox 527 2705 2118 2786; baseline 0.008 -27"><span class='ocrx_word' id='word_1_334' title='bbox 527 2705 669 2760; x_wconf 82' lang='lat' dir='ltr'><strong>collo</strong></span> <span class='ocrx_word' id='word_1_335' title='bbox 717 2720 818 2762; x_wconf 92' lang='lat' dir='ltr'><strong>suo</strong></span> <span class='ocrx_word' id='word_1_336' title='bbox 866 2708 959 2764; x_wconf 90' lang='lat' dir='ltr'><strong>Dei</strong></span> <span class='ocrx_word' id='word_1_337' title='bbox 1006 2709 1266 2780; x_wconf 79' lang='lat' dir='ltr'><strong>abiecerit</strong></span> <span class='ocrx_word' id='word_1_338' title='bbox 1309 2705 1667 2767; x_wconf 80' lang='lat' dir='ltr'><strong>servitutem:</strong></span> <span class='ocrx_word' id='word_1_339' title='bbox 1718 2729 1879 2786; x_wconf 86' lang='lat' dir='ltr'><strong>quem</strong></span> <span class='ocrx_word' id='word_1_340' title='bbox 1925 2717 2118 2786; x_wconf 81' lang='lat' dir='ltr'><strong>Aquila</strong></span> 
     </span>
    </p>
   </div>
   <div class='ocr_carea' id='block_1_44' title="bbox 528 2802 2120 2876">
    <p class='ocr_par' dir='ltr' id='par_1_44' title="bbox 528 2802 2120 2876">
     <span class='ocr_line' id='line_1_44' title="bbox 528 2802 2120 2876; baseline 0.006 -24"><span class='ocrx_word' id='word_1_341' title='bbox 528 2808 819 2868; x_wconf 84' lang='lat' dir='ltr'><strong>apostatam</strong></span> <span class='ocrx_word' id='word_1_342' title='bbox 852 2804 1148 2858; x_wconf 87' lang='lat' dir='ltr'><strong>transtulit.</strong></span> <span class='ocrx_word' id='word_1_343' title='bbox 1176 2802 1242 2858; x_wconf 88' lang='lat' dir='ltr'><strong>Et</strong></span> <span class='ocrx_word' id='word_1_344' title='bbox 1269 2803 1550 2859; x_wconf 91' lang='lat' dir='ltr'><strong>sciendum</strong></span> <span class='ocrx_word' id='word_1_345' title='bbox 1584 2805 1913 2876; x_wconf 84' lang='lat' dir='ltr'><strong>ubicumque</strong></span> <span class='ocrx_word' id='word_1_346' title='bbox 1944 2808 1995 2862; x_wconf 91' lang='lat' dir='ltr'><strong>in</strong></span> <span class='ocrx_word' id='word_1_347' title='bbox 2029 2823 2120 2862; x_wconf 80' lang='lat' dir='ltr'><strong>ve-</strong></span> 
     </span>
    </p>
   </div>
   <div class='ocr_carea' id='block_1_45' title="bbox 529 2892 2121 2966">
    <p class='ocr_par' dir='ltr' id='par_1_45' title="bbox 529 2892 2121 2966">
     <span class='ocr_line' id='line_1_45' title="bbox 529 2892 2121 2966; baseline 0.007 -21"><span class='ocrx_word' id='word_1_348' title='bbox 529 2892 627 2946; x_wconf 84' lang='lat' dir='ltr'><strong>teri</strong></span> <span class='ocrx_word' id='word_1_349' title='bbox 660 2892 799 2963; x_wconf 82' lang='lat' dir='ltr'><strong>Lege</strong></span> <span class='ocrx_word' id='word_1_350' title='bbox 825 2895 926 2964; x_wconf 79' lang='lat' dir='ltr'><strong>ﬁlii</strong></span> <span class='ocrx_word' id='word_1_351' title='bbox 954 2897 1269 2958; x_wconf 77' lang='lat' dir='ltr'><strong>pestilentia:</strong></span> <span class='ocrx_word' id='word_1_352' title='bbox 1295 2899 1630 2966; x_wconf 82' lang='lat' dir='ltr'><strong>scribantur,</strong></span> <span class='ocrx_word' id='word_1_353' title='bbox 1665 2900 1805 2955; x_wconf 90' lang='lat' dir='ltr'><strong>sicut</strong></span> <span class='ocrx_word' id='word_1_354' title='bbox 1835 2901 1909 2956; x_wconf 89' lang='lat' dir='ltr'><strong>ibi</strong></span> <span class='ocrx_word' id='word_1_355' title='bbox 1940 2919 1953 2954; x_wconf 88' lang='lat'><strong>:</strong></span> <span class='ocrx_word' id='word_1_356' title='bbox 1988 2900 2121 2956; x_wconf 86' lang='lat' dir='ltr'><strong>Filii</strong></span> 
     </span>
    </p>
   </div>
   <div class='ocr_carea' id='block_1_46' title="bbox 525 2984 2115 3064">
    <p class='ocr_par' dir='ltr' id='par_1_46' title="bbox 525 2984 2115 3064">
     <span class='ocr_line' id='line_1_46' title="bbox 525 2984 2115 3064; baseline 0.008 -27"><span class='ocrx_word' id='word_1_357' title='bbox 525 2993 698 3039; x_wconf 88' lang='lat' dir='ltr'><strong>autem</strong></span> <span class='ocrx_word' id='word_1_358' title='bbox 726 2984 870 3052; x_wconf 81' lang='lat' dir='ltr'><strong>Heli,</strong></span> <span class='ocrx_word' id='word_1_359' title='bbox 894 2986 994 3057; x_wconf 76' lang='lat' dir='ltr'><strong>ﬁlii</strong></span> <span class='ocrx_word' id='word_1_360' title='bbox 1019 2990 1325 3060; x_wconf 75' lang='lat' dir='ltr'><strong>pestilentia:</strong></span> <span class='ocrx_word' id='word_1_361' title='bbox 1354 2990 1398 3064; x_wconf 94' lang='grc' dir='ltr'><strong>(Ι</strong></span> <span class='ocrx_word' id='word_1_362' title='bbox 1424 2990 1554 3064; x_wconf 82' lang='lat' dir='ltr'><strong>Reg.</strong></span> <span class='ocrx_word' id='word_1_363' title='bbox 1593 2993 1677 3064; x_wconf 86' lang='grc' dir='ltr'>ιι),</span> <span class='ocrx_word' id='word_1_364' title='bbox 1705 2994 1778 3048; x_wconf 91' lang='lat' dir='ltr'><strong>ibi</strong></span> <span class='ocrx_word' id='word_1_365' title='bbox 1806 2996 1857 3048; x_wconf 90' lang='lat' dir='ltr'><strong>iu</strong></span> <span class='ocrx_word' id='word_1_366' title='bbox 1887 2994 2115 3050; x_wconf 84' lang='lat' dir='ltr'><strong>Hebrai-</strong></span> 
     </span>
    </p>
   </div>
   <div class='ocr_carea' id='block_1_47' title="bbox 525 3078 2118 3162">
    <p class='ocr_par' dir='ltr' id='par_1_47' title="bbox 525 3078 2118 3162">
     <span class='ocr_line' id='line_1_47' title="bbox 525 3078 2118 3162; baseline 0.008 -30"><span class='ocrx_word' id='word_1_367' title='bbox 525 3078 606 3133; x_wconf 88' lang='lat' dir='ltr'><strong>cis</strong></span> <span class='ocrx_word' id='word_1_368' title='bbox 637 3080 1008 3138; x_wconf 86' lang='lat' dir='ltr'><strong>voluminibus</strong></span> <span class='ocrx_word' id='word_1_369' title='bbox 1041 3083 1242 3147; x_wconf 84' lang='lat' dir='ltr'><strong>Belial.</strong></span> <span class='ocrx_word' id='word_1_370' title='bbox 1275 3086 1379 3142; x_wconf 91' lang='lat' dir='ltr'><strong>ltoc</strong></span> <span class='ocrx_word' id='word_1_371' title='bbox 1417 3098 1504 3143; x_wconf 90' lang='lat' dir='ltr'><strong>est</strong></span> <span class='ocrx_word' id='word_1_372' title='bbox 1529 3131 1542 3153; x_wconf 96' lang='lat'><strong>,</strong></span> <span class='ocrx_word' id='word_1_373' title='bbox 1571 3089 1839 3144; x_wconf 85' lang='lat' dir='ltr'><strong>diabolum</strong></span> <span class='ocrx_word' id='word_1_374' title='bbox 1869 3107 1970 3162; x_wconf 92' lang='lat' dir='ltr'><strong>pro</strong></span> <span class='ocrx_word' id='word_1_375' title='bbox 2001 3109 2118 3161; x_wconf 82' lang='lat' dir='ltr'><strong>pes-</strong></span> 
     </span>
    </p>
   </div>
   <div class='ocr_carea' id='block_1_48' title="bbox 523 3165 1647 3232">
    <p class='ocr_par' dir='ltr' id='par_1_48' title="bbox 523 3165 1647 3232">
     <span class='ocr_line' id='line_1_48' title="bbox 523 3165 1647 3232; baseline 0.008 -8"><span class='ocrx_word' id='word_1_376' title='bbox 523 3171 724 3227; x_wconf 86' lang='lat' dir='ltr'><strong>tilentia</strong></span> <span class='ocrx_word' id='word_1_377' title='bbox 769 3177 1037 3232; x_wconf 90' lang='lat' dir='ltr'><strong>nominari</strong></span> <span class='ocrx_word' id='word_1_378' title='bbox 1088 3197 1102 3232; x_wconf 88' lang='lat'><strong>:</strong></span> <span class='ocrx_word' id='word_1_379' title='bbox 1154 3180 1283 3232; x_wconf 91' lang='lat' dir='ltr'><strong>licet</strong></span> <span class='ocrx_word' id='word_1_380' title='bbox 1328 3181 1546 3232; x_wconf 87' lang='lat' dir='ltr'><strong>nlurimi</strong></span> <span class='ocrx_word' id='word_1_381' title='bbox 1584 3165 1647 3232; x_wconf 42' lang='lat' dir='ltr'><strong>ﬁ}</strong></span> 
     </span>
    </p>
   </div>
   <div class='ocr_carea' id='block_1_49' title="bbox 527 3268 2116 3346">
    <p class='ocr_par' dir='ltr' id='par_1_49' title="bbox 527 3268 2116 3346">
     <span class='ocr_line' id='line_1_49' title="bbox 527 3268 2116 3346; baseline 0.007 -26"><span class='ocrx_word' id='word_1_382' title='bbox 527 3277 788 3337; x_wconf 83' lang='lat' dir='ltr'><strong>corrupte</strong></span> <span class='ocrx_word' id='word_1_383' title='bbox 817 3268 868 3324; x_wconf 91' lang='lat' dir='ltr'><strong>in</strong></span> <span class='ocrx_word' id='word_1_384' title='bbox 901 3269 1167 3339; x_wconf 83' lang='lat' dir='ltr'><strong>Apostolo</strong></span> <span class='ocrx_word' id='word_1_385' title='bbox 1197 3284 1218 3311; x_wconf 77' lang='grc' dir='ltr'>ο</span> <span class='ocrx_word' id='word_1_386' title='bbox 1263 3271 1439 3328; x_wconf 87' lang='lat' dir='ltr'><strong>Beliar</strong></span> <span class='ocrx_word' id='word_1_387' title='bbox 1471 3275 1673 3345; x_wconf 88' lang='lat' dir='ltr'><strong>legant.</strong></span> <span class='ocrx_word' id='word_1_388' title='bbox 1709 3276 1886 3331; x_wconf 84' lang='lat' dir='ltr'><strong>Nolite</strong></span> <span class='ocrx_word' id='word_1_389' title='bbox 1915 3277 2116 3346; x_wconf 80' lang='lat' dir='ltr'><strong>itaque,</strong></span> 
     </span>
    </p>
   </div>
   <div class='ocr_carea' id='block_1_50' title="bbox 525 3358 2117 3438">
    <p class='ocr_par' dir='ltr' id='par_1_50' title="bbox 525 3358 2117 3438">
     <span class='ocr_line' id='line_1_50' title="bbox 525 3358 2117 3438; baseline 0.006 -24"><span class='ocrx_word' id='word_1_390' title='bbox 525 3358 622 3426; x_wconf 86' lang='lat' dir='ltr'><strong>ait,</strong></span> <span class='ocrx_word' id='word_1_391' title='bbox 653 3360 786 3416; x_wconf 90' lang='lat' dir='ltr'><strong>dare</strong></span> <span class='ocrx_word' id='word_1_392' title='bbox 810 3362 993 3418; x_wconf 89' lang='lat' dir='ltr'><strong>locqu</strong></span> <span class='ocrx_word' id='word_1_393' title='bbox 1021 3365 1266 3432; x_wconf 90' lang='lat' dir='ltr'><strong>diabolo,</strong></span> <span class='ocrx_word' id='word_1_394' title='bbox 1298 3368 1416 3438; x_wconf 88' lang='lat' dir='ltr'><strong>qui,</strong></span> <span class='ocrx_word' id='word_1_395' title='bbox 1444 3377 1717 3438; x_wconf 90' lang='lat' dir='ltr'><strong>tamquam</strong></span> <span class='ocrx_word' id='word_1_396' title='bbox 1751 3367 1838 3422; x_wconf 83' lang='lat' dir='ltr'><strong>leo</strong></span> <span class='ocrx_word' id='word_1_397' title='bbox 1869 3369 2117 3436; x_wconf 84' lang='lat' dir='ltr'><strong>rugiens,</strong></span> 
     </span>
    </p>
   </div>
   <div class='ocr_carea' id='block_1_51' title="bbox 521 3451 2122 3528">
    <p class='ocr_par' dir='ltr' id='par_1_51' title="bbox 521 3451 2122 3528">
     <span class='ocr_line' id='line_1_51' title="bbox 521 3451 2122 3528; baseline 0.006 -24"><span class='ocrx_word' id='word_1_398' title='bbox 521 3451 720 3519; x_wconf 68' lang='lat' dir='ltr'><strong>quaerit</strong></span> <span class='ocrx_word' id='word_1_399' title='bbox 741 3453 952 3510; x_wconf 90' lang='lat' dir='ltr'><strong>aditum</strong></span> <span class='ocrx_word' id='word_1_400' title='bbox 975 3472 1075 3526; x_wconf 88' lang='lat' dir='ltr'><strong>per</strong></span> <span class='ocrx_word' id='word_1_401' title='bbox 1097 3473 1258 3528; x_wconf 88' lang='lat' dir='ltr'><strong>quem</strong></span> <span class='ocrx_word' id='word_1_402' title='bbox 1282 3459 1454 3527; x_wconf 79' lang='lat' dir='ltr'><strong>p08sit</strong></span> <span class='ocrx_word' id='word_1_403' title='bbox 1478 3458 1805 3528; x_wconf 89' lang='lat' dir='ltr'><strong>irrumpere.</strong></span> <span class='ocrx_word' id='word_1_404' title='bbox 1833 3460 2122 3526; x_wconf 85' lang='lat' dir='ltr'><strong>Quomodo</strong></span> 
     </span>
    </p>
   </div>
   <div class='ocr_carea' id='block_1_52' title="bbox 527 3544 2117 3620">
    <p class='ocr_par' dir='ltr' id='par_1_52' title="bbox 527 3544 2117 3620">
     <span class='ocr_line' id='line_1_52' title="bbox 527 3544 2117 3620; baseline 0.005 -23"><span class='ocrx_word' id='word_1_405' title='bbox 527 3544 671 3599; x_wconf 86' lang='lat' dir='ltr'><strong>enim</strong></span> <span class='ocrx_word' id='word_1_406' title='bbox 704 3544 864 3602; x_wconf 88' lang='lat' dir='ltr'><strong>Pater</strong></span> <span class='ocrx_word' id='word_1_407' title='bbox 894 3560 948 3602; x_wconf 91' lang='lat' dir='ltr'><strong>et</strong></span> <span class='ocrx_word' id='word_1_408' title='bbox 973 3547 1143 3604; x_wconf 88' lang='lat' dir='ltr'><strong>Filius</strong></span> <span class='ocrx_word' id='word_1_409' title='bbox 1173 3558 1321 3603; x_wconf 88' lang='lat' dir='ltr'><strong>stant</strong></span> <span class='ocrx_word' id='word_1_410' title='bbox 1347 3559 1475 3605; x_wconf 87' lang='lat' dir='ltr'><strong>ante</strong></span> <span class='ocrx_word' id='word_1_411' title='bbox 1505 3552 1706 3605; x_wconf 91' lang='lat' dir='ltr'><strong>ostium</strong></span> <span class='ocrx_word' id='word_1_412' title='bbox 1727 3591 1741 3614; x_wconf 94' lang='lat'><strong>,</strong></span> <span class='ocrx_word' id='word_1_413' title='bbox 1789 3561 1843 3606; x_wconf 91' lang='lat' dir='ltr'><strong>et</strong></span> <span class='ocrx_word' id='word_1_414' title='bbox 1876 3553 2117 3620; x_wconf 90' lang='lat' dir='ltr'><strong>pulsant,</strong></span> 
     </span>
    </p>
   </div>
   <div class='ocr_carea' id='block_1_53' title="bbox 529 3637 2123 3712">
    <p class='ocr_par' dir='ltr' id='par_1_53' title="bbox 529 3637 2123 3712">
     <span class='ocr_line' id='line_1_53' title="bbox 529 3637 2123 3712; baseline 0.004 -23"><span class='ocrx_word' id='word_1_415' title='bbox 529 3645 588 3690; x_wconf 93' lang='lat' dir='ltr'><strong>ut</strong></span> <span class='ocrx_word' id='word_1_416' title='bbox 625 3637 932 3705; x_wconf 86' lang='lat' dir='ltr'><strong>introeant,</strong></span> <span class='ocrx_word' id='word_1_417' title='bbox 984 3648 1040 3694; x_wconf 91' lang='lat' dir='ltr'><strong>et</strong></span> <span class='ocrx_word' id='word_1_418' title='bbox 1073 3651 1293 3696; x_wconf 65' lang='lat' dir='ltr'><strong>cenent</strong></span> <span class='ocrx_word' id='word_1_419' title='bbox 1337 3654 1459 3695; x_wconf 92' lang='lat' dir='ltr'><strong>cum</strong></span> <span class='ocrx_word' id='word_1_420' title='bbox 1505 3656 1573 3697; x_wconf 89' lang='lat' dir='ltr'><strong>eo</strong></span> <span class='ocrx_word' id='word_1_421' title='bbox 1617 3643 1706 3712; x_wconf 91' lang='lat' dir='ltr'><strong>qui</strong></span> <span class='ocrx_word' id='word_1_422' title='bbox 1743 3655 1803 3695; x_wconf 91' lang='lat' dir='ltr'><strong>se</strong></span> <span class='ocrx_word' id='word_1_423' title='bbox 1855 3641 2123 3709; x_wconf 88' lang='lat' dir='ltr'><strong>receperit</strong></span> 
     </span>
    </p>
   </div>
   <div class='ocr_carea' id='block_1_54' title="bbox 527 3727 2122 3802">
    <p class='ocr_par' dir='ltr' id='par_1_54' title="bbox 527 3727 2122 3802">
     <span class='ocr_line' id='line_1_54' title="bbox 527 3727 2122 3802; baseline 0.003 -20"><span class='ocrx_word' id='word_1_424' title='bbox 527 3727 717 3800; x_wconf 79' lang='lat' dir='ltr'><strong>(Apoc.</strong></span> <span class='ocrx_word' id='word_1_425' title='bbox 769 3729 848 3799; x_wconf 88' lang='grc' dir='ltr'>ιιι)</span> <span class='ocrx_word' id='word_1_426' title='bbox 885 3751 899 3786; x_wconf 89' lang='lat'><strong>:</strong></span> <span class='ocrx_word' id='word_1_427' title='bbox 948 3730 1022 3783; x_wconf 89' lang='lat' dir='ltr'><strong>ita</strong></span> <span class='ocrx_word' id='word_1_428' title='bbox 1056 3743 1110 3786; x_wconf 91' lang='lat' dir='ltr'><strong>et</strong></span> <span class='ocrx_word' id='word_1_429' title='bbox 1154 3732 1501 3786; x_wconf 77' lang='lat' dir='ltr'><strong>adverSarius</strong></span> <span class='ocrx_word' id='word_1_430' title='bbox 1539 3748 1761 3802; x_wconf 87' lang='lat' dir='ltr'><strong>semper</strong></span> <span class='ocrx_word' id='word_1_431' title='bbox 1808 3733 1861 3786; x_wconf 92' lang='lat' dir='ltr'><strong>in</strong></span> <span class='ocrx_word' id='word_1_432' title='bbox 1910 3747 2009 3787; x_wconf 93' lang='lat' dir='ltr'><strong>nos</strong></span> <span class='ocrx_word' id='word_1_433' title='bbox 2038 3743 2122 3787; x_wconf 91' lang='lat' dir='ltr'><strong>est</strong></span> 
     </span>
    </p>
   </div>
   <div class='ocr_carea' id='block_1_55' title="bbox 529 3823 2123 3894">
    <p class='ocr_par' dir='ltr' id='par_1_55' title="bbox 529 3823 2123 3894">
     <span class='ocr_line' id='line_1_55' title="bbox 529 3823 2123 3894; baseline 0.004 -20"><span class='ocrx_word' id='word_1_434' title='bbox 529 3829 748 3891; x_wconf 86' lang='lat' dir='ltr'><strong>paratus</strong></span> <span class='ocrx_word' id='word_1_435' title='bbox 777 3823 1108 3893; x_wconf 88' lang='lat' dir='ltr'><strong>irrumpere,</strong></span> <span class='ocrx_word' id='word_1_436' title='bbox 1137 3832 1193 3878; x_wconf 89' lang='lat' dir='ltr'><strong>et</strong></span> <span class='ocrx_word' id='word_1_437' title='bbox 1219 3838 1344 3879; x_wconf 90' lang='lat' dir='ltr'><strong>cum</strong></span> <span class='ocrx_word' id='word_1_438' title='bbox 1371 3824 1549 3880; x_wconf 89' lang='lat' dir='ltr'><strong>locum</strong></span> <span class='ocrx_word' id='word_1_439' title='bbox 1578 3824 1916 3890; x_wconf 88' lang='lat' dir='ltr'><strong>dederimus,</strong></span> <span class='ocrx_word' id='word_1_440' title='bbox 1945 3825 2123 3894; x_wconf 82' lang='lat' dir='ltr'><strong>ingre-</strong></span> 
     </span>
    </p>
   </div>
   <div class='ocr_carea' id='block_1_56' title="bbox 531 3910 2122 3987">
    <p class='ocr_par' dir='ltr' id='par_1_56' title="bbox 531 3910 2122 3987">
     <span class='ocr_line' id='line_1_56' title="bbox 531 3910 2122 3987; baseline 0.003 -22"><span class='ocrx_word' id='word_1_441' title='bbox 531 3910 699 3966; x_wconf 89' lang='lat' dir='ltr'><strong>ditur.</strong></span> <span class='ocrx_word' id='word_1_442' title='bbox 733 3913 887 3969; x_wconf 91' lang='lat' dir='ltr'><strong>Solet</strong></span> <span class='ocrx_word' id='word_1_443' title='bbox 916 3923 1123 3980; x_wconf 81' lang='lat' dir='ltr'><strong>autent,</strong></span> <span class='ocrx_word' id='word_1_444' title='bbox 1173 3925 1465 3986; x_wconf 90' lang='lat' dir='ltr'><strong>antequam</strong></span> <span class='ocrx_word' id='word_1_445' title='bbox 1501 3918 1717 3982; x_wconf 86' lang='lat' dir='ltr'><strong>veniat,</strong></span> <span class='ocrx_word' id='word_1_446' title='bbox 1762 3917 2009 3987; x_wconf 70' lang='lat' dir='ltr'><strong>quaedam</strong></span> <span class='ocrx_word' id='word_1_447' title='bbox 2038 3917 2122 3986; x_wconf 89' lang='lat' dir='ltr'><strong>ja-</strong></span> 
     </span>
    </p>
   </div>
   <div class='ocr_carea' id='block_1_57' title="bbox 529 3995 2124 4073">
    <p class='ocr_par' dir='ltr' id='par_1_57' title="bbox 529 3995 2124 4073">
     <span class='ocr_line' id='line_1_57' title="bbox 529 3995 2124 4073; baseline 0.004 -19"><span class='ocrx_word' id='word_1_448' title='bbox 529 4001 652 4055; x_wconf 91' lang='lat' dir='ltr'><strong>cula</strong></span> <span class='ocrx_word' id='word_1_449' title='bbox 686 4004 1045 4071; x_wconf 58' lang='lat' dir='ltr'><strong>praemittere,</strong></span> <span class='ocrx_word' id='word_1_450' title='bbox 1087 4017 1141 4060; x_wconf 89' lang='lat' dir='ltr'><strong>et</strong></span> <span class='ocrx_word' id='word_1_451' title='bbox 1171 3995 1566 4073; x_wconf 46' lang='lat' dir='ltr'><strong>praecursorem</strong></span> <span class='ocrx_word' id='word_1_452' title='bbox 1611 4007 1878 4062; x_wconf 86' lang='lat' dir='ltr'><strong>adventus</strong></span> <span class='ocrx_word' id='word_1_453' title='bbox 1921 4007 2004 4061; x_wconf 92' lang='lat' dir='ltr'><strong>sui</strong></span> <span class='ocrx_word' id='word_1_454' title='bbox 2053 4007 2124 4061; x_wconf 84' lang='lat' dir='ltr'><strong>fa-</strong></span> 
     </span>
    </p>
   </div>
   <div class='ocr_carea' id='block_1_58' title="bbox 533 4095 2124 4165">
    <p class='ocr_par' dir='ltr' id='par_1_58' title="bbox 533 4095 2124 4165">
     <span class='ocr_line' id='line_1_58' title="bbox 533 4095 2124 4165; baseline 0.003 -17"><span class='ocrx_word' id='word_1_455' title='bbox 533 4108 660 4148; x_wconf 84' lang='lat' dir='ltr'><strong>cere</strong></span> <span class='ocrx_word' id='word_1_456' title='bbox 690 4095 1074 4165; x_wconf 90' lang='lat' dir='ltr'><strong>cogitationem</strong></span> <span class='ocrx_word' id='word_1_457' title='bbox 1111 4115 1122 4150; x_wconf 92' lang='lat'>:</span> <span class='ocrx_word' id='word_1_458' title='bbox 1159 4097 1299 4152; x_wconf 85' lang='lat' dir='ltr'><strong>hanc</strong></span> <span class='ocrx_word' id='word_1_459' title='bbox 1321 4097 1368 4152; x_wconf 88' lang='lat' dir='ltr'><strong>si</strong></span> <span class='ocrx_word' id='word_1_460' title='bbox 1402 4115 1504 4153; x_wconf 90' lang='lat' dir='ltr'><strong>nos</strong></span> <span class='ocrx_word' id='word_1_461' title='bbox 1536 4100 1588 4154; x_wconf 92' lang='lat' dir='ltr'><strong>in</strong></span> <span class='ocrx_word' id='word_1_462' title='bbox 1615 4098 1784 4154; x_wconf 90' lang='lat' dir='ltr'><strong>corde</strong></span> <span class='ocrx_word' id='word_1_463' title='bbox 1812 4107 2002 4153; x_wconf 87' lang='lat' dir='ltr'><strong>nostro</strong></span> <span class='ocrx_word' id='word_1_464' title='bbox 2033 4114 2124 4153; x_wconf 83' lang='lat' dir='ltr'><strong>su-</strong></span> 
     </span>
    </p>
   </div>
   <div class='ocr_carea' id='block_1_59' title="bbox 530 4190 2124 4262">
    <p class='ocr_par' dir='ltr' id='par_1_59' title="bbox 530 4190 2124 4262">
     <span class='ocr_line' id='line_1_59' title="bbox 530 4190 2124 4262; baseline 0.004 -21"><span class='ocrx_word' id='word_1_465' title='bbox 530 4197 773 4256; x_wconf 88' lang='lat' dir='ltr'><strong>sceptam</strong></span> <span class='ocrx_word' id='word_1_466' title='bbox 806 4190 1165 4246; x_wconf 88' lang='lat' dir='ltr'><strong>nutrierimus</strong></span> <span class='ocrx_word' id='word_1_467' title='bbox 1193 4190 1550 4260; x_wconf 88' lang='lat' dir='ltr'><strong>intrinsecus,</strong></span> <span class='ocrx_word' id='word_1_468' title='bbox 1583 4203 1634 4248; x_wconf 91' lang='lat' dir='ltr'><strong>et</strong></span> <span class='ocrx_word' id='word_1_469' title='bbox 1660 4191 2124 4262; x_wconf 56' lang='lat' dir='ltr'><strong>crescerefeceri-</strong></span> 
     </span>
    </p>
   </div>
   <div class='ocr_carea' id='block_1_60' title="bbox 531 4284 2127 4356">
    <p class='ocr_par' dir='ltr' id='par_1_60' title="bbox 531 4284 2127 4356">
     <span class='ocr_line' id='line_1_60' title="bbox 531 4284 2127 4356; baseline 0.003 -18"><span class='ocrx_word' id='word_1_470' title='bbox 531 4297 674 4348; x_wconf 92' lang='lat' dir='ltr'><strong>mus,</strong></span> <span class='ocrx_word' id='word_1_471' title='bbox 702 4298 824 4339; x_wconf 89' lang='lat' dir='ltr'><strong>cum</strong></span> <span class='ocrx_word' id='word_1_472' title='bbox 859 4284 912 4340; x_wconf 87' lang='lat' dir='ltr'><strong>in</strong></span> <span class='ocrx_word' id='word_1_473' title='bbox 946 4285 1106 4340; x_wconf 93' lang='lat' dir='ltr'><strong>nobis</strong></span> <span class='ocrx_word' id='word_1_474' title='bbox 1134 4286 1342 4356; x_wconf 88' lang='lat' dir='ltr'><strong>prolem</strong></span> <span class='ocrx_word' id='word_1_475' title='bbox 1374 4302 1532 4342; x_wconf 87' lang='lat' dir='ltr'><strong>suam</strong></span> <span class='ocrx_word' id='word_1_476' title='bbox 1563 4297 1775 4344; x_wconf 87' lang='lat' dir='ltr'><strong>auctam</strong></span> <span class='ocrx_word' id='word_1_477' title='bbox 1810 4287 2032 4354; x_wconf 91' lang='lat' dir='ltr'><strong>viderit,</strong></span> <span class='ocrx_word' id='word_1_478' title='bbox 2070 4297 2127 4342; x_wconf 91' lang='lat' dir='ltr'><strong>ct</strong></span> 
     </span>
    </p>
   </div>
   <div class='ocr_carea' id='block_1_61' title="bbox 528 4376 2122 4452">
    <p class='ocr_par' dir='ltr' id='par_1_61' title="bbox 528 4376 2122 4452">
     <span class='ocr_line' id='line_1_61' title="bbox 528 4376 2122 4452; baseline 0.004 -20"><span class='ocrx_word' id='word_1_479' title='bbox 528 4376 646 4448; x_wconf 88' lang='lat' dir='ltr'><strong>ipse</strong></span> <span class='ocrx_word' id='word_1_480' title='bbox 677 4378 902 4434; x_wconf 84' lang='lat' dir='ltr'><strong>audebit</strong></span> <span class='ocrx_word' id='word_1_481' title='bbox 933 4381 1154 4436; x_wconf 90' lang='lat' dir='ltr'><strong>intrare.</strong></span> <span class='ocrx_word' id='word_1_482' title='bbox 1188 4381 1433 4452; x_wconf 89' lang='lat' dir='ltr'><strong>Denique</strong></span> <span class='ocrx_word' id='word_1_483' title='bbox 1463 4382 1516 4437; x_wconf 92' lang='lat' dir='ltr'><strong>in</strong></span> <span class='ocrx_word' id='word_1_484' title='bbox 1560 4382 1713 4438; x_wconf 75' lang='lat' dir='ltr'><strong>Judte</strong></span> <span class='ocrx_word' id='word_1_485' title='bbox 1754 4381 2122 4449; x_wconf 86' lang='lat' dir='ltr'><strong>lscariotcor,</strong></span> 
     </span>
    </p>
   </div>
   <div class='ocr_carea' id='block_1_62' title="bbox 529 4474 2119 4546">
    <p class='ocr_par' dir='ltr' id='par_1_62' title="bbox 529 4474 2119 4546">
     <span class='ocr_line' id='line_1_62' title="bbox 529 4474 2119 4546; baseline 0.002 -18"><span class='ocrx_word' id='word_1_486' title='bbox 529 4475 759 4544; x_wconf 89' lang='lat' dir='ltr'><strong>primam</strong></span> <span class='ocrx_word' id='word_1_487' title='bbox 803 4474 937 4545; x_wconf 83' lang='lat' dir='ltr'><strong>jecit</strong></span> <span class='ocrx_word' id='word_1_488' title='bbox 984 4475 1238 4546; x_wconf 84' lang='lat' dir='ltr'><strong>sagittam</strong></span> <span class='ocrx_word' id='word_1_489' title='bbox 1268 4517 1282 4539; x_wconf 90' lang='lat'><strong>,</strong></span> <span class='ocrx_word' id='word_1_490' title='bbox 1347 4485 1404 4530; x_wconf 94' lang='lat' dir='ltr'><strong>ut</strong></span> <span class='ocrx_word' id='word_1_491' title='bbox 1463 4475 1701 4532; x_wconf 85' lang='lat' dir='ltr'><strong>traderet</strong></span> <span class='ocrx_word' id='word_1_492' title='bbox 1745 4475 2119 4542; x_wconf 86' lang='lat' dir='ltr'><strong>Salvatorem,</strong></span> 
     </span>
    </p>
   </div>
   <div class='ocr_carea' id='block_1_63' title="bbox 1088 3163 2192 3255">
    <p class='ocr_par' dir='ltr' id='par_1_63' title="bbox 1088 3163 2192 3255">
     <span class='ocr_line' id='line_1_63' title="bbox 1088 3163 2192 3255; baseline 0.003 -20"><span class='ocrx_word' id='word_1_493' title='bbox 1088 3197 1102 3235; x_wconf 89' lang='lat'><strong>:</strong></span> <span class='ocrx_word' id='word_1_494' title='bbox 1154 3180 1283 3236; x_wconf 91' lang='lat' dir='ltr'><strong>licet</strong></span> <span class='ocrx_word' id='word_1_495' title='bbox 1328 3181 1547 3250; x_wconf 88' lang='lat' dir='ltr'><strong>plurimi</strong></span> <span class='ocrx_word' id='word_1_496' title='bbox 1584 3165 1749 3255; x_wconf 71' lang='lat'><strong>630</strong></span> <span class='ocrx_word' id='word_1_497' title='bbox 1795 3198 1894 3254; x_wconf 88' lang='lat' dir='ltr'><strong>pro</strong></span> <span class='ocrx_word' id='word_1_498' title='bbox 1949 3183 2121 3238; x_wconf 88' lang='lat' dir='ltr'><strong>Belial</strong></span> <span class='ocrx_word' id='word_1_499' title='bbox 2148 3163 2192 3226; x_wconf 63' lang='grc' dir='ltr'><strong>(ἶ</strong></span> 
     </span>
    </p>
   </div>
   <div class='ocr_carea' id='block_1_64' title="bbox 2227 1870 3818 1952">
    <p class='ocr_par' dir='ltr' id='par_1_64' title="bbox 2227 1870 3818 1952">
     <span class='ocr_line' id='line_1_64' title="bbox 2227 1870 3818 1952; baseline 0.01 -30"><span class='ocrx_word' id='word_1_500' title='bbox 2227 1870 2478 1926; x_wconf 84' lang='lat' dir='ltr'><strong>alimenta</strong></span> <span class='ocrx_word' id='word_1_501' title='bbox 2522 1883 2578 1928; x_wconf 90' lang='lat' dir='ltr'><strong>et</strong></span> <span class='ocrx_word' id='word_1_502' title='bbox 2620 1888 2750 1929; x_wconf 91' lang='lat' dir='ltr'><strong>usus</strong></span> <span class='ocrx_word' id='word_1_503' title='bbox 2794 1879 3140 1934; x_wconf 90' lang='lat' dir='ltr'><strong>necessarios</strong></span> <span class='ocrx_word' id='word_1_504' title='bbox 3189 1888 3458 1950; x_wconf 88' lang='lat' dir='ltr'><strong>coguntur</strong></span> <span class='ocrx_word' id='word_1_505' title='bbox 3503 1881 3684 1952; x_wconf 86' lang='lat' dir='ltr'><strong>aliqua</strong></span> <span class='ocrx_word' id='word_1_506' title='bbox 3735 1882 3818 1938; x_wconf 89' lang='lat' dir='ltr'><strong>vel</strong></span> 
     </span>
    </p>
   </div>
   <div class='ocr_carea' id='block_1_65' title="bbox 2227 1964 3818 2041">
    <p class='ocr_par' dir='ltr' id='par_1_65' title="bbox 2227 1964 3818 2041">
     <span class='ocr_line' id='line_1_65' title="bbox 2227 1964 3818 2041; baseline 0.008 -25"><span class='ocrx_word' id='word_1_507' title='bbox 2227 1976 2434 2029; x_wconf 87' lang='lat' dir='ltr'><strong>emere,</strong></span> <span class='ocrx_word' id='word_1_508' title='bbox 2462 1964 2544 2019; x_wconf 90' lang='lat' dir='ltr'><strong>vel</strong></span> <span class='ocrx_word' id='word_1_509' title='bbox 2575 1967 2835 2035; x_wconf 88' lang='lat' dir='ltr'><strong>vendere,</strong></span> <span class='ocrx_word' id='word_1_510' title='bbox 2857 1978 2910 2024; x_wconf 90' lang='lat' dir='ltr'><strong>et</strong></span> <span class='ocrx_word' id='word_1_511' title='bbox 2929 1969 3076 2024; x_wconf 90' lang='lat' dir='ltr'><strong>lucra</strong></span> <span class='ocrx_word' id='word_1_512' title='bbox 3105 1969 3172 2024; x_wconf 91' lang='lat' dir='ltr'><strong>de</strong></span> <span class='ocrx_word' id='word_1_513' title='bbox 3196 1971 3563 2041; x_wconf 81' lang='lat' dir='ltr'><strong>negmiatione</strong></span> <span class='ocrx_word' id='word_1_514' title='bbox 3579 1973 3778 2029; x_wconf 89' lang='lat' dir='ltr'><strong>sectari</strong></span> <span class='ocrx_word' id='word_1_515' title='bbox 3804 1989 3818 2029; x_wconf 90' lang='lat'><strong>:</strong></span> 
     </span>
    </p>
   </div>
   <div class='ocr_carea' id='block_1_66' title="bbox 2226 2053 3820 2133">
    <p class='ocr_par' dir='ltr' id='par_1_66' title="bbox 2226 2053 3820 2133">
     <span class='ocr_line' id='line_1_66' title="bbox 2226 2053 3820 2133; baseline 0.008 -26"><span class='ocrx_word' id='word_1_516' title='bbox 2226 2064 2280 2107; x_wconf 89' lang='lat' dir='ltr'><strong>et</strong></span> <span class='ocrx_word' id='word_1_517' title='bbox 2311 2053 2530 2111; x_wconf 84' lang='lat' dir='ltr'><strong>difficile</strong></span> <span class='ocrx_word' id='word_1_518' title='bbox 2561 2067 2645 2112; x_wconf 91' lang='lat' dir='ltr'><strong>est</strong></span> <span class='ocrx_word' id='word_1_519' title='bbox 2682 2057 2843 2113; x_wconf 90' lang='lat' dir='ltr'><strong>etiam</strong></span> <span class='ocrx_word' id='word_1_520' title='bbox 2876 2074 2971 2115; x_wconf 92' lang='lat' dir='ltr'><strong>eos</strong></span> <span class='ocrx_word' id='word_1_521' title='bbox 3014 2060 3104 2130; x_wconf 93' lang='lat' dir='ltr'><strong>qui</strong></span> <span class='ocrx_word' id='word_1_522' title='bbox 3152 2075 3180 2113; x_wconf 92' lang='lat' dir='ltr'><strong>a</strong></span> <span class='ocrx_word' id='word_1_523' title='bbox 3233 2063 3448 2117; x_wconf 77' lang='lat' dir='ltr'><strong>caneris</strong></span> <span class='ocrx_word' id='word_1_524' title='bbox 3479 2063 3820 2133; x_wconf 89' lang='lat' dir='ltr'><strong>passionibus</strong></span> 
     </span>
    </p>
   </div>
   <div class='ocr_carea' id='block_1_67' title="bbox 2226 2147 3822 2224">
    <p class='ocr_par' dir='ltr' id='par_1_67' title="bbox 2226 2147 3822 2224">
     <span class='ocr_line' id='line_1_67' title="bbox 2226 2147 3822 2224; baseline 0.008 -24"><span class='ocrx_word' id='word_1_525' title='bbox 2226 2147 2436 2203; x_wconf 84' lang='lat' dir='ltr'><strong>liberati</strong></span> <span class='ocrx_word' id='word_1_526' title='bbox 2464 2160 2609 2221; x_wconf 87' lang='lat' dir='ltr'><strong>sunt,</strong></span> <span class='ocrx_word' id='word_1_527' title='bbox 2643 2152 3004 2209; x_wconf 87' lang='lat' dir='ltr'><strong>fornicatione</strong></span> <span class='ocrx_word' id='word_1_528' title='bbox 3017 2154 3284 2221; x_wconf 89' lang='lat' dir='ltr'><strong>videlicet,</strong></span> <span class='ocrx_word' id='word_1_529' title='bbox 3303 2155 3633 2224; x_wconf 85' lang='lat' dir='ltr'><strong>idololatria,</strong></span> <span class='ocrx_word' id='word_1_530' title='bbox 3659 2157 3822 2212; x_wconf 82' lang='lat' dir='ltr'><strong>adul-</strong></span> 
     </span>
    </p>
   </div>
   <div class='ocr_carea' id='block_1_68' title="bbox 2228 2243 3824 2318">
    <p class='ocr_par' dir='ltr' id='par_1_68' title="bbox 2228 2243 3824 2318">
     <span class='ocr_line' id='line_1_68' title="bbox 2228 2243 3824 2318; baseline 0.007 -24"><span class='ocrx_word' id='word_1_531' title='bbox 2228 2243 2386 2305; x_wconf 89' lang='lat' dir='ltr'><strong>terio,</strong></span> <span class='ocrx_word' id='word_1_532' title='bbox 2423 2253 2480 2298; x_wconf 88' lang='lat' dir='ltr'><strong>et</strong></span> <span class='ocrx_word' id='word_1_533' title='bbox 2501 2243 2820 2310; x_wconf 88' lang='lat' dir='ltr'><strong>homicidio,</strong></span> <span class='ocrx_word' id='word_1_534' title='bbox 2845 2247 3006 2318; x_wconf 75' lang='lat'><strong>631</strong></span> <span class='ocrx_word' id='word_1_535' title='bbox 3034 2245 3136 2302; x_wconf 90' lang='lat' dir='ltr'><strong>hoc</strong></span> <span class='ocrx_word' id='word_1_536' title='bbox 3167 2248 3300 2302; x_wconf 93' lang='lat' dir='ltr'><strong>vitio</strong></span> <span class='ocrx_word' id='word_1_537' title='bbox 3328 2262 3436 2302; x_wconf 93' lang='lat' dir='ltr'><strong>non</strong></span> <span class='ocrx_word' id='word_1_538' title='bbox 3462 2249 3657 2302; x_wconf 91' lang='lat' dir='ltr'><strong>teneri.</strong></span> <span class='ocrx_word' id='word_1_539' title='bbox 3687 2248 3824 2305; x_wconf 72' lang='lat' dir='ltr'><strong>Proo</strong></span> 
     </span>
    </p>
   </div>
   <div class='ocr_carea' id='block_1_69' title="bbox 2227 2336 3825 2406">
    <p class='ocr_par' dir='ltr' id='par_1_69' title="bbox 2227 2336 3825 2406">
     <span class='ocr_line' id='line_1_69' title="bbox 2227 2336 3825 2406; baseline 0.008 -20"><span class='ocrx_word' id='word_1_540' title='bbox 2227 2343 2408 2404; x_wconf 87' lang='lat' dir='ltr'><strong>plcrea</strong></span> <span class='ocrx_word' id='word_1_541' title='bbox 2460 2351 2603 2390; x_wconf 89' lang='lat' dir='ltr'><strong>nunc</strong></span> <span class='ocrx_word' id='word_1_542' title='bbox 2653 2336 2921 2406; x_wconf 86' lang='lat' dir='ltr'><strong>Ephesios</strong></span> <span class='ocrx_word' id='word_1_543' title='bbox 2974 2348 3190 2404; x_wconf 88' lang='lat' dir='ltr'><strong>monet,</strong></span> <span class='ocrx_word' id='word_1_544' title='bbox 3242 2354 3310 2395; x_wconf 89' lang='lat' dir='ltr'><strong>ne</strong></span> <span class='ocrx_word' id='word_1_545' title='bbox 3359 2343 3462 2394; x_wconf 90' lang='lat' dir='ltr'><strong>sub</strong></span> <span class='ocrx_word' id='word_1_546' title='bbox 3529 2341 3825 2398; x_wconf 83' lang='lat' dir='ltr'><strong>occasione</strong></span> 
     </span>
    </p>
   </div>
   <div class='ocr_carea' id='block_1_70' title="bbox 2225 2427 3824 2492">
    <p class='ocr_par' dir='ltr' id='par_1_70' title="bbox 2225 2427 3824 2492">
     <span class='ocr_line' id='line_1_70' title="bbox 2225 2427 3824 2492; baseline 0.004 -10"><span class='ocrx_word' id='word_1_547' title='bbox 2225 2427 2597 2492; x_wconf 87' lang='lat' dir='ltr'><strong>emolumenti,</strong></span> <span class='ocrx_word' id='word_1_548' title='bbox 2651 2430 2774 2484; x_wconf 86' lang='lat' dir='ltr'><strong>furti</strong></span> <span class='ocrx_word' id='word_1_549' title='bbox 2805 2430 3012 2485; x_wconf 88' lang='lat' dir='ltr'><strong>crimen</strong></span> <span class='ocrx_word' id='word_1_550' title='bbox 3045 2431 3342 2487; x_wconf 87' lang='lat' dir='ltr'><strong>incurrant.</strong></span> <span class='ocrx_word' id='word_1_551' title='bbox 3375 2431 3596 2487; x_wconf 85' lang='lat' dir='ltr'><strong>Furtum</strong></span> <span class='ocrx_word' id='word_1_552' title='bbox 3643 2433 3824 2489; x_wconf 85' lang='lat' dir='ltr'><strong>nomi-</strong></span> 
     </span>
    </p>
   </div>
   <div class='ocr_carea' id='block_1_71' title="bbox 2225 2521 3823 2595">
    <p class='ocr_par' dir='ltr' id='par_1_71' title="bbox 2225 2521 3823 2595">
     <span class='ocr_line' id='line_1_71' title="bbox 2225 2521 3823 2595; baseline 0.004 -21"><span class='ocrx_word' id='word_1_553' title='bbox 2225 2535 2360 2575; x_wconf 86' lang='lat' dir='ltr'><strong>nans</strong></span> <span class='ocrx_word' id='word_1_554' title='bbox 2381 2562 2394 2586; x_wconf 93' lang='lat'><strong>,</strong></span> <span class='ocrx_word' id='word_1_555' title='bbox 2426 2537 2590 2576; x_wconf 88' lang='lat' dir='ltr'><strong>omne</strong></span> <span class='ocrx_word' id='word_1_556' title='bbox 2615 2521 2757 2592; x_wconf 91' lang='lat' dir='ltr'><strong>quod</strong></span> <span class='ocrx_word' id='word_1_557' title='bbox 2786 2522 3010 2578; x_wconf 85' lang='lat' dir='ltr'><strong>alterius</strong></span> <span class='ocrx_word' id='word_1_558' title='bbox 3049 2523 3248 2578; x_wconf 91' lang='lat' dir='ltr'><strong>damno</strong></span> <span class='ocrx_word' id='word_1_559' title='bbox 3294 2524 3576 2595; x_wconf 69' lang='lat' dir='ltr'><strong>quturitur.</strong></span> <span class='ocrx_word' id='word_1_560' title='bbox 3605 2523 3823 2582; x_wconf 84' lang='lat' dir='ltr'><strong>Justum</strong></span> 
     </span>
    </p>
   </div>
   <div class='ocr_carea' id='block_1_72' title="bbox 2223 2615 3821 2688">
    <p class='ocr_par' dir='ltr' id='par_1_72' title="bbox 2223 2615 3821 2688">
     <span class='ocr_line' id='line_1_72' title="bbox 2223 2615 3821 2688; baseline 0.003 -20"><span class='ocrx_word' id='word_1_561' title='bbox 2223 2623 2405 2668; x_wconf 90' lang='lat' dir='ltr'><strong>autem</strong></span> <span class='ocrx_word' id='word_1_562' title='bbox 2432 2630 2584 2680; x_wconf 90' lang='lat' dir='ltr'><strong>esse,</strong></span> <span class='ocrx_word' id='word_1_563' title='bbox 2615 2625 2669 2668; x_wconf 91' lang='lat' dir='ltr'><strong>ut</strong></span> <span class='ocrx_word' id='word_1_564' title='bbox 2695 2615 2945 2671; x_wconf 91' lang='lat' dir='ltr'><strong>manibus</strong></span> <span class='ocrx_word' id='word_1_565' title='bbox 2994 2617 3106 2671; x_wconf 91' lang='lat' dir='ltr'><strong>suis</strong></span> <span class='ocrx_word' id='word_1_566' title='bbox 3150 2619 3519 2688; x_wconf 87' lang='lat' dir='ltr'><strong>unusquisque</strong></span> <span class='ocrx_word' id='word_1_567' title='bbox 3562 2631 3821 2688; x_wconf 69' lang='lat' dir='ltr'><strong>operatus,</strong></span> 
     </span>
    </p>
   </div>
   <div class='ocr_carea' id='block_1_73' title="bbox 2225 2709 3824 2782">
    <p class='ocr_par' dir='ltr' id='par_1_73' title="bbox 2225 2709 3824 2782">
     <span class='ocr_line' id='line_1_73' title="bbox 2225 2709 3824 2782; baseline 0.003 -18"><span class='ocrx_word' id='word_1_568' title='bbox 2225 2716 2278 2764; x_wconf 88' lang='lat' dir='ltr'><strong>et</strong></span> <span class='ocrx_word' id='word_1_569' title='bbox 2317 2709 2514 2764; x_wconf 83' lang='lat' dir='ltr'><strong>victum</strong></span> <span class='ocrx_word' id='word_1_570' title='bbox 2549 2709 2735 2765; x_wconf 90' lang='lat' dir='ltr'><strong>labore</strong></span> <span class='ocrx_word' id='word_1_571' title='bbox 2777 2712 3138 2782; x_wconf 87' lang='lat' dir='ltr'><strong>conquirens,</strong></span> <span class='ocrx_word' id='word_1_572' title='bbox 3171 2712 3446 2782; x_wconf 87' lang='lat' dir='ltr'><strong>impertiat</strong></span> <span class='ocrx_word' id='word_1_573' title='bbox 3475 2727 3582 2768; x_wconf 92' lang='lat' dir='ltr'><strong>non</strong></span> <span class='ocrx_word' id='word_1_574' title='bbox 3615 2713 3824 2769; x_wconf 89' lang='lat' dir='ltr'><strong>haben-</strong></span> 
     </span>
    </p>
   </div>
   <div class='ocr_carea' id='block_1_74' title="bbox 2225 2801 3824 2876">
    <p class='ocr_par' dir='ltr' id='par_1_74' title="bbox 2225 2801 3824 2876">
     <span class='ocr_line' id='line_1_74' title="bbox 2225 2801 3824 2876; baseline 0.004 -21"><span class='ocrx_word' id='word_1_575' title='bbox 2225 2801 2387 2856; x_wconf 89' lang='lat' dir='ltr'><strong>tibus.</strong></span> <span class='ocrx_word' id='word_1_576' title='bbox 2418 2801 2604 2873; x_wconf 85' lang='lat' dir='ltr'><strong>Neque</strong></span> <span class='ocrx_word' id='word_1_577' title='bbox 2629 2818 2757 2858; x_wconf 93' lang='lat' dir='ltr'><strong>vero</strong></span> <span class='ocrx_word' id='word_1_578' title='bbox 2784 2804 2859 2858; x_wconf 91' lang='lat' dir='ltr'><strong>ait</strong></span> <span class='ocrx_word' id='word_1_579' title='bbox 2888 2822 2901 2858; x_wconf 74' lang='grc' dir='ltr'>ε</span> <span class='ocrx_word' id='word_1_580' title='bbox 2935 2805 3102 2874; x_wconf 77' lang='lat' dir='ltr'><strong>Magis</strong></span> <span class='ocrx_word' id='word_1_581' title='bbox 3123 2815 3304 2860; x_wconf 91' lang='lat' dir='ltr'><strong>autem</strong></span> <span class='ocrx_word' id='word_1_582' title='bbox 3323 2807 3556 2870; x_wconf 90' lang='lat' dir='ltr'><strong>laboret,</strong></span> <span class='ocrx_word' id='word_1_583' title='bbox 3585 2821 3824 2876; x_wconf 87' lang='lat' dir='ltr'><strong>operan-</strong></span> 
     </span>
    </p>
   </div>
   <div class='ocr_carea' id='block_1_75' title="bbox 2223 2895 3821 2971">
    <p class='ocr_par' dir='ltr' id='par_1_75' title="bbox 2223 2895 3821 2971">
     <span class='ocr_line' id='line_1_75' title="bbox 2223 2895 3821 2971; baseline 0.002 -21"><span class='ocrx_word' id='word_1_584' title='bbox 2223 2895 2294 2951; x_wconf 92' lang='lat' dir='ltr'><strong>do</strong></span> <span class='ocrx_word' id='word_1_585' title='bbox 2325 2897 2573 2952; x_wconf 90' lang='lat' dir='ltr'><strong>manibus</strong></span> <span class='ocrx_word' id='word_1_586' title='bbox 2594 2898 2729 2962; x_wconf 90' lang='lat' dir='ltr'><strong>suis,</strong></span> <span class='ocrx_word' id='word_1_587' title='bbox 2762 2899 2902 2969; x_wconf 85' lang='lat' dir='ltr'><strong>quod</strong></span> <span class='ocrx_word' id='word_1_588' title='bbox 2945 2898 3144 2954; x_wconf 86' lang='lat' dir='ltr'><strong>bonum</strong></span> <span class='ocrx_word' id='word_1_589' title='bbox 3175 2908 3258 2955; x_wconf 89' lang='lat' dir='ltr'><strong>est</strong></span> <span class='ocrx_word' id='word_1_590' title='bbox 3282 2940 3298 2967; x_wconf 89' lang='lat'><strong>,</strong></span> <span class='ocrx_word' id='word_1_591' title='bbox 3331 2910 3388 2955; x_wconf 93' lang='lat' dir='ltr'><strong>ut</strong></span> <span class='ocrx_word' id='word_1_592' title='bbox 3418 2915 3524 2954; x_wconf 89' lang='lat' dir='ltr'><strong>non</strong></span> <span class='ocrx_word' id='word_1_593' title='bbox 3553 2899 3821 2971; x_wconf 89' lang='lat' dir='ltr'><strong>indigeat,</strong></span> 
     </span>
    </p>
   </div>
   <div class='ocr_carea' id='block_1_76' title="bbox 2223 2989 3821 3060">
    <p class='ocr_par' dir='ltr' id='par_1_76' title="bbox 2223 2989 3821 3060">
     <span class='ocr_line' id='line_1_76' title="bbox 2223 2989 3821 3060; baseline 0.004 -18"><span class='ocrx_word' id='word_1_594' title='bbox 2223 2998 2279 3043; x_wconf 93' lang='lat' dir='ltr'><strong>et</strong></span> <span class='ocrx_word' id='word_1_595' title='bbox 2306 2989 2503 3045; x_wconf 87' lang='lat' dir='ltr'><strong>habeat</strong></span> <span class='ocrx_word' id='word_1_596' title='bbox 2533 2992 2758 3058; x_wconf 88' lang='lat' dir='ltr'><strong>victum,</strong></span> <span class='ocrx_word' id='word_1_597' title='bbox 2787 2999 2843 3046; x_wconf 91' lang='lat' dir='ltr'><strong>et</strong></span> <span class='ocrx_word' id='word_1_598' title='bbox 2869 2992 3001 3046; x_wconf 90' lang='lat' dir='ltr'><strong>nulli</strong></span> <span class='ocrx_word' id='word_1_599' title='bbox 3031 2992 3336 3047; x_wconf 86' lang='lat' dir='ltr'><strong>molestiam</strong></span> <span class='ocrx_word' id='word_1_600' title='bbox 3360 2991 3615 3048; x_wconf 81' lang='lat' dir='ltr'><strong>exhibeat</strong></span> <span class='ocrx_word' id='word_1_601' title='bbox 3651 3009 3664 3046; x_wconf 92' lang='lat'><strong>:</strong></span> <span class='ocrx_word' id='word_1_602' title='bbox 3697 2991 3821 3060; x_wconf 87' lang='lat' dir='ltr'><strong>sed,</strong></span> 
     </span>
    </p>
   </div>
   <div class='ocr_carea' id='block_1_77' title="bbox 2225 3081 3825 3156">
    <p class='ocr_par' dir='ltr' id='par_1_77' title="bbox 2225 3081 3825 3156">
     <span class='ocr_line' id='line_1_77' title="bbox 2225 3081 3825 3156; baseline 0.003 -20"><span class='ocrx_word' id='word_1_603' title='bbox 2225 3081 2492 3148; x_wconf 88' lang='lat' dir='ltr'><strong>Laboret,</strong></span> <span class='ocrx_word' id='word_1_604' title='bbox 2517 3084 2722 3156; x_wconf 90' lang='lat' dir='ltr'><strong>inquit,</strong></span> <span class='ocrx_word' id='word_1_605' title='bbox 2768 3086 3016 3140; x_wconf 90' lang='lat' dir='ltr'><strong>manibus</strong></span> <span class='ocrx_word' id='word_1_606' title='bbox 3055 3087 3170 3140; x_wconf 89' lang='lat' dir='ltr'><strong>suis</strong></span> <span class='ocrx_word' id='word_1_607' title='bbox 3205 3084 3347 3154; x_wconf 88' lang='lat' dir='ltr'><strong>quod</strong></span> <span class='ocrx_word' id='word_1_608' title='bbox 3380 3085 3581 3139; x_wconf 91' lang='lat' dir='ltr'><strong>bonum</strong></span> <span class='ocrx_word' id='word_1_609' title='bbox 3609 3093 3728 3146; x_wconf 85' lang='lat' dir='ltr'><strong>est.</strong></span> <span class='ocrx_word' id='word_1_610' title='bbox 3765 3093 3825 3140; x_wconf 88' lang='lat' dir='ltr'><strong>ut</strong></span> 
     </span>
    </p>
   </div>
   <div class='ocr_carea' id='block_1_78' title="bbox 2227 3175 3824 3248">
    <p class='ocr_par' dir='ltr' id='par_1_78' title="bbox 2227 3175 3824 3248">
     <span class='ocr_line' id='line_1_78' title="bbox 2227 3175 3824 3248; baseline 0.003 -19"><span class='ocrx_word' id='word_1_611' title='bbox 2227 3175 2425 3231; x_wconf 88' lang='lat' dir='ltr'><strong>habeat</strong></span> <span class='ocrx_word' id='word_1_612' title='bbox 2449 3177 2592 3232; x_wconf 91' lang='lat' dir='ltr'><strong>unde</strong></span> <span class='ocrx_word' id='word_1_613' title='bbox 2621 3178 2984 3234; x_wconf 83' lang='lat' dir='ltr'><strong>communicet</strong></span> <span class='ocrx_word' id='word_1_614' title='bbox 3016 3177 3401 3247; x_wconf 88' lang='lat' dir='ltr'><strong>indigentibus.</strong></span> <span class='ocrx_word' id='word_1_615' title='bbox 3429 3176 3532 3246; x_wconf 85' lang='lat' dir='ltr'><strong>Qui</strong></span> <span class='ocrx_word' id='word_1_616' title='bbox 3562 3177 3731 3248; x_wconf 86' lang='lat' dir='ltr'><strong>igitur</strong></span> <span class='ocrx_word' id='word_1_617' title='bbox 3756 3177 3824 3234; x_wconf 92' lang='lat' dir='ltr'><strong>ad</strong></span> 
     </span>
    </p>
   </div>
   <div class='ocr_carea' id='block_1_79' title="bbox 2226 3269 3828 3342">
    <p class='ocr_par' dir='ltr' id='par_1_79' title="bbox 2226 3269 3828 3342">
     <span class='ocr_line' id='line_1_79' title="bbox 2226 3269 3828 3342; baseline 0.003 -17"><span class='ocrx_word' id='word_1_618' title='bbox 2226 3269 2328 3327; x_wconf 85' lang='lat' dir='ltr'><strong>ltoc</strong></span> <span class='ocrx_word' id='word_1_619' title='bbox 2358 3281 2563 3328; x_wconf 91' lang='lat' dir='ltr'><strong>tantum</strong></span> <span class='ocrx_word' id='word_1_620' title='bbox 2596 3273 2836 3338; x_wconf 90' lang='lat' dir='ltr'><strong>laborat,</strong></span> <span class='ocrx_word' id='word_1_621' title='bbox 2869 3282 2926 3326; x_wconf 95' lang='lat' dir='ltr'><strong>ut</strong></span> <span class='ocrx_word' id='word_1_622' title='bbox 2955 3273 3068 3341; x_wconf 89' lang='lat' dir='ltr'><strong>ipse</strong></span> <span class='ocrx_word' id='word_1_623' title='bbox 3099 3288 3206 3327; x_wconf 89' lang='lat' dir='ltr'><strong>non</strong></span> <span class='ocrx_word' id='word_1_624' title='bbox 3255 3281 3443 3342; x_wconf 80' lang='lat' dir='ltr'><strong>egeat,</strong></span> <span class='ocrx_word' id='word_1_625' title='bbox 3471 3282 3526 3328; x_wconf 90' lang='lat' dir='ltr'><strong>et</strong></span> <span class='ocrx_word' id='word_1_626' title='bbox 3550 3287 3578 3326; x_wconf 93' lang='lat' dir='ltr'><strong>a</strong></span> <span class='ocrx_word' id='word_1_627' title='bbox 3607 3275 3828 3330; x_wconf 77' lang='lat' dir='ltr'><strong>cat-teris</strong></span> 
     </span>
    </p>
   </div>
   <div class='ocr_carea' id='block_1_80' title="bbox 2223 3361 3824 3432">
    <p class='ocr_par' dir='ltr' id='par_1_80' title="bbox 2223 3361 3824 3432">
     <span class='ocr_line' id='line_1_80' title="bbox 2223 3361 3824 3432; baseline 0.002 -16"><span class='ocrx_word' id='word_1_628' title='bbox 2223 3365 2499 3418; x_wconf 90' lang='lat' dir='ltr'><strong>contrahit</strong></span> <span class='ocrx_word' id='word_1_629' title='bbox 2526 3379 2741 3418; x_wconf 90' lang='lat' dir='ltr'><strong>manum</strong></span> <span class='ocrx_word' id='word_1_630' title='bbox 2777 3380 2790 3414; x_wconf 90' lang='lat'><strong>:</strong></span> <span class='ocrx_word' id='word_1_631' title='bbox 2830 3361 3078 3432; x_wconf 87' lang='lat' dir='ltr'><strong>quamvis</strong></span> <span class='ocrx_word' id='word_1_632' title='bbox 3125 3361 3416 3431; x_wconf 85' lang='lat' dir='ltr'><strong>applaudat</strong></span> <span class='ocrx_word' id='word_1_633' title='bbox 3458 3361 3593 3428; x_wconf 89' lang='lat' dir='ltr'><strong>sibi,</strong></span> <span class='ocrx_word' id='word_1_634' title='bbox 3639 3370 3824 3418; x_wconf 88' lang='lat' dir='ltr'><strong>tamen</strong></span> 
     </span>
    </p>
   </div>
   <div class='ocr_carea' id='block_1_81' title="bbox 2223 3451 3829 3523">
    <p class='ocr_par' dir='ltr' id='par_1_81' title="bbox 2223 3451 3829 3523">
     <span class='ocr_line' id='line_1_81' title="bbox 2223 3451 3829 3523; baseline 0.002 -16"><span class='ocrx_word' id='word_1_635' title='bbox 2223 3452 2468 3523; x_wconf 85' lang='lat' dir='ltr'><strong>Apostoli</strong></span> <span class='ocrx_word' id='word_1_636' title='bbox 2499 3463 2826 3523; x_wconf 69' lang='lat' dir='ltr'><strong>praeceptum</strong></span> <span class='ocrx_word' id='word_1_637' title='bbox 2859 3467 2964 3507; x_wconf 90' lang='lat' dir='ltr'><strong>non</strong></span> <span class='ocrx_word' id='word_1_638' title='bbox 3013 3451 3160 3507; x_wconf 82' lang='lat' dir='ltr'><strong>fecit.</strong></span> <span class='ocrx_word' id='word_1_639' title='bbox 3211 3452 3397 3507; x_wconf 84' lang='lat' dir='ltr'><strong>Potest</strong></span> <span class='ocrx_word' id='word_1_640' title='bbox 3441 3463 3622 3508; x_wconf 88' lang='lat' dir='ltr'><strong>autem</strong></span> <span class='ocrx_word' id='word_1_641' title='bbox 3660 3461 3720 3509; x_wconf 83' lang='lat' dir='ltr'><strong>et</strong></span> <span class='ocrx_word' id='word_1_642' title='bbox 3747 3453 3829 3510; x_wconf 85' lang='lat' dir='ltr'><strong>al-</strong></span> 
     </span>
    </p>
   </div>
   <div class='ocr_carea' id='block_1_82' title="bbox 2225 3543 3827 3615">
    <p class='ocr_par' dir='ltr' id='par_1_82' title="bbox 2225 3543 3827 3615">
     <span class='ocr_line' id='line_1_82' title="bbox 2225 3543 3827 3615; baseline 0.002 -17"><span class='ocrx_word' id='word_1_643' title='bbox 2225 3543 2330 3598; x_wconf 86' lang='lat' dir='ltr'><strong>tius</strong></span> <span class='ocrx_word' id='word_1_644' title='bbox 2362 3545 2582 3614; x_wconf 77' lang='lat' dir='ltr'><strong>intelligi</strong></span> <span class='ocrx_word' id='word_1_645' title='bbox 2616 3561 2627 3598; x_wconf 90' lang='lat'><strong>:</strong></span> <span class='ocrx_word' id='word_1_646' title='bbox 2657 3545 2744 3614; x_wconf 87' lang='lat' dir='ltr'><strong>qui</strong></span> <span class='ocrx_word' id='word_1_647' title='bbox 2769 3544 3061 3614; x_wconf 81' lang='lat' dir='ltr'><strong>furabatur,</strong></span> <span class='ocrx_word' id='word_1_648' title='bbox 3100 3548 3218 3615; x_wconf 89' lang='lat' dir='ltr'><strong>jam</strong></span> <span class='ocrx_word' id='word_1_649' title='bbox 3247 3561 3349 3598; x_wconf 88' lang='lat' dir='ltr'><strong>non</strong></span> <span class='ocrx_word' id='word_1_650' title='bbox 3391 3545 3612 3615; x_wconf 78' lang='lat' dir='ltr'><strong>furetur,</strong></span> <span class='ocrx_word' id='word_1_651' title='bbox 3643 3554 3704 3600; x_wconf 85' lang='lat' dir='ltr'><strong>et</strong></span> <span class='ocrx_word' id='word_1_652' title='bbox 3733 3561 3827 3601; x_wconf 86' lang='lat' dir='ltr'><strong>re-</strong></span> 
     </span>
    </p>
   </div>
   <div class='ocr_carea' id='block_1_83' title="bbox 2226 3635 3831 3708">
    <p class='ocr_par' dir='ltr' id='par_1_83' title="bbox 2226 3635 3831 3708">
     <span class='ocr_line' id='line_1_83' title="bbox 2226 3635 3831 3708; baseline 0.003 -19"><span class='ocrx_word' id='word_1_653' title='bbox 2226 3635 2370 3704; x_wconf 87' lang='lat' dir='ltr'><strong>liqua</strong></span> <span class='ocrx_word' id='word_1_654' title='bbox 2405 3655 2417 3690; x_wconf 92' lang='lat'><strong>:</strong></span> <span class='ocrx_word' id='word_1_655' title='bbox 2454 3647 2675 3706; x_wconf 85' lang='lat' dir='ltr'><strong>propter</strong></span> <span class='ocrx_word' id='word_1_656' title='bbox 2705 3635 2833 3691; x_wconf 92' lang='lat' dir='ltr'><strong>illud</strong></span> <span class='ocrx_word' id='word_1_657' title='bbox 2869 3636 3011 3706; x_wconf 89' lang='lat' dir='ltr'><strong>quod</strong></span> <span class='ocrx_word' id='word_1_658' title='bbox 3041 3638 3300 3705; x_wconf 78' lang='lat' dir='ltr'><strong>scriptum</strong></span> <span class='ocrx_word' id='word_1_659' title='bbox 3343 3647 3429 3694; x_wconf 78' lang='lat' dir='ltr'><strong>est</strong></span> <span class='ocrx_word' id='word_1_660' title='bbox 3469 3637 3538 3693; x_wconf 89' lang='lat' dir='ltr'><strong>de</strong></span> <span class='ocrx_word' id='word_1_661' title='bbox 3583 3637 3831 3708; x_wconf 87' lang='lat' dir='ltr'><strong>pseudo-</strong></span> 
     </span>
    </p>
   </div>
   <div class='ocr_carea' id='block_1_84' title="bbox 2227 3729 3829 3800">
    <p class='ocr_par' dir='ltr' id='par_1_84' title="bbox 2227 3729 3829 3800">
     <span class='ocr_line' id='line_1_84' title="bbox 2227 3729 3829 3800; baseline 0.001 -18"><span class='ocrx_word' id='word_1_662' title='bbox 2227 3729 2552 3798; x_wconf 82' lang='lat' dir='ltr'><strong>prophetis:</strong></span> <span class='ocrx_word' id='word_1_663' title='bbox 2615 3729 2716 3796; x_wconf 83' lang='lat' dir='ltr'><strong>Qui</strong></span> <span class='ocrx_word' id='word_1_664' title='bbox 2775 3731 3020 3800; x_wconf 78' lang='lat' dir='ltr'><strong>furantur</strong></span> <span class='ocrx_word' id='word_1_665' title='bbox 3076 3746 3335 3784; x_wconf 86' lang='lat' dir='ltr'><strong>sermones</strong></span> <span class='ocrx_word' id='word_1_666' title='bbox 3392 3729 3743 3799; x_wconf 81' lang='lat' dir='ltr'><strong>unusquisque</strong></span> <span class='ocrx_word' id='word_1_667' title='bbox 3795 3746 3829 3784; x_wconf 88' lang='lat' dir='ltr'><strong>a</strong></span> 
     </span>
    </p>
   </div>
   <div class='ocr_carea' id='block_1_85' title="bbox 2228 3822 3827 3893">
    <p class='ocr_par' dir='ltr' id='par_1_85' title="bbox 2228 3822 3827 3893">
     <span class='ocr_line' id='line_1_85' title="bbox 2228 3822 3827 3893; baseline 0.004 -20"><span class='ocrx_word' id='word_1_668' title='bbox 2228 3822 2464 3889; x_wconf 56' lang='lat' dir='ltr'><strong>proximo</strong></span> <span class='ocrx_word' id='word_1_669' title='bbox 2500 3839 2594 3876; x_wconf 87' lang='lat' dir='ltr'><strong>suo</strong></span> <span class='ocrx_word' id='word_1_670' title='bbox 2625 3822 2846 3892; x_wconf 79' lang='lat' dir='ltr'><strong>(Jerem.</strong></span> <span class='ocrx_word' id='word_1_671' title='bbox 2895 3839 3054 3889; x_wconf 81' lang='lat' dir='ltr'><strong>xxm,</strong></span> <span class='ocrx_word' id='word_1_672' title='bbox 3085 3824 3219 3893; x_wconf 59' lang='grc' dir='ltr'><strong>βο).</strong></span> <span class='ocrx_word' id='word_1_673' title='bbox 3271 3824 3335 3876; x_wconf 87' lang='lat' dir='ltr'><strong>Et</strong></span> <span class='ocrx_word' id='word_1_674' title='bbox 3387 3822 3440 3877; x_wconf 90' lang='lat' dir='ltr'><strong>in</strong></span> <span class='ocrx_word' id='word_1_675' title='bbox 3484 3824 3778 3893; x_wconf 79' lang='lat' dir='ltr'><strong>Evangelia</strong></span> <span class='ocrx_word' id='word_1_676' title='bbox 3813 3840 3827 3879; x_wconf 87' lang='lat'><strong>:</strong></span> 
     </span>
    </p>
   </div>
   <div class='ocr_carea' id='block_1_86' title="bbox 2230 3913 3828 3986">
    <p class='ocr_par' dir='ltr' id='par_1_86' title="bbox 2230 3913 3828 3986">
     <span class='ocr_line' id='line_1_86' title="bbox 2230 3913 3828 3986; baseline 0.001 -19"><span class='ocrx_word' id='word_1_677' title='bbox 2230 3913 2420 3968; x_wconf 84' lang='lat' dir='ltr'><strong>Omnes</strong></span> <span class='ocrx_word' id='word_1_678' title='bbox 2445 3915 2534 3984; x_wconf 84' lang='lat' dir='ltr'><strong>qui</strong></span> <span class='ocrx_word' id='word_1_679' title='bbox 2561 3925 2803 3968; x_wconf 81' lang='lat' dir='ltr'><strong>venerunt</strong></span> <span class='ocrx_word' id='word_1_680' title='bbox 2833 3924 2955 3968; x_wconf 90' lang='lat' dir='ltr'><strong>ante</strong></span> <span class='ocrx_word' id='word_1_681' title='bbox 2983 3931 3081 3980; x_wconf 88' lang='lat' dir='ltr'><strong>me,</strong></span> <span class='ocrx_word' id='word_1_682' title='bbox 3114 3917 3254 3986; x_wconf 77' lang='lat' dir='ltr'><strong>fures</strong></span> <span class='ocrx_word' id='word_1_683' title='bbox 3287 3917 3495 3985; x_wconf 79' lang='lat' dir='ltr'><strong>fuerunt</strong></span> <span class='ocrx_word' id='word_1_684' title='bbox 3526 3926 3571 3968; x_wconf 87' lang='lat' dir='ltr'><strong>et</strong></span> <span class='ocrx_word' id='word_1_685' title='bbox 3594 3913 3828 3970; x_wconf 85' lang='lat' dir='ltr'><strong>latrones</strong></span> 
     </span>
    </p>
   </div>
   <div class='ocr_carea' id='block_1_87' title="bbox 2227 4003 3831 4078">
    <p class='ocr_par' dir='ltr' id='par_1_87' title="bbox 2227 4003 3831 4078">
     <span class='ocr_line' id='line_1_87' title="bbox 2227 4003 3831 4078; baseline 0.002 -19"><span class='ocrx_word' id='word_1_686' title='bbox 2227 4003 2406 4076; x_wconf 81' lang='lat' dir='ltr'><strong>(Joan.</strong></span> <span class='ocrx_word' id='word_1_687' title='bbox 2442 4021 2500 4072; x_wconf 68' lang='grc' dir='ltr'><strong>κ,</strong></span> <span class='ocrx_word' id='word_1_688' title='bbox 2534 4006 2614 4074; x_wconf 90' lang='lat'><strong>8).</strong></span> <span class='ocrx_word' id='word_1_689' title='bbox 2647 4006 2718 4060; x_wconf 83' lang='grc' dir='ltr'>Ει</span> <span class='ocrx_word' id='word_1_690' title='bbox 2747 4005 2814 4059; x_wconf 81' lang='lat' dir='ltr'><strong>ad</strong></span> <span class='ocrx_word' id='word_1_691' title='bbox 2843 4005 3118 4060; x_wconf 76' lang='lat' dir='ltr'><strong>Rotnunos</strong></span> <span class='ocrx_word' id='word_1_692' title='bbox 3150 4024 3160 4058; x_wconf 94' lang='lat'>:</span> <span class='ocrx_word' id='word_1_693' title='bbox 3197 4005 3298 4071; x_wconf 86' lang='lat' dir='ltr'><strong>Qui</strong></span> <span class='ocrx_word' id='word_1_694' title='bbox 3330 4005 3584 4074; x_wconf 73' lang='lat' dir='ltr'><strong>prwdicas</strong></span> <span class='ocrx_word' id='word_1_695' title='bbox 3611 4021 3715 4060; x_wconf 87' lang='lat' dir='ltr'><strong>non</strong></span> <span class='ocrx_word' id='word_1_696' title='bbox 3741 4011 3831 4078; x_wconf 76' lang='lat' dir='ltr'><strong>[tt-</strong></span> 
     </span>
    </p>
   </div>
   <div class='ocr_carea' id='block_1_88' title="bbox 2226 4099 3833 4170">
    <p class='ocr_par' dir='ltr' id='par_1_88' title="bbox 2226 4099 3833 4170">
     <span class='ocr_line' id='line_1_88' title="bbox 2226 4099 3833 4170; baseline 0.001 -17"><span class='ocrx_word' id='word_1_697' title='bbox 2226 4100 2482 4164; x_wconf 89' lang='lat' dir='ltr'><strong>randum,</strong></span> <span class='ocrx_word' id='word_1_698' title='bbox 2524 4101 2721 4170; x_wconf 80' lang='lat' dir='ltr'><strong>furoris</strong></span> <span class='ocrx_word' id='word_1_699' title='bbox 2762 4100 2942 4168; x_wconf 87' lang='lat' dir='ltr'><strong>(Rom.</strong></span> <span class='ocrx_word' id='word_1_700' title='bbox 2977 4116 3033 4166; x_wconf 89' lang='lat' dir='ltr'><strong>II,</strong></span> <span class='ocrx_word' id='word_1_701' title='bbox 3063 4100 3204 4167; x_wconf 75' lang='lat' dir='ltr'><strong>2i):</strong></span> <span class='ocrx_word' id='word_1_702' title='bbox 3254 4099 3399 4170; x_wconf 88' lang='lat' dir='ltr'><strong>quod</strong></span> <span class='ocrx_word' id='word_1_703' title='bbox 3444 4099 3586 4153; x_wconf 88' lang='lat' dir='ltr'><strong>furta</strong></span> <span class='ocrx_word' id='word_1_704' title='bbox 3638 4100 3833 4168; x_wconf 86' lang='lat' dir='ltr'><strong>probi-</strong></span> 
     </span>
    </p>
   </div>
   <div class='ocr_carea' id='block_1_89' title="bbox 2227 4191 3830 4262">
    <p class='ocr_par' dir='ltr' id='par_1_89' title="bbox 2227 4191 3830 4262">
     <span class='ocr_line' id='line_1_89' title="bbox 2227 4191 3830 4262; baseline 0.002 -15"><span class='ocrx_word' id='word_1_705' title='bbox 2227 4191 2452 4247; x_wconf 85' lang='lat' dir='ltr'><strong>beamur</strong></span> <span class='ocrx_word' id='word_1_706' title='bbox 2497 4192 2680 4248; x_wconf 89' lang='lat' dir='ltr'><strong>facere</strong></span> <span class='ocrx_word' id='word_1_707' title='bbox 2737 4191 3059 4261; x_wconf 85' lang='lat' dir='ltr'><strong>spiritualia.</strong></span> <span class='ocrx_word' id='word_1_708' title='bbox 3104 4191 3289 4262; x_wconf 75' lang='lat' dir='ltr'><strong>Neque</strong></span> <span class='ocrx_word' id='word_1_709' title='bbox 3333 4191 3478 4246; x_wconf 90' lang='lat' dir='ltr'><strong>enim</strong></span> <span class='ocrx_word' id='word_1_710' title='bbox 3532 4192 3633 4246; x_wconf 86' lang='lat' dir='ltr'><strong>hoc</strong></span> <span class='ocrx_word' id='word_1_711' title='bbox 3678 4195 3830 4262; x_wconf 90' lang='lat' dir='ltr'><strong>quod</strong></span> 
     </span>
    </p>
   </div>
   <div class='ocr_carea' id='block_1_90' title="bbox 2228 4281 3829 4354">
    <p class='ocr_par' dir='ltr' id='par_1_90' title="bbox 2228 4281 3829 4354">
     <span class='ocr_line' id='line_1_90' title="bbox 2228 4281 3829 4354; baseline -0.001 -14"><span class='ocrx_word' id='word_1_712' title='bbox 2228 4284 2516 4353; x_wconf 81' lang='lat' dir='ltr'><strong>sequitur:</strong></span> <span class='ocrx_word' id='word_1_713' title='bbox 2570 4284 2736 4354; x_wconf 87' lang='lat' dir='ltr'><strong>magis</strong></span> <span class='ocrx_word' id='word_1_714' title='bbox 2783 4293 2954 4338; x_wconf 89' lang='lat' dir='ltr'><strong>autem</strong></span> <span class='ocrx_word' id='word_1_715' title='bbox 2997 4281 3216 4347; x_wconf 86' lang='lat' dir='ltr'><strong>laboret,</strong></span> <span class='ocrx_word' id='word_1_716' title='bbox 3269 4283 3530 4354; x_wconf 85' lang='lat' dir='ltr'><strong>aperando</strong></span> <span class='ocrx_word' id='word_1_717' title='bbox 3589 4285 3829 4338; x_wconf 86' lang='lat' dir='ltr'><strong>manibus</strong></span> 
     </span>
    </p>
   </div>
   <div class='ocr_carea' id='block_1_91' title="bbox 2226 4377 3829 4450">
    <p class='ocr_par' dir='ltr' id='par_1_91' title="bbox 2226 4377 3829 4450">
     <span class='ocr_line' id='line_1_91' title="bbox 2226 4377 3829 4450; baseline 0.002 -18"><span class='ocrx_word' id='word_1_718' title='bbox 2226 4380 2334 4432; x_wconf 88' lang='lat' dir='ltr'><strong>suis</strong></span> <span class='ocrx_word' id='word_1_719' title='bbox 2363 4378 2500 4444; x_wconf 86' lang='lat' dir='ltr'><strong>quod</strong></span> <span class='ocrx_word' id='word_1_720' title='bbox 2523 4377 2711 4431; x_wconf 87' lang='lat' dir='ltr'><strong>bonum</strong></span> <span class='ocrx_word' id='word_1_721' title='bbox 2737 4388 2832 4442; x_wconf 88' lang='lat' dir='ltr'><strong>est,</strong></span> <span class='ocrx_word' id='word_1_722' title='bbox 2860 4377 2928 4431; x_wconf 88' lang='lat' dir='ltr'><strong>ad</strong></span> <span class='ocrx_word' id='word_1_723' title='bbox 2959 4379 3082 4432; x_wconf 64' lang='lat' dir='ltr'><strong>vitae</strong></span> <span class='ocrx_word' id='word_1_724' title='bbox 3125 4377 3286 4448; x_wconf 88' lang='lat' dir='ltr'><strong>hujus</strong></span> <span class='ocrx_word' id='word_1_725' title='bbox 3329 4379 3637 4434; x_wconf 85' lang='lat' dir='ltr'><strong>necessaria</strong></span> <span class='ocrx_word' id='word_1_726' title='bbox 3665 4377 3829 4450; x_wconf 89' lang='lat' dir='ltr'><strong>digne</strong></span> 
     </span>
    </p>
   </div>
   <div class='ocr_carea' id='block_1_92' title="bbox 2227 4470 3829 4544">
    <p class='ocr_par' dir='ltr' id='par_1_92' title="bbox 2227 4470 3829 4544">
     <span class='ocr_line' id='line_1_92' title="bbox 2227 4470 3829 4544; baseline 0.002 -18"><span class='ocrx_word' id='word_1_727' title='bbox 2227 4470 2420 4526; x_wconf 88' lang='lat' dir='ltr'><strong>referri</strong></span> <span class='ocrx_word' id='word_1_728' title='bbox 2453 4481 2630 4540; x_wconf 86' lang='lat' dir='ltr'><strong>potest</strong></span> <span class='ocrx_word' id='word_1_729' title='bbox 2660 4491 2674 4527; x_wconf 88' lang='lat'><strong>:</strong></span> <span class='ocrx_word' id='word_1_730' title='bbox 2720 4481 2778 4528; x_wconf 93' lang='lat' dir='ltr'><strong>ut</strong></span> <span class='ocrx_word' id='word_1_731' title='bbox 2809 4473 3013 4528; x_wconf 87' lang='lat' dir='ltr'><strong>bonum</strong></span> <span class='ocrx_word' id='word_1_732' title='bbox 3045 4472 3261 4528; x_wconf 88' lang='lat' dir='ltr'><strong>dicatur</strong></span> <span class='ocrx_word' id='word_1_733' title='bbox 3305 4473 3687 4544; x_wconf 90' lang='lat' dir='ltr'><strong>quodcumque</strong></span> <span class='ocrx_word' id='word_1_734' title='bbox 3732 4489 3829 4544; x_wconf 81' lang='lat' dir='ltr'><strong>pe-</strong></span> 
     </span>
    </p>
   </div>
   <div class='ocr_carea' id='block_1_93' title="bbox 529 4546 3825 4641">
    <p class='ocr_par' dir='ltr' id='par_1_93' title="bbox 529 4546 3825 4641">
     <span class='ocr_line' id='line_1_93' title="bbox 529 4546 3825 4641; baseline 0.003 -29"><span class='ocrx_word' id='word_1_735' title='bbox 529 4585 691 4640; x_wconf 78' lang='lat' dir='ltr'><strong>quam</strong></span> <span class='ocrx_word' id='word_1_736' title='bbox 743 4571 788 4626; x_wconf 78' lang='lat' dir='ltr'><strong>si</strong></span> <span class='ocrx_word' id='word_1_737' title='bbox 831 4582 1116 4641; x_wconf 60' lang='lat' dir='ltr'><strong>exceptam</strong></span> <span class='ocrx_word' id='word_1_738' title='bbox 1172 4571 1264 4626; x_wconf 78' lang='lat' dir='ltr'><strong>i||e</strong></span> <span class='ocrx_word' id='word_1_739' title='bbox 1309 4571 1636 4627; x_wconf 76' lang='lat' dir='ltr'><strong>miserabilis</strong></span> <span class='ocrx_word' id='word_1_740' title='bbox 1690 4587 1800 4627; x_wconf 78' lang='lat' dir='ltr'><strong>non</strong></span> <span class='ocrx_word' id='word_1_741' title='bbox 1854 4571 2118 4638; x_wconf 65' lang='lat' dir='ltr'><strong>favisset,</strong></span> <span class='ocrx_word' id='word_1_742' title='bbox 2153 4546 2456 4618; x_wconf 81' lang='lat' dir='ltr'><strong>Driturum</strong></span> <span class='ocrx_word' id='word_1_743' title='bbox 2489 4573 2601 4630; x_wconf 89' lang='lat' dir='ltr'><strong>est,</strong></span> <span class='ocrx_word' id='word_1_744' title='bbox 2650 4575 2702 4620; x_wconf 90' lang='lat' dir='ltr'><strong>et</strong></span> <span class='ocrx_word' id='word_1_745' title='bbox 2743 4565 2811 4620; x_wconf 90' lang='lat' dir='ltr'><strong>ad</strong></span> <span class='ocrx_word' id='word_1_746' title='bbox 2843 4580 3208 4620; x_wconf 87' lang='lat' dir='ltr'><strong>mammonam</strong></span> <span class='ocrx_word' id='word_1_747' title='bbox 3241 4565 3539 4634; x_wconf 87' lang='lat' dir='ltr'><strong>iniquitatis</strong></span> <span class='ocrx_word' id='word_1_748' title='bbox 3569 4565 3825 4636; x_wconf 84' lang='lat' dir='ltr'><strong>pertinet.</strong></span> 
     </span>
    </p>
   </div>
   <div class='ocr_carea' id='block_1_94' title="bbox 530 4662 2122 4733">
    <p class='ocr_par' dir='ltr' id='par_1_94' title="bbox 530 4662 2122 4733">
     <span class='ocr_line' id='line_1_94' title="bbox 530 4662 2122 4733; baseline -0.001 -16"><span class='ocrx_word' id='word_1_749' title='bbox 530 4677 823 4731; x_wconf 87' lang='lat' dir='ltr'><strong>numquam</strong></span> <span class='ocrx_word' id='word_1_750' title='bbox 857 4672 980 4727; x_wconf 90' lang='lat' dir='ltr'><strong>post</strong></span> <span class='ocrx_word' id='word_1_751' title='bbox 1021 4662 1306 4717; x_wconf 90' lang='lat' dir='ltr'><strong>intinctum</strong></span> <span class='ocrx_word' id='word_1_752' title='bbox 1351 4678 1544 4730; x_wconf 90' lang='lat' dir='ltr'><strong>panem</strong></span> <span class='ocrx_word' id='word_1_753' title='bbox 1588 4663 1640 4717; x_wconf 94' lang='lat' dir='ltr'><strong>in</strong></span> <span class='ocrx_word' id='word_1_754' title='bbox 1673 4663 2002 4733; x_wconf 85' lang='lat' dir='ltr'><strong>paropside,</strong></span> <span class='ocrx_word' id='word_1_755' title='bbox 2037 4663 2122 4716; x_wconf 87' lang='lat' dir='ltr'><strong>iu-</strong></span> 
     </span>
    </p>
   </div>
   <div class='ocr_carea' id='block_1_95' title="bbox 531 4753 2123 4826">
    <p class='ocr_par' dir='ltr' id='par_1_95' title="bbox 531 4753 2123 4826">
     <span class='ocr_line' id='line_1_95' title="bbox 531 4753 2123 4826; baseline 0 -18"><span class='ocrx_word' id='word_1_756' title='bbox 531 4762 731 4808; x_wconf 89' lang='lat' dir='ltr'><strong>trasset</strong></span> <span class='ocrx_word' id='word_1_757' title='bbox 758 4754 810 4807; x_wconf 92' lang='lat' dir='ltr'><strong>in</strong></span> <span class='ocrx_word' id='word_1_758' title='bbox 844 4755 994 4809; x_wconf 93' lang='lat' dir='ltr'><strong>illum</strong></span> <span class='ocrx_word' id='word_1_759' title='bbox 1023 4753 1275 4810; x_wconf 85' lang='lat' dir='ltr'><strong>Satanas.</strong></span> <span class='ocrx_word' id='word_1_760' title='bbox 1307 4755 1586 4826; x_wconf 81' lang='lat' dir='ltr'><strong>Simulque</strong></span> <span class='ocrx_word' id='word_1_761' title='bbox 1614 4765 1670 4809; x_wconf 90' lang='lat' dir='ltr'><strong>et</strong></span> <span class='ocrx_word' id='word_1_762' title='bbox 1699 4756 1800 4809; x_wconf 91' lang='lat' dir='ltr'><strong>hoc</strong></span> <span class='ocrx_word' id='word_1_763' title='bbox 1826 4755 2123 4825; x_wconf 86' lang='lat' dir='ltr'><strong>diligenter</strong></span> 
     </span>
    </p>
   </div>
   <div class='ocr_carea' id='block_1_96' title="bbox 528 4847 2121 4918">
    <p class='ocr_par' dir='ltr' id='par_1_96' title="bbox 528 4847 2121 4918">
     <span class='ocr_line' id='line_1_96' title="bbox 528 4847 2121 4918; baseline -0.001 -17"><span class='ocrx_word' id='word_1_764' title='bbox 528 4847 825 4912; x_wconf 87' lang='lat' dir='ltr'><strong>attendite,</strong></span> <span class='ocrx_word' id='word_1_765' title='bbox 860 4848 1000 4918; x_wconf 89' lang='lat' dir='ltr'><strong>quod</strong></span> <span class='ocrx_word' id='word_1_766' title='bbox 1045 4861 1152 4903; x_wconf 89' lang='lat' dir='ltr'><strong>n0n</strong></span> <span class='ocrx_word' id='word_1_767' title='bbox 1199 4847 1475 4902; x_wconf 87' lang='lat' dir='ltr'><strong>invenerit</strong></span> <span class='ocrx_word' id='word_1_768' title='bbox 1521 4847 1778 4902; x_wconf 88' lang='lat' dir='ltr'><strong>diabolus</strong></span> <span class='ocrx_word' id='word_1_769' title='bbox 1825 4847 2002 4902; x_wconf 90' lang='lat' dir='ltr'><strong>locum</strong></span> <span class='ocrx_word' id='word_1_770' title='bbox 2036 4847 2121 4900; x_wconf 90' lang='lat' dir='ltr'><strong>in-</strong></span> 
     </span>
    </p>
   </div>
   <div class='ocr_carea' id='block_1_97' title="bbox 529 4939 2119 5012">
    <p class='ocr_par' dir='ltr' id='par_1_97' title="bbox 529 4939 2119 5012">
     <span class='ocr_line' id='line_1_97' title="bbox 529 4939 2119 5012; baseline 0.001 -18"><span class='ocrx_word' id='word_1_771' title='bbox 529 4939 779 4995; x_wconf 89' lang='lat' dir='ltr'><strong>troeundi</strong></span> <span class='ocrx_word' id='word_1_772' title='bbox 809 4939 863 4995; x_wconf 94' lang='lat' dir='ltr'><strong>in</strong></span> <span class='ocrx_word' id='word_1_773' title='bbox 895 4939 1114 5006; x_wconf 85' lang='lat' dir='ltr'><strong>Judam,</strong></span> <span class='ocrx_word' id='word_1_774' title='bbox 1165 4939 1321 5010; x_wconf 89' lang='lat' dir='ltr'><strong>cujus</strong></span> <span class='ocrx_word' id='word_1_775' title='bbox 1372 4949 1559 5010; x_wconf 89' lang='lat' dir='ltr'><strong>pectus</strong></span> <span class='ocrx_word' id='word_1_776' title='bbox 1593 4941 1706 5012; x_wconf 76' lang='lat' dir='ltr'><strong>jam</strong></span> <span class='ocrx_word' id='word_1_777' title='bbox 1729 4952 1857 4997; x_wconf 87' lang='lat' dir='ltr'><strong>ante</strong></span> <span class='ocrx_word' id='word_1_778' title='bbox 1887 4955 2119 5012; x_wconf 89' lang='lat' dir='ltr'><strong>percus-</strong></span> 
     </span>
    </p>
   </div>
   <div class='ocr_carea' id='block_1_98' title="bbox 599 5144 2122 5211">
    <p class='ocr_par' dir='ltr' id='par_1_98' title="bbox 599 5144 2122 5211">
     <span class='ocr_line' id='line_1_98' title="bbox 599 5144 2122 5211; baseline -0.005 -10"><span class='ocrx_word' id='word_1_779' title='bbox 599 5155 626 5182; x_wconf 70' lang='grc' dir='ltr'><strong>δ</strong></span> <span class='ocrx_word' id='word_1_780' title='bbox 668 5145 854 5201; x_wconf 79' lang='lat' dir='ltr'><strong>Maluit</strong></span> <span class='ocrx_word' id='word_1_781' title='bbox 887 5145 1160 5199; x_wconf 83' lang='lat' dir='ltr'><strong>Victorius</strong></span> <span class='ocrx_word' id='word_1_782' title='bbox 1181 5187 1195 5210; x_wconf 89' lang='lat'><strong>,</strong></span> <span class='ocrx_word' id='word_1_783' title='bbox 1221 5146 1440 5205; x_wconf 82' lang='lat' dir='ltr'><strong>occidet.</strong></span> <span class='ocrx_word' id='word_1_784' title='bbox 1488 5161 1553 5200; x_wconf 86' lang='lat' dir='ltr'><strong>ex</strong></span> <span class='ocrx_word' id='word_1_785' title='bbox 1582 5145 1701 5211; x_wconf 89' lang='lat' dir='ltr'><strong>ipso</strong></span> <span class='ocrx_word' id='word_1_786' title='bbox 1731 5144 1912 5197; x_wconf 77' lang='grc' dir='ltr'><strong>Διηοεὶ</strong></span> <span class='ocrx_word' id='word_1_787' title='bbox 1947 5151 2122 5197; x_wconf 82' lang='lat' dir='ltr'><strong>textu.</strong></span> 
     </span>
    </p>
   </div>
   <div class='ocr_carea' id='block_1_99' title="bbox 599 5212 2125 5284">
    <p class='ocr_par' dir='ltr' id='par_1_99' title="bbox 599 5212 2125 5284">
     <span class='ocr_line' id='line_1_99' title="bbox 599 5212 2125 5284; baseline -0.003 -12"><span class='ocrx_word' id='word_1_788' title='bbox 599 5216 626 5255; x_wconf 64' lang='grc' dir='ltr'>ι’</span> <span class='ocrx_word' id='word_1_789' title='bbox 669 5217 804 5272; x_wconf 73' lang='lat' dir='ltr'><strong>Aliis</strong></span> <span class='ocrx_word' id='word_1_790' title='bbox 831 5217 1004 5284; x_wconf 87' lang='lat' dir='ltr'><strong>placet</strong></span> <span class='ocrx_word' id='word_1_791' title='bbox 1028 5216 1160 5269; x_wconf 80' lang='lat' dir='ltr'><strong>Satis</strong></span> <span class='ocrx_word' id='word_1_792' title='bbox 1184 5217 1548 5279; x_wconf 77' lang='lat' dir='ltr'><strong>contentio~e,</strong></span> <span class='ocrx_word' id='word_1_793' title='bbox 1581 5217 1689 5269; x_wconf 82' lang='lat' dir='ltr'><strong>sine</strong></span> <span class='ocrx_word' id='word_1_794' title='bbox 1715 5232 1958 5280; x_wconf 82' lang='lat' dir='ltr'><strong>ascensu,</strong></span> <span class='ocrx_word' id='word_1_795' title='bbox 1983 5212 2125 5281; x_wconf 87' lang='lat' dir='ltr'><strong>quod</strong></span> 
     </span>
    </p>
   </div>
   <div class='ocr_carea' id='block_1_100' title="bbox 525 5285 2129 5357">
    <p class='ocr_par' dir='ltr' id='par_1_100' title="bbox 525 5285 2129 5357">
     <span class='ocr_line' id='line_1_100' title="bbox 525 5285 2129 5357; baseline -0.004 -12"><span class='ocrx_word' id='word_1_796' title='bbox 525 5296 633 5356; x_wconf 83' lang='lat' dir='ltr'><strong>est,</strong></span> <span class='ocrx_word' id='word_1_797' title='bbox 667 5289 860 5356; x_wconf 65' lang='lat' dir='ltr'><strong>inﬁma!</strong></span> <span class='ocrx_word' id='word_1_798' title='bbox 899 5287 1234 5350; x_wconf 78' lang='lat' dir='ltr'><strong>conditionis,</strong></span> <span class='ocrx_word' id='word_1_799' title='bbox 1282 5301 1336 5341; x_wconf 89' lang='lat' dir='ltr'><strong>et</strong></span> <span class='ocrx_word' id='word_1_800' title='bbox 1375 5288 1566 5354; x_wconf 84' lang='lat' dir='ltr'><strong>nihili,</strong></span> <span class='ocrx_word' id='word_1_801' title='bbox 1597 5297 1655 5342; x_wconf 91' lang='lat' dir='ltr'><strong>et</strong></span> <span class='ocrx_word' id='word_1_802' title='bbox 1698 5303 1916 5357; x_wconf 78' lang='lat' dir='ltr'><strong>nequam</strong></span> <span class='ocrx_word' id='word_1_803' title='bbox 1960 5285 2129 5339; x_wconf 85' lang='lat' dir='ltr'><strong>inter-</strong></span> 
     </span>
    </p>
   </div>
   <div class='ocr_carea' id='block_1_101' title="bbox 528 5361 2127 5452">
    <p class='ocr_par' dir='ltr' id='par_1_101' title="bbox 528 5361 2127 5452">
     <span class='ocr_line' id='line_1_101' title="bbox 528 5361 2127 5452; baseline -0.003 -18"><span class='ocrx_word' id='word_1_804' title='bbox 528 5380 756 5452; x_wconf 89' lang='lat' dir='ltr'><strong>pretari.</strong></span> <span class='ocrx_word' id='word_1_805' title='bbox 801 5378 1154 5435; x_wconf 86' lang='lat' dir='ltr'><strong>Commodius</strong></span> <span class='ocrx_word' id='word_1_806' title='bbox 1208 5392 1338 5432; x_wconf 83' lang='lat' dir='ltr'><strong>vero</strong></span> <span class='ocrx_word' id='word_1_807' title='bbox 1392 5377 1758 5449; x_wconf 83' lang='lat' dir='ltr'><strong>Hieronymus</strong></span> <span class='ocrx_word' id='word_1_808' title='bbox 1806 5361 1993 5442; x_wconf 44' lang='lat' dir='ltr'><strong>W353,</strong></span> <span class='ocrx_word' id='word_1_809' title='bbox 2021 5375 2127 5430; x_wconf 70' lang='grc' dir='ltr'><strong>Βε-</strong></span> 
     </span>
    </p>
   </div>
   <div class='ocr_carea' id='block_1_102' title="bbox 526 5455 2128 5552">
    <p class='ocr_par' dir='ltr' id='par_1_102' title="bbox 526 5455 2128 5552">
     <span class='ocr_line' id='line_1_102' title="bbox 526 5455 2128 5552; baseline -0.004 -23"><span class='ocrx_word' id='word_1_810' title='bbox 526 5473 716 5545; x_wconf 81' lang='lat' dir='ltr'><strong>lijahal</strong></span> <span class='ocrx_word' id='word_1_811' title='bbox 770 5472 994 5552; x_wconf 76' lang='lat' dir='ltr'><strong>deduxit</strong></span> <span class='ocrx_word' id='word_1_812' title='bbox 1044 5488 1073 5527; x_wconf 89' lang='lat' dir='ltr'><strong>a</strong></span> <span class='ocrx_word' id='word_1_813' title='bbox 1132 5455 1247 5538; x_wconf 65' lang='lat' dir='ltr'><strong>51v,</strong></span> <span class='ocrx_word' id='word_1_814' title='bbox 1303 5471 1430 5552; x_wconf 72' lang='lat' dir='ltr'><strong>sive</strong></span> <span class='ocrx_word' id='word_1_815' title='bbox 1470 5455 1562 5538; x_wconf 61' lang='lat'><strong>&#39;7&#39;),</strong></span> <span class='ocrx_word' id='word_1_816' title='bbox 1618 5481 1674 5528; x_wconf 91' lang='lat' dir='ltr'><strong>et</strong></span> <span class='ocrx_word' id='word_1_817' title='bbox 1726 5455 1850 5552; x_wconf 42' lang='grc' dir='ltr'><strong>θεῷ,</strong></span> <span class='ocrx_word' id='word_1_818' title='bbox 1899 5485 2128 5552; x_wconf 82' lang='lat' dir='ltr'><strong>quarum</strong></span> 
     </span>
    </p>
   </div>
   <div class='ocr_carea' id='block_1_103' title="bbox 527 5544 2129 5618">
    <p class='ocr_par' dir='ltr' id='par_1_103' title="bbox 527 5544 2129 5618">
     <span class='ocr_line' id='line_1_103' title="bbox 527 5544 2129 5618; baseline -0.005 -16"><span class='ocrx_word' id='word_1_819' title='bbox 527 5544 724 5618; x_wconf 79' lang='lat' dir='ltr'><strong>vocum</strong></span> <span class='ocrx_word' id='word_1_820' title='bbox 741 5545 925 5618; x_wconf 82' lang='lat' dir='ltr'><strong>altera</strong></span> <span class='ocrx_word' id='word_1_821' title='bbox 947 5548 1141 5618; x_wconf 85' lang='lat' dir='ltr'><strong>jugum</strong></span> <span class='ocrx_word' id='word_1_822' title='bbox 1169 5554 1350 5605; x_wconf 88' lang='lat' dir='ltr'><strong>sonat.</strong></span> <span class='ocrx_word' id='word_1_823' title='bbox 1383 5544 1554 5618; x_wconf 83' lang='lat' dir='ltr'><strong>altera</strong></span> <span class='ocrx_word' id='word_1_824' title='bbox 1589 5545 1818 5618; x_wconf 82' lang='lat' dir='ltr'><strong>negandi</strong></span> <span class='ocrx_word' id='word_1_825' title='bbox 1849 5552 1934 5618; x_wconf 86' lang='lat' dir='ltr'><strong>est</strong></span> <span class='ocrx_word' id='word_1_826' title='bbox 1958 5544 2129 5612; x_wconf 79' lang='lat' dir='ltr'><strong>parti-</strong></span> 
     </span>
    </p>
   </div>
   <div class='ocr_carea' id='block_1_104' title="bbox 530 5615 2127 5687">
    <p class='ocr_par' dir='ltr' id='par_1_104' title="bbox 530 5615 2127 5687">
     <span class='ocr_line' id='line_1_104' title="bbox 530 5615 2127 5687; baseline -0.004 -14"><span class='ocrx_word' id='word_1_827' title='bbox 530 5617 681 5673; x_wconf 85' lang='lat' dir='ltr'><strong>cula.</strong></span> <span class='ocrx_word' id='word_1_828' title='bbox 735 5617 860 5671; x_wconf 65' lang='lat' dir='ltr'><strong>llaec</strong></span> <span class='ocrx_word' id='word_1_829' title='bbox 893 5615 1138 5687; x_wconf 79' lang='lat' dir='ltr'><strong>profecto</strong></span> <span class='ocrx_word' id='word_1_830' title='bbox 1176 5627 1232 5671; x_wconf 88' lang='lat' dir='ltr'><strong>et</strong></span> <span class='ocrx_word' id='word_1_831' title='bbox 1273 5615 1412 5686; x_wconf 88' lang='lat' dir='ltr'><strong>apud</strong></span> <span class='ocrx_word' id='word_1_832' title='bbox 1458 5617 1717 5670; x_wconf 74' lang='lat' dir='ltr'><strong>llebrmos</strong></span> <span class='ocrx_word' id='word_1_833' title='bbox 1757 5616 1971 5670; x_wconf 91' lang='lat' dir='ltr'><strong>obtinet</strong></span> <span class='ocrx_word' id='word_1_834' title='bbox 2008 5625 2127 5685; x_wconf 90' lang='lat' dir='ltr'><strong>ety-</strong></span> 
     </span>
    </p>
   </div>
   <div class='ocr_carea' id='block_1_105' title="bbox 530 5687 2123 5758">
    <p class='ocr_par' dir='ltr' id='par_1_105' title="bbox 530 5687 2123 5758">
     <span class='ocr_line' id='line_1_105' title="bbox 530 5687 2123 5758; baseline -0.003 -14"><span class='ocrx_word' id='word_1_835' title='bbox 530 5687 811 5758; x_wconf 86' lang='lat' dir='ltr'><strong>mologia:</strong></span> <span class='ocrx_word' id='word_1_836' title='bbox 862 5699 917 5742; x_wconf 89' lang='lat' dir='ltr'><strong>et</strong></span> <span class='ocrx_word' id='word_1_837' title='bbox 966 5687 1124 5744; x_wconf 84' lang='lat' dir='ltr'><strong>rabbi</strong></span> <span class='ocrx_word' id='word_1_838' title='bbox 1167 5687 1428 5744; x_wconf 87' lang='lat' dir='ltr'><strong>Salomon</strong></span> <span class='ocrx_word' id='word_1_839' title='bbox 1475 5689 1617 5744; x_wconf 81' lang='lat' dir='ltr'><strong>filius</strong></span> <span class='ocrx_word' id='word_1_840' title='bbox 1661 5687 1830 5742; x_wconf 86' lang='lat' dir='ltr'><strong>Belial</strong></span> <span class='ocrx_word' id='word_1_841' title='bbox 1877 5690 2123 5756; x_wconf 78' lang='lat' dir='ltr'><strong>exponit,</strong></span> 
     </span>
    </p>
   </div>
   <div class='ocr_carea' id='block_1_106' title="bbox 528 5763 2123 5864">
    <p class='ocr_par' dir='ltr' id='par_1_106' title="bbox 528 5763 2123 5864">
     <span class='ocr_line' id='line_1_106' title="bbox 528 5763 2123 5864; baseline -0.001 -27"><span class='ocrx_word' id='word_1_842' title='bbox 528 5781 622 5852; x_wconf 87' lang='lat' dir='ltr'><strong>qui</strong></span> <span class='ocrx_word' id='word_1_843' title='bbox 649 5789 818 5842; x_wconf 69' lang='lat' dir='ltr'><strong>D‘D&#39;D</strong></span> <span class='ocrx_word' id='word_1_844' title='bbox 841 5763 937 5844; x_wconf 59' lang='grc' dir='ltr'><strong>ὃν</strong></span> <span class='ocrx_word' id='word_1_845' title='bbox 960 5789 1175 5864; x_wconf 56' lang='grc' dir='ltr'><strong>’τῃ-πεπρ,</strong></span> <span class='ocrx_word' id='word_1_846' title='bbox 1214 5786 1404 5852; x_wconf 82' lang='lat' dir='ltr'><strong>jugnm</strong></span> <span class='ocrx_word' id='word_1_847' title='bbox 1434 5789 1775 5838; x_wconf 68' lang='lat' dir='ltr'><strong>excusserunt</strong></span> <span class='ocrx_word' id='word_1_848' title='bbox 1805 5779 1942 5835; x_wconf 69' lang='lat' dir='ltr'><strong>caeli.</strong></span> <span class='ocrx_word' id='word_1_849' title='bbox 1974 5779 2123 5836; x_wconf 85' lang='lat' dir='ltr'><strong>Cou-</strong></span> 
     </span>
    </p>
   </div>
   <div class='ocr_carea' id='block_1_107' title="bbox 2230 4656 3827 4728">
    <p class='ocr_par' dir='ltr' id='par_1_107' title="bbox 2230 4656 3827 4728">
     <span class='ocr_line' id='line_1_107' title="bbox 2230 4656 3827 4728; baseline 0.001 -18"><span class='ocrx_word' id='word_1_850' title='bbox 2230 4657 2487 4726; x_wconf 79' lang='lat' dir='ltr'><strong>Qoamvis</strong></span> <span class='ocrx_word' id='word_1_851' title='bbox 2513 4657 2657 4712; x_wconf 90' lang='lat' dir='ltr'><strong>enim</strong></span> <span class='ocrx_word' id='word_1_852' title='bbox 2683 4658 2864 4728; x_wconf 88' lang='lat' dir='ltr'><strong>justus</strong></span> <span class='ocrx_word' id='word_1_853' title='bbox 2887 4658 3040 4712; x_wconf 90' lang='lat' dir='ltr'><strong>labor</strong></span> <span class='ocrx_word' id='word_1_854' title='bbox 3065 4672 3198 4727; x_wconf 82' lang='lat' dir='ltr'><strong>Opes</strong></span> <span class='ocrx_word' id='word_1_855' title='bbox 3242 4656 3438 4711; x_wconf 86' lang='lat' dir='ltr'><strong>habeat</strong></span> <span class='ocrx_word' id='word_1_856' title='bbox 3479 4657 3680 4727; x_wconf 87' lang='lat' dir='ltr'><strong>absque</strong></span> <span class='ocrx_word' id='word_1_857' title='bbox 3713 4665 3827 4712; x_wconf 92' lang='lat' dir='ltr'><strong>ter-</strong></span> 
     </span>
    </p>
   </div>
   <div class='ocr_carea' id='block_1_108' title="bbox 2230 4747 3829 4822">
    <p class='ocr_par' dir='ltr' id='par_1_108' title="bbox 2230 4747 3829 4822">
     <span class='ocr_line' id='line_1_108' title="bbox 2230 4747 3829 4822; baseline -0.001 -16"><span class='ocrx_word' id='word_1_858' title='bbox 2230 4752 2602 4822; x_wconf 88' lang='lat' dir='ltr'><strong>giversatione</strong></span> <span class='ocrx_word' id='word_1_859' title='bbox 2639 4751 2921 4822; x_wconf 66' lang='lat' dir='ltr'><strong>quaesitas,</strong></span> <span class='ocrx_word' id='word_1_860' title='bbox 2953 4750 3086 4806; x_wconf 87' lang='lat' dir='ltr'><strong>satis</strong></span> <span class='ocrx_word' id='word_1_861' title='bbox 3113 4749 3333 4806; x_wconf 88' lang='lat' dir='ltr'><strong>habebit</strong></span> <span class='ocrx_word' id='word_1_862' title='bbox 3362 4751 3408 4803; x_wconf 87' lang='lat' dir='ltr'><strong>si</strong></span> <span class='ocrx_word' id='word_1_863' title='bbox 3439 4765 3544 4804; x_wconf 90' lang='lat' dir='ltr'><strong>non</strong></span> <span class='ocrx_word' id='word_1_864' title='bbox 3575 4747 3829 4804; x_wconf 87' lang='lat' dir='ltr'><strong>dicantur</strong></span> 
     </span>
    </p>
   </div>
   <div class='ocr_carea' id='block_1_109' title="bbox 2231 4840 3825 4912">
    <p class='ocr_par' dir='ltr' id='par_1_109' title="bbox 2231 4840 3825 4912">
     <span class='ocr_line' id='line_1_109' title="bbox 2231 4840 3825 4912; baseline -0.003 -13"><span class='ocrx_word' id='word_1_865' title='bbox 2231 4845 2432 4899; x_wconf 86' lang='lat' dir='ltr'><strong>malum</strong></span> <span class='ocrx_word' id='word_1_866' title='bbox 2469 4863 2482 4899; x_wconf 92' lang='lat'><strong>:</strong></span> <span class='ocrx_word' id='word_1_867' title='bbox 2514 4855 2774 4898; x_wconf 72' lang='lat' dir='ltr'><strong>cancrum</strong></span> <span class='ocrx_word' id='word_1_868' title='bbox 2820 4843 3019 4897; x_wconf 90' lang='lat' dir='ltr'><strong>bonum</strong></span> <span class='ocrx_word' id='word_1_869' title='bbox 3052 4858 3158 4897; x_wconf 92' lang='lat' dir='ltr'><strong>non</strong></span> <span class='ocrx_word' id='word_1_870' title='bbox 3191 4844 3374 4898; x_wconf 91' lang='lat' dir='ltr'><strong>valent</strong></span> <span class='ocrx_word' id='word_1_871' title='bbox 3404 4841 3689 4912; x_wconf 88' lang='lat' dir='ltr'><strong>appellari.</strong></span> <span class='ocrx_word' id='word_1_872' title='bbox 3717 4840 3825 4911; x_wconf 89' lang='lat' dir='ltr'><strong>lgi-</strong></span> 
     </span>
    </p>
   </div>
   <div class='ocr_carea' id='block_1_110' title="bbox 2232 4934 3829 5008">
    <p class='ocr_par' dir='ltr' id='par_1_110' title="bbox 2232 4934 3829 5008">
     <span class='ocr_line' id='line_1_110' title="bbox 2232 4934 3829 5008; baseline -0.001 -14"><span class='ocrx_word' id='word_1_873' title='bbox 2232 4948 2321 4994; x_wconf 93' lang='lat' dir='ltr'><strong>tur</strong></span> <span class='ocrx_word' id='word_1_874' title='bbox 2359 4940 2563 4994; x_wconf 90' lang='lat' dir='ltr'><strong>bonum</strong></span> <span class='ocrx_word' id='word_1_875' title='bbox 2608 4945 2888 5008; x_wconf 88' lang='lat' dir='ltr'><strong>operatur,</strong></span> <span class='ocrx_word' id='word_1_876' title='bbox 2936 4937 3029 5007; x_wconf 93' lang='lat' dir='ltr'><strong>qui</strong></span> <span class='ocrx_word' id='word_1_877' title='bbox 3069 4935 3365 4993; x_wconf 91' lang='lat' dir='ltr'><strong>declinata</strong></span> <span class='ocrx_word' id='word_1_878' title='bbox 3397 4937 3575 5006; x_wconf 83' lang='lat' dir='ltr'><strong>ntalo,</strong></span> <span class='ocrx_word' id='word_1_879' title='bbox 3615 4945 3670 4992; x_wconf 91' lang='lat' dir='ltr'><strong>et</strong></span> <span class='ocrx_word' id='word_1_880' title='bbox 3698 4934 3829 4992; x_wconf 85' lang='lat' dir='ltr'><strong>facit</strong></span> 
     </span>
    </p>
   </div>
   <div class='ocr_carea' id='block_1_111' title="bbox 2233 5135 3825 5208">
    <p class='ocr_par' dir='ltr' id='par_1_111' title="bbox 2233 5135 3825 5208">
     <span class='ocr_line' id='line_1_111' title="bbox 2233 5135 3825 5208; baseline -0.002 -14"><span class='ocrx_word' id='word_1_881' title='bbox 2233 5138 2365 5195; x_wconf 92' lang='lat' dir='ltr'><strong>cinit</strong></span> <span class='ocrx_word' id='word_1_882' title='bbox 2393 5147 2444 5192; x_wconf 91' lang='lat' dir='ltr'><strong>et</strong></span> <span class='ocrx_word' id='word_1_883' title='bbox 2478 5136 2688 5208; x_wconf 61' lang='lat' dir='ltr'><strong>Aquilae</strong></span> <span class='ocrx_word' id='word_1_884' title='bbox 2721 5135 3100 5208; x_wconf 83' lang='lat' dir='ltr'><strong>interpretatio</strong></span> <span class='ocrx_word' id='word_1_885' title='bbox 3143 5141 3467 5208; x_wconf 80' lang='grc' dir='ltr'><strong>ἀποστάτης,</strong></span> <span class='ocrx_word' id='word_1_886' title='bbox 3515 5153 3675 5208; x_wconf 89' lang='lat' dir='ltr'><strong>quam</strong></span> <span class='ocrx_word' id='word_1_887' title='bbox 3709 5138 3825 5193; x_wconf 90' lang='lat' dir='ltr'><strong>lau-</strong></span> 
     </span>
    </p>
   </div>
   <div class='ocr_carea' id='block_1_112' title="bbox 2234 5207 3824 5289">
    <p class='ocr_par' dir='ltr' id='par_1_112' title="bbox 2234 5207 3824 5289">
     <span class='ocr_line' id='line_1_112' title="bbox 2234 5207 3824 5289; baseline 0.001 -26"><span class='ocrx_word' id='word_1_888' title='bbox 2234 5211 2326 5289; x_wconf 79' lang='lat' dir='ltr'><strong>dat</strong></span> <span class='ocrx_word' id='word_1_889' title='bbox 2357 5207 2640 5289; x_wconf 53' lang='lat' dir='ltr'><strong>S._Patt:r_:</strong></span> <span class='ocrx_word' id='word_1_890' title='bbox 2672 5217 2728 5289; x_wconf 61' lang='grc' dir='ltr'><strong>εει</strong></span> <span class='ocrx_word' id='word_1_891' title='bbox 2754 5207 2976 5276; x_wconf 86' lang='lat' dir='ltr'><strong>Suidas,</strong></span> <span class='ocrx_word' id='word_1_892' title='bbox 3006 5209 3196 5286; x_wconf 67' lang='grc' dir='ltr'><strong>Βελίαρ,</strong></span> <span class='ocrx_word' id='word_1_893' title='bbox 3227 5219 3289 5286; x_wconf 76' lang='grc' dir='ltr'><strong>τῇ</strong></span> <span class='ocrx_word' id='word_1_894' title='bbox 3310 5207 3558 5289; x_wconf 63' lang='grc' dir='ltr'><strong>Ἐϐραίων</strong></span> <span class='ocrx_word' id='word_1_895' title='bbox 3579 5219 3713 5285; x_wconf 73' lang='grc' dir='ltr'><strong>φωνῇ</strong></span> <span class='ocrx_word' id='word_1_896' title='bbox 3736 5212 3824 5266; x_wconf 83' lang='grc' dir='ltr'><strong>τὸν</strong></span> 
     </span>
    </p>
   </div>
   <div class='ocr_carea' id='block_1_113' title="bbox 2236 5278 2713 5339">
    <p class='ocr_par' dir='ltr' id='par_1_113' title="bbox 2236 5278 2713 5339">
     <span class='ocr_line' id='line_1_113' title="bbox 2236 5278 2713 5339; baseline -0.008 -3"><span class='ocrx_word' id='word_1_897' title='bbox 2236 5283 2530 5339; x_wconf 79' lang='grc' dir='ltr'><strong>ἀποστάτην</strong></span> <span class='ocrx_word' id='word_1_898' title='bbox 2550 5278 2695 5338; x_wconf 82' lang='grc' dir='ltr'><strong>δηλοῖ</strong></span> <span class='ocrx_word' id='word_1_899' title='bbox 2699 5319 2713 5332; x_wconf 91' lang='grc'><strong>.</strong></span> 
     </span>
    </p>
   </div>
   <div class='ocr_carea' id='block_1_114' title="bbox 2311 5349 3822 5424">
    <p class='ocr_par' dir='ltr' id='par_1_114' title="bbox 2311 5349 3822 5424">
     <span class='ocr_line' id='line_1_114' title="bbox 2311 5349 3822 5424; baseline 0.001 -20"><span class='ocrx_word' id='word_1_900' title='bbox 2311 5363 2331 5389; x_wconf 73' lang='grc' dir='ltr'>ε</span> <span class='ocrx_word' id='word_1_901' title='bbox 2362 5352 2725 5424; x_wconf 15' lang='lat' dir='ltr'><strong>iCorrexitnus</strong></span> <span class='ocrx_word' id='word_1_902' title='bbox 2754 5349 2871 5424; x_wconf 48' lang='lat' dir='ltr'><strong>hic,</strong></span> <span class='ocrx_word' id='word_1_903' title='bbox 2896 5349 3092 5424; x_wconf 81' lang='lat' dir='ltr'><strong>Beliar,</strong></span> <span class='ocrx_word' id='word_1_904' title='bbox 3144 5366 3244 5420; x_wconf 92' lang='lat' dir='ltr'><strong>pro</strong></span> <span class='ocrx_word' id='word_1_905' title='bbox 3281 5369 3390 5424; x_wconf 88' lang='lat' dir='ltr'><strong>quo</strong></span> <span class='ocrx_word' id='word_1_906' title='bbox 3415 5353 3609 5408; x_wconf 89' lang='lat' dir='ltr'><strong>vitiose</strong></span> <span class='ocrx_word' id='word_1_907' title='bbox 3640 5351 3822 5406; x_wconf 87' lang='lat' dir='ltr'><strong>Bclian</strong></span> 
     </span>
    </p>
   </div>
   <div class='ocr_carea' id='block_1_115' title="bbox 2237 5420 3818 5493">
    <p class='ocr_par' dir='ltr' id='par_1_115' title="bbox 2237 5420 3818 5493">
     <span class='ocr_line' id='line_1_115' title="bbox 2237 5420 3818 5493; baseline -0.001 -16"><span class='ocrx_word' id='word_1_908' title='bbox 2237 5423 2536 5492; x_wconf 84' lang='lat' dir='ltr'><strong>legebatur.</strong></span> <span class='ocrx_word' id='word_1_909' title='bbox 2583 5420 2790 5477; x_wconf 88' lang='lat' dir='ltr'><strong>Passim</strong></span> <span class='ocrx_word' id='word_1_910' title='bbox 2833 5420 3008 5476; x_wconf 87' lang='lat' dir='ltr'><strong>Beliar</strong></span> <span class='ocrx_word' id='word_1_911' title='bbox 3050 5424 3204 5493; x_wconf 79' lang='lat' dir='ltr'><strong>apud</strong></span> <span class='ocrx_word' id='word_1_912' title='bbox 3242 5420 3454 5479; x_wconf 73' lang='lat' dir='ltr'><strong>veteres</strong></span> <span class='ocrx_word' id='word_1_913' title='bbox 3502 5427 3818 5493; x_wconf 90' lang='lat' dir='ltr'><strong>scriptores,</strong></span> 
     </span>
    </p>
   </div>
   <div class='ocr_carea' id='block_1_116' title="bbox 2237 5492 3821 5550">
    <p class='ocr_par' dir='ltr' id='par_1_116' title="bbox 2237 5492 3821 5550">
     <span class='ocr_line' id='line_1_116' title="bbox 2237 5492 3821 5550; baseline -0.001 -2"><span class='ocrx_word' id='word_1_914' title='bbox 2237 5495 2468 5549; x_wconf 78' lang='lat' dir='ltr'><strong>maxime</strong></span> <span class='ocrx_word' id='word_1_915' title='bbox 2497 5493 2718 5548; x_wconf 67' lang='lat' dir='ltr'><strong>Graecos</strong></span> <span class='ocrx_word' id='word_1_916' title='bbox 2745 5494 2990 5548; x_wconf 91' lang='lat' dir='ltr'><strong>invenire</strong></span> <span class='ocrx_word' id='word_1_917' title='bbox 3011 5492 3100 5547; x_wconf 79' lang='lat' dir='ltr'><strong>est</strong></span> <span class='ocrx_word' id='word_1_918' title='bbox 3130 5512 3143 5547; x_wconf 91' lang='lat'><strong>:</strong></span> <span class='ocrx_word' id='word_1_919' title='bbox 3178 5492 3362 5548; x_wconf 78' lang='lat' dir='ltr'><strong>Belian</strong></span> <span class='ocrx_word' id='word_1_920' title='bbox 3389 5496 3580 5550; x_wconf 91' lang='lat' dir='ltr'><strong>nnllibi</strong></span> <span class='ocrx_word' id='word_1_921' title='bbox 3608 5492 3664 5548; x_wconf 82' lang='lat' dir='ltr'><strong>et</strong></span> <span class='ocrx_word' id='word_1_922' title='bbox 3693 5507 3821 5547; x_wconf 91' lang='lat' dir='ltr'><strong>nus-</strong></span> 
     </span>
    </p>
   </div>
   <div class='ocr_carea' id='block_1_117' title="bbox 2235 5563 3822 5638">
    <p class='ocr_par' dir='ltr' id='par_1_117' title="bbox 2235 5563 3822 5638">
     <span class='ocr_line' id='line_1_117' title="bbox 2235 5563 3822 5638; baseline -0.001 -20"><span class='ocrx_word' id='word_1_923' title='bbox 2235 5580 2420 5638; x_wconf 71' lang='lat' dir='ltr'><strong>quam.</strong></span> <span class='ocrx_word' id='word_1_924' title='bbox 2475 5564 2682 5638; x_wconf 75' lang='lat' dir='ltr'><strong>Vallem</strong></span> <span class='ocrx_word' id='word_1_925' title='bbox 2727 5565 2936 5638; x_wconf 49' lang='lat' dir='ltr'><strong>“illiillo</strong></span> <span class='ocrx_word' id='word_1_926' title='bbox 2982 5566 3599 5638; x_wconf 81' lang='lat' dir='ltr'><strong>ipsum_llieronymum</strong></span> <span class='ocrx_word' id='word_1_927' title='bbox 3659 5563 3822 5638; x_wconf 79' lang='lat' dir='ltr'><strong>Libro</strong></span> 
     </span>
    </p>
   </div>
   <div class='ocr_carea' id='block_1_118' title="bbox 2232 5635 3818 5708">
    <p class='ocr_par' dir='ltr' id='par_1_118' title="bbox 2232 5635 3818 5708">
     <span class='ocr_line' id='line_1_118' title="bbox 2232 5635 3818 5708; baseline -0.004 -16"><span class='ocrx_word' id='word_1_928' title='bbox 2232 5635 2518 5692; x_wconf 80' lang='lat' dir='ltr'><strong>Notninurn</strong></span> <span class='ocrx_word' id='word_1_929' title='bbox 2547 5652 2615 5692; x_wconf 80' lang='lat' dir='ltr'><strong>ex</strong></span> <span class='ocrx_word' id='word_1_930' title='bbox 2649 5637 2688 5691; x_wconf 95' lang='lat' dir='ltr'><strong>ll</strong></span> <span class='ocrx_word' id='word_1_931' title='bbox 2719 5637 2783 5691; x_wconf 87' lang='lat' dir='ltr'><strong>ad</strong></span> <span class='ocrx_word' id='word_1_932' title='bbox 2813 5635 3064 5708; x_wconf 15' lang='lat' dir='ltr'><strong>Goriintlt.</strong></span> <span class='ocrx_word' id='word_1_933' title='bbox 3104 5653 3116 5690; x_wconf 90' lang='lat'><strong>:</strong></span> <span class='ocrx_word' id='word_1_934' title='bbox 3156 5635 3356 5704; x_wconf 87' lang='lat' dir='ltr'><strong>Beliar,</strong></span> <span class='ocrx_word' id='word_1_935' title='bbox 3401 5635 3536 5692; x_wconf 68' lang='lat' dir='ltr'><strong>circa</strong></span> <span class='ocrx_word' id='word_1_936' title='bbox 3561 5636 3818 5708; x_wconf 88' lang='lat' dir='ltr'><strong>angustia,</strong></span> 
     </span>
    </p>
   </div>
   <div class='ocr_carea' id='block_1_119' title="bbox 2231 5707 3821 5778">
    <p class='ocr_par' dir='ltr' id='par_1_119' title="bbox 2231 5707 3821 5778">
     <span class='ocr_line' id='line_1_119' title="bbox 2231 5707 3821 5778; baseline -0.004 -13"><span class='ocrx_word' id='word_1_937' title='bbox 2231 5709 2341 5765; x_wconf 89' lang='lat' dir='ltr'><strong>sire</strong></span> <span class='ocrx_word' id='word_1_938' title='bbox 2369 5725 2560 5778; x_wconf 63' lang='lat' dir='ltr'><strong>ciccum</strong></span> <span class='ocrx_word' id='word_1_939' title='bbox 2589 5708 2782 5775; x_wconf 78' lang='lat' dir='ltr'><strong>lunten,</strong></span> <span class='ocrx_word' id='word_1_940' title='bbox 2811 5707 2890 5762; x_wconf 76' lang='lat' dir='ltr'><strong>vel</strong></span> <span class='ocrx_word' id='word_1_941' title='bbox 2915 5707 3058 5777; x_wconf 75' lang='lat' dir='ltr'><strong>ﬁlius</strong></span> <span class='ocrx_word' id='word_1_942' title='bbox 3088 5710 3568 5778; x_wconf 69' lang='lat' dir='ltr'><strong>prwvart&#39;catt&#39;onis,‘</strong></span> <span class='ocrx_word' id='word_1_943' title='bbox 3597 5707 3686 5764; x_wconf 77' lang='lat' dir='ltr'><strong>sed</strong></span> <span class='ocrx_word' id='word_1_944' title='bbox 3713 5721 3821 5760; x_wconf 85' lang='lat' dir='ltr'><strong>rec-</strong></span> 
     </span>
    </p>
   </div>
   <div class='ocr_carea' id='block_1_120' title="bbox 2233 5777 2790 5849">
    <p class='ocr_par' dir='ltr' id='par_1_120' title="bbox 2233 5777 2790 5849">
     <span class='ocr_line' id='line_1_120' title="bbox 2233 5777 2790 5849; baseline -0.004 -16"><span class='ocrx_word' id='word_1_945' title='bbox 2233 5781 2353 5849; x_wconf 85' lang='lat' dir='ltr'><strong>tius,</strong></span> <span class='ocrx_word' id='word_1_946' title='bbox 2390 5777 2555 5836; x_wconf 81' lang='lat' dir='ltr'><strong>Belial</strong></span> <span class='ocrx_word' id='word_1_947' title='bbox 2581 5780 2790 5833; x_wconf 82' lang='lat' dir='ltr'><strong>dicitur.</strong></span> 
     </span>
    </p>
   </div>
  </div>
