4046 6398
161 388 261 446 lilii

621 379 1274 439 COMMENTARIORUM
1315 379 1384 438 ΙΝ
1421 379 1811 439 EPISTOLAM
1854 382 1946 438 AD
1984 380 2321 444 EPllESlOS
2357 383 2489 442 LIB.
2530 382 2620 445 ΙΙΙ.
2659 385 2817 445 CAP.
2858 388 2951 446 ιν.

3317 388 3423 448 5η

155 506 365 567 bonum,
403 505 455 554 et
475 507 732 566 operatur
761 501 811 553 in
845 514 974 570 agro
994 501 1189 555 animae
1212 514 1348 567 sure,
1381 508 1437 555 ιιι
1467 500 1722 569 spiritua-
1749 505 1797 564 Α
1827 501 1892 556 cii
1924 501 2140 574 (Matth.
2175 501 2293 574 xu).
2326 504 2394 558 Et
2425 507 2590 559 etiam
2619 506 2667 559 si
2697 522 2804 561 non
2851 505 3134 572 lredamus,
3190 520 3298 562 non
3347 515 3428 561 ta-

155 594 283 650 libus
311 591 522 661 patribus
569 590 880 660 impleatur,
912 600 963 646 et
1009 593 1182 662 possit
1208 590 1556 648 commodare
1600 605 1724 646 esu—

154 685 298 742 rienti
320 725 335 751 ,
365 692 416 737 et
444 683 826 739 necessitatem
877 683 1198 752 sustinenti,
1226 685 1362 741 dans
1393 686 1447 740 in
1477 694 1724 756 tempore

155 779 336 836 cibaria
363 776 637 832 conservis
681 776 796 833 suis
830 795 844 830 :
887 778 933 833 si
964 787 1147 834 autem
1189 778 1313 833 talis
1343 786 1429 833 est
1464 779 1554 849 qui
1596 793 1725 849 Ope-

153 883 291 930 ratur
316 871 509 928 bonum
538 887 552 923 :
581 885 714 941 ergo
753 879 807 926 et
845 872 890 926 is
919 873 1011 943 qui
1043 873 1274 938 furatur,
1321 883 1726 943 consequenter

152 967 302 1020 verba
331 965 532 1018 iuratur
558 969 615 1018 et
643 963 901 1032 dogmata
920 1009 934 1033 ,
963 963 1032 1020 de
1062 963 1208 1019 furto
1237 964 1450 1029 vivens,
1482 965 1550 1019 de
1579 965 1726 1019 torto

154 1057 250 1112 sibi
293 1055 565 1112 cervicalia
611 1069 924 1124 consueris,
971 1064 1025 1112 et
1064 1056 1472 1125 Scripturarum
1518 1071 1726 1126 pannos

152 1151 272 1206 hinc
301 1149 418 1204 inde
459 1148 734 1218 colligens,
785 1159 843 1204 ut
886 1149 1057 1220 possit
1103 1149 1342 1206 tunicam
1377 1150 1555 1206 facere
1597 1165 1728 1205 con-

151 1244 394 1306 scissam.
421 1257 533 1314 quae
562 1242 822 1298 deorsum
882 1253 968 1298 est
1009 1259 1118 1298 non
1158 1242 1471 1299 desursum.
1518 1243 1725 1299 Tunica

148 1339 286 1394 enim
328 1335 608 1400 Ecclesire,
643 1335 749 1391 hoc
802 1345 906 1406 est,
966 1351 1166 1406 corpus
1219 1337 1458 1405 CbriSIi,
1492 1337 1730 1407 desuper

153 1439 388 1486 contexta
428 1437 549 1494 est,
579 1437 634 1484 et
668 1429 817 1484 nulla
863 1445 927 1484 ex
966 1441 1120 1500 parte
1149 1431 1467 1496 consutilis,
1500 1446 1619 1500 qua:
1661 1444 1730 1484 ne

150 1522 213 1578 ab
253 1521 472 1577 inimlcis
521 1521 740 1592 quidem
776 1522 949 1577 scindi
983 1532 1184 1594 potest.

211 1615 362 1686 632
387 1613 575 1686 (Vers.
607 1613 726 1686 29.)
755 1614 938 1670 Omnis
962 1633 1130 1670 sermo
1162 1617 1329 1671 malus
1367 1617 1431 1670 de
1453 1631 1541 1670 ore
1563 1625 1729 1671 vestro

148 1722 242 1760 non
290 1706 546 1774 procedat.
602 1706 710 1762 Sed
759 1707 806 1760 si
846 1707 962 1777 quis
1005 1708 1203 1775 bonus,
1236 1709 1304 1762 ad
1333 1708 1730 1778 ardiﬁcationem

151 1801 559 1871 opportunitatis,
592 1809 644 1852 ut
673 1799 754 1853 det
783 1803 1006 1871 gratiam
1031 1800 1383 1854 audientibus.
1413 1800 1598 1856 Bonus
1620 1816 1732 1856 ser-

1829 607 1953 647 men
1978 594 2345 658 aediﬁcenius,
2379 597 2508 652 mali
2538 597 2690 652 verbi
2719 599 2877 653 nobis
2907 598 3102 654 luenda
3135 598 3206 653 sit
3238 613 3420 668 postia.

1897 684 2077 756 (Vers.
2105 686 2219 746 30.)
2273 687 2340 740 Et
2369 687 2531 743 nolite
2563 691 2873 744 contristare
2903 689 3162 760 Spiritum
3185 700 3424 744 sanctum

1825 773 1946 841 Dei,
1979 780 2031 831 in
2057 794 2157 845 quo
2193 780 2389 850 signati
2413 782 2536 836 estis
2574 782 2628 834 in
2673 771 2767 834 diei
2795 782 3190 851 redemptionis.
3224 781 3426 838 Mmror

1826 870 1998 924 sancti
2025 870 2264 940 Spiritus
2294 873 2373 928 sic
2397 871 2807 944 intelligendus,
2831 876 3108 945 quomodo
3138 876 3216 930 ira
3253 877 3344 931 Dei
3372 887 3430 933 et

1826 976 2074 1028 somnus,
2100 973 2155 1018 et
2183 975 2396 1020 czeterae
2429 967 2484 1019 in
2521 967 2810 1022 humanam
2859 968 3275 1025 similitudinem
3306 985 3429 1040 pas-

1828 1057 2035 1108 siones.
2067 1053 2186 1108 Non
2215 1070 2324 1126 quo
2353 1057 2713 1112 contristetur
2743 1057 3006 1128 Spiritus,
3032 1068 3087 1114 et
3115 1058 3280 1115 ullam
3308 1075 3432 1130 per-

1829 1147 2193 1202 turbationem
2236 1148 2497 1203 divinitas
2527 1149 2726 1204 sentiat
2762 1167 2776 1204 :
2823 1149 2921 1205 sed
2977 1166 3086 1222 quo
3134 1167 3202 1206 ex
3247 1153 3431 1208 verbis

1829 1239 2062 1307 nostris,
2099 1239 2191 1294 Dei
2242 1239 2520 1296 discamus
2566 1240 2819 1311 allectus,
2851 1241 2999 1312 quod
3039 1253 3271 1299 maereat
3295 1259 3431 1314 quo-

1832 1333 2170 1404 tiescumque
2220 1347 2548 1403 peccamus,
2601 1343 2656 1388 et
2701 1333 2900 1390 deﬂeat
2927 1346 3263 1407 peccatores.
3297 1336 3429 1393 Nam

1832 1433 1886 1480 et
1908 1423 2161 1480 Salvator
2189 1425 2244 1480 in
2289 1440 2526 1494 corpore
2557 1427 2912 1495 constitutus,
2945 1427 3095 1483 ﬂevit
3124 1427 3430 1485 Jerusalem

1833 1518 1988 1590 (Luc.
2017 1521 2154 1590 xxx),
2179 1532 2232 1576 et
2258 1536 2421 1576 omne
2452 1521 2733 1576 hominum
2760 1536 2935 1591 genus
2959 1522 3012 1576 in
3047 1523 3314 1592 propheta
3338 1523 3435 1578 de-

1835 1612 2054 1681 plorat,
2086 1612 2277 1667 dicens
2309 1631 2320 1666 :
2353 1612 2477 1666 Heu
2505 1613 2652 1676 mihi,
2687 1614 2886 1683 animo,
2919 1616 3044 1685 quia
3079 1615 3234 1681 periit
3261 1629 3436 1669 rever-

1835 1711 1943 1755 tens
1973 1701 2080 1773 [AL
2117 1703 2374 1776 reverens]
2403 1722 2432 1757 a
2461 1713 2622 1760 terra.
2657 1704 2726 1758 Et
2772 1707 2862 1777 qui
2890 1706 3150 1777 corrigat,
3185 1707 3320 1761 inter
3346 1708 3440 1761 lto-

1836 1795 1999 1848 mines
2027 1811 2130 1848 non
2157 1805 2232 1848 est
2265 1812 2283 1849 :
2311 1812 2485 1850 omnes
2527 1799 2582 1850 in
2621 1798 2872 1870 sanguine
2905 1797 3214 1867 iudicantur
3237 1797 3435 1868 (Miclt.

146 1906 228 1947 mo
255 1891 424 1946 estad
471 1889 901 1946 aediﬁcationem
953 1891 1403 1962 opportunitatis,
1435 1892 1570 1946 dans
1603 1908 1729 1962 gra-
1765 1886 1813 1947 Β
1839 1889 1954 1956 vu).
1986 1888 2050 1941 Et
2082 1888 2136 1942 in
2169 1889 2461 1944 Ezechiele
2509 1905 2674 1960 opera
2708 1892 2980 1960 quondam
3015 1901 3220 1946 sancta:
3249 1893 3439 1946 civita-

149 1982 263 2037 tiam
284 1981 654 2047 audientibus,
683 1983 773 2052 qui
799 1982 959 2038 docet
989 1984 1222 2038 virtutes
1249 1983 1576 2053 sequendas,
1607 1983 1732 2038 vitia

145 2073 403 2145 fugienda.
436 2075 640 2140 Malus,
675 2077 765 2145 qui
795 2075 862 2129 ad
894 2085 1112 2146 peccata
1146 2085 1426 2146 provocat,
1454 2086 1506 2132 et
1535 2092 1737 2146 pronos

145 2169 306 2238 magis
331 2169 525 2222 incitat
567 2167 632 2223 ad
678 2169 914 2222 ruinam.
963 2167 1070 2224 Pro
1111 2183 1177 2222 eo
1223 2178 1404 2222 autem
1449 2167 1591 2239 quod
1639 2183 1738 2222 nos

145 2261 430 2331 pOSnimus,
465 2261 539 2314 ad
589 2261 991 2330 aediﬁcationem
1020 2261 1450 2332 appar-trinitatis,
1504 2261 1608 2316 hoc
1656 2268 1740 2315 est

149 2352 280 2421 quod
305 2353 502 2408 dicitur
539 2352 752 2420 Graece,
786 2362 878 2414 τῆς
906 2354 1093 2428 χρείας
1125 2352 1178 2406 in
1209 2351 1418 2406 Latinis
1461 2351 1740 2407 codicibus

147 2456 356 2516 pr0pter
408 2447 749 2519 euplmniam
800 2448 1035 2501 mutavit
1083 2448 1375 2515 interpres,
1427 2454 1484 2502 et
1533 2447 1734 2518 posuit,

150 2538 210 2591 ad
237 2540 631 2610 ludiﬁcationem
675 2539 818 2607 ﬁdei.
871 2537 1330 2609 Quotiescumque
1377 2553 1444 2592 ex
1487 2553 1742 2594 sermone

147 2640 324 2687 nostro
347 2632 550 2704 aliquis
575 2631 828 2702 prolicit,
873 2640 929 2686 et
962 2631 1120 2701 juxta
1157 2631 1621 2700 opportunitatem
1655 2631 1739 2686 lo-

149 2722 216 2788 ci,
241 2722 493 2793 tetnporis
515 2734 577 2780 et
609 2737 855 2793 personae
881 2722 1113 2777 aediﬁcat
1141 2722 1445 2786 audientes,
1473 2721 1648 2777 bonus
1675 2722 1743 2778 de

149 2830 238 2873 ore
267 2830 454 2875 nostro
481 2833 676 2876 sermo
706 2818 1000 2888 processit.
1036 2818 1261 2884 Quoties
1285 2832 1416 2873 vero
1445 2817 1740 2886 loquimur,

153 2917 241 2965 aut
267 2926 371 2965 non
406 2911 458 2967 in
494 2921 770 2981 tempore,
799 2921 894 2965 aut
922 2911 1238 2982 importuno
1264 2911 1405 2977 loco,
1429 2917 1524 2965 aut
1550 2925 1656 2966 non
1687 2918 1750 2965 ut

152 3006 395 3060 convenit
423 3005 806 3071 audientibus,
855 3003 1022 3059 toties
1068 3020 1248 3060 sermo
1298 3003 1476 3059 malus
1505 3004 1749 3072 procedit

153 3094 217 3151 de
243 3111 336 3153 ore
358 3107 580 3163 nostro,
611 3098 678 3152 ad
698 3097 1128 3153 destructionem
1156 3111 1344 3152 eorum
1377 3097 1467 3165 qui
1499 3095 1744 3150 audiunt.

149 3185 575 3247 Consideremus
603 3189 784 3260 itaque
812 3190 942 3261 quid
969 3191 1274 3260 loquamur,
1306 3187 1430 3259 quia
1468 3205 1566 3258 pro
1595 3188 1749 3244 omni

152 3278 319 3338 otioso
358 3284 555 3350 verbo,
587 3281 852 3338 reddituri
883 3297 1071 3338 sumus
1100 3283 1368 3336 rationem
1407 3281 1461 3335 in
1492 3280 1581 3336 die
1605 3280 1746 3350 judi-
1776 3272 1822 3337 C

221 3450 248 3480 λ
282 3442 504 3500 Sentire
531 3441 758 3498 videtur
784 3442 960 3509 ipsum
986 3441 1156 3497 fuisse
1185 3440 1278 3495 Dei
1300 3439 1584 3509 Spiritum,
1608 3440 1751 3510 quod

156 3512 275 3568 vita:
304 3515 644 3584 spiraculum
679 3514 1022 3583 protOplasto
1060 3513 1222 3584 Deus
1256 3511 1565 3584 inSpiravi‘t.
1597 3512 1748 3584 Ninu-

154 3581 476 3655 nullos—ejus
522 3581 816 3641 sententiae
847 3581 1054 3640 Patres
1100 3581 1288 3639 laudat
1330 3581 1599 3652 Georgius
1625 3581 1752 3636 Βυι-

1842 1982 1910 2034 tis
1937 1996 2291 2048 enumerans,
2320 1983 2397 2036 ait
2429 1999 2444 2036 :
2473 1980 2541 2036 In
2571 1985 2807 2037 omnibus
2843 1985 2960 2037 istis
2986 1985 3330 2039 contristabas
3359 2002 3441 2040 me

1845 2071 2082 2142 (Ezech.
2140 2073 2278 2144 xx).
2339 2073 2545 2143 Sigoati
2599 2083 2780 2131 autem
2839 2090 3027 2131 sumus
3085 2075 3291 2147 Spiritu
3343 2078 3437 2132 Dei

1842 2176 2056 2228 sancto,
2086 2177 2146 2220 ut
2175 2174 2230 2220 et
2258 2167 2482 2236 spiritus
2511 2176 2700 2224 noster
2729 2178 2783 2223 et
2829 2169 3010 2222 anima
3059 2169 3440 2240 imprimantur

1843 2259 2126 2330 signaculo
2157 2261 2274 2329 Dei,
2317 2271 2370 2316 et
2403 2262 2549 2316 illam
2597 2264 2929 2334 recipiamus
2959 2264 3254 2334 imaginem
3286 2273 3340 2318 et
3368 2263 3441 2319 si-

1843 2353 2208 2409 militudinem
2241 2364 2266 2392 ιι
2295 2355 2361 2409 ad
2392 2371 2554 2426 quam
2601 2357 2652 2411 in
2706 2347 2932 2412 exordio
2979 2355 3184 2413 conditi
3227 2371 3437 2427 sumus,

1843 2444 1960 2500 Hoc
2015 2447 2354 2517 signaculum
2413 2449 2586 2504 sancti
2641 2448 2904 2519 Spiritus,
2955 2449 3108 2519 juxta
3164 2446 3442 2519 eloquium

1845 2538 2175 2608 Salvatoris,
2211 2541 2324 2597 Deo
2351 2542 2735 2612 imprimente,
2769 2544 3031 2614 signatur.
3082 2542 3241 2598 Hunc
3291 2545 3446 2610 enim,

1847 2632 1944 2698 ait,
1974 2632 2195 2704 signavit
2225 2632 2386 2688 Pater
2410 2633 2552 2689 Deus
2579 2633 2762 2708 (Joan.
2795 2651 2868 2701 vr,
2891 2636 3012 2708 27).
3037 2636 3298 2706 Signatur
3315 2649 3448 2707 ergo

1847 2738 1876 2778 a
1899 2723 2087 2794 Patre,
2116 2726 2318 2796 Spiritu
2345 2738 2536 2782 sancto
2555 2770 2569 2795 ,
2598 2729 2778 2785 omnis
2827 2729 2917 2801 qui
2949 2745 3014 2785 ex
3037 2745 3104 2785 eo
3149 2729 3293 2801 quod
3323 2744 3448 2784 cre-

1848 2815 1986 2870 didit
2016 2817 2149 2885 Deo,
2179 2819 2438 2889 signavit,
2468 2822 2592 2890 quia
2615 2837 2781 2878 verus
2809 2833 2893 2879 est
2915 2823 3078 2879 Deus.
3108 2823 3212 2891 Qui
3245 2822 3450 2878 idcirco

1849 2910 2114 2980 signatur,
2152 2919 2208 2964 ut
2250 2921 2435 2967 servet
2463 2915 2800 2984 signaculum
2846 2923 2903 2971 et
2947 2915 3201 2971 ostendat
3229 2914 3359 2970 illud
3391 2913 3448 2970 in

1851 3002 1945 3057 die
1975 3002 2372 3073 redemptionis
2397 3044 2412 3070 ,
2445 3020 2642 3076 purum
2671 3015 2838 3078 atque
2864 3007 3142 3063 sincerum
3167 3047 3184 3074 ,
3217 3017 3272 3063 et
3303 3006 3451 3062 nulla

1853 3107 1920 3149 cx
1950 3105 2105 3164 parte
2132 3096 2440 3150 mutilatum
2469 3137 2485 3164 ,
2520 3107 2576 3154 et
2602 3099 2672 3156 ob
2700 3099 2756 3154 id
2786 3099 3064 3156 numerari
3093 3115 3214 3155 cum
3246 3098 3334 3156 his
3359 3114 3452 3154 va-

1855 3187 1965 3243 leat
1989 3189 2084 3260 qui
2115 3189 2382 3260 redempti
2413 3200 2561 3247 sunt.
2580 3194 2596 3249 T

1860 3440 2195 3582 ὲιέἱῶξᾶξηε.
2222 3442 2344 3498 Fid.
2373 3441 2634 3516 Nieam.§
2680 3443 2782 3514 21,
2810 3444 2904 3517 qui
2952 3453 3007 3500 et
3047 3452 3154 3501 stat
3198 3458 3230 3499 a
3273 3441 3460 3500 Rufini

160 3719 3443 3745 ΝΜ

1168 3853 1646 3962 LIBER
1727 3852 2041 3963 TER
2064 3854 2228 3962 T1
2248 3852 2471 3965 US.

231 4182 594 4262 633-635l
615 4186 762 4246 Satis
789 4185 1144 4258 abundeque,
1193 4199 1227 4241 o
1269 4179 1432 4240 Paula
1475 4187 1531 4238 et
1573 4181 1770 4238 Eusto-

167 4277 367 4350 chium,
399 4281 470 4337 de
503 4289 832 4352 argumento
873 4278 1132 4351 Epistolze
1162 4275 1312 4332 Pauli
1358 4276 1425 4329 ad
1467 4273 1769 4344 Ephesios,

174 4372 227 4430 in
255 4377 416 4446 primi
447 4376 580 4432 libri
623 4375 939 4445 prmfatione
967 4371 1199 4429 disserui
1233 4389 1246 4425 :
1280 4379 1337 4426 et
1379 4369 1617 4440 sparsim
1652 4369 1771 4424 ubi-

171 4480 404 4542 cumque
452 4470 676 4526 occasio
728 4469 854 4524 data
904 4476 1020 4536 est,
1068 4465 1198 4522 licet
1242 4464 1502 4530 breviter,
1559 4462 1778 4520 ostendi

170 4561 316 4631 quod
350 4562 551 4618 beatus
598 4561 892 4633 Apostolus
917 4560 987 4615 ad
1028 4559 1233 4614 nullam
1267 4556 1634 4612 Ecclesiarum
1665 4566 1772 4611 tam

171 4655 406 4725 mystice
434 4656 726 4725 scripserit
767 4663 822 4710 et
864 4651 1182 4709 abscondita
1212 4650 1430 4707 saeculis
1451 4650 1777 4705 revelaverit

172 4757 559 4802 sacramenta.
586 4745 739 4802 Nunc
768 4760 907 4818 ergo
936 4744 1190 4816 quoniam
1233 4742 1542 4798 orationum
1571 4749 1780 4795 vestra-

173 4851 295 4893 rum
325 4851 384 4894 et
411 4849 624 4896 sanctas
662 4837 934 4894 Marcellae
976 4838 1144 4892 fultus
1172 4835 1405 4900 auxilio,
1435 4835 1692 4898 tertium,
1728 4831 1780 4886 id

173 4938 258 4982 est
283 4939 604 4985 extremum
626 4971 641 4995 ,
668 4930 720 4984 in
746 4927 994 4985 eamdem
1027 4926 1329 4997 Epistolam
1364 4924 1514 4980 dicto
1553 4923 1781 4989 librum,

170 5021 381 5092 iustum
415 5025 555 5080 mihi
587 5025 821 5092 videtur,
851 5033 910 5079 ut
934 5021 1172 5077 nominis
1200 5034 1418 5092 quoque
1459 5019 1632 5091 ipsius
1660 5027 1782 5090 ety-

176 5118 485 5190 mologiam
514 5134 640 5174 cum
661 5131 822 5174 sensu
846 5131 1006 5187 quem
1028 5130 1190 5184 supra
1214 5113 1470 5182 exposui,
1486 5123 1789 5181 congruere

254 5251 273 5271 '
294 5251 630 5324 Huiusmodi
649 5250 1006 5324 etymologias
1028 5249 1308 5324 nominum
1331 5246 1643 5324 Graecorum
1668 5260 1784 5324 mu-

179 5314 496 5378 tuatus'est
545 5314 919 5393 Hieronymus
935 5323 1004 5375 ab
1024 5321 1284 5393 0rigene,
1309 5317 1663 5393 qui_Lexicon
1683 5314 1784 5370 lle-

178 5393 507 5449 braicorurn
565 5386 840 5450 nominum
885 5386 1189 5447 condidit'e
1227 5386 1370 5443 novo
1403 5386 1786 5449 Testamento,

180 5465 390 5536 quique
419 5463 566 5536 satis
603 5465 840 5519 absurde
876 5463 1161 5536 Grieca‘et
1190 5460 1378 5536 Latina
1407 5460 1574 5536 quasi
1602 5465 1791 5536 essent

182 5527 422 5590 Hebraea
444 5535 800 5604 interpretari
829 5533 1029 5604 valuit.
1051 5532 1285 5604 Consule
1308 5527 1790 5604 librum_llebrz_eo-

186 5620 312 5660 rum
343 5597 648 5661 Nominum
686 5614 832 5659 tomo
865 5603 951 5658 Ill.
983 5601 1311 5657 Maura—In
1333 5615 1400 5654 eo
1431 5598 1644 5652 scilicet
1684 5597 1784 5650 No~

187 5677 405 5734 minum
440 5675 613 5748 libro,
636 5674 728 5745 qui
753 5675 914 5745 vulgo
943 5671 1243 5748 obtinebat,
1274 5681 1328 5726 ct
1355 5668 1551 5725 Latine
1575 5668 1643 5722 ab
1671 5668 1790 5748 ipso

188 5750 510 5819 explicatus
539 5737 874 5819 Hieronymo
892 5753 1002 5819 est.
1025 5744 1138 5798 Nec
1165 5751 1368 5819 tamen.
1394 5751 1454 5819 ut
1480 5753 1625 5808 saepe
1654 5737 1794 5819 dixi:

191 5808 344 5883 mus,
377 5816 520 5870 hinc
551 5824 701 5870 recte
728 5808 847 5884 quis
878 5815 1132 5884 colligat,
1156 5828 1269 5884 eas
1318 5810 1538 5880 ipsimet
1579 5808 1797 5884 probari

195 5878 613 5960 etymologias,
635 5878 858 5953 quarum
884 5893 939 5940 et
964 5878 1255 5940 nonnullas
1279 5878 1540 5952 expresse
1565 5878 1796 5949 respuit.

1874 4181 2124 4238 doceam.
2151 4190 2177 4218 ει
2206 4177 2444 4252 Ephesus
2500 4179 2553 4234 in
2603 4177 2852 4235 Latinam
2881 4177 3118 4250 linguam
3146 4177 3472 4251 interpreta-

1876 4282 1983 4340 tur,
2043 4274 2312 4342 voluntas,
2346 4272 2462 4327 sive
2493 4272 2772 4327 consilium
2799 4287 2965 4326 meum
2991 4273 3044 4326 in
3086 4287 3178 4339 ea,
3208 4271 3295 4326 vel
3323 4279 3476 4328 certe

1876 4367 2053 4419 anima
2085 4380 2199 4418 mea
2226 4365 2280 4418 in
2305 4381 2385 4418 ea.
2413 4362 2681 4420 Voluntas
2721 4371 2777 4419 et
2822 4362 3144 4432 consilium,
3189 4371 3242 4418 et
3291 4362 3471 4418 anima

1879 4456 1975 4512 Dei
2009 4457 2060 4510 in
2089 4471 2155 4509 eo
2182 4464 2298 4521 est,
2321 4455 2412 4526 qui
2442 4462 2627 4524 potest
2652 4452 2837 4510 dicere
2862 4471 2873 4507 :
2901 4452 3026 4524 Ipse
3053 4453 3194 4507 enim
3221 4453 3351 4507 mihi
3377 4455 3472 4510 de-

1883 4551 1959 4603 dit
1995 4550 2232 4604 notitiam
2261 4549 2492 4604 omnium
2517 4547 2694 4620 (Eccl.
2749 4563 2797 4613 ι,
2827 4547 2914 4602 etl
2941 4545 3104 4602 Joan.
3131 4546 3188 4617 v)
3213 4588 3227 4612 ,
3260 4557 3318 4603 et
3351 4562 3473 4604 cum

1883 4641 2089 4697 incerta
2113 4649 2166 4694 et
2197 4641 2408 4695 occulta
2437 4636 2722 4707 sapientia:
2740 4636 2955 4703 Dei,illi
2980 4636 3187 4692 fuerint
3213 4639 3478 4708 revelata,

1887 4732 2254 4789 testimonium
2302 4739 2675 4801 consequetur
2710 4728 3026 4798 loquentis:
3074 4725 3258 4782 Inveni
3306 4727 3480 4784 David

1886 4825 1950 4880 de
1977 4822 2237 4878 Bethleem
2271 4821 2438 4892 ﬁlium
2461 4818 2630 4882 Iesse,
2665 4821 2834 4876 virum
2861 4819 3141 4873 secundum
3170 4836 3260 4874 cor
3285 4836 3476 4887 meum,

1890 4919 1979 4989 qui
2007 4918 2161 4988 faciet
2185 4915 2290 4988 [AL
2318 4912 2505 4986 faciat]
2530 4929 2705 4968 omnes
2727 4912 3019 4965 voluntates
3040 4925 3180 4964 meas
3201 4911 3342 4978 (Act.
3360 4925 3483 4978 xm,

1891 5008 2010 5080 Ξῖ).
2044 5006 2353 5064 Istiusmodi
2382 5006 2555 5060 virum
2600 5013 2660 5060 et
2697 5004 2838 5058 Osee
2879 5000 3140 5072 propheta
3189 5001 3484 5070 signiﬁcat,

1895 5103 2085 5159 dicens
2127 5119 2140 5157 :
2189 5099 2318 5166 Quis
2358 5099 2565 5170 sapiens
2607 5107 2656 5152 et
2700 5093 2953 5165 intelliget
2988 5092 3099 5166 [AL
3145 5092 3387 5164 intelligit
3433 5100 3492 5149 et

1895 5241 1954 5296 Id
1982 5253 2152 5310 genus
2179 5237 2296 5312 haec
2324 5245 2431 5312 est,
2459 5248 2563 5304 qua
2591 5232 2854 5312 Ephesus,
2883 5230 3146 5312 voluntas,
3164 5230 3299 5312 .sive
3328 5229 3493 5312 consi-

1897 5302 2271 5366 liummeumin
2284 5324 2344 5361 ea
2374 5302 2783 5375 interpretatur.
2809 5302 3061 5375 Notatum
3088 5302 3288 5375 quippe
3313 5308 3370 5356 et
3392 5315 3490 5356 no-

1896 5383 1982 5438 bis
2026 5381 2093 5435 ad
2142 5378 2417 5433 laudatum
2446 5371 2733 5431 Nominum
2767 5373 2996 5438 librum,
3025 5388 3090 5427 ex
3114 5371 3308 5427 Grtcco
3336 5387 3487 5426 com-

1897 5452 2113 5508 modius
2160 5447 2395 5513 derivari
2441 5447 2583 5502 bauc
2619 5460 2808 5500 vocem
2841 5457 2999 5514 posse
3030 5462 3048 5514 ;
3073 5457 3136 5494 ac
3169 5441 3338 5497 videri
3363 5481 3380 5506 ,
3429 5452 3491 5496 ut

1898 5521 2215 5580 Heraclides
2259 5518 2456 5582 tradit,
2498 5517 2578 5571 sic
2629 5516 2860 5581 dictum,
2910 5513 3052 5585 quod
3102 5527 3222 5566 eam
3271 5521 3486 5585 terram

1895 5593 2264 5650 Amazonibus
2319 5586 2578 5643 Hercules
2633 5581 3226 5657 permiseri't_:'I-:pwzv
3259 5581 3487 5657 Grmce,

1899 5664 2286 5736 permissionem
2311 5673 2514 5736 sonare
2522 5653 2716 5736 omnes
2727 5657 2940 5736 sciunt...
2955 5653 3371 5736 Pausaniaslib.
3390 5669 3486 5736 vlt,

1900 5723 1970 5790 ab
1998 5735 2238 5806 Epheso,
2285 5745 2445 5802 quem
2476 5728 2691 5806 Caystri
2724 5724 2960 5782 ﬂuminis
2994 5725 3166 5806 lilium
3198 5725 3366 5781 luisse
3396 5723 3482 5779 l'a-
3511 5779 3514 5781 .

1901 5800 2182 5874 bulantur,
2215 5800 2412 5858 nomen
2443 5800 2741 5870 accepisse,
2771 5807 2960 5853 auctor
2987 5803 3091 5851 est.
