4034 6338
558 287 664 346 519

1813 272 1872 328 S.
1914 265 2184 327 EUSEBII
2222 266 2602 330 HIERONYMI

3750 272 3846 330 520

561 398 739 454 dilexit
785 412 908 462 nos,
944 402 990 448 et
1035 394 1251 448 tradidit
1297 393 1624 464 semetipsum
1675 406 1767 462 pro
1826 390 1969 443 nobis
2017 388 2157 441 obla-
2185 385 2237 445 Α
2264 387 2522 455 circuitu,
2581 390 2672 459 qui
2719 388 2903 444 verbis
2935 388 3176 458 jubentis
3239 389 3648 457 obtemperent,
3703 396 3756 443 et
3797 389 3845 444 in

558 489 779 553 tionem,
808 497 854 541 et
879 487 1105 540 hostiam
1130 485 1238 538 Deo
1270 485 1324 538 in
1353 483 1562 538 odorem
1592 482 1881 536 suavitatis.
1926 481 2026 548 Qui
2060 496 2156 549 pro

560 582 788 636 aliorum
831 581 1008 636 salute
1038 594 1210 650 usque
1257 579 1322 632 ad
1374 577 1690 646 sanguinem
1723 587 1915 629 c0ntra
1967 589 2156 643 pecca-

561 682 674 730 tum
715 673 967 740 dimicat,
1019 671 1090 726 ita
1123 681 1182 725 ut
1228 679 1281 724 et
1335 669 1573 723 animam
1625 656 1778 722 suam
1833 666 2009 720 tradat
2055 680 2156 735 pro

561 765 641 822 eis
683 780 698 819 :
733 767 833 820 iste
881 764 1121 820 ambulat
1156 764 1206 815 in
1240 760 1504 815 charitate
1533 801 1547 825 ,
1581 760 1796 812 imitans
1845 757 2153 824 Christum,

559 857 650 927 qui
692 871 792 912 nos
823 856 1088 910 intantum
1134 851 1354 917 dilexit,
1391 859 1449 904 ut
1471 866 1686 904 crucem
1718 865 1816 920 pro
1838 851 2013 904 salute
2041 865 2157 902 om-

559 948 709 1004 nium
743 949 1061 1004 sustineret.
1090 943 1378 1012 Quomodo
1407 942 1552 997 enim
1584 943 1672 997 ille
1698 959 1757 998 se
1803 943 2027 996 tradidit
2058 957 2154 1011 pro

560 1039 718 1096 nobis
752 1058 763 1094 :
794 1043 871 1094 sic
902 1050 956 1094 et
985 1041 1086 1093 iste
1119 1053 1216 1108 pro
1244 1036 1440 1105 quibus
1468 1045 1645 1106 potest
1677 1035 1910 1089 libenter
1934 1049 2153 1089 occum-

561 1133 727 1201 bens,
781 1131 1079 1186 imitabitur
1112 1145 1235 1185 eum
1284 1128 1377 1199 qui
1437 1129 1768 1184 oblationem
1819 1135 1873 1182 et
1924 1126 2153 1181 hostiam

559 1226 726 1300 640
752 1229 805 1282 in
835 1225 1058 1280 odorem
1091 1222 1375 1278 suavitatis
1415 1235 1478 1276 se
1520 1220 1663 1274 Patri
1707 1220 1955 1283 tradidit,
1981 1231 2036 1275 et
2066 1219 2157 1273 fiet

561 1323 725 1375 etiam
774 1318 890 1388 ipse
917 1315 1116 1371 oblatio
1169 1322 1227 1369 et
1274 1313 1446 1368 hostia
1495 1313 1589 1368 Dei
1621 1313 1672 1366 in
1716 1313 1938 1367 odorem
1970 1312 2153 1366 suavi-

562 1410 712 1465 talis.

638 1501 820 1573 (Vers.
843 1501 897 1567 5,
921 1501 1002 1574 4.)
1027 1498 1333 1554 Fornicatio
1349 1507 1517 1552 autem
1540 1507 1588 1550 et
1606 1498 1773 1551 omnis
1799 1496 2152 1562 immunditia,

563 1603 652 1646 aut
689 1593 911 1646 auaritia
932 1632 948 1657 ,
987 1609 1078 1645 nec
1109 1592 1398 1646 nominetur
1420 1591 1471 1644 in
1502 1589 1670 1657 vobis,
1704 1589 1835 1642 sicut
1865 1589 2004 1640 decet
2035 1604 2154 1641 san-

561 1694 668 1740 ctos
691 1701 711 1740 :
751 1693 798 1739 et
851 1683 1117 1753 turpitudo
1138 1727 1153 1750 ,
1183 1691 1229 1735 et
1265 1680 1637 1750 stultiloquium
1659 1721 1674 1745 ,
1704 1688 1794 1732 aut
1834 1679 2149 1745 scurrilitas,

2260 480 2470 536 diversa
2504 482 2789 536 mittantur
2837 480 3016 535 ofﬁcia
3066 479 3239 551 (lsai.
3283 495 3334 534 γι
3361 478 3400 551 ).
3442 479 3549 536 Sed
3604 478 3729 550 quia
3771 495 3848 534 se-

2258 571 2441 642 quitur
2495 573 2891 642 multiloquium
2976 571 3283 627 scurrilitas
3360 588 3372 623 :
3446 572 3620 641 magis
3681 570 3850 625 stulti-

2259 664 2495 732 quuium
2551 665 2618 719 ad
2680 665 2858 720 fatuas
2907 673 2962 719 et
3016 665 3229 733 ineptas
3283 662 3496 719 fabulas
3553 662 3847 719 tranferen-

2257 758 2404 810 dum.
2458 758 2604 812 Inter
2660 757 3062 829 stultiloquium
3119 765 3302 812 autem
3359 764 3419 811 et
3471 756 3846 812 scurrilitatem

2255 848 2417 921 641
2477 850 2581 904 hoc
2637 851 2897 916 interest,
2955 850 3098 919 quod
3155 848 3554 919 stultiloquium
3612 847 3742 903 nihil
3799 850 3846 903 in

2258 956 2316 996 se
2335 942 2558 1012 sapiens
2587 951 2645 998 et
2671 943 2841 998 corde
2873 942 3113 997 hominis
3137 942 3356 1012 dignum
3385 940 3572 998 habet.
3601 939 3850 999 Scurrili-

2260 1042 2341 1089 tas
2373 1051 2506 1088 vero
2547 1035 2614 1090 de
2644 1035 2896 1104 prudenti
2942 1044 3123 1090 mente
3159 1034 3474 1102 descendit,
3511 1045 3566 1089 et
3607 1033 3849 1089 consulto

2257 1127 2463 1196 appetit
2495 1127 2745 1198 quaedam
2779 1127 2861 1182 vel
2903 1127 3111 1181 urbana
3155 1126 3341 1192 verba,
3372 1125 3458 1180 vel
3493 1127 3694 1181 rustica
3716 1167 3731 1192 ,
3765 1125 3846 1180 vel

2269 1221 2467 1290 turpia,
2495 1221 2580 1276 vel
2611 1221 2803 1284 faceta,
2828 1236 2989 1290 quam
3019 1235 3118 1275 nos
3140 1220 3534 1287 iocularitatem
3558 1221 3666 1276 alio
3690 1221 3851 1275 verbo

2265 1328 2552 1383 possumus
2584 1313 2884 1384 appellare.
2913 1322 2974 1367 ut
3014 1313 3182 1367 risum
3227 1321 3442 1366 moveat
3481 1300 3848 1368 audientibus.

2256 1405 2458 1462 Verum
2487 1416 2540 1461 et
2572 1406 2689 1461 haec
2716 1421 2746 1460 a
2791 1406 2995 1461 sanctis
3038 1405 3173 1460 viris
3217 1404 3432 1474 penitus
3473 1403 3848 1474 propellenda,

2255 1500 2454 1570 quibus
2479 1499 2651 1569 magis
2680 1499 2940 1554 convenit
2967 1498 3100 1554 flere
3132 1507 3294 1568 atque
3327 1499 3531 1568 lugere,
3571 1508 3627 1552 ut
3659 1498 3710 1550 in
3742 1497 3851 1551 Ile-

2258 1593 2443 1648 braico
2481 1608 2697 1663 quoque
2733 1592 3029 1660 Evangelio
3059 1592 3323 1662 legimus.
3358 1590 3641 1645 Dominum
3672 1589 3742 1645 ad
3773 1588 3855 1643 di-

2257 1684 2497 1750 scipulos
2530 1683 2838 1753 loquentem
2865 1702 2877 1736 :
2910 1682 2980 1736 Et
3012 1699 3308 1752 numquam,
3345 1683 3540 1752 inquit,
3571 1682 3677 1736 [τειὶ
3698 1682 3812 1736 sitis
3833 1726 3846 1747 ,

561 1792 677 1849 quia
696 1777 765 1831 ad
788 1794 892 1832 rem
923 1792 1025 1830 non
1053 1775 1345 1846 pertinent:
1381 1772 1473 1828 sed
1503 1773 1666 1842 magis
1687 1775 1822 1825 actio
1848 1773 2154 1842 gratiarum.
2189 1760 2238 1822 Β
2264 1778 2363 1830 nisi
2388 1793 2503 1830 cum
2533 1780 2748 1848 fratrem
2779 1785 3001 1830 vestrum
3033 1775 3262 1829 videritis
3291 1775 3342 1828 in
3380 1775 3652 1828 charitatc.
3686 1773 3848 1828 Vide.

563 1868 677 1924 Nisi
710 1866 1161 1939 philosophorum
1193 1865 1410 1934 quidam
1434 1863 1674 1936 Cynicus
1702 1865 2000 1918 exstitisset
2022 1906 2034 1927 ,
2067 1863 2157 1934 qui

563 1960 784 2016 doceret
809 1975 1025 2014 omnem
1052 1958 1423 2013 titillationem
1445 1957 1626 2010 carnis
1643 1998 1657 2022 ,
1681 1967 1734 2010 et
1760 1955 1967 2010 ﬂuxum
1997 1955 2161 2010 semi-

559 2054 645 2107 nis
671 2067 737 2108 ex
782 2053 1166 2122 qualicumque
1212 2051 1396 2104 attritu
1428 2058 1680 2120 tactuque
1712 2051 2014 2104 venientem
2039 2091 2054 2118 ,
2103 2049 2157 2103 in

561 2152 807 2215 tempore
837 2159 946 2200 non
979 2142 1256 2199 vitandum
1276 2184 1292 2210 ,
1329 2151 1382 2197 et
1407 2141 1644 2196 nonnulli
1670 2145 1940 2210 sapientes
1969 2141 2158 2198 surculi

557 2236 612 2294 in
659 2241 797 2294 hanc
820 2245 1033 2308 turpem
1064 2245 1120 2292 et
1167 2236 1596 2292 erubescendam
1627 2234 1882 2290 haeresim
1927 2249 2158 2291 consen-

559 2331 804 2386 sissent:
839 2345 1132 2401 numquam
1180 2335 1402 2384 sanctus
1451 2327 1744 2398 Apostolus
1791 2327 2038 2382 scribens
2087 2327 2154 2382 ad

559 2422 860 2493 Ephesios,
895 2422 962 2478 ad
1010 2423 1426 2478 fornicationem
1476 2422 1639 2477 etiam
1673 2437 1889 2476 onmem
1923 2421 2157 2477 immun-

560 2515 749 2572 ditiam
771 2517 1110 2587 copulasset,
1140 2525 1195 2571 et
1222 2516 1288 2570 ad
1315 2515 1709 2570 immunditiam
1729 2516 2002 2585 juuxisset
2029 2533 2156 2572 ava-

557 2607 738 2666 ritiam
766 2625 780 2662 :
806 2625 911 2664 non
938 2609 1075 2664 hanc
1094 2625 1197 2680 qua
1221 2608 1506 2679 pecuniam
1528 2612 1778 2679 cupimus
1799 2624 2152 2681 congregare,

561 2705 659 2763 sed
688 2706 832 2760 illam
860 2705 927 2760 de
963 2721 1070 2777 qua
1101 2720 1264 2774 supra
1293 2704 1528 2759 diximus
1555 2721 1574 2758 :
1605 2720 1668 2758 ne
1709 2705 2147 2778 supergrediatur.

559 2806 610 2852 et
628 2813 818 2852 auarus
849 2797 1053 2867 fraudet
1077 2796 1129 2850 in
1150 2797 1355 2867 negotio
1377 2796 1591 2866 fratrem
1617 2812 1788 2849 suum.
1820 2795 1975 2864 Quod
2007 2795 2154 2850 scili-

559 2900 648 2947 cet
687 2889 1014 2946 insatiabilis
1042 2899 1098 2946 et
1146 2887 1488 2960 inexpletus,
1521 2903 1617 2958 per
1655 2888 1834 2942 omnia
1867 2887 2155 2957 turpitudi-

559 3000 688 3042 num
729 2999 930 3056 genera
952 3026 967 3049 ,
999 2984 1346 3054 lasciviteqne
1372 2981 1664 3037 discurrat.
1691 2981 1840 3036 Sicut
1863 2981 2038 3048 decet,
2070 2981 2153 3034 in-

556 3078 675 3149 quit
699 3119 716 3145 ,
745 3088 971 3132 sanctos.
1017 3077 1092 3132 Ex
1121 3093 1228 3148 quo
1249 3085 1474 3132 sanctus
1499 3091 1605 3130 non
1647 3082 1826 3146 potest
1853 3074 2148 3146 appellari,

557 3172 886 3242 quicumque
914 3179 1066 3226 extra
1109 3169 1526 3226 fornicationem
1556 3170 1612 3224 in
1640 3169 1823 3241 aliqua
1861 3169 2152 3228 immundi-

556 3265 629 3319 tia
662 3273 718 3321 et
760 3264 982 3320 avaritia
1027 3265 1397 3336 voluptatum,
1443 3279 1565 3336 quae
1613 3279 1682 3325 se
1719 3264 2148 3332 delectaverint,

556 3359 850 3416 invenitur.
898 3359 956 3416 Si
995 3359 1120 3430 quis
1164 3367 1348 3414 autem
1391 3357 1690 3413 arbitratur
1731 3358 2013 3413 avaritiam
2041 3373 2149 3413 non

554 3453 610 3509 in
637 3451 734 3508 illo
760 3468 923 3510 sensu
967 3451 1344 3521 accipiendam
1383 3465 1504 3506 esse
1529 3464 1638 3520 quo
1663 3451 1898 3506 diximus
1918 3492 1934 3518 ,
1959 3450 2152 3506 reddat

551 3562 751 3604 causas
772 3590 788 3614 ,
809 3563 980 3618 quare
1015 3547 1160 3602 inter
1186 3545 1625 3611 fornicationem,
1648 3554 1704 3600 et
1729 3544 2148 3612 immunditiam,

555 3651 612 3699 et
635 3639 1026 3712 turpitudinem
1047 3679 1062 3703 ,
1093 3647 1150 3694 et
1175 3637 1576 3708 stultiloquium
1596 3679 1611 3703 ,
1644 3645 1700 3691 et
1725 3636 2112 3696 scurrilitatem
2132 3677 2147 3701 ,

553 3733 790 3791 mediam
839 3730 1122 3786 avaritiam
1172 3727 1602 3784 extraordinarie
1664 3727 1927 3796 posuerit.
1980 3726 2150 3782 Porro

555 3821 954 3893 stultiloquium
985 3833 1107 3876 esse
1137 3817 1390 3875 existimo
1440 3834 1547 3872 non
1596 3815 1773 3871 solum
1823 3831 2012 3870 eorum
2057 3815 2147 3886 qui

555 3917 734 3987 aliqua
765 3922 992 3970 narrant
1017 3914 1234 3983 turpia,
1278 3920 1336 3966 ut
1364 3910 1536 3966 risum
1581 3917 1872 3973 moveant,
1901 3917 1958 3963 et
1985 3907 2147 3962 fatui-

556 4015 670 4063 tate
691 4007 944 4062 simulata
969 4005 1142 4074 magis
1172 4001 1402 4058 illudant
1435 4001 1518 4056 eis
1540 4042 1555 4067 ,
1579 4000 1773 4070 quibus
1807 3999 2021 4068 placere
2047 3998 2145 4053 de—

554 4099 801 4156 siderant
831 4097 960 4156 :sed
991 4099 1154 4154 etiam
1183 4109 1376 4151 eorum
1405 4093 1494 4164 qui
1516 4092 1795 4164 sapientes
1839 4091 2022 4146 saeculi
2053 4107 2150 4160 pu-

555 4199 755 4260 tantur,
801 4198 855 4247 et
894 4191 964 4246 de
990 4189 1154 4246 rebus
1183 4186 1423 4258 physicis
1443 4186 1821 4256 disputantes,
1857 4183 2045 4238 dicunt
2088 4197 2148 4238 se

551 4298 748 4340 arenas
798 4283 1082 4349 littorum,
1129 4287 1311 4352 guttas
1361 4277 1597 4344 Oceani,
1626 4286 1682 4333 et
1711 4276 1972 4333 ccelorum
2024 4292 2148 4346 spa-

553 4376 687 4432 tium
714 4416 732 4444 ,
782 4384 1051 4446 terraique
1082 4383 1339 4444 punctum
1387 4369 1595 4442 liquido
1640 4369 2142 4440 comprehendisse.

549 4469 650 4526 Est
691 4479 758 4534 et
794 4467 847 4524 in
897 4467 1142 4524 Ecclesia
1191 4464 1618 4534 stultiloquium.
1667 4463 1722 4520 Si
1773 4464 1893 4536 quis
1943 4464 2141 4520 coelqu

2265 1878 2350 1923 tur
2380 1868 2659 1938 hucusque
2692 1868 2825 1923 nihil
2859 1879 3012 1924 extra
3054 1869 3392 1939 propositum
3437 1878 3495 1923 et
3520 1877 3680 1923 extra
3721 1881 3852 1922 con-

2262 1963 2622 2033 sequentiam,
2651 1972 2968 2034 textumque
2991 1963 3196 2017 ordinis
3219 1963 3492 2018 intulisse.
3522 1963 3722 2020 Verum
3747 1961 3848 2017 hoc

2260 2053 2403 2123 quod
2450 2053 2716 2123 sequitur,
2759 2055 2897 2108 etin
2945 2056 3050 2108 line
3083 2055 3319 2122 positum
3360 2062 3446 2110 est
3491 2071 3504 2108 :
3551 2054 3658 2111 Sed
3690 2055 3854 2124 magis

2260 2147 2551 2217 gratiarum
2590 2148 2746 2212 actio,
2779 2155 2990 2216 quaerat
3029 2145 3253 2216 aliquis,
3303 2155 3357 2200 et
3397 2144 3542 2200 dicat
3579 2145 3710 2216 quid
3753 2144 3852 2199 sibi

2262 2240 2389 2295 velit
2436 2247 2557 2310 post
2600 2240 3011 2294 fornicationem
3054 2239 3413 2308 prohibitam,
3455 2249 3512 2293 et
3551 2238 3845 2293 immundi-

2261 2334 2412 2401 tiam,
2436 2342 2491 2388 et
2507 2333 2812 2401 lasciviam,
2836 2331 3323 2402 etturpitudinem,
3346 2340 3399 2388 et
3423 2331 3852 2401 stultiloquium,

2258 2435 2312 2481 et
2341 2423 2746 2490 scurrilitatem,
2779 2425 2922 2480 actio
2966 2425 3288 2495 gratiarum.
3317 2424 3374 2480 Si
3415 2423 3559 2480 enim
3597 2424 3770 2479 semel
3804 2423 3854 2479 ei

2258 2520 2489 2574 liberum
2539 2519 2638 2574 fuit
2665 2533 2867 2588 ponere
2913 2532 3311 2588 quamcumque
3345 2518 3630 2582 virtutem,
3677 2517 3854 2588 potuit

2258 2612 2461 2680 dicere,
2491 2613 2584 2668 sed
2631 2613 2803 2684 magis
2843 2611 3077 2682 justitia,
3127 2612 3366 2674 veritas,
3408 2610 3652 2666 dilectio.
3701 2610 3851 2678 Quo—

2257 2707 2419 2760 modo
2448 2715 2628 2760 autem
2673 2704 2779 2760 hoc
2828 2707 3229 2773 inconsequens
3267 2713 3352 2760 est
3387 2721 3402 2760 :
3435 2703 3509 2760 ita
3550 2705 3716 2760 etiam
3764 2705 3850 2760 illa

2257 2798 2703 2868 inconsequentia
2745 2812 2869 2854 esse
2911 2799 3241 2866 potuissent,
3288 2806 3344 2852 et
3386 2796 3580 2853 eadem
3629 2796 3848 2852 licentia

2257 2891 2500 2948 ordinem
2556 2908 2663 2946 non
2711 2891 3000 2947 haberent.
3038 2890 3292 2946 Forsitan
3341 2891 3505 2962 igitur
3544 2892 3846 2962 gratiarum

2256 2988 2398 3042 actio
2426 2987 2476 3041 iu
2506 2985 2609 3042 hoc
2637 2987 2758 3042 loco
2778 3002 2884 3041 non
2912 2984 3016 3041 iSta
3046 2992 3133 3040 est
3159 2985 3434 3040 nominata
3465 3001 3477 3038 :
3507 2984 3662 3054 juxta
3688 3000 3846 3056 quam

2254 3080 2457 3150 gratias
2487 3079 2700 3149 agimus
2735 3079 2867 3144 Deo,
2894 3077 2988 3133 sed
3013 3077 3167 3148 juxta
3197 3093 3356 3148 quam
3385 3077 3520 3148 grati
3565 3076 3685 3134 sive
3715 3094 3840 3146 gra-

2261 3174 2407 3240 tiosi,
2439 3182 2496 3229 ct
2523 3172 2644 3228 falsi
2691 3172 2836 3243 apud
2876 3172 3130 3227 homines
3167 3171 3533 3242 appellamur.
3586 3170 3840 3227 Stultilo-

2256 3265 2438 3336 quium
2457 3265 2600 3320 enim
2629 3272 2685 3319 ct
2710 3279 2955 3319 scurram
2985 3279 3093 3318 non
3120 3262 3282 3318 decet
3301 3278 3428 3319 esse
3449 3262 3845 3320 Christianum.

2258 3356 2422 3410 Decet
2453 3364 2631 3409 autem
2660 3368 2967 3410 sermonem
3009 3353 3128 3422 ejus
3157 3353 3272 3408 sale
3299 3367 3422 3408 esse
3452 3353 3762 3419 conditum,
3791 3363 3849 3410 ut

2254 3449 2483 3518 gratiam
2510 3447 2652 3518 apud
2679 3446 2964 3503 audientes
2995 3445 3214 3500 habeat.
3239 3447 3303 3501 Et
3326 3448 3453 3518 quia
3474 3462 3580 3502 non
3607 3456 3696 3503 est
3719 3464 3848 3504 con-

2251 3541 2582 3605 suetudinis,
2615 3540 2720 3594 nisi
2753 3540 2895 3594 inter
2933 3538 3126 3595 doctos
3174 3555 3419 3612 quosque
3449 3541 3590 3611 apud
3623 3541 3847 3598 Grzecos

2254 3635 2616 3711 εὐχαριστίαν,
2659 3632 2726 3686 ad
2767 3629 3178 3688 distinctionem
3232 3631 3594 3688 Eucharistize
3636 3634 3844 3699 dicere,

2253 3725 2355 3780 hoc
2377 3736 2482 3789 est,
2511 3724 2806 3795 gratiosum
2836 3737 2981 3790 esse,
3010 3733 3066 3779 et
3085 3739 3246 3794 agere
3271 3725 3480 3796 gratias
3504 3742 3518 3778 :
3545 3735 3840 3798 propterea

2251 3829 2380 3890 puto
2413 3818 2729 3888 Apostolum
2756 3818 2909 3890 quasi
2944 3817 3236 3873 Hebraeum
3265 3833 3334 3874 ex
3369 3818 3638 3883 llebrteis,
3675 3819 3841 3874 verbo

2253 3927 2406 3966 usum
2432 3924 2556 3967 esse
2584 3911 2825 3981 vulgato.
2855 3919 2912 3966 et
2936 3923 3158 3966 sensum
3189 3926 3348 3964 suum
3377 3910 3601 3965 alterius
3634 3907 3844 3982 signifi-

2252 4003 2465 4058 catione
2493 4003 2643 4058 verbi
2665 4002 2950 4072 explicare
2975 4003 3212 4059 voluisse
3245 4022 3258 4058 :
3287 4005 3525 4060 maxime
3549 4019 3675 4059 cum
3702 4003 3840 4070 apud

2254 4099 2512 4153 llebrreos
2530 4106 2556 4135 ιι
2581 4098 2856 4169 gratiosus
2885 4107 2942 4153 et
2970 4097 3176 4165 gratias
3200 4113 3389 4168 agens,
3421 4113 3553 4165 uno,
3587 4105 3648 4152 ut
3671 4097 3838 4160 aiunt,

2251 4206 2504 4246 sermone
2549 4189 2782 4245 dicatur.
2831 4188 2988 4245 Unde
3037 4190 3180 4244 etin
3222 4189 3538 4245 Proverbiis
3583 4198 3717 4258 puto
3771 4189 3839 4242 ita

2250 4284 2508 4353 scriptum
2533 4299 2545 4336 :
2570 4288 2696 4358 γυνή
2719 4281 2748 4320 δ
2775 4283 3096 4358 εὐχάριστος
3111 4283 3295 4358 ἐγείρει
3308 4279 3456 4357 ἀνδρὶ
3481 4277 3647 4352 683
3675 4278 3835 4345 δόξαν,

2250 4374 2434 4430 mulier
2463 4382 2610 4448 grata
2639 4374 2855 4429 suscitat
2882 4373 2992 4427 viro
3023 4374 3242 4440 gloriam
3267 4369 3458 4442 (Prov.
3491 4387 3565 4438 xl,
3594 4372 3710 4439 16),
3743 4386 3836 4441 pro

2252 4482 2318 4522 eo
2347 4467 2491 4538 quod
2520 4475 2624 4533 est,
2657 4465 2888 4536 gratiosa
2919 4480 2936 4517 :
2968 4463 3276 4518 videremur
3303 4461 3413 4517 vim
3440 4461 3625 4519 facere
3655 4463 3836 4533 Scrip-

548 4568 702 4632 putet
753 4559 978 4616 fornicis
1018 4573 1170 4615 more
1214 4567 1531 4622 curvatum,
1585 4555 1772 4622 Isaiat,
1825 4571 1986 4625 quem
2032 4572 2140 4612 non
2170 4531 2221 4593 Β
2251 4571 2410 4624 tur-ae,
2443 4570 2502 4616 et
2548 4559 2749 4629 gratias
2789 4565 3044 4628 agentem
3096 4557 3407 4623 mulierem,
3458 4571 3558 4626 pro
3595 4557 3830 4627 gratiosa

546 4652 840 4725 intelligit,
893 4666 1145 4709 sermone
1199 4649 1460 4720 deceptus
1507 4666 1524 4732 ξ
1568 4649 1763 4704 solium
1808 4665 2026 4720 quoque
2088 4650 2139 4704 in

546 4747 707 4804 cmiis
754 4746 1025 4820 positum,
1079 4754 1136 4800 et
1182 4757 1350 4814 super
1399 4756 1466 4798 eo
1511 4739 1703 4798 sedere
1745 4740 1946 4809 Deum,
1995 4751 2050 4798 et
2088 4742 2140 4796 in

549 4845 718 4901 ritum
784 4839 1128 4912 imperatoris
1193 4848 1248 4894 et
1296 4835 1532 4908 judicia,
1585 4835 1808 4906 angelos
1873 4846 2022 4892 stare
2087 4841 2139 4895 in

611 4993 636 5022 α
660 4992 775 5073 pm
804 4982 1043 5048 lthonen,
1077 4981 1164 5035 vel
1209 4988 1321 5066 Tm
1345 4977 1628 5046 ltltannun,
1659 4977 1947 5048 gratiosum
1977 4988 2142 5034 Sonat

541 5069 684 5152 apud
711 5078 1006 5152 Hebraeos;
1034 5075 1234 5147 gratias
1258 5081 1496 5143 agentem
1512 5085 1743 5152 quoque
1765 5069 2138 5152 significabat,

542 5141 605 5208 υἱ
650 5151 751 5220 ipsi
796 5158 963 5205 testes
995 5141 1169 5201 erant
1209 5141 1455 5220 tempore
1512 5141 1826 5220 Hieronymi
1877 5142 2134 5207 dicentis,

542 5213 756 5287 unm-ut
777 5221 945 5278 aiunt.
979 5232 1224 5287 sermone
1250 5217 1480 5268 dicatur.
1512 5213 1692 5287 illam.

618 5282 1030 5347 b'Martianteus
1075 5304 1144 5342 ex
1188 5285 1568 5348 Cluniacensi,
1603 5294 1661 5336 ut
1693 5284 1799 5349 ait,
1835 5282 2022 5338 codice
2055 5298 2140 5337 re-

543 5364 734 5421 scribit
762 5361 1080 5436 εὐχαριπὸς,
1110 5373 1272 5426 quam
1314 5371 1503 5436 vocem
1526 5355 1735 5409 Grtecia
1768 5359 1976 5436 ignorat
2007 5355 2135 5436 uni:

542 5450 722 5492 versa.
773 5425 1145 5488 Hallitcmatus
1187 5437 1367 5482 autem
1416 5429 1468 5482 in
1498 5442 1564 5480 eo
1606 5438 1706 5487 est,
1752 5425 1896 5494 quod
1934 5425 2132 5493 putarit

541 5505 932 5577 Hieronymum
961 5501 1118 5556 aliter
1147 5514 1210 5577 ac
1233 5499 1394 5577 _vu_|go_
1426 5497 1677 5562 habetur,
1723 5497 1775 5550 in
1812 5495 2138 5577 Proverbio-

541 5593 665 5632 rum
703 5566 898 5630 Graeco
944 5571 1246 5640 exemplari
1294 5566 1490 5639 legisse
1522 5587 1532 5620 :
1565 5580 1656 5622 aut
1685 5579 1836 5622 certe
1870 5568 2032 5619 aliter
2058 5566 2136 5640 _Ie-

539 5647 778 5716 gendum
816 5635 1150 5700 constituere
1173 5658 1210 5716 __:
1235 5635 1366 5716 eum
1393 5640 1726 5716 econtrario.
1760 5652 2017 5708 germana
2058 5635 2138 5692 le-

539 5709 726 5789 ξιίιῃω
772 5717 1088 5789 ιῦχάρισςτος
1133 5710 1264 5789 nihil
1288 5709 1683 5789 _in_imutata,id
1729 5723 1894 5789 unum
1943 5716 2134 5789 urgeat

539 5785 601 5842 S.
635 5778 1003 5853 Paterjipiod
1037 5782 1301 5852 peculiari
1325 5779 1724 5849 signiﬁcatione
1757 5778 2014 5834 donanda
2041 5779 2132 5845 sit,

2249 4652 2506 4708 audacter
2535 4650 2820 4722 accipere,
2853 4650 2955 4705 nisi
2988 4658 3043 4704 et
3079 4659 3292 4704 caetera:
3321 4648 3591 4704 editiones
3635 4661 3831 4704 nostra:

2249 4746 2492 4815 Opittioni
2523 4752 2910 4815 congruerent.
2938 4741 3132 4812 Aquila
3158 4743 3302 4797 enim
3343 4751 3401 4799 et
3422 4741 3750 4806 Theodotio,
3779 4750 3830 4796 et

2251 4835 2612 4908 Symmachus
2647 4846 2669 4871 α
2705 4836 2778 4890 ita
2825 4843 3148 4906 posuerunt,
3179 4839 3302 4909 γυνὴ
3343 4836 3585 4906 χάριτος,
3629 4834 3683 4889 id
3724 4841 3824 4898 est,

2250 4977 2301 5030 id
2335 4981 2442 5036 est.
2474 4975 2616 5048 quod
2654 4987 2760 5048 non
2804 4981 3010 5048 gratam
3039 4982 3216 5040 sonet,
3252 4973 3379 5048 Asive
3401 5015 3417 5040 ,
3447 4983 3683 5042 agentem
3716 4990 3829 5048 gra-

2249 5049 2388 5110 tias;
2418 5047 2512 5099 sed
2540 5045 2761 5114 proprie
2788 5045 3093 5115 gratiosam,
3124 5045 3264 5114 quod
3293 5061 3356 5100 ex
3385 5049 3525 5101 sacri
3551 5045 3828 5102 eontcxtus

2239 5121 2406 5182 serie,
2446 5128 2561 5170 tum
2595 5131 2841 5169 veterum
2877 5117 3286 5187 interpretum,
3316 5116 3548 5187 Aquilar,
3576 5116 3826 5187 Theodo-

2249 5191 2449 5252 tionis,
2512 5196 2567 5258 et
2613 5184 2927 5258 Symmachi
2983 5184 3306 5258 auctoritate
3363 5184 3666 5258 conﬁrmat.
3723 5185 3828 5242 Nos

2244 5260 2522 5327 antiquam
2556 5257 2845 5312 lectionem
2878 5257 3209 5324 postliminio
3233 5257 3628 5314 remeavimus.
3659 5287 3731 5298 -—-
3755 5258 3824 5312 Ita

2244 5331 2370 5398 legit
2400 5332 2574 5382 codex
2610 5343 2710 5400 ms.
2744 5328 3121 5400 Cluniacensis
3145 5345 3160 5393 ;
3185 5331 3266 5383 sic
3291 5344 3506 5400 quoque
3544 5329 3824 5399 legendum

2245 5402 2412 5455 docet
2466 5410 2609 5452 lotus
2665 5398 2986 5470 Hieronymi
3037 5398 3344 5470 cantemus.
3403 5398 3634 5454 Putabat.
3682 5401 3824 5454 enim

2245 5473 2613 5542 Hieronymus
2655 5470 2814 5542 aliter
2864 5468 3149 5538 legendum
3192 5471 3245 5523 in
3287 5470 3630 5538 Proverbiis,
3667 5483 3822 5542 quam

2241 5546 2405 5612 vulgo
2433 5539 2724 5608 legeretur,
2758 5541 2809 5616 id
2857 5551 2964 5616 est,
2998 5555 3103 5616 non
3125 5547 3251 5616 γυνή
3275 5542 3612 5616 εὐχάριστος,
3646 5539 3824 5616 mulier

2241 5611 2441 5685 gratias
2469 5629 2627 5683 agens
2656 5627 2675 5666 :
2701 5611 2795 5666 sed
2831 5615 2968 5688 7wri
2998 5611 3291 5688 εὐχάριςιςός
3309 5611 3343 5678 ,⁷
3365 5611 3550 5666 mittier
3577 5613 3822 5683 gratiosa,

2240 5683 2472 5740 venusto
2499 5691 2722 5752 aspectu
2749 5683 2909 5752 atque
2938 5683 3158 5737 decora'.
3191 5685 3366 5738 Mut'r.

2320 5787 2342 5816 ε
2377 5775 2696 5830 Lectionem
2747 5771 3060 5842 hujusmodi
3111 5781 3474 5843 corruperunt
3516 5773 3726 5828 Erasm.
3774 5779 3826 5826 ct
