4046 6416
171 411 266 471 5!!

673 411 1324 473 COMMENTARIORUM
1364 414 1430 470 IN
1473 408 1863 473 EPISTULA.“
1902 412 1992 470 AD
2033 408 2366 472 El‘llESlOS
2410 412 2538 471 LII}.
2585 417 2669 471 lll.
2712 416 2864 472 CAP.
2912 410 2974 472 ν.

3373 411 3478 474 529.

170 533 357 588 mulier
383 531 641 606 gratiosa,
689 546 746 589 et
789 549 896 588 non
928 535 1264 609 εὐχάριστος,
1299 533 1443 603 quod
1488 533 1554 588 ad
1597 533 1768 589 actio-
1797 535 1848 595 Α
1878 533 2032 588 nefas
2065 533 2265 587 habere
2294 532 2595 599 desiderat,
2630 542 2684 588 et
2706 533 2870 605 pleno
2902 531 3123 590 sacculo
3150 535 3472 602 delectatur.

176 640 296 680 neut
329 624 567 695 pertinet
599 626 924 694 gratiarum.

244 717 428 790 (Vers.
455 715 539 788 5.)
573 714 686 771 Hoc
708 725 880 772 autent
900 717 1100 779 scitote,
1127 717 1254 787 quia
1289 718 1454 770 omnis
1473 717 1778 789 ‘foruicalor

176 819 266 865 aut
295 811 622 877 immundus,
656 821 748 864 aut
783 826 994 876 avarus,
1036 813 1177 882 quod
1216 820 1290 866 est
1332 811 1492 866 idolis
1528 812 1777 877 serviens,

176 921 282 959 non
307 903 461 959 habet
501 903 869 958 litereditatem
893 905 947 959 in
977 921 1139 976 regno
1185 905 1380 961 Christi
1408 914 1454 960 et
1503 904 1624 961 Dei.
1667 905 1778 960 No-

179 997 405 1054 tandum
429 997 570 1068 quod
591 1012 684 1051 sex
704 996 854 1052 vitiis
873 1012 1035 1068 supra
1053 997 1375 1067 prohibitis,
1399 998 1779 1063 fornicatione,

177 1089 553 1157 immunditia,
576 1089 826 1156 avaritia,
858 1088 1211 1159 turpitudine,
1236 1089 1601 1161 stultiloquio,
1630 1105 1784 1145 scur-

181 1182 418 1245 rilitate,
454 1195 596 1236 nunc
628 1191 836 1235 tantum
872 1179 975 1234 tria
1025 1182 1298 1249 posuerit,
1335 1180 1780 1247 fornicationem,

184 1273 624 1340 immunditiam,
676 1272 960 1327 avaritiam
1021 1289 1035 1326 :
1090 1273 1288 1344 quibus
1327 1275 1420 1345 qui
1476 1273 1645 1329 fuerit
1684 1276 1784 1330 ob-

187 1366 410 1432 noxius,
440 1364 812 1421 hmreditatem
844 1365 898 1420 in
932 1381 1101 1437 regno
1128 1366 1334 1423 Christi
1365 1377 1421 1424 et
1450 1367 1548 1424 Dei
1578 1369 1786 1426 habere

186 1472 299 1512 non
330 1458 521 1527 possit.
558 1457 612 1511 Si
646 1458 792 1512 enim
823 1457 895 1512 ita
924 1456 1284 1528 stultiloquus
1313 1470 1366 1514 et
1391 1473 1580 1514 scurra
1625 1460 1788 1515 alieni

187 1558 378 1606 eSsent
424 1565 455 1603 a
488 1565 655 1620 regno
686 1549 807 1618 Dei,
838 1551 1118 1621 quomodo
1149 1561 1259 1607 tres
1299 1567 1438 1622 quos
1478 1553 1792 1624 specialiter

187 1643 492 1712 separavit,
543 1643 823 1698 videretur
879 1644 1149 1700 sententia
1200 1659 1324 1700 esse
1370 1645 1636 1715 crudelis,
1679 1663 1788 1702 non

186 1736 482 1805 ignoscere
530 1734 896 1791 imbecillitati
943 1736 1260 1807 fragilitatis
1305 1737 1560 1794 humana:
1610 1755 1624 1792 :
1667 1755 1790 1795 cum

188 1827 356 1882 etiam
389 1842 490 1898 per
511 1825 695 1898 joeum
736 1842 836 1883 nos
865 1826 1011 1883 dicta
1042 1827 1390 1884 damnarent.
1428 1828 1531 1896 Qui
1567 1831 1708 1885 enim
1736 1831 1792 1885 in

1877 625 1983 681 iste
2015 624 2329 681 idololatres
2373 629 2426 682 in
2457 641 2524 681 eo
2577 635 2700 695 est,
2755 627 2880 698 quia
2937 627 3274 697 sculpturam
3307 630 3481 700 ipsius

1880 718 2088 773 nummi
2130 718 2286 786 colit,
2319 727 2374 774 et
2412 719 2557 774 idola
2600 720 2653 774 in
2692 719 2773 775 eis
2815 721 3002 776 etclata
3044 733 3361 779 veneratur.
3407 723 3480 782 Ut.

1878 811 2160 866 voracium
2201 811 2340 866 deus
2385 821 2580 867 venter
2619 824 2726 879 est,
2771 813 2843 867 ita
2893 814 3215 885 cupidorum
3257 830 3480 886 quoque

1879 903 2183 973 jttStissime
2211 903 2438 972 pecunia
2469 904 2605 958 deus
2629 905 2736 960 dici
2766 915 2944 973 potest
2973 925 2984 959 :
3009 907 3248 964 maxime
3275 923 3398 964 cum
3426 909 3480 963 in

1879 996 1989 1051 alio
2018 995 2141 1050 loco
2169 997 2450 1066 apostolus
2490 995 2843 1065 cupiditatem
2874 999 3235 1055 idololatriam
3290 1011 3473 1056 vocet.

1884 1087 1965 1145 Ad
2018 1089 2134 1144 lucc
2171 1088 2467 1144 videndum
2516 1090 2641 1158 quid
2683 1091 2892 1146 sentire
2930 1093 3190 1158 voluerit,
3235 1091 3424 1150 dicens
3458 1111 3474 1149 :

1882 1181 1948 1236 In
1977 1199 2132 1253 regno
2155 1179 2349 1237 Chriin
2377 1193 2426 1237 et
2467 1182 2566 1236 Dei
2593 1182 2636 1253 (Ι
2665 1180 2786 1239 Cor.
2824 1183 2878 1255 ι)
2917 1201 2929 1237 :
2977 1195 3290 1242 utrumnam
3327 1187 3479 1243 aliud

1887 1289 2112 1342 regnum
2151 1270 2354 1328 Christi
2396 1275 2488 1340 sit,
2533 1285 2588 1329 et
2617 1273 2765 1329 aliud
2798 1274 2897 1330 Dei
2929 1293 2943 1332 :
2976 1291 3042 1331 an
3074 1278 3218 1334 idem
3253 1294 3480 1348 regnum

1887 1366 1959 1420 sit
1989 1365 2164 1420 Patris
2207 1373 2264 1420 et
2301 1363 2448 1420 Filii.
2485 1365 2555 1421 Et
2593 1365 2867 1437 siquidem
2908 1366 3176 1435 dixisset,
3221 1370 3273 1425 in
3317 1385 3488 1441 regno

1891 1455 2014 1513 Filii
2046 1467 2101 1514 et
2139 1457 2342 1525 Patris,
2376 1474 2474 1530 per
2512 1458 2710 1514 Filium
2755 1462 3071 1515 veniremus
3100 1461 3167 1516 ad
3208 1461 3426 1518 Patrem
3459 1483 3471 1494 -

1889 1559 1945 1605 et
1985 1550 2112 1605 licet
2156 1561 2308 1607 esset
2344 1550 2639 1607 diversitas
2683 1567 3069 1622 personarum,
3113 1563 3297 1610 tamen
3344 1563 3496 1610 esset

1892 1643 2238 1714 regnantium
2275 1658 2382 1699 una
2425 1644 2683 1715 majestas
2714 1662 2729 1698 :
2765 1655 2893 1700 tunc
2923 1660 3060 1702 vero
3099 1661 3222 1702 cum
3263 1647 3489 1712 dixerit,

1896 1733 1961 1787 lu
1988 1751 2146 1806 regno
2169 1734 2362 1790 Christi
2381 1746 2430 1790 et
2459 1735 2579 1802 Dei,
2604 1736 2779 1807 ipsum
2807 1737 3000 1804 Deum,
3027 1747 3082 1795 et
3107 1736 3388 1796 Christum
3416 1742 3500 1797 inc

1896 1828 2230 1898 telligamus,
2258 1811 2385 1901 quia
2433 1840 2488 1887 et
2527 1845 2649 1886 cum
2695 1830 2979 1888 tradiderit
3017 1848 3246 1904 regnum
3289 1834 3399 1891 Deo
3439 1846 3494 1891 ct

181 1935 427 1974 sermone
453 1936 554 1974 non
601 1919 795 1975 labitur
835 1923 1096 1992 perfectus
1122 1931 1196 1977 est
1223 1921 1435 1990 (Iacob.
1466 1937 1547 1987 ιιι,
1575 1921 1658 1994 2).
1687 1922 1795 1980 Ne-
1824 1921 1870 1982 B
1900 1921 2066 1987 Patri,
2103 1937 2211 1978 non
2257 1923 2363 1978 erit
2396 1921 2558 1978 Pater
2584 1925 2769 1978 omnia
2801 1923 2857 1978 itt
2897 1925 3176 1995 omnibus,
3209 1925 3309 1982 sed
3350 1926 3496 1984 Deus

185 2030 301 2085 que
333 2029 466 2069 vero
497 2013 600 2069 ista
627 2014 898 2082 dicentes,
929 2015 1108 2071 locum
1134 2015 1483 2088 stultiloquio
1510 2026 1569 2073 et
1589 2021 1799 2074 scurri-

189 2108 338 2164 litati
387 2108 604 2177 damus,
649 2109 777 2165 dum
829 2125 938 2166 non
989 2110 1358 2166 excluduntur
1401 2126 1431 2166 a
1474 2127 1669 2182 regno,
1703 2111 1800 2168 sed

188 2201 472 2273 quomodo
501 2202 644 2274 apud
694 2203 910 2260 Patrem
947 2203 1184 2259 diversa:
1216 2213 1343 2259 sunt
1371 2205 1706 2271 mansiones,
1747 2213 1804 2262 et

189 2296 354 2352 stella
375 2311 404 2350 a
429 2295 587 2351 stella
604 2295 786 2352 dill‘ert
806 2297 859 2352 in
881 2297 1054 2368 gloria
1088 2297 1272 2371 (Joan.
1301 2317 1429 2368 xtv;
1462 2301 1483 2358 1
1508 2299 1631 2356 Cor.
1658 2300 1752 2373 xv)
1782 2317 1798 2357 :

190 2388 277 2444 sic
317 2398 376 2443 et
419 2389 752 2446 resurrectio
787 2402 1130 2447 mortuorum
1176 2409 1192 2448 :
1233 2395 1486 2465 quamvis
1531 2395 1729 2465 aliquis
1771 2408 1803 2448 a

192 2482 582 2550 fornicatione,
616 2483 985 2553 immunditia,
1009 2495 1174 2556 atque
1201 2485 1423 2542 lascivia
1449 2487 1660 2543 alienus
1689 2487 1762 2542 sit
1787 2502 1801 2540 :

193 2583 382 2630 tamen
431 2574 475 2629 si
520 2575 875 2646 stultiloqutts
907 2585 962 2631 et
1003 2591 1190 2633 scurra
1228 2578 1416 2647 fuerit,
1460 2596 1566 2635 non
1600 2579 1810 2636 tenebit

192 2682 323 2722 eum
353 2669 530 2722 locum
563 2683 727 2739 quem
756 2683 1116 2738 possessurus
1146 2680 1287 2738 erat,
1319 2672 1367 2726 si
1391 2674 1508 2727 haec
1533 2673 1664 2728 vitia
1698 2687 1807 2728 non

195 2764 454 2819 babcret.
501 2763 850 2834 Respondeat
886 2764 1008 2834 quis
1054 2783 1069 2821 :
1117 2765 1247 2820 Esto
1302 2766 1707 2838 stultiloquium
1755 2777 1811 2823 et

198 2857 516 2912 scurrilitas
546 2872 653 2912 non
681 2856 934 2912 eumdem
959 2857 1158 2914 habeat
1184 2867 1419 2927 reatum,
1447 2876 1614 2931 quem
1645 2859 1812 2928 furni;-

194 2950 370 3014 catio,
396 2950 736 3005 immunditia
779 2960 832 3005 et
873 2952 1109 3006 avaritia
1147 2969 1160 3006 :
1196 2952 1456 3024 numquid
1481 2969 1586 3009 non
1613 2963 1672 3009 et
1701 2965 1814 3010 tur-

197 3043 511 3114 pitudinem
542 3058 665 3096 cum
691 3042 864 3114 tribus
887 3043 1268 3113 superioribus
1289 3043 1476 3099 debuit
1498 3046 1814 3103 nominare?

197 3135 287 3190 Ad
343 3133 484 3204 quod
535 3134 861 3203 dicendum,
920 3136 1314 3206 turpitudinem
1367 3137 1455 3192 hic
1506 3137 1816 3209 significare

199 3227 587 3284 absconditam
620 3230 1030 3300 cogitationem,
1063 3247 1186 3285 cum
1221 3230 1591 3287 inﬂammatur
1621 3248 1816 3290 sensus

1901 2014 2087 2069 omnia
2126 2013 2180 2068 in
2213 2014 2492 2070 omnibus.
2523 2013 2626 2071 Ubi
2659 2027 2840 2071 autem
2873 2015 3017 2071 Deus
3048 2026 3152 2082 est,
3196 2026 3304 2073 tam
3333 2016 3501 2074 Pater

1901 2121 2060 2177 quam
2091 2105 2262 2161 Filius
2290 2105 2522 2176 intelligi
2545 2114 2750 2177 potest.
2782 2107 2954 2163 Porro
2982 2107 3130 2180 quod
3154 2107 3223 2164 de
3251 2108 3412 2165 Patre
3443 2118 3502 2165 et

1903 2198 1970 2254 de
2013 2197 2146 2254 Filio
2191 2198 2449 2270 dicimus,
2498 2199 2605 2257 ltoc
2651 2200 2796 2256 idem
2846 2209 2903 2256 et
2944 2201 3014 2258 de
3059 2200 3264 2272 Spiritu
3310 2212 3504 2260 sancto

1904 2291 2228 2347 sentiamus.

1976 2382 2158 2454 (Vers.
2190 2385 2269 2454 6.)
2307 2383 2478 2440 Nemo
2506 2403 2592 2441 eos
2631 2387 2858 2457 decipiat
2887 2388 3129 2444 inanibus
3161 2390 3324 2445 verbis
3348 2407 3366 2444 :
3390 2407 3510 2463 pro-

1909 2487 2022 2545 pter
2049 2477 2162 2533 hch
2187 2479 2321 2532 enini
2349 2481 2484 2534 venit
2514 2480 2595 2534 ira
2616 2479 2713 2536 Dei
2740 2483 2794 2536 in
2813 2480 2951 2552 ﬁlios
2981 2483 3310 2552 dif/idemne.
3325 2483 3506 2542 Verba

1907 2586 2028 2641 qua:
2055 2571 2332 2642 decipiunt
2355 2583 2516 2643 atque
2541 2576 2920 2646 supplantant,
2954 2575 3135 2632 inania
3167 2586 3298 2633 sunt
3321 2590 3376 2634 et
3405 2593 3504 2634 va-

1907 2680 2030 2720 cua.
2063 2666 2194 2733 Qua:
2221 2681 2354 2722 vero
2373 2665 2540 2739 6M
2565 2667 2834 2723 aediﬁcant
2861 2667 3164 2739 auditores,
3193 2670 3373 2739 plena,
3407 2685 3507 2725 ett-

1911 2759 2137 2823 tuulata,
2189 2759 2457 2815 conferta.
2501 2760 2636 2827 Quia
2685 2761 2851 2831 igitur
2894 2770 3022 2817 sunt
3061 2763 3308 2834 plerique
3336 2772 3363 2801 ει
3408 2763 3504 2835 qui

1913 2853 2125 2919 dicunt,
2156 2869 2265 2908 non
2299 2853 2476 2908 futura
2503 2871 2602 2924 pro
2644 2856 2888 2926 peccatis
2927 2870 3051 2912 esse
3071 2857 3366 2928 supplicia,
3403 2873 3507 2916 nec

1915 2945 2262 3000 extrinsecus
2289 2945 2597 3001 adhibenda
2627 2955 2899 3004 tormenta
2938 2967 2950 3002 :
2981 2949 3077 3005 sed
3106 2951 3283 3020 ipsum
3317 2965 3512 3022 pecca-

1917 3047 2052 3102 tum,
2083 3049 2138 3091 et
2179 3037 2568 3093 conscientiam
2601 3039 2787 3095 delicti
2839 3055 2964 3097 esse
3005 3057 3104 3112 pro
3144 3057 3334 3112 pinna,
3383 3043 3512 3100 dum

1918 3129 2120 3184 vermis
2153 3129 2206 3184 in
2239 3129 2406 3187 corde
2436 3145 2545 3184 non
2578 3146 2698 3186 mor
2723 3142 2829 3200 tur,
2864 3141 2919 3188 et
2943 3135 2996 3188 in
3037 3135 3222 3192 animo
3254 3135 3394 3206 ignis
3419 3149 3512 3192 ac-

1919 3223 2212 3292 cenditur,
2263 3225 2316 3279 in
2360 3224 2776 3281 similitudinem
2845 3227 3012 3282 febris
3059 3245 3180 3299 qua:
3232 3246 3342 3286 non
3392 3239 3508 3286 toro

202 3333 400 3380 noster
431 3323 498 3378 ad
535 3324 840 3388 libidinem,
882 3334 940 3382 et
973 3325 1156 3380 carnis
1196 3325 1596 3382 titillationibus
1635 3328 1813 3382 anima

1923 3328 2047 3387 quct
2070 3315 2174 3390 [ΑΙ.
2202 3317 2473 3391 torqueat]
2495 3319 2838 3375 extrinsecus
2869 3330 3246 3390 aegrotantem,
3263 3321 3361 3378 sed
3388 3337 3513 3378 cor-

207 3419 385 3490 ignita
408 3419 779 3486 succenditur,
804 3428 857 3474 et
883 3419 1235 3474 nihilominus
1251 3419 1346 3475 Dei
1371 3421 1570 3475 timore
1591 3431 1646 3476 et
1671 3435 1819 3476 men-

208 3513 285 3565 tis
315 3511 527 3582 jndicio
568 3511 899 3567 refrenatur.
937 3511 1180 3582 Denique
1211 3513 1377 3568 etiam
1420 3527 1586 3584 supra
1615 3516 1824 3585 absque

208 3604 577 3674 turpitudine,
623 3605 730 3660 tria
762 3606 966 3676 pariter
1006 3606 1334 3676 appellavit,
1380 3607 1615 3663 dicens:
1658 3607 1821 3681 65,3

216 3698 526 3754 Fornicatio
557 3710 726 3754 autem
747 3710 795 3753 et
833 3700 1001 3754 omnis
1023 3699 1353 3754 immunditia
1382 3712 1429 3754 et
1455 3702 1698 3768 avaritia,
1732 3718 1826 3756 nec

214 3796 519 3847 nominetur
547 3793 598 3848 in
626 3791 768 3846 nobis
794 3809 810 3845 :
839 3800 893 3847 et
927 3791 1186 3863 deinceps
1214 3793 1498 3863 turpitudo
1531 3811 1653 3850 cum
1687 3795 1824 3850 stul-

215 3887 450 3957 tiloquio
491 3897 541 3941 et
588 3886 922 3940 scurrilitate
973 3894 1253 3940 numerata
1292 3894 1394 3941 est.
1449 3886 1518 3941 Et
1551 3888 1828 3958 quomodo

218 3980 630 4050 stultiloquium
674 3989 730 4034 et
777 3978 1088 4034 scurrilitas
1136 3995 1150 4033 :
1204 3980 1284 4034 sic
1319 3988 1372 4035 et
1407 3980 1508 4034 ista
1552 3982 1830 4050 turpitudo

223 4090 340 4130 noo
375 4074 574 4145 perdit,
604 4087 704 4127 nec
733 4073 784 4127 iu
809 4081 1130 4141 perpetuum
1155 4071 1397 4126 excludit
1419 4090 1448 4125 ει
1477 4088 1666 4143 regno.
1694 4074 1830 4140 Quia

225 4182 366 4221 vero
395 4166 449 4218 in
489 4164 870 4234 superioribus
908 4180 973 4218 ex
1017 4179 1083 4219 eo
1126 4163 1271 4234 quod
1312 4163 1443 4220 alibi
1478 4165 1786 4236 lcgcramus
1817 4185 1831 4221 :

235 4258 322 4312 Ne
366 4257 816 4329 supergrediutnr,
858 4265 904 4310 et
931 4272 1116 4310 auarus
1147 4257 1356 4324 [rattdet
1385 4257 1438 4310 in
1480 4259 1682 4329 negotio
1715 4263 1834 4331 [ra-

226 4364 366 4406 (rem
393 4366 544 4404 suum
577 4349 619 4419 (1
646 4348 826 4404 Thess.
860 4364 934 4414 tv,
965 4347 1042 4420 6),
1076 4349 1388 4403 dixeramus
1421 4349 1704 4404 avaritiam
1740 4366 1837 4421 pro

230 4445 521 4504 ailttltctio
547 4445 779 4515 positam
812 4461 825 4497 :
854 4445 1148 4514 qua-rimus
1184 4442 1234 4497 id
1265 4442 1406 4512 quod
1439 4459 1582 4498 nunc
1607 4442 1835 4514 dicitur,

233 4548 332 4594 aut
364 4553 573 4603 auarus,
606 4537 744 4606 quod
771 4545 846 4589 est
873 4532 1030 4588 idolis
1068 4535 1316 4600 serviens,
1360 4543 1540 4588 utrum
1565 4550 1688 4589 cum
1722 4536 1836 4602 illa,

234 4653 308 4686 :tn
339 4649 463 4686 cum
511 4631 722 4700 vulgata
767 4626 1215 4696 interpretatione
1250 4626 1576 4680 consentiat.
1622 4627 1838 4682 Inveni-

1926 3426 2054 3478 pora
2072 3411 2186 3479 ipsa
2201 3409 2510 3480 corripiens
2526 3411 2698 3480 punit,
2715 3412 2834 3466 sine
2852 3413 3194 3466 cruciatuuni
3214 3405 3526 3470 forinsecus

1925 3501 2263 3557 adbibitione
2293 3501 2434 3572 quod
2468 3503 2732 3570 possidet.
2775 3503 2882 3558 llas
2918 3504 3101 3574 itaque
3132 3507 3516 3575 persuasiones

1926 3602 1982 3648 et
2012 3593 2290 3661 decipulas
2317 3593 2710 3662 fraudulentas,
2742 3595 2903 3650 verba
2933 3594 3112 3650 inania
3143 3596 3440 3668 appellavit
3464 3606 3522 3653 et

1929 3701 2116 3748 vacua,
2149 3700 2269 3756 qua:
2313 3685 2568 3741 videntur
2598 3684 2788 3742 ﬂorem
2835 3686 3125 3757 quemdam
3172 3688 3375 3744 habere
3400 3704 3520 3746 ser-

1931 3794 2182 3847 monum,
2218 3787 2271 3833 et
2303 3779 2533 3833 blandiri
2561 3778 2946 3847 peccantibus;
2979 3780 3076 3835 sed
3107 3779 3234 3836 dum
3265 3781 3520 3838 fiduciam

1932 3873 2194 3940 tribuunt,
2229 3874 2401 3944 magis
2425 3891 2520 3928 eos
2548 3874 2727 3929 ferunt
2749 3875 2814 3929 ad
2847 3886 3048 3930 {eterna
3073 3877 3359 3948 supplicia.
3383 3876 3523 3946 Quia

1932 3967 1998 4021 de
2029 3966 2175 4020 nulla
2206 3983 2264 4021 re
2285 3967 2363 4022 sic
2393 3966 2644 4022 irascitur
2678 3967 2819 4022 Deus
2855 3983 2868 4020 :
2902 3967 3175 4038 quomodo
3201 3968 3246 4023 si
3271 3979 3526 4040 peccator

1934 4061 2247 4130 superbiat,
2299 4069 2356 4115 et
2394 4072 2611 4116 ercetus
2658 4075 2722 4116 ac
2768 4060 2977 4131 rigidus
3025 4076 3131 4117 non
3173 4060 3429 4117 ﬂectatur
3474 4061 3528 4118 in

1935 4157 2157 4223 ﬂetum,
2206 4171 2322 4214 nec
2363 4159 2796 4215 misericordiam
2856 4158 3094 4225 postulet
3162 4174 3263 4228 pro
3305 4159 3528 4215 delicto.

1940 4249 2164 4320 Propter
2197 4251 2307 4305 lucc
2342 4252 2480 4305 enim
2523 4252 2658 4304 venit
2681 4251 2759 4304 ira
2800 4249 2896 4303 Dei
2925 4267 3080 4322 super
3109 4248 3248 4318 ﬁlios
3279 4251 3532 4321 difﬁden-

1939 4342 2044 4409 tia',
2071 4342 2205 4407 sive,
2236 4341 2656 4396 iusuasibilitatis
2682 4343 2942 4400 ἔάπηθεία
2966 4341 3113 4396 enim
3147 4342 3319 4412 magis
3344 4357 3374 4396 a
3406 4357 3533 4396 sua-

1938 4434 2082 4487 sione
2107 4449 2271 4502 quam
2297 4449 2325 4487 a
2356 4434 2550 4503 ﬁducia
2573 4448 2605 4488 e
2626 4433 2841 4488 diverso
2867 4433 3088 4503 intelligi
3119 4440 3317 4502 potest.
3349 4431 3538 4488 lnsua-

1942 4524 2221 4581 sibilitatis
2252 4538 2456 4590 autem,
2503 4527 2617 4581 sive
2647 4525 2982 4590 (llﬂiticllliil‘,
3020 4525 3112 4580 lilii
3141 4527 3222 4580 sic
3255 4525 3536 4588 dicuntur,

1942 4620 2217 4690 quomodo
2267 4619 2356 4673 ﬁlii
2388 4621 2731 4688 perditionis,
2785 4631 2840 4675 ct
2886 4621 2976 4674 lilii
3033 4620 3434 4686 iortticalionis,
3485 4629 3542 4675 et

239 4741 370 4783 tntis
398 4723 452 4778 in
483 4723 614 4778 locis
647 4721 889 4791 plurimis
915 4719 1710 4790 prophetatumidololatriam,
1737 4720 1844 4772 [οι--
1867 4693 1919 4755 Ῑ)
1954 4713 2045 4767 lilii
2076 4711 2285 4769 mortis.
2321 4721 2375 4765 et
2407 4712 2499 4765 lilii
2535 4713 2818 4781 gehennae,
2852 4722 2909 4767 et
2953 4723 3150 4767 caetera
3189 4712 3274 4769 bis
3316 4714 3541 4777 sitnilia,

241 4820 580 4874 nicationcm
623 4813 974 4884 appellatam.
1014 4809 1456 4878 Fornicabautur,
1502 4809 1702 4878 inquit,
1733 4821 1849 4882 post

239 4911 393 4966 idola
430 4925 524 4962 sua
557 4905 720 4980 (Ose.
747 4921 820 4971 Iv,
860 4904 966 4974 12).
1002 4901 1106 4957 Et:
1133 4902 1325 4971 spiritu
1369 4901 1730 4972 fornicationis
1770 4920 1849 4958 se—

244 5005 394 5060 ducti
432 5012 572 5056 suttt.
604 4999 795 5054 Potest
830 4997 1014 5066 itaque
1049 4994 1340 5049 foroicatio
1383 5003 1438 5049 et
1481 5009 1645 5064 super
1671 4994 1850 5050 idolo-

249 5096 418 5151 latria
461 5090 712 5161 intelligi.
753 5089 852 5145 Siti
883 5103 1018 5142 vero
1052 5101 1249 5141 avarus
1288 5086 1380 5142 ille
1420 5086 1708 5156 accipitur,
1764 5085 1854 5156 qui

252 5187 544 5262 pecuniam
575 5194 868 5254 utcumque
892 5181 1247 5253 conquirens,
1275 5195 1531 5236 numtnos
1575 5196 1674 5252 per
1701 5179 1781 5234 fas
1805 5189 1862 5235 et

253 5368 486 5429 Marino.
538 5367 630 5434 qui
684 5380 794 5420 non
846 5363 1168 5419 Grzrcorutn
1215 5361 1855 5434 ittterpretttm_posttere

257 5428 454 5506 verba,
484 5428 612 5512 7mm
652 5439 890 5512 χάριτος,
919 5434 1103 5512 mulier
1127 5433 1312 5505 gratia:
1328 5473 1352 5512 ._
1365 5428 1484 5485 'sive
1513 5428 1861 5512 puleltritudi:

258 5518 383 5577 itis;
413 5502 862 5580 S’etiisllﬂS'VIICGS
906 5502 1359 5580 (εοηιίειεῖεηγυνὴ
1409 5505 1684 5580 χαροπὸς]
1732 5502 1861 5555 alibi

258 5575 470 5653 sepius
508 5579 711 5636 factum
738 5575 1169 5653 observavimus.
1199 5575 1737 5653 MA}!1._.--;Urtls'ltls
1777 5581 1862 5653 ta.-

261 5643 419 5716 mc'n,
443 5662 494 5707 et
525 5666 648 5722 qttre
678 5663 798 5722 cum
844 5646 1126 5722 praecessit
1151 5643 1429 5722 révilJXX
1475 5643 1718 5722 Romana
1753 5643 1862 5722 edi:

258 5729 344 5782 tio
385 5739 507 5780 cum
543 5716 798 5792 'Scltoliis
843 5721 1024 5789 legere
1076 5720 1219 5792 apud
1250 5716 1868 5792 hsylnlllaChIIInJ-yuvfl

261 5799 449 5874 ἀγαθρ,
499 5810 623 5874 (μμ)
667 5785 921 5874 Ιιιιιειξεθῖ
941 5804 1008 5844 ex
1043 5789 1212 5874 altera
1246 5785 1559 5874 Symmachi
1581 5785 1860 5874 editi-«tne,

258 5858 413 5938 quod
451 5858 1303 5938 et—Montfatlconittsobservat,
1352 5861 1515 5938 lectio
1564 5858 1862 5913 derivatur.

260 5928 541 6006 Victorius
563 5933 876 5986 cenati-ario
905 5932 1036 5999 legit
1054 5971 1066 5988 .
1091 5935 1221 6004 γυνὴ
1257 5928 1515 6004 χαροπός.

558 6025 843 6094 Panos.
921 6020 1158 6092 XXVI.
1222 6095 1224 6097 ν

1954 4822 2072 4874 quin
2100 4803 2152 4858 in
2184 4803 2348 4858 variis
2376 4804 2780 4873 Scripturarunt
2817 4803 2952 4860 locis
2999 4803 3247 4860 invenire
3291 4805 3547 4875 perfacile

1957 4909 2061 4954 est.

2032 4989 2215 5057 (Vers.
2250 4989 2333 5054 7.)
2365 4986 2544 5041 Nolite
2581 5003 2702 5057 ergo
2733 4987 2873 5057 ef/ici
2909 4986 3310 5059 comparticipes
3338 5003 3542 5042 eorum.

1964 5081 2237 5150 Particeps
2266 5081 2379 5135 sive
2410 5079 2816 5150 comparticeps
2847 5077 2907 5131 lit
2931 5077 3256 5132 difﬁdentia:
3288 5078 3552 5145 llliurum,

1967 5175 2057 5248 qui
2092 5176 2144 5230 in
2188 5172 2572 5240 fornicatione,
2619 5181 2674 5228 ct
2707 5169 2762 5226 in
2798 5169 3168 5238 immunditia,
3205 5180 3260 5228 et
3293 5172 3522 5228 avaritia
3545 5210 3562 5237 ,

2037 5364 2062 5393 ει
2096 5353 2276 5410 Facile
2298 5355 2637 5424 Origenistas
2661 5355 2959 5424 impugnat.
2988 5354 3078 5422 qui
3112 5354 3284 5410 boccc
3307 5353 3566 5424 delirium

1962 5443 2030 5482 ex
2060 5428 2177 5497 ipso
2195 5423 2622 5485 Adamantiolib.
2645 5425 2686 5480 ll
2708 5423 2774 5481 de
2802 5423 3109 5497 Principiis.
3139 5441 3261 5497 cap.
3285 5423 3571 5497 2,didice¢

1922 5519 1926 5524 ·
1967 5495 2096 5554 rint.
2133 5497 2412 5552 l’roditttm
2442 5498 2494 5551 id
2521 5514 2736 5566 quoque
2765 5498 2834 5550 ab
2859 5495 3056 5551 OroSio
3082 5499 3135 5552 in
3160 5495 3469 5566 Comment.
3499 5496 3572 5550 ad

1971 5573 2028 5625 S.
2061 5571 2443 5639 Augustinum,
2482 5565 2574 5623 ubi
2604 5568 2945 5639 Origenistas
2987 5567 3129 5623 inter
3157 5567 3281 5632 alia,
3313 5565 3411 5632 ait,
3440 5567 3576 5621 soli-

1969 5651 2052 5694 tos
2071 5637 2279 5708 jactare
2304 5641 2357 5694 itt
2380 5639 2570 5709 vulgus
2595 5657 2609 5693 :
2636 5637 2818 5708 Ignem
2843 5648 3121 5709 internum,
3150 5655 3251 5708 quo
3276 5647 3574 5710 peccatores

1971 5711 2272 5784 puniantur,
2299 5728 2400 5784 non
2429 5726 2538 5764 esse
2565 5712 2734 5784 igneo
2759 5726 2962 5784 verum.
2987 5710 3220 5764 dicentes
3249 5710 3443 5784 dictum
3468 5723 3580 5762 esse

1967 5781 2139 5850 ignem
2167 5783 2390 5850 propria:
2414 5783 2741 5835 conscientiw
2773 5782 3102 5851 puuitionem
3130 5797 3147 5836 :
3175 5798 3235 5835 ac
3265 5781 3310 5835 si
3332 5787 3582 5850 peccato-

1969 5868 2086 5906 rum
2112 5855 2313 5925 animas
2343 5864 2453 5921 post
2481 5852 2844 5925 purgationem
2878 5854 3214 5910 conscientia
3235 5853 3294 5910 in
3321 5851 3584 5913 unitatem

1973 5925 2204 5995 corporis
2236 5921 2434 5986 Christi
2456 5921 2740 5983 rediturae.

3035 6020 3112 6087 17
