4034 6340
558 292 668 351 523

1793 288 1853 345 S.
1900 286 2177 345 EUSEBII
2212 286 2596 346 HIERONYMI

3740 284 3843 349 εει

553 416 773 479 propter
818 421 941 478 qua:
969 403 1120 462 venit
1165 403 1248 459 ira
1290 401 1388 458 Dei
1427 416 1596 473 super
1626 399 1770 458 ﬁlios
1802 402 2150 469 difﬁdentiae,
2179 406 2233 467 Α
2259 414 2374 458 stus
2392 406 2491 461 iste
2511 407 2604 476 qui
2627 405 2799 472 venit,
2822 405 2968 461 ﬁlius
2990 406 3084 472 sit,
3102 404 3306 460 bonum
3328 400 3705 459 tantummodo
3725 416 3839 459 esse

549 501 839 570 reperitur.
890 499 961 553 Et
1000 496 1271 568 particeps
1310 495 1534 565 quidem
1576 510 1769 551 eorum
1815 504 1930 559 est,
1974 497 2043 550 ab
2085 511 2153 552 eo

550 592 698 665 quod
719 590 1102 662 participatur,
1132 599 1187 643 et
1212 588 1661 643 communionem
1692 587 1855 643 habet
1885 588 2153 643 malorum

549 699 777 754 Operam
813 682 1263 752 :compartieeps
1292 695 1428 737 vero
1454 680 1505 736 ei
1545 681 1877 750 appellatur,
1904 681 1995 750 qui
2028 697 2152 735 cum

549 779 672 833 aliis
697 787 781 833 est
803 777 1080 847 particeps
1116 793 1129 830 :
1162 788 1217 831 et
1249 777 1302 830 in
1333 775 1717 847 comparticipi
1751 774 2077 846 intelligitur
2100 785 2156 829 et

548 872 847 943 particeps.
900 870 960 925 lu
1001 868 1254 940 participi
1299 884 1433 925 vero
1475 884 1581 923 non
1625 871 1810 924 statim
1844 878 2064 923 tenetur
2099 880 2154 923 et

550 964 973 1032 eomparticeps.
1020 963 1322 1033 Diligenter
1351 961 1586 1018 observa
1627 962 1856 1018 verbum
1897 977 2151 1032 compar-

547 1055 725 1123 ticipis
746 1063 914 1124 atque
941 1054 1244 1124 participis.
1266 1054 1404 1109 Puto
1430 1053 1578 1109 enim
1603 1054 1656 1108 in
1686 1054 1988 1124 Scripturis
2014 1069 2143 1125 par-

542 1145 763 1217 ticipem
790 1147 846 1202 in
871 1146 1072 1202 bonam
1099 1154 1334 1215 partem,
1360 1146 1811 1216 comparticipem
1863 1148 1917 1201 in
1951 1146 2148 1200 malam

545 1253 770 1310 semper
797 1239 996 1309 accipi.
1030 1238 1196 1295 Verbi
1236 1239 1411 1310 gratia
1447 1257 1460 1293 :
1494 1238 1722 1308 Pr0pter
1755 1238 1899 1311 quod
1924 1240 2076 1294 unxit
2104 1250 2153 1294 te

539 1331 684 1389 Deus
699 1332 840 1387 Deus
852 1345 995 1400 tuus,
1022 1333 1136 1387 oleo
1161 1331 1531 1388 exsultationis
1546 1349 1661 1406 pra:
1673 1333 2022 1402 participibus
2047 1333 2152 1387 tuis

543 1424 685 1499 (Ps.
725 1440 873 1494 xuv,
916 1427 1035 1497 8);
1087 1434 1145 1482 et
1193 1428 1245 1481 in
1286 1426 1399 1481 alio
1442 1425 1564 1480 loco
1614 1443 1628 1480 :
1677 1424 1970 1499 Participes
2012 1427 2151 1480 enim

545 1517 742 1575 Christi
783 1519 914 1589 facti
936 1535 1117 1574 sumus
1149 1533 1171 1575 :
1199 1520 1246 1573 si
1276 1527 1447 1573 tamen
1483 1520 1809 1593 principium
1847 1520 2153 1574 substantia:

547 1628 712 1684 usque
729 1613 799 1666 ad
817 1611 983 1686 6‘5
1001 1614 1156 1680 finem
1169 1612 1379 1683 ﬁrmum
1396 1614 1714 1668 tenuerimus
1738 1611 1901 1685 (ΗΛ).
1925 1628 2009 1680 ιιι,
2033 1612 2146 1682 it).

543 1704 717 1761 Porro
744 1720 853 1761 non
877 1707 1099 1760 memini
1120 1705 1251 1761 alibi
1276 1720 1363 1760 me
1387 1705 1607 1774 legisse,
1634 1716 1867 1775 excepto
1890 1706 2147 1777 praesenti

2258 496 2454 571 Deum)
2484 499 2591 554 hoc
2614 501 2986 555 testimonium
3024 499 3391 571 proferamus.
3425 494 3709 568 Siquidem
3739 498 3839 552 fru-

2255 598 2378 643 ctus
2404 589 2564 658 locis,
2599 607 2705 645 non
2731 593 2905 645 solum
2940 601 3023 647 est
3052 591 3106 646 in
3137 591 3415 656 bonitate;
3444 587 3540 644 sed
3565 590 3617 643 in
3644 588 3841 659 justiti:

2255 692 2306 734 et
2341 682 2397 734 in
2428 684 2681 739 veritate.
2711 684 2812 740 bbi
2841 686 3024 758 itaque
3046 686 3265 741 bonitas
3293 692 3399 747 est,
3428 683 3501 738 ibi
3522 694 3574 739 et
3599 682 3838 753 iustitia:

2255 774 2349 829 ubi
2373 777 2583 847 justitia
2611 819 2629 845 ,
2679 778 2750 833 ibi
2791 788 3196 849 consequenter
3225 789 3281 833 et
3309 776 3541 832 veritas.
3572 776 3729 847 Apud
3756 776 3842 831 bo-

2258 885 2384 923 num
2416 885 2547 941 ergo
2576 869 2781 925 Christi
2824 869 3042 926 Patrem
3064 912 3079 934 ,
3114 881 3172 925 ut
3202 870 3308 940 ipsi
3337 884 3560 939 quoque
3590 870 3840 934 fatentur,

2254 969 2340 1015 est
2368 962 2569 1016 veritas
2592 972 2648 1017 et
2675 962 2910 1018 bonitas.
2946 963 3050 1019 Ubi
3075 974 3258 1018 autem
3292 962 3509 1017 bonitas
3538 970 3597 1016 et
3624 959 3842 1026 veritas,

2254 1054 2398 1121 apud
2431 1054 2638 1125 ipsum,
2671 1068 2727 1111 et
2756 1071 2865 1111 non
2895 1057 3039 1124 apud
3068 1056 3262 1122 alium,
3296 1065 3355 1110 ut
3388 1069 3532 1110 nunc
3557 1050 3844 1125 Apostolus

2256 1147 2443 1211 docet,
2468 1147 2674 1218 justitia
2714 1161 2816 1205 ρει.
2847 1148 3125 1219 lntelligat
3151 1164 3367 1217 quoque
3403 1147 3646 1202 Marcion
3673 1146 3842 1214 ipsum

2254 1237 2558 1309 Christum,
2592 1241 2933 1308 bonitatem,
2964 1244 3256 1297 veritatem
3282 1284 3300 1308 ,
3327 1250 3385 1297 et
3406 1241 3673 1310 justitiam
3715 1254 3848 1293 nua-

2253 1332 2465 1399 cupari.
2493 1330 2803 1387 Bonitat‘em
2834 1333 2887 1387 iu
2932 1347 2999 1387 eo
3021 1332 3167 1402 quod
3198 1347 3306 1388 non
3335 1331 3631 1387 secundum
3661 1343 3845 1399 opera,

2254 1422 2350 1477 sed
2396 1422 2701 1478 secundum
2752 1425 3188 1480 niiseriCortliam
3218 1427 3309 1479 det
3346 1424 3576 1496 gratiam
3621 1423 3845 1479 creden-

2258 1516 2404 1571 tibus
2453 1517 2508 1572 in
2551 1532 2632 1573 se.
2663 1517 2939 1574 Justitiam
2971 1520 3024 1572 itt
3052 1534 3119 1574 eo
3144 1559 3159 1582 ,
3192 1518 3322 1573 dum
3359 1518 3646 1587 unicuique
3679 1514 3842 1571 retri-

2256 1607 2370 1663 buit
2401 1609 2545 1679 quod
2574 1623 2836 1666 uteretur.
2865 1610 3041 1665 Porro
3061 1612 3372 1677 veritatem,
3404 1610 3531 1664 dntu
3557 1611 3674 1679 ipse
3701 1606 3848 1662 solus

2254 1717 2451 1758 causas
2499 1715 2880 1760 creaturarum
2908 1707 3153 1761 omnium
3182 1748 3199 1772 ,
3225 1722 3519 1774 rerumque
3546 1702 3843 1772 cognoscit.

541 1800 689 1865 loco,
720 1800 1188 1871 comparticipem:
1232 1808 1289 1854 et
1325 1807 1507 1854 tamen
1555 1799 1903 1855 manifestum
1940 1808 2027 1856 est
2062 1801 2150 1856 hic
2183 1794 2225 1851 Β
2326 1794 2507 1860 (Vers.
2554 1797 2665 1866 ltl.)
2705 1796 2990 1851 Prebantes
3020 1798 3144 1865 quid
3187 1799 3253 1851 sit
3296 1796 3673 1867 beneplacitum
3713 1791 3844 1847 Deo.

542 1909 653 1950 non
683 1893 739 1948 in
770 1892 910 1948 bona
942 1901 1122 1965 parte,
1155 1891 1256 1949 sed
1288 1894 1340 1947 in
1368 1894 1645 1948 contraria
1676 1895 1941 1964 positum.

605 1989 795 2060 (Vers.
840 1989 920 2059 8.)
969 1988 1146 2044 Eratis
1189 1990 1329 2043 enim
1381 1990 1665 2058 aliquando
1704 1989 1927 2043 tenebrte
1957 2004 1977 2042 :
2003 2004 2145 2041 nunc

539 2090 719 2137 autem
743 2084 838 2138 tua:
857 2082 913 2136 in
936 2080 1196 2136 Domino.
1217 2081 1272 2136 Si
1305 2081 1573 2152 possibile
1597 2092 1681 2136 est
1713 2080 1853 2134 verti
1881 2080 1933 2133 in
1966 2079 2141 2133 lucem

542 2174 800 2232 tenebras
827 2190 937 2229 non
969 2184 1052 2229 est
1084 2173 1391 2228 secundum
1423 2172 1692 2240 quosdam
1724 2170 2013 2224 haereticos
2042 2183 2140 2222 na-

538 2277 660 2323 tura
691 2282 816 2333 qua:
848 2274 1080 2334 pereat,
1112 2274 1169 2317 et
1212 2262 1463 2326 recipere
1490 2270 1728 2328 nequeat
1765 2260 2024 2314 salutem.
2054 2258 2142 2314 ιη-
2168 2304 2177 2310 .

534 2367 886 2427 terrogemus
913 2368 1045 2423 ergo
1070 2366 1165 2406 eos
1192 2352 1283 2421 qni
1314 2351 1405 2405 illa
1432 2350 1758 2420 conﬁngunt
1787 2368 1800 2405 :
1827 2362 2138 2405 utrumnam

538 2462 735 2503 omnes
765 2444 918 2511 impii
951 2442 1196 2499 tenebrat
1235 2442 1350 2497 sint
1372 2483 1389 2507 ,
1424 2457 1600 2497 necne
1641 2460 1655 2496 :
1687 2442 1758 2498 de
1786 2442 1987 2513 quibus
2017 2444 2140 2512 qni-

536 2539 666 2593 dam
695 2551 823 2593 cum
853 2542 1081 2604 propter
1109 2533 1375 2589 malitiam
1410 2535 1651 2590 tenebrae
1677 2546 2038 2602 vocarentur,
2071 2535 2139 2590 ad

542 2629 777 2685 meliora
805 2626 1079 2691 conversi,
1114 2642 1260 2682 nunc
1292 2626 1384 2681 lnx
1416 2627 1770 2697 appellantur
1801 2627 1854 2682 in
1886 2627 2137 2683 Domino.

537 2720 695 2778 Sicut
718 2729 905 2776 autem
930 2719 1063 2789 justi
1089 2728 1220 2774 sunt
1249 2718 1436 2774 lumen
1467 2720 1694 2788 mundi,
1722 2722 1803 2775 sic
1827 2720 1979 2790 impii
2009 2735 2144 2775 con-

549 2819 848 2882 sequenter
895 2810 1146 2867 tenebrae
1194 2811 1573 2878 vocabuntur;
1619 2821 1675 2867 et
1733 2812 1867 2883 justi
1914 2812 2139 2884 quidem

539 2917 665 2959 cum
694 2903 804 2958 sint
831 2904 1039 2968 lumen.
1069 2902 1338 2960 videbunt
1367 2904 1552 2960 lumen
1599 2905 1652 2959 in
1685 2904 1926 2970 lumine;
1960 2906 2142 2977 injusti

543 3005 729 3053 autem
760 3011 887 3053 eum
925 2997 1041 3052 sint
1074 2997 1318 3053 tenebrae
1342 3040 1355 3061 ,
1392 2999 1635 3069 populus
1672 3009 1799 3053 sunt
1836 2998 2042 3055 sedens
2088 3001 2141 3055 in

538 3089 807 3158 tenebris,
829 3100 882 3145 et
911 3089 1052 3144 nihil
1081 3088 1297 3145 videns.
1325 3091 1572 3157 Quorum
1601 3089 1968 3145 differentiam
1996 3091 2141 3146 inter

540 3195 606 3237 se
632 3188 794 3252 atque
821 3180 1160 3246 distantiam,
1193 3196 1262 3237 ex
1290 3182 1559 3237 fructibus
1589 3181 1971 3253 intelligimus.
2004 3184 2135 3238 0m-

538 3273 630 3329 nis
657 3273 809 3330 enim
840 3275 932 3345 qui
963 3283 1227 3345 operatur
1269 3273 1507 3341 malum,
1540 3273 1658 3329 odit
1696 3274 1875 3329 lucem
1902 3318 1916 3340 ,
1952 3284 2007 3329 et
2033 3288 2141 3329 non

537 3352 769 3423 veniens
795 3366 865 3423 ad
893 3367 1070 3423 lucem
1093 3408 1109 3433 ,
1152 3367 1483 3422 tenebrosus
1526 3374 1614 3421 est
1640 3407 1655 3432 ,
1688 3374 1744 3421 et
1774 3366 1919 3421 ﬁlius
1964 3367 2143 3421 noctis

538 3468 707 3531 atque
739 3462 1113 3516 tenebrarum.
1146 3459 1252 3525 Qui
1276 3474 1412 3514 vero
1437 3467 1703 3527 operatur
1733 3462 2020 3514 veritatem
2042 3501 2057 3525 ,
2091 3469 2147 3514 et

538 3552 598 3607 in
619 3553 798 3609 lucem
822 3552 1012 3615 venit,
1042 3552 1136 3605 lux
1164 3558 1285 3615 est,
1312 3560 1370 3607 et
1397 3549 1544 3605 ﬁlius
1574 3550 1711 3604 lucis
1736 3559 1793 3604 et
1822 3550 1929 3605 diei
1961 3549 2141 3620 (Joan.

541 3657 627 3709 ιιι.
656 3644 751 3709 20,
778 3642 896 3713 21).
927 3641 1201 3697 Lucentes
1220 3650 1404 3695 autem
1427 3641 1549 3695 sive
1579 3640 1861 3695 tenebrosi
1885 3681 1900 3705 ,
1930 3642 2000 3695 de
2023 3655 2146 3695 cor-

544 3735 633 3790 dis
670 3735 758 3791 vel
785 3734 994 3789 lumine
1019 3774 1033 3798 ,
1064 3732 1152 3787 vel
1201 3732 1449 3787 tenebris
1496 3742 1928 3803 cognoscuntur.
1970 3734 2145 3805 Super

542 3827 664 3881 haec
688 3840 945 3895 quaeres,
989 3840 1059 3879 ne
1088 3824 1232 3881 forte
1272 3828 1346 3879 ob
1377 3825 1790 3881 distinctionem
1830 3841 2020 3880 eorum
2052 3830 2143 3898 qui

542 3916 638 3971 lus
667 3925 833 3984 sunt;
859 3914 959 3971 sed
995 3930 1101 3969 non
1129 3925 1259 3971 sunt
1289 3915 1380 3970 lux
1413 3916 1469 3970 in
1497 3915 1750 3986 Domino,
1781 3916 1850 3972 de
1875 3917 2040 3989 justis
2065 3922 2144 3973 tli-

544 4016 703 4062 catur
728 4023 746 4062 :
777 4022 918 4061 nunc
944 4017 1120 4062 autem
1145 4008 1240 4062 tua:
1269 4008 1324 4063 in
1350 4007 1601 4062 Domino.
1634 4008 1908 4065 Decenter
1927 4029 2145 4083 quoque

543 4097 826 4167 Ephesiis,
853 4101 946 4169 qui
983 4099 1052 4154 ad
1079 4099 1332 4154 scientiae
1359 4114 1629 4155 summam
1658 4103 2102 4159 conscenderant
2127 4147 2143 4173 ,

543 4188 809 4245 scribitur
829 4191 976 4262 quod
1004 4192 1118 4245 sint
1146 4191 1235 4246 lux
1260 4192 1313 4247 in
1343 4192 1599 4247 Domino.
1624 4192 1812 4263 Neque
1837 4211 1967 4251 vero
1994 4205 2146 4253 tene-

545 4283 661 4337 brae
700 4283 835 4351 ipsa:
869 4293 1159 4339 vertuntur
1190 4285 1244 4339 in
1278 4284 1456 4339 lucem
1484 4299 1499 4349 ;
1531 4293 1626 4339 aut
1662 4285 1757 4340 lux
1798 4285 1852 4341 in
1886 4288 2146 4344 tenebras

547 4385 923 4433 commutatur
951 4393 966 4443 ;
999 4377 1095 4433 sed
1138 4380 1192 4431 lti
1223 4380 1314 4447 qui
1345 4379 1414 4432 ab
1439 4393 1508 4434 eo
1534 4380 1679 4449 quod
1726 4390 1857 4436 sont
1882 4424 1899 4450 ,
1943 4399 2142 4438 nomen

545 4485 766 4541 quoque
798 4471 884 4527 vel
916 4471 1135 4527 virtutis
1170 4487 1422 4527 meruere
1442 4514 1458 4540 ,
1499 4473 1588 4527 vel
1616 4474 1734 4529 vitii
1763 4493 1776 4529 :
1808 4475 1854 4530 si
1893 4479 2145 4533 conversi

552 4561 758 4620 fuerint
783 4565 853 4621 de
875 4564 985 4619 alio
1008 4565 1063 4619 in
1084 4564 1255 4633 aliud,
1282 4564 1568 4638 ὁμωνύμως
1594 4566 1681 4623 his
1709 4568 1877 4624 rebus
1898 4585 1926 4622 a
1951 4570 2147 4640 quibus

545 4655 926 4728 possidentur,
960 4658 1051 4714 vel
1099 4659 1449 4713 tenebrarum
1473 4700 1487 4723 ,
1520 4659 1607 4715 vel
1647 4659 1788 4716 lucis
1819 4662 2144 4718 vocabulum

550 4751 875 4809 sortientur.

625 4843 693 4900 Ut
718 4844 820 4916 filii
847 4845 980 4900 lucis
1003 4844 1287 4901 auibulate.
1342 4843 1401 4899 Si
1450 4844 1594 4901 Deus
1623 4846 1715 4901 lux
1747 4856 1865 4915 est,
1900 4858 1956 4903 et
1992 4858 2145 4906 tene-

547 4937 665 4995 brae
690 4938 748 4994 in
771 4954 839 4994 eo
866 4953 974 4994 non
1002 4946 1149 5005 sunt,
1181 4938 1278 4992 ﬁlii
1308 4937 1427 5004 Dei,
1462 4937 1559 4993 ﬁlii
1587 4940 1728 4995 lucis
1750 4949 1895 4996 sunt.
1922 4941 2141 4998 Necnon

548 5031 600 5088 si
640 5029 891 5089 Christus
923 5033 1012 5087 lux
1043 5046 1172 5086 vera
1210 5040 1297 5087 est
1317 5072 1332 5098 ,
1363 5030 1463 5086 filii
1494 5047 1714 5104 quoque
1754 5037 1873 5104 ejus
1916 5036 1983 5091 ad
2010 5054 2146 5107 quos

540 5124 810 5198 joquitur,
837 5126 1030 5181 dicens
1060 5143 1073 5177 :
1103 5122 1293 5179 Filioli
1319 5125 1421 5179 mei
1446 5167 1461 5191 ,
1491 5128 1664 5180 adhuc
1691 5129 1951 5183 modicum
1981 5132 2147 5185 vobis-

542 5238 665 5280 cum
690 5239 808 5278 sum
838 5220 1024 5295 (Joan.
1057 5236 1195 5288 xm,
1228 5219 1358 5293 33),
1393 5220 1491 5276 ﬁlii
1521 5237 1669 5277 verte
1700 5224 1837 5279 lucis
1876 5235 2025 5282 sunt.
2062 5227 2143 5283 Es

535 5329 650 5387 quo
688 5313 967 5385 colligitur
1010 5311 1233 5368 eosdem
1279 5310 1423 5368 ﬁlios
1478 5327 1604 5369 esse
1656 5314 1750 5372 Dei
1798 5314 2016 5386 Patris,
2047 5319 2140 5391 qui

543 5417 679 5463 sunt
708 5405 809 5462 ﬁlii
837 5404 1046 5461 Chriin
1074 5403 1224 5460 Jesu.

616 5501 807 5574 (Vers.
841 5501 924 5567 9.)
960 5497 1187 5554 Fructus
1225 5500 1364 5553 enim
1392 5500 1525 5555 lucis
1555 5511 1631 5555 est
1661 5502 1714 5555 in
1748 5503 1889 5556 omni
1918 5502 2145 5558 bonitate

539 5604 588 5652 et
607 5597 821 5668 justitia
844 5603 892 5650 et
920 5594 1153 5650 veritate.
1186 5592 1467 5649 Adversus
1498 5594 1832 5651 blart-ionem
1878 5597 1989 5666 (qui
2026 5597 2142 5665 jus-

540 5699 657 5744 tum
694 5688 865 5745 Deum
898 5701 929 5740 a
958 5687 1105 5742 bono
1135 5694 1373 5757 separat,
1403 5694 1461 5742 et
1490 5696 1643 5757 putat
1668 5685 1988 5745 Creatorem
2016 5704 2141 5747 esse

546 5788 754 5845 ustum;
780 5774 950 5850 656
972 5776 1145 5834 alium
1179 5790 1314 5832 vero
1339 5792 1408 5834 ne
1438 5777 1525 5832 cio
1560 5792 1754 5849 quem,
1793 5779 1958 5851 cujus
1976 5778 2137 5837 Chri-

2163 3144 2212 3209 C

2254 1886 2445 1939 Omnia
2473 1884 2721 1941 facienda
2753 1904 2875 1944 cum
2918 1891 3148 1944 consilio
3175 1932 3189 1952 ,
3232 1901 3291 1943 ut
3322 1890 3464 1944 cauti
3510 1897 3672 1957 atque
3702 1885 3850 1939 solli-

2249 1978 2383 2045 citi,
2421 1993 2483 2031 ca
2513 1988 2729 2033 tantum
2750 1998 2871 2049 qua:
2897 1982 3097 2035 scimus
3124 1982 3236 2035 Deo
3266 1984 3505 2049 placere,
3535 1980 3801 2034 faciamus
3832 1996 3849 2033 :

2247 2070 2299 2122 itt
2323 2084 2531 2123 morem
2557 2070 2973 2139 prudentissimi
3000 2068 3417 2143 trapezitarfqui
3446 2072 3720 2143 sculptutn
3752 2086 3841 2125 nu-

2245 2163 2437 2216 misma
2471 2180 2575 2217 non
2603 2164 2781 2218 solum
2825 2166 3007 2227 oculo,
3041 2164 3139 2220 sed
3167 2177 3220 2220 et
3252 2164 3525 2234 pondere,
3557 2176 3617 2220 et
3646 2162 3848 2219 tinnitu

2246 2254 2459 2323 probat.
2504 2253 2644 2321 Quia
2677 2271 2812 2309 vero
2841 2255 2896 2309 in
2930 2256 3034 2310 hoc
3065 2257 3188 2310 loco
3211 2264 3501 2311 contextus
3539 2254 3746 2324 eloquii
3777 2254 3852 2309 vi-

2244 2347 2404 2401 detur
2437 2363 2561 2402 esse
2603 2347 2858 2403 turbatus
2880 2391 2895 2413 ,
2929 2358 2986 2404 et
3014 2358 3125 2403 tota
3163 2359 3383 2403 scatere
3426 2348 3701 2401 sententia
3727 2386 3745 2412 ,
3774 2345 3852 2400 sic

2243 2440 2427 2495 ordini
2450 2456 2636 2497 sermo
2667 2441 2983 2497 reddendus
3009 2451 3095 2497 est
3127 2459 3139 2494 :
3173 2440 3351 2495 Nolite
3378 2455 3507 2509 ergo
3538 2438 3658 2493 ﬁeri
3689 2453 3848 2492 com-

2246 2534 2542 2605 participes
2572 2549 2792 2600 eorum,
2838 2534 3134 2603 probantes
3168 2532 3298 2601 quid
3325 2532 3395 2586 sit
3441 2530 3849 2600 beneplacitum

2242 2628 2359 2683 Deo
2391 2646 2403 2681 :
2436 2629 2537 2683 etsi
2571 2630 2715 2683 enim
2746 2629 2914 2682 eratis
2940 2626 3236 2696 aliquando
3261 2627 3502 2681 tenebra:
3529 2667 3545 2691 ,
3578 2638 3726 2679 nunc
3752 2639 3848 2678 au-

2241 2730 2353 2777 tem
2382 2721 2474 2776 lux
2503 2721 2638 2776 estis
2666 2720 2723 2775 in
2755 2722 2984 2775 Domino
3016 2738 3030 2774 :
3055 2720 3209 2791 quasi
3243 2720 3341 2774 filii
3373 2716 3511 2773 lucis
3537 2716 3842 2782 ambulate,

2242 2812 2451 2868 fructus
2488 2811 2712 2867 luminis
2761 2812 3121 2868 ostendentes
3164 2812 3221 2867 in
3264 2812 3412 2866 omni
3461 2811 3706 2867 bonitate
3732 2852 3747 2878 ,
3792 2819 3847 2864 et

2239 2904 2472 2975 juStitia,
2500 2915 2557 2961 et
2587 2904 2835 2961 veritate.

2315 2999 2504 3070 (Vers.
2536 2999 2651 3069 11.)
2682 2998 2751 3053 Et
2780 3001 2938 3055 nolite
2988 3001 3372 3056 communicare
3406 2999 3648 3069 aper-ibus
3678 2998 3843 3071 infru-
3889 2984 3898 2994 ’

2246 3094 2441 3147 ctuosis
2470 3092 2815 3146 tenebrarum.
2851 3091 2919 3146 Et
2945 3093 3013 3147 ad
3032 3092 3251 3148 Galatas
3296 3107 3491 3147 nomen
3518 3091 3761 3155 fructus,
3789 3089 3841 3145 iu

2246 3187 2474 3258 spiritu,
2504 3188 2687 3256 operis
2717 3202 2850 3240 vero
2882 3188 3061 3256 posuit
3090 3186 3144 3241 in
3175 3202 3368 3251 carne,
3399 3184 3590 3240 dicens
3625 3202 3637 3239 :
3674 3183 3847 3237 Mani-

2246 3284 2381 3353 festa
2409 3289 2583 3334 autem
2625 3288 2742 3333 sunt
2790 3295 2946 3350 Opera
2992 3280 3166 3333 carnis
3191 3321 3207 3344 ,
3247 3295 3364 3350 qua:
3403 3287 3524 3332 sunt
3568 3276 3846 3347 fornicatio

2248 3373 2451 3451 (Colat.
2481 3391 2539 3441 ν,
2574 3372 2687 3444 19),
2722 3380 2779 3425 et
2819 3371 3051 3440 reliqua.
3098 3368 3474 3425 Fructusmero
3511 3369 3732 3438 spiritus
3771 3377 3846 3422 est

2246 3469 2497 3532 charitas,
2528 3464 2799 3536 gaudium,
2834 3477 2937 3530 pax
2964 3460 3157 3533 (lbid.,
3179 3461 3272 3532 22)
3299 3503 3313 3527 ,
3339 3472 3394 3516 et
3419 3472 3638 3516 caetera.
3676 3460 3845 3515 Porro

2246 3563 2302 3618 in
2332 3563 2773 3632 prtrsentiarum,
2799 3577 2964 3631 opera
2996 3558 3349 3615 tenebrarum
3381 3556 3722 3612 infructuosa
3753 3571 3846 3625 ap-

2245 3653 2479 3723 pellavit
2513 3670 2525 3705 :
2556 3651 2759 3724 quibus
2788 3654 2880 3723 qui
2916 3650 3247 3711 eal‘ecerint
3269 3694 3285 3718 ,
3328 3649 3718 3705 communione
3756 3664 3843 3703 s0-

2244 3744 2479 3802 ciantur.

2318 3837 2493 3909 Magis
2533 3846 2709 3892 autem
2751 3846 2800 3891 et
2842 3838 3065 3909 arguite.
3114 3836 3261 3892 inter
3299 3841 3498 3889 caetera
3548 3831 3842 3894 mandata,

2246 3930 2416 3986 etiam
2450 3940 2742 3998 peccantes
2786 3946 2948 4000 posse
2978 3944 3206 3998 arguere
3233 3968 3247 3992 ,
3282 3926 3535 3981 maxima:
3573 3924 3843 3980 libertatis

2245 4031 2351 4077 est.
2382 4020 2491 4076 Sed
2526 4022 2629 4076 hoc
2670 4022 2764 4079 ille
2798 4032 2976 4092 potest
3004 4024 3180 4075 facere
3209 4018 3303 4089 qui
3341 4034 3449 4072 non
3481 4028 3727 4072 meretur
3752 4031 3844 4069 au-

2245 4114 2366 4170 dire
2395 4132 2408 4167 :
2445 4113 2759 4185 llypocrita,
2788 4114 2917 4184 ejice
2957 4113 3185 4183 primum
3220 4110 3416 4163 trabem
3446 4108 3511 4161 de
3534 4110 3691 4162 oculo
3720 4117 3807 4161 tuo
3827 4148 3839 4165 .

2245 4218 2293 4261 et
2324 4216 2446 4260 tunc
2486 4207 2678 4279 poteris
2724 4207 2909 4278 ejicere
2946 4205 3200 4273 festucam
3241 4203 3308 4256 de
3349 4201 3499 4254 oculo
3543 4201 3726 4271 fratris
3772 4199 3843 4251 tui

2245 4299 2404 4374 (Luc.
2434 4316 2521 4367 vt,
2554 4300 2670 4371 42).
2705 4299 3074 4367 Quamobrem
3112 4306 3167 4353 et
3209 4295 3489 4367 propheta:
3512 4338 3529 4362 ,
3562 4296 3710 4350 nulla
3743 4295 3841 4364 ipsi

2246 4404 2590 4465 peccatorum
2627 4393 2795 4447 sorde
2823 4393 3017 4462 polluti
3043 4436 3057 4460 ,
3104 4408 3207 4447 nec
3235 4390 3591 4446 cauteriatam
3630 4389 3839 4443 haben-

2253 4496 2334 4540 tes
2371 4484 2535 4558 647
2565 4485 2958 4541 conscientiam
2985 4524 3000 4545 .
3052 4493 3302 4555 poterant
3345 4493 3576 4538 exteros
3614 4496 3841 4551 arguctc

2252 4581 2654 4651 delinquentes.
2683 4578 2761 4633 Ex
2783 4577 3446 4648 qnoanimadvertendnm
3468 4591 3589 4629 eum
3611 4588 3841 4645 arguere

2253 4688 2413 4745 posse
2434 4714 2449 4737 ,
2481 4673 2572 4742 qui
2605 4671 2722 4741 ipse
2756 4686 2861 4725 non
2896 4670 3263 4740 redarguatur
3293 4669 3347 4722 in
3379 4668 3699 4736 semetipso.

2322 4765 2503 4840 (Vers.
2537 4764 2654 4836 12.)
2684 4766 2813 4831 Quae
2836 4765 2975 4817 enim
3001 4765 3199 4818 occulte
3225 4763 3359 4831 ﬁunt
3388 4761 3451 4815 ab
3471 4762 3567 4827 eis,
3598 4770 3751 4828 turpe
3768 4765 3837 4813 est

2248 4869 2296 4913 et
2327 4859 2517 4912 dicere.
2552 4856 2667 4911 Non
2712 4856 2844 4910 mihi
2884 4856 3102 4911 videtur
3127 4854 3398 4911 sermonis
3440 4865 3590 4909 stare
3616 4863 3841 4908 contex-

2251 4959 2359 5013 tus,
2386 4961 2444 5004 ut
2470 4950 2523 5004 id
2552 4948 2696 5020 quod
2732 4964 2877 5003 nunc
2897 4947 3099 5003 dicitur
3127 4965 3141 5004 :
3170 4947 3300 5014 Qua:
3325 4949 3461 5000 enim
3491 4946 3690 5000 occulte
3710 4944 3840 5014 [imit

2249 5043 2314 5097 ab
2350 5044 2423 5098 eis
2448 5084 2462 5108 ,
2495 5058 2560 5096 es
2605 5041 2979 5112 superioribus
3013 5039 3284 5111 pendeat,
3329 5050 3384 5096 et
3413 5040 3542 5096 sciri
3575 5040 3752 5110 posisit
3774 5037 3838 5091 ad

2248 5154 2386 5208 quos
2419 5138 2759 5207 potissimum
2815 5135 3163 5191 referendum
3210 5138 3310 5201 sit,
3357 5137 3460 5191 nisi
3490 5135 3635 5190 forte
3673 5134 3837 5189 altius

2249 5229 2512 5287 reddatur
2540 5228 2877 5302 hyperbaton
2901 5271 2917 5295 ,
2951 5238 3007 5284 et
3032 5228 3102 5283 ad
3136 5228 3276 5285 lilios
3305 5227 3623 5284 difﬁdentia:
3670 5241 3839 5297 copu-

2249 5322 2412 5388 letur,
2464 5332 2524 5376 ut
2563 5336 2765 5377 sonare
2808 5320 3020 5390 possit,
3050 5337 3173 5388 quae
3213 5321 3361 5376 enim
3394 5319 3609 5377 occulte
3647 5318 3782 5374 fiunt
3806 5332 3833 5369 a

2247 5413 2372 5469 filiis
2398 5412 2723 5468 difﬁdentia:
2745 5453 2763 5480 ,
2794 5422 2957 5483 turpe
2981 5422 3066 5468 est
3090 5423 3146 5466 et
3172 5414 3357 5469 dicere
3377 5455 3393 5481 ,
3420 5429 3545 5484 qua:
3569 5420 3699 5468 sunt
3727 5410 3836 5466 foro

2246 5505 2451 5561 nicatio
2475 5514 2531 5560 et
2559 5503 2910 5559 immnnditia
2938 5514 2993 5559 et
3024 5505 3251 5559 avaritia
3284 5504 3483 5560 omnis.

2314 5597 2501 5671 (Vera.
2542 5595 2658 5670 l3.)
2704 5594 2892 5652 Omnia
2937 5607 3115 5651 autem
3163 5609 3349 5669 arguta
3377 5615 3409 5652 a
3434 5596 3551 5652 luce
3589 5596 3836 5667 manifes-

2241 5703 2419 5746 tuntur
2452 5706 2645 5746 :omne
2685 5691 2822 5745 enim
2847 5691 2989 5761 quod
3029 5693 3412 5763 manifestatur,
3445 5691 3539 5745 tua:
3565 5700 3657 5747 est.
3706 5689 3835 5745 Otu-

2242 5782 2364 5849 nia,
2393 5782 2539 5837 haud
2571 5781 2795 5837 dubium
2823 5782 2953 5853 quin
2981 5797 3046 5839 ea
3076 5797 3197 5854 qua:
3224 5781 3444 5839 occulte
3486 5780 3620 5837 ﬁunt
3644 5795 3676 5839 a
3701 5778 3833 5843 lilii!
