4046 6444
223 365 335 441 tus
716 375 1374 439 εοιιιιΕΝτΑιιιοιιυιι
1412 374 1480 433 1N
1519 372 1862 433 EPISTULA

1971 370 2055 432 ΔΙ)
2094 370 2433 440 EPHESIOS
2470 372 2607 439 LIB.
2648 381 2739 440 ill.
2780 382 2938 440 CAP.
2979 378 3048 441 V.
3417 384 3526 447 526

219 497 547 557 difﬁdentia:
575 516 590 555 :
622 497 740 555 lituo
769 500 916 555 cnim
944 515 972 552 a
1008 497 1129 554 luce
1156 504 1352 568 arguta
1382 494 1823 552 manifestantur.
1856 493 1904 553 A
1932 497 2215 564 peccaverit
2240 538 2255 565 ,
2299 498 2418 567 ipsa
2462 503 2714 557 morietur
2746 501 2963 574 (Each.
2996 518 3148 570 xvttt,
3178 500 3261 573 4).
3294 505 3531 576 Spiritus

224 594 341 651 Lux
375 606 561 649 autem
592 593 772 663 arguit
802 608 861 647 ea
891 607 1015 662 qua:
1063 589 1215 661 prius
1255 600 1416 646 crant
1459 588 1703 645 tenebrat:
1729 630 1745 657 ,
1779 597 1834 642 et
1934 600 2117 645 autem
2148 601 2379 649 mortem
2411 610 2711 666 numquam
2741 597 2966 657 omnino
2999 598 3252 669 legimus.
3286 599 3534 655 Christus

229 696 417 758 postea
451 684 593 742 facta
626 692 757 740 sunt
785 684 969 739 lumen
1004 682 1059 737 in
1095 682 1330 739 Domino
1366 700 1381 738 :
1412 691 1468 737 ut
1497 698 1561 738 ex
1592 696 1659 736 eo
1689 678 1834 752 quod
1934 695 2068 753 ergo
2093 682 2186 738 lux
2217 699 2343 740 vera
2376 688 2588 742 orietur
2614 687 2665 744 ei
2695 689 2789 760 qui
2832 689 3082 746 surrexit
3108 689 3176 746 de
3207 705 3434 759 somno,
3477 699 3535 748 et

224 779 628 849 Corripiuntur,
655 785 934 833 mutentur
962 775 1015 830 in
1047 774 1273 842 melius,
1308 782 1365 830 et
1404 784 1611 830 mutata
1660 772 1836 829 mani-

228 874 506 929 I'cslcntur
536 872 588 927 in
627 870 876 940 publico,
908 877 963 924 et
996 867 1270 939 publicata
1300 867 1412 922 sint
1447 866 1633 923 lumen
1662 910 1676 935 ,
1707 864 1835 936 quia

229 981 397 1022 omne
428 965 571 1035 quod
605 963 1011 1027 manifestatur,
1043 960 1137 1015 lux
1166 971 1273 1015 est.

310 1059 491 1129 (Vera.
514 1057 629 1126 14.)
667 1055 892 1127 Propter
920 1054 1060 1126 quod
1085 1051 1211 1107 dicit
1238 1070 1258 1108 :
1289 1051 1460 1125 Surge
1482 1051 1570 1124 qui
1598 1051 1795 1106 dormis
1821 1088 1839 1119 ,

235 1162 287 1207 et
314 1164 532 1221 exsurge
559 1165 590 1199 a
621 1147 837 1200 mortuis
859 1186 873 1210 ν
899 1155 946 1199 et
975 1143 1296 1198 illuminutit
1325 1155 1374 1197 te
1402 1142 1641 1197 Christus
1669 1143 1839 1211 (sive,

237 1245 437 1299 orietur
462 1240 553 1296 tibi
582 1238 875 1307 Christus).
926 1237 1196 1306 Quoniam
1230 1252 1395 1302 Opera
1427 1237 1781 1294 tenebrarum
1811 1251 1840 1291 a

243 1335 368 1389 luce
394 1344 583 1404 arguta
614 1329 1038 1387 manifestantnr
1069 1330 1121 1384 in
1152 1330 1351 1400 lucem,
1386 1328 1471 1383 his
1501 1346 1623 1400 qua:
1651 1341 1842 1401 arguta

240 1427 461 1484 fuerant
488 1424 901 1492 transmutatis,
927 1423 1131 1478 dicitur
1159 1421 1562 1477 dormientibus
1597 1430 1655 1476 et
1691 1436 1842 1476 mur-

243 1519 353 1572 tuis
381 1563 394 1585 ,
424 1532 494 1573 en
525 1513 672 1586 quod
719 1529 883 1583 Opera
914 1512 1094 1569 fecere
1126 1513 1475 1568 tenebrarum
1512 1531 1526 1566 :
1560 1511 1731 1585 Surge
1756 1512 1845 1584 qui

242 1610 445 1663 dormis
469 1651 485 1674 ,
520 1616 569 1661 et
598 1622 818 1678 exsurge
841 1623 875 1660 a
901 1605 1143 1660 mortuis.
1175 1604 1394 1672 Qumrat
1430 1603 1626 1675 aliquis
1652 1644 1667 1671 ,
1697 1604 1849 1675 quis—

1934 793 2001 835 ex
2031 779 2263 835 mortuis
2289 778 2457 837 fuerit
2483 782 2804 839 suscitatus.
2834 784 2962 840 Scio
2984 799 3073 840 me
3101 784 3321 842 audisse
3343 800 3535 853 quem-

1938 871 2062 928 dam
2088 871 2159 928 de
2188 872 2294 931 hoc
2339 873 2463 930 loco
2507 873 2562 930 in
2606 874 2856 932 Ecclesia
2885 875 3257 947 disputantem
3288 920 3303 945 ,
3334 879 3425 948 qui
3476 877 3536 931 in

1944 964 2213 1021 theatrale
2235 967 2581 1035 miraculum,
2616 984 2916 1040 numquam
2943 982 3073 1027 ante
3103 970 3274 1027 visam
3306 972 3540 1027 formam

1944 1057 2145 1128 populo
2172 1057 2463 1127 exhibuit,
2510 1071 2568 1116 ut
2610 1061 2899 1128 placeret,
2948 1062 3344 1120 Testimonium
3391 1064 3493 1119 hoc
3521 1106 3537 1132 ,

1944 1149 2196 1220 inquiens
2226 1169 2240 1206 :
2270 1152 2338 1209 ad
2362 1153 2535 1211 Adam
2565 1153 2768 1211 dicitur
2792 1155 2849 1213 in
2876 1155 3005 1212 loco
3038 1157 3311 1214 Calvaria:
3352 1159 3542 1228 sepul-

1945 1250 2093 1310 tum,
2126 1243 2218 1300 ubi
2249 1244 2546 1303 cruciﬁxus
2575 1255 2662 1304 est
2688 1247 2971 1305 Dominus.
3003 1249 3108 1317 Qui
3136 1251 3402 1307 Calvaria:
3442 1251 3542 1305 id—

1944 1336 2095 1393 circo
2123 1336 2431 1407 appellatus
2459 1347 2565 1407 est,
2597 1340 2743 1411 quod
2776 1340 2847 1396 ibi
2878 1341 3093 1413 antiqui
3124 1341 3361 1399 hominis
3398 1354 3546 1400 esset

1945 1426 2228 1487 conditum
2255 1439 2465 1502 caput:
2496 1431 2590 1488 illo
2636 1447 2768 1502 ergo
2816 1442 3063 1504 tempore
3089 1449 3199 1504 quo
3246 1436 3549 1491 crucitixus

1948 1518 2217 1597 Dominus
2242 1562 2258 1587 ,
2297 1537 2462 1595 super
2500 1523 2618 1596 ejus
2669 1525 2943 1595 pendebat
2968 1525 2996 1566 ³³
3029 1528 3383 1598 sepulcrum,
3430 1528 3548 1583 haec

1953 1613 2238 1685 prophetia
2262 1615 2535 1685 completa
2563 1615 2732 1689 659
2756 1625 2844 1673 est
2868 1617 3059 1675 dicens
3086 1635 3098 1671 :
3132 1616 3326 1688 Surge,
3357 1619 3550 1689 Adam,

244 1717 371 1759 nam
398 1704 473 1756 sit
505 1702 611 1756 iste
639 1701 732 1771 qui
760 1700 905 1754 dicat
938 1717 950 1753 :
987 1698 1159 1772 Surge
1188 1699 1280 1769 qui
1304 1698 1526 1764 dormis,
1556 1704 1604 1753 et
1630 1712 1849 1769 exsurge

1971 1706 2040 1774 iui
2066 1705 2286 1770 dormis,
2308 1718 2358 1763 et
2387 1724 2611 1778 exsurge
2639 1725 2673 1762 α
2704 1710 2922 1764 mortuis
2956 1725 2976 1764 :
3005 1718 3062 1765 et
3092 1725 3197 1763 non
3228 1719 3291 1764 ut
3322 1708 3555 1780 legimus

242 1817 276 1855 α
306 1798 570 1863 mortuis;
615 1807 708 1850 aut
748 1794 905 1865 cujus
947 1794 1265 1871 testimonio
1316 1792 1612 1864 Apostolus
1648 1791 1720 1848 sit
1756 1793 1851 1846 3i)-

1971 1799 2225 1871 ἕπιφαύσει
2262 1821 2343 1857 σαι
2387 1802 2611 1877 Χριστὸς
2636 1843 2651 1868 ,
2685 1799 2740 1855 id
2771 1810 2889 1864 est,
2924 1801 3122 1857 orietur
3146 1801 3235 1856 tibi
3276 1800 3555 1867 Christus;

250 1908 387 1949 usus
406 1893 432 1944 ι
456 1891 525 1946 Et
547 1887 771 1961 quidem
796 1888 886 1958 qui
915 1887 1150 1957 simplici
1183 1884 1547 1955 reSponsiune
1566 1894 1857 1942 contentus

1971 1890 2057 1946 sed
2095 1901 2117 1929 ο
2150 1891 2462 1966 ἐπιφαύσει,
2495 1893 2549 1948 id
2594 1902 2719 1962 est,
2751 1895 3013 1965 continget
3045 1896 3378 1950 te‘Christus.
3421 1895 3557 1961 Quia

246 1995 358 2051 est,
394 1993 420 2020 ἰ
449 1981 601 2038 dicet
627 1981 680 2036 in
711 1978 1013 2035 reconditis
1042 1993 1165 2033 eum
1202 1975 1514 2049 prophetis,
1540 1984 1597 2031 et
1623 1976 1705 2031 his
1730 1992 1850 2048 qua:

248 2084 521 2133 vocantur
544 2072 857 2143 apocrypha
891 2070 1007 2125 lucc
1033 2068 1173 2124 luela
1202 2070 1257 2123 in
1286 2067 1524 2123 medium
1551 2068 1850 2140 protulisse

255 2170 425 2243 (sicut
451 2168 505 2223 in
529 2166 653 2221 aliis
681 2179 897 2236 quoque
926 2163 1059 2218 locis
1093 2163 1247 2218 illum
1274 2161 1475 2218 fecisse
1505 2161 1853 2217 manifestum

251 2263 390 2328 est),
426 2273 534 2313 non
560 2256 705 2327 quod
735 2253 1044 2326 apocrypha
1085 2253 1510 2324 comprobaret;
1542 2253 1638 2308 sed
1668 2268 1776 2323 quo
1805 2262 1860 2307 et

253 2351 418 2409 Arati
444 2393 458 2417 ,
490 2360 546 2405 et
577 2347 917 2419 Epimenidis
942 2388 958 2410 ,
988 2357 1041 2401 et
1093 2345 1377 2401 Menandri
1408 2344 1659 2401 versibus
1694 2342 1862 2419 648

257 2447 336 2502 sit
362 2448 567 2500 abusus
595 2443 663 2496 ad
690 2458 756 2498 ea
789 2457 909 2512 qua:
939 2441 1191 2496 voluerat
1231 2441 1283 2495 in
1324 2449 1570 2511 tempore
1606 2455 1865 2510 compro-

258 2537 462 2596 handa.
496 2535 608 2591 Nec
633 2542 815 2589 tamen
842 2533 994 2588 Arati
1018 2574 1032 2598 ,
1063 2544 1120 2588 et
1150 2531 1486 2603 Epimenidis
1506 2573 1522 2599 ,
1553 2543 1606 2588 et
1642 2532 1864 2588 Menan-

259 2630 372 2697 dri,
407 2638 518 2685 tota
548 2643 669 2698 qua:
710 2626 1005 2697 scripsere,
1043 2634 1169 2681 sunt
1200 2636 1391 2681 sancta
1419 2667 1435 2694 ,
1467 2625 1591 2697 quia
1617 2639 1715 2681 eos
1738 2640 1868 2681 vere

261 2725 477 2794 aliquid
505 2723 713 2780 dixisse
741 2730 971 2777 tesuitus
997 2727 1103 2775 est.
1133 2718 1288 2773 Alius
1313 2734 1446 2775 vero
1476 2718 1630 2791 quasi
1659 2740 1866 2796 προσω-

260 2817 510 2876 ποποιΐαν
529 2816 766 2886 Spiritus
790 2813 968 2869 sancti
999 2813 1296 2881 Apostolus
1319 2812 1655 2884 ﬁguraverit,
1671 2813 1739 2867 ad
1768 2828 1866 2868 ex-

264 2912 637 2968 hortationem
670 2910 1011 2982 pauitentia:
1040 2907 1159 2964 haec
1185 2908 1325 2963 dicta
1360 2906 1707 2963 memorabit.
1754 2904 1870 2979 Ego

266 3015 420 3064 certe
456 3005 760 3061 secundum
810 3001 1253 3075 paupertatulam
1284 3017 1463 3057 meam
1485 3041 1502 3069 ,
1532 3015 1729 3057 omnes
1754 3000 1873 3057 edi-

266 3104 453 3155 tiones
499 3107 747 3153 veterum
780 3094 1228 3166 Scripturarum,
1260 3095 1483 3165 ipsaque
1518 3092 1871 3150 Hebraeorum

266 3192 554 3250 volumina
584 3187 879 3260 diligenter
909 3186 1218 3243 eventilans
1238 3226 1255 3255 ,
1284 3200 1579 3257 numquam
1607 3184 1711 3243 hoc
1740 3185 1877 3242 scri-

1957 1982 2220 2039 videlicet
2251 1992 2394 2043 tactu
2433 1985 2720 2057 sanguinis
2748 1986 2920 2058 ipsius
2942 2028 2958 2053 ,
2993 1994 3048 2042 et
3072 1987 3320 2057 corporis
3352 1987 3561 2056 depen-

1959 2075 2163 2144 dentis,
2195 2076 2508 2134 viviticetur
2539 2086 2704 2147 atque
2753 2088 3046 2150 consurgat
3073 2097 3086 2133 :
3116 2089 3172 2134 et
3203 2092 3331 2134 tunc
3372 2092 3560 2151 typum

1959 2180 2179 2237 quoque
2221 2166 2374 2223 illum
2423 2168 2656 2225 veritate
2701 2170 3013 2241 compleri,
3060 2171 3281 2241 quando
3329 2171 3563 2226 Elistrus

1962 2269 2211 2315 mortuus
2257 2269 2531 2318 mortuum
2578 2263 2869 2325 suscitavit
2918 2263 3012 2336 (IV
3055 2264 3188 2337 Reg.
3243 2266 3384 2336 xm).
3434 2265 3566 2320 Ηωο

1965 2362 2148 2408 utrum
2170 2367 2301 2413 vera
2323 2354 2456 2421 siut,
2490 2369 2687 2425 necne,
2714 2355 2940 2415 lectoris
2960 2356 3192 2412 arbitrio
3214 2355 3563 2426 derelinquo.

1963 2445 2129 2501 Certe
2177 2454 2305 2503 tunc
2345 2447 2399 2502 in
2429 2447 2631 2517 pupulo
2659 2447 2808 2504 diota
2848 2450 3212 2519 placuerunt,
3244 2459 3301 2505 et
3325 2449 3564 2520 quodam

1966 2539 2162 2608 plausu
2188 2554 2253 2594 ac
2282 2538 2522 2609 tripudio
2552 2548 2682 2597 sunt
2720 2553 2975 2611 excepta.
3023 2539 3203 2597 Unum
3233 2542 3380 2611 quod
3411 2543 3525 2596 scio
3550 2586 3566 2611 ,

1969 2630 2188 2702 loquor,
2210 2645 2334 2686 cum
2382 2631 2489 2687 loci
2538 2631 2699 2687 istius
2740 2631 3198 2705 interpretatione
3234 2644 3397 2704 atque
3435 2648 3570 2689 con—

1970 2734 2121 2780 textu
2150 2737 2347 2779 sensus
2369 2723 2472 2778 iste
2501 2737 2608 2778 non
2638 2725 2921 2781 convenit.

2041 2816 2228 2890 (Vers.
2257 2815 2370 2887 15.)
2422 2814 2597 2872 Videte
2629 2832 2750 2892 ergo
2779 2817 3040 2888 quomodo
3071 2827 3219 2872 caute
3247 2816 3520 2872 ambuletis
3547 2833 3565 2871 :

1972 2926 2077 2965 non
2101 2917 2157 2964 ut
2187 2908 2509 2980 insipientes,
2553 2908 2645 2963 sed
2693 2918 2749 2963 ut
2790 2909 3071 2980 sapientes.
3124 2907 3294 2965 Recte
3326 2909 3576 2979 Ephesiis

1976 3004 2196 3068 dicitur,
2227 3014 2289 3059 ut
2309 3010 2468 3058 caute
2491 3001 2790 3064 ambulent,
2817 3003 2911 3073 qui
2946 3002 3217 3059 habebant
3244 3005 3576 3059 exercitatos

1977 3109 2171 3151 sensus
2202 3092 2269 3150 ad
2304 3091 2727 3149 discernendum
2756 3092 2958 3149 bonum
3005 3105 3059 3149 et
3089 3093 3315 3162 malum,
3349 3104 3403 3149 et
3452 3109 3576 3165 pro-

1982 3189 2176 3244 bantes
2201 3188 2386 3245 omnia
2409 3227 2423 3251 ,
2454 3185 2505 3239 id
2536 3184 2681 3256 quod
2713 3194 3037 3255 statuerant,
3066 3187 3268 3243 bonum
3298 3201 3422 3243 esse
3451 3187 3582 3242 reti-

271 3297 427 3358 ptum
474 3283 678 3355 reperi.
730 3280 838 3336 Nisi
874 3280 1014 3334 forte
1047 3289 1100 3332 et
1130 3281 1235 3333 tunc
1265 3276 1515 3332 dicamus
1550 3294 1563 3333 :
1597 3278 1873 3348 quomodo
1904 3267 1950 3329 C
1983 3284 2204 3340 nabant,
2229 3282 2329 3349 Qui
2355 3290 2535 3335 autem
2564 3277 2714 3334 videt
2739 3278 3013 3349 quomodo
3041 3280 3309 3345 ambulet,
3337 3292 3386 3335 et
3411 3295 3574 3350 quam

274 3378 409 3435 olim
434 3377 714 3449 prophetae
740 3375 791 3430 in
820 3375 1089 3430 concione
1124 3372 1307 3442 populi
1337 3372 1716 3445 loquebantur.
1748 3371 1877 3428 Ilaec
1980 3385 2136 3432 caute
2159 3375 2287 3447 ﬁgat
2316 3372 2561 3447 gradum,
2596 3388 2664 3428 ne
2687 3371 2826 3427 forte
2852 3372 2918 3426 ad
2949 3371 3185 3441 lapidem
3217 3372 3457 3428 oﬂ‘endat
3488 3388 3581 3443 pe-

277 3474 409 3529 dicit
450 3469 724 3526 Dominus.
772 3471 833 3523 iul.
869 3486 883 3523 :
916 3467 1178 3534 Quoniam
1219 3463 1472 3520 Dominus
1508 3466 1714 3521 locutus
1752 3478 1828 3522 est
1859 3485 1879 3524 :

288 3568 364 3621 ita
394 3575 450 3621 et
480 3561 806 3633 Apostolum
836 3559 1047 3629 Spiritu
1077 3565 1268 3614 sancto
1302 3557 1545 3629 plenum,
1575 3568 1801 3629 repente
1828 3561 1880 3615 in

281 3657 454 3714 verba
477 3670 600 3725 qua:
627 3655 681 3708 in
708 3670 768 3708 se
797 3649 1049 3707 Christus
1079 3648 1423 3720 loquebatur,
1452 3648 1698 3721 erupisse
1721 3658 1886 3722 atque

284 3750 498 3808 dixisse
534 3765 546 3800 :
582 3745 713 3802 Haec
757 3744 885 3798 dicit
932 3742 1216 3798 Dominus.
1275 3740 1494 3797 Necnon
1534 3752 1589 3798 et
1629 3742 1758 3798 illud
1802 3756 1886 3803 est

285 3839 673 3900 disserendum
702 3881 718 3903 ,
765 3835 1044 3905 quomodo
1101 3836 1192 3889 uni
1241 3846 1405 3906 atque
1451 3833 1630 3892 eidem
1671 3835 1888 3895 dicatur

287 3934 448 4007 quasi
477 3932 708 3998 viventi,
757 3928 931 4002 Surge
960 3931 1046 4000 qut
1078 3926 1276 3982 dormis
1309 3942 1326 3981 :
1363 3936 1419 3982 et
1447 3926 1600 4000 quasi
1636 3943 1886 4000 mortuo,

294 4028 540 4103 Exsurge
572 4042 602 4080 a
630 4024 870 4079 mortuis.
905 4021 1074 4094 Igitur
1098 4021 1227 4092 quia
1255 4029 1309 4075 et
1340 4019 1568 4092 spiritus
1608 4032 1692 4080 est
1719 4023 1892 4083 homi—

1981 3469 2105 3525 detn
2147 3482 2330 3536 suum,
2361 3476 2419 3522 et
2446 3464 2578 3520 dicit
2622 3481 2635 3519 :
2683 3463 2921 3519 Lucerna
2968 3464 3182 3536 pedibus
3208 3467 3333 3519 meis
3370 3468 3583 3520 uerbum

1987 3573 2154 3633 tuum,
2186 3558 2409 3617 Domine
2439 3558 2562 3630 (Ps.
2606 3574 2791 3623 cxvm,
2835 3559 2988 3628 105),
3019 3560 3201 3631 utique
3229 3561 3449 3630 sapiens
3479 3571 3585 3616 est.

1989 3657 2106 3713 Non
2135 3655 2281 3717 enim
2322 3665 2457 3727 puto
2493 3651 2695 3715 ἰδιώτην
2737 3652 3067 3723 quempiam,
3100 3653 3203 3708 etsi
3234 3653 3369 3708 velit
3395 3654 3586 3709 ambu-

1988 3750 2107 3807 lare
2129 3756 2306 3815 caute,
2340 3760 2501 3819 posse
2542 3745 2647 3801 hoc
2677 3743 2909 3815 implere
2941 3753 3272 3815 praeceptum
3298 3764 3312 3801 :
3344 3747 3470 3817 quia
3500 3762 3587 3802 sa-

1994 3841 2269 3915 pientibus
2289 3848 2469 3896 etnon
2497 3837 2878 3908 insipientibus
2899 3837 3224 3907 imperatum
3253 3849 3354 3895 est.
3380 3841 3455 3895 Ex
3480 3857 3589 3912 quo

1998 3933 2349 4005 intelligimus
2379 3938 2435 3987 et
2460 3939 2731 4001 princepta
2761 3929 2991 3986 moralia
3022 3930 3171 4003 (qua:
3195 3932 3443 4003 plerique
3472 3949 3590 3987 ma-

2003 4025 2197 4083 nifesta
2243 4022 2596 4088 arbitrantur,
2650 4036 2717 4076 ex
2757 4035 2825 4075 «ιο
2869 4021 3099 4092 quodin
3150 4033 3343 4078 octavo
3380 4023 3594 4079 decimo

2003 4117 2210 4189 psalmo
2238 4112 2417 4186 (Vers.
2443 4111 2500 4184 9)
2531 4110 2730 4167 dicitur
2756 4129 2770 4167 :
2799 4110 3109 4166 Mandatum
3130 4111 3343 4168 Domini
3366 4115 3598 4169 lucidum

2001 4211 2302 4269 illuminans
2329 4206 2528 4279 oculos)
2559 4204 2804 4277 indigere
2830 4205 3105 4275 prudenti,
3128 4219 3184 4262 et
3206 4208 3599 4276 circumspecta

2007 4303 2349 4375 expositione
2378 4298 2540 4370 :quia
2574 4297 2809 4354 lucidum
2852 4298 2983 4353 illud
3018 4308 3380 4368 praeceptum,
3410 4315 3600 4355 eorum

2009 4394 2281 4454 illuminat
2309 4391 2518 4461 oculos,
2548 4388 2991 4461 qui,insipientia
3018 4389 3297 4459 derelicta,
3322 4392 3603 4462 sapientia:

2013 4487 2209 4546 studiis
2237 4499 2296 4541 se
2323 4481 2709 4552 manciparint.

296 4122 403 4180 nis.
436 4136 598 4189 quem
630 4132 851 4189 semper
881 4117 934 4171 in
965 4116 1168 4171 bonam
1220 4123 1428 4181 partem
1475 4114 1735 4186 scriptum
1781 4133 1893 4175 me-

299 4211 584 4272 minimus.
615 4218 669 4264 et
699 4208 878 4263 anima
907 4203 1062 4276 cujus
1106 4212 1164 4259 et
1206 4203 1546 4260 inﬁrmitates
1590 4215 1647 4260 et
1693 4216 1897 4265 mortes

299 4304 537 4374 legimus
565 4297 1003 4371 peccatorum,id
1032 4295 1174 4368 quod
1202 4311 1344 4351 nunc
1369 4297 1589 4366 dicitur,
1615 4297 1785 4370 Surge
1807 4302 1900 4373 qui

303 4398 503 4453 dormis
530 4437 546 4462 ,
598 4394 869 4450 referatur
897 4390 964 4445 ad
1013 4390 1269 4462 spiritum
1311 4406 1323 4442 :
1357 4396 1412 4444 et
1447 4390 1591 4460 quod
1633 4394 1901 4460 sequitur,

309 4487 551 4560 Exsurge
573 4503 605 4541 α
622 4486 863 4552 mortuis,
886 4485 1085 4539 animm
1101 4490 1407 4552 coaptetur.
1425 4483 1609 4536 Anima
1633 4486 1768 4539 enim
1791 4503 1906 4557 qua:

386 4637 412 4667 ι
441 4626 808 4701 Nimirnm_ex
836 4623 1165 4701 Apocryplto
1191 4620 1764 4701 _F_3li_1e_lau_dari_ltocce
1798 4636 1909 4701 tes-
1940 4636 1989 4698 ι)
2014 4627 2224 4701 prolata
2251 4622 2442 4701 istliaec
2470 4618 2540 4674 ad
2574 4618 2856 4701 Adampnr
2880 4619 3047 4701 verba
3068 4639 3091 4701 _:
3123 4620 3443 4701 Surgetqui
3484 4625 3610 4677 dor-

313 4691 911 4771 titnoniumAOpinatns
952 4691 1144 4771 esi}.
1191 4692 1524 4771 Epiphanius
1573 4694 1769 4754 haeres.
1812 4699 1907 4771 ἐξ,
1940 4691 1978 4698 ⁷
2017 4691 2161 4771 'mis_,
2191 4702 2300 4750 etc.
2318 4691 2600 4771 gis-terum
2632 4704 2695 4771 ‘et
2731 4691 2791 4746 S.
2826 4691 3248 4771 tantbrosiusjn
3300 4694 3607 4771 Comment.

316 4770 583 4843 pag.37‘2.
602 4760 1021 4843 Georgiusvern
1043 4760 1332 4843 Spartanus
1360 4765 1413 4817 in
1438 4760 1917 4843 Chrontrgraphia',
2026 4771 2080 4828 in
2129 4760 2272 4843 hanc
2318 4761 2492 4843 Epist.
2540 4770 2598 4815 et
2617 4760 2948 4843 Augustinus
2980 4764 3258 4843 in__psaltn.
3287 4779 3345 4818 ιιι
3375 4763 3564 4843 legunt
3592 4810 3607 4832 ,

319 4833 443 4913 pag.
482 4842 610 4921 ηιξ
648 4841 701 4921 ἐξ
734 4846 823 4894 τοῦ
859 4833 1115 4921 .‘tspsptiou
1152 4836 1434 4921 itsyojciumu
1474 4833 1810 4921 anoxpdgmv,
1857 4863 1869 4898 ι

2026 4851 2075 4899 et
2096 4837 2396 4909 contingent
2419 4841 2488 4899 te,
2513 4846 2674 4921 (turam
2701 4833 3375 4921 let-tionem."ierony‘mns
3397 4833 3611 4917 probat.

322 4901 1229 4986 ῖιρῆσϊυριιίδλενβιηὶωἱζέσνὶριὶιιδ
1253 4901 1573 4986 Econtrario
1601 4901 1656 4965 in
1683 4901 1925 4986 antlien-
2029 4901 2297 4986 Erasmus
2319 4945 2334 4967 ,
2364 4919 2532 4986 quem.
2553 4901 2826 4986 Victorius
2855 4905 3104 4986 sequitur
3134 4904 3185 4986 in
3217 4901 3409 4986 Graeco
3434 4922 3499 4959 ex
3529 4907 3612 4959 in-

324 4971 450 5041 ticis
470 4971 623 5056 libris
644 4982 1050 5056 illittl_inveu_ire
1072 4971 1320 5056 seposse
1337 4976 1431 5033 alii
1455 4990 1664 5056 putant.
1691 4979 1752 5038 S.
1777 4983 1869 5056 ’Πιι

2028 4983 2195 5056 genio
2214 4971 2483 5056 fecerunt:
2511 4971 2759 5056 ὶφᾲψεςι-αι
2785 5015 2797 5037 ,
2830 4988 2930 5056 pro
2959 4973 3263 5056 ἓπιψαιξσεε.
3295 4972 3619 5056 (Σιπγεοδιοτ

324 5069 447 5112 mas
473 5068 541 5110 ex
571 5053 666 5124 illo
693 5050 912 5107 deducit
950 5050 1103 5124 Isaia:
1141 5044 1406 5124 lococap.
1438 5044 1507 5105 ιξκ
1534 5069 1549 5107 :
1576 5052 1768 5124 Surge,
1800 5053 1902 5112 illu
2030 5044 2154 5110 inus
2185 5047 2371 5124 homil.
2418 5045 2486 5124 i8
2512 5044 2551 5111 ,’
2573 5044 2624 5097 in
2672 5046 2823 5124 hunc
2845 5047 3019 5124 locum
3054 5061 3066 5096 :
3095 5044 3158 5099 οἱ
3184 5046 3275 5115 μέν
3302 5044 3455 5124 sua,
3489 5064 3507 5097 ι
3530 5052 3624 5124 ιιαῇ

326 5130 526 5197 "unas-9
556 5169 571 5192 ,
599 5122 919 5197 Jerusalem,
950 5123 1073 5197 quia
1100 5122 1235 5175 venit
1260 5114 1772 5197 lunienﬂtuum._A'lii
1807 5142 1869 5197 tn:

2024 5123 2331 5197 ἐπιψαύσεις
2356 5122 2446 5197 re}?
2467 5122 2716 5197 Χρεςτονξ,
2743 5134 2759 5166 ι
2779 5116 2830 5197 οξ
2848 5114 2902 5171 δέ
2927 5138 3098 5197 patent,
3135 5133 3153 5167 ι
3171 5114 3465 5197 ﬁngemus
3483 5139 3570 5175 σοι
3594 5119 3620 5173 ὁ

328 5198 449 5275 lunt
470 5184 623 5251 Isaia:
651 5184 1017 5275 «nudatus-(id
1047 5207 1353 5275 cap._xsvr,
1389 5192 1479 5255 19,
1506 5193 1674 5249 allndi
1706 5196 1869 5275 verba

2025 5184 2311 5275 xPﬁ-rbgz‘s
2327 5184 2522 5275 ptitth
2542 5186 2597 5243 δὲ
2619 5193 2771 5275 τῇτο
2799 5184 2945 5275 iure:
2957 5188 3063 5275 Alii
3091 5184 3506 5275 quidq‘nidicunt.
3520 5231 3540 5275 Α,
3569 5198 3627 5244 et

342 5266 521 5323 Vivent
551 5257 749 5320 mortui
788 5265 863 5319 tui
880 5257 911 5320 ἐ
940 5257 1198 5335 interfecti
1245 5263 1345 5318 mei
1368 5275 1753 5335 resurgent....
1793 5269 1931 5333 Quia
2034 5257 2226 5335 tsinges
2250 5257 2527 5317 Christum
2556 5276 2575 5335 _:
2606 5261 2699 5335 alii
2724 5273 2845 5312 vero
2871 5260 3052 5313 dicunt
3079 5300 3092 5323 ,
3125 5265 3180 5313 ct
3209 5257 3537 5315 illuminabit
3566 5272 3618 5317 te

330 5355 416 5393 ros
441 5338 573 5411 lucis
597 5377 619 5411 ,
637 5352 724 5411 ros
753 5345 911 5411 tuus;
938 5329 1301 5411 autdenique
1322 5334 1413 5387 illa
1443 5329 1580 5402 ",9
1614 5353 1627 5389 :
1663 5329 1930 5411 Populus,
2036 5329 2289 5411 Christus
2316 5349 2330 5387 :
2353 5339 2405 5386 et
2427 5330 2594 5411 magis
2619 5329 2695 5385 ita
2724 5339 2823 5411 est.

335 5410 423 5480 qui
442 5398 745 5481 ambulabat
768 5408 826 5481 in
849 5398 1093 5481 tenebris,
1123 5398 1251 5458 vidit
1283 5405 1453 5481 lucem
1477 5398 1936 5481 magnamﬁhabil
2056 5478 2081 5481 ᾼ
2116 5419 2139 5446 ε
2182 5402 2317 5474 Quis
2367 5400 2700 5481 credidisset
2741 5400 2944 5481 nullam
2989 5398 3103 5456 fere
3152 5413 3343 5455 vocem
3403 5403 3635 5481 reperiri

338 5471 564 5535 fantibus
612 5480 669 5533 in
696 5477 930 5551 regione
968 5477 1165 5532 umbrce
1206 5478 1385 5531 mortis
1433 5475 1527 5533 lua-
1561 5471 1687 5533 'orta
1719 5471 1794 5535 est
1839 5482 1936 5539 eis.
2043 5471 2288 5536 Graecam
2329 5471 2604 5529 recitatum
2652 5471 2721 5551 ab
2762 5472 3110 5551 H_ierony_mo,
3141 5487 3434 5551 qnam‘ngn
3466 5473 3630 5528 Eras-

339 5551 502 5607 Adito
526 5552 628 5605 loci
658 5541 1150 5618 ejus'interpretes.
2043 5565 2187 5616 mus,
2233 5557 2285 5602 et
2336 5553 2459 5618 post
2504 5541 2946 5618 eumuMarianus
2969 5541 3319 5618 depravarit?
3358 5542 3463 5596 Pro
3503 5559 3637 5618 voce

414 5621 441 5660 ὶι
471 5613 721 5692 Vidimus
746 5630 802 5673 et
824 5613 990 5692 supra
1008 5660 1024 5684 ,
1054 5617 1200 5692 hunc
1229 5618 1603 5692 nescioquem
1634 5620 1811 5676 notari
1845 5622 1944 5679 abs
2048 5613 2212 5692 igitur
2238 5615 2540 5692 ἐπιψαρσει,
2571 5613 2810 5669 editores
2833 5615 2907 5669 illi
2928 5620 3117 5692 contra
3149 5613 3641 5692 tideinmanuscri—

345 5693 682 5764 Hieranymo
706 5690 762 5743 in
790 5684 913 5758 cap}
943 5688 1383 5764 Matthmi‘xxvtt,
1412 5684 1628 5764 33._Ac
1657 5707 1790 5749 sane
1817 5706 1945 5749 cum
2048 5684 2261 5763 p'torum
2304 5684 2562 5742 Codicum
2616 5695 2915 5764 posuerunt
2959 5685 3195 5764 verbum
3238 5684 3505 5764 ὶφάψςςται.
3565 5686 3644 5742 De

346 5764 414 5819 ad
455 5755 759 5833 creandum
789 5755 946 5833 vujgn
988 5759 1306 5833 miraculum
1345 5755 1654 5831 excogitata
1702 5763 1948 5833 opinatio
2052 5755 2242 5819 eadem
2276 5774 2400 5813 vero
2442 5755 2783 5833 expositione
2810 5772 2976 5833 supra
3020 5755 3642 5833 loquebatur'ﬂtct'ouy-

348 5850 414 5890 ea
441 5837 516 5890 sit
537 5836 714 5902 Adam
746 5830 799 5884 in
827 5825 1093 5885 calvariae
1122 5832 1244 5902 loco
1271 5825 1546 5902 sepultum
1575 5876 1589 5900 ,
1631 5825 1951 5888 ubi'cruci-
2054 5848 2177 5895 mus
2204 5834 2259 5890 in
2286 5843 2407 5901 cap.
2441 5840 2590 5883 χχιιι
2614 5825 2804 5885 Matth.
2847 5827 3030 5887 Mur.

354 5905 496 5967 ﬁxus
521 5912 611 5963 est
635 5901 923 5960 Christus:
950 5911 1063 5957 tum
1091 5900 1145 5958 id
1168 5900 1716 5977 plane‘paradoxum,
1739 5903 1809 5961 sb
1832 5903 1955 5980 ipso
