4034 6340
507 207 614 276 5‘27

1758 201 1818 265 S.
1863 205 2129 266 l-ZUSEBll
2167 193 2548 264 ΗΙΕΒΟᾸΫΜῙ

3689 203 3796 265 5Ξ8

580 333 762 406 (Vors.
795 329 905 398 16.)
951 327 1273 382 llelimenles
1307 331 1534 396 tempus,
1561 326 1808 396 quoniam
1838 327 1949 381 dies
1977 325 2102 380 mali
2129 327 2182 387 Α
2208 321 2680 378 mansuetudinem
2706 361 2722 389 ,
2770 321 2933 395 651
2987 317 3370 377 Verecundiam
3399 359 3417 390 ,
3476 322 3801 380 castitattm.

505 435 646 483 sunt.
661 426 761 494 Qui
777 425 994 494 sapiens
1011 430 1182 486 est,et
1200 419 1407 473 idcirco
1428 427 1587 474 caute
1611 419 1874 486 ambulat,
1891 419 2108 473 redimit

507 529 742 588 tempus.
774 517 1008 584 Tempus
1032 522 1214 568 autem
1247 513 1488 577 redimit,
1516 511 1640 582 quia
1665 511 1780 566 dies
1803 513 1929 567 ntali
1953 520 2096 565 sunt.

510 611 737 679 Quando
763 610 814 663 in
847 609 988 660 bono
1017 620 1180 675 opere
1202 613 1417 674 tempus
1449 604 1844 668 consumimus,
1871 602 2104 658 emimus

505 703 661 765 illud,
681 715 735 756 et
753 702 1029 769 proprium
1050 696 1276 752 facimus
1296 695 1438 766 quod
1459 695 1658 750 malitia
1683 694 1958 748 hominum
1974 709 2104 746 ven-

507 798 676 850 ditum
703 795 894 848 fuerat.
927 792 1288 848 Netnoautem
1318 790 1440 844 vitae
1469 788 1624 858 hujus
1643 803 1892 858 qnazrens
1915 802 2104 842 neces-

507 891 671 952 saria,
687 899 735 941 et
753 888 821 942 de
833 887 1033 941 divitiis
1047 897 1100 941 et
1117 882 1586 949 sollicitudinibus,
1602 897 1735 952 quas
1751 881 2099 950 Evangelium

503 985 687 1054 spinas
705 993 970 1048 nuncupat
993 979 1184 1050 (Marc.
1203 994 1273 1041 Iv,
1287 987 1334 1030 et
1353 975 1620 1044 Luc.vm),
1637 974 1898 1043 cogitans,
1920 981 2101 1043 potest

504 1074 607 1128 sibi
626 1085 834 1141 tempus
849 1072 1138 1127 redimere.
1159 1068 1689 1122 ltedimeutesautem
1706 1076 1936 1134 tempus,
1957 1065 2099 1132 quod

499 1166 554 1220 in
583 1165 776 1220 diebus
809 1163 964 1218 malis
987 1169 1092 1225 est,
1124 1158 1526 1230 quodammodo
1548 1159 1896 1213 immutamus
1924 1158 2053 1212 illud
2081 1176 2097 1215 :

498 1266 555 1313 et
575 1258 691 1313 dies
721 1257 896 1311 malos
917 1256 969 1308 in
993 1255 1164 1308 bonos
1191 1253 1478 1317 vertimus,
1508 1260 1564 1307 et
1593 1250 1823 1307 facimus
1845 1253 1967 1307 illos
1991 1269 2097 1308 non

497 1350 783 1419 prmscntis
825 1346 1043 1408 smculi,
1077 1344 1173 1401 sed
1219 1343 1408 1399 futuri.
1442 1345 1626 1400 Potest
1671 1354 1726 1399 et
1757 1346 1916 1402 aliter
1947 1346 2098 1402 locus

497 1444 596 1496 iste
627 1439 857 1496 edisseri
886 1457 896 1492 :
930 1437 1095 1509 650
1119 1437 1162 1492 0
1191 1453 1286 1491 vos
1316 1437 1556 1508 Ephesii,
1585 1439 1784 1510 quibus
1813 1439 1882 1495 de
1905 1456 2100 1495 somno

495 1531 681 1586 smculi
729 1528 884 1584 istius
934 1529 1358 1598 exsurgentibus
1403 1529 1485 1584 sol
1525 1529 1751 1597 justitia:
1805 1541 1960 1586 ortus
2016 1541 2100 1588 est

493 1624 768 1684 Christus,
797 1630 953 1677 caute
975 1621 1245 1676 ambulate
1267 1631 1429 1692 atque
1454 1623 1753 1692 prudenter
1778 1641 1791 1677 :
1816 1634 1869 1680 et
1891 1624 2096 1695 ahjecta

2207 419 2309 487 Qui
2353 417 2500 481 vino,
2539 416 2701 472 habet
2739 415 3115 487 insipientiam
3137 456 3153 482 ,
3186 417 3458 481 furorem,
3491 416 3807 486 procacita-

2207 521 2342 576 tem,
2376 511 2678 566 libidinem.
2714 510 2830 565 Hoc
2851 509 3054 581 quippe
3077 509 3293 564 :cstimo
3315 523 3422 564 uno
3446 508 3616 564 verbo
3644 509 3808 579 signi-

2207 603 2370 659 ﬁcare
2401 603 2694 658 luxuriam.
2726 602 2880 671 Quod
2910 604 2957 659 si
2989 603 3208 673 quidam
3232 602 3622 671 intelligerent,
3655 618 3805 658 num-

2205 713 2364 768 quam
2406 713 2492 752 me
2521 696 2844 752 temeritatis
2885 707 2939 752 et
2978 695 3260 752 lmreseos
3288 697 3618 767 arguissent,
3667 697 3802 767 quod

2206 798 2231 826 α
2262 791 2312 844 in
2337 788 2649 859 virginitate
2681 789 2948 846 servanda
2990 789 3230 843 dixerim
3262 787 3445 843 vinum
3492 787 3807 844 adulescen-

2203 881 2332 936 tulis
2363 881 2748 937 declinandum
2773 922 2788 944 ,
2835 890 2891 936 et
2937 895 3043 935 non
3072 879 3401 936 mittendum
3441 895 3608 951 super
3655 883 3802 936 llam-

2202 989 2344 1029 mam
2370 974 2572 1042 (ticum,
2608 989 2708 1028 nec
2737 973 3038 1029 naturalem
3066 973 3246 1029 carnis
3267 971 3520 1028 ardorem
3550 972 3803 1030 fomentis

2203 1066 2501 1137 voluptatis
2543 1065 2874 1136 augendum.
2922 1065 3108 1121 Potest
3139 1074 3320 1121 autem
3351 1066 3567 1132 vinum,
3603 1067 3658 1121 in
3699 1083 3802 1137 quo

2199 1172 2286 1218 est
2310 1162 2547 1230 luxuria,
2581 1174 2637 1219 et
2674 1162 2812 1218 illud
2842 1161 3042 1232 accipi,
3073 1161 3139 1218 de
3171 1177 3278 1233 quo
3306 1161 3358 1216 in
3389 1162 3604 1217 cantico
3631 1161 3800 1234 Moysi

2199 1253 2400 1310 dicitur
2431 1273 2443 1308 :
2473 1252 2654 1309 Furor
2679 1255 2961 1309 draconum
2982 1255 3155 1308 vinum
3179 1271 3380 1319 eorum,
3409 1264 3457 1309 et
3487 1256 3637 1326 [uror
3662 1256 3803 1324 aspi-

2199 1347 2323 1400 dum
2371 1346 2676 1402 insanabilis
2708 1346 2884 1419 (Deut.
2921 1362 3092 1412 xxxii,
3122 1347 3212 1413 55)
3259 1363 3272 1400 :
3307 1345 3447 1417 quod
3493 1361 3682 1403 Omnes
3709 1349 3798 1418 qui

2199 1442 2388 1497 saeculi
2419 1441 2573 1496 istius
2598 1441 2930 1513 cogitatione
2959 1450 3082 1496 sunt
3119 1439 3284 1507 ebrii,
3335 1439 3526 1495 bibunt
3559 1451 3610 1496 et
3656 1442 3798 1496 insa-

2201 1534 2381 1598 niunt,
2427 1543 2482 1588 et
2509 1543 2757 1598 vomunt,
2807 1545 2862 1588 et
2893 1532 3198 1603 praecipites
3229 1541 3513 1587 corruunt.
3555 1531 3621 1586 Et
3645 1534 3798 1602 juxta

2200 1627 2554 1697 Lapitharum
2580 1670 2595 1695 ,
2633 1623 3138 1691 Centaurorutnque
3170 1623 3448 1690 fabulam,
3477 1625 3530 1680 in
3554 1634 3798 1678 inutuuin

493 1716 822 1785 insipientia,
858 1721 1040 1768 tenete
1062 1714 1413 1784 sapientiam,
1440 1729 1537 1784 per
1557 1729 1718 1785 quam
1741 1717 1960 1785 possitis
1982 1733 2090 1772 non
2121 1718 2169 1778 B
2197 1718 2442 1772 feruntur
2469 1716 2714 1771 exitium.
2763 1715 2898 1771 Huic
2928 1717 3053 1771 vino
3084 1714 3222 1770 illud
3255 1716 3440 1772 vinum
3463 1719 3798 1772 Contrarium

491 1824 613 1864 cum
646 1807 906 1861 varietate
935 1814 1238 1876 temporum
1266 1807 1590 1860 commutari
1616 1823 1631 1871 ;
1676 1805 1773 1862 sed
1803 1807 2091 1863 diversita-

493 1914 600 1957 tem
634 1911 937 1970 temporum
963 1900 1122 1955 vobis
1144 1915 1310 1954 unum
1345 1908 1558 1970 tempus
1588 1899 1830 1956 efficere.
1863 1902 1930 1956 Et
1964 1902 2089 1972 quia

490 2007 620 2052 sunt
667 1995 916 2067 plurimae
964 1995 1374 2064 persecutiones
1427 1995 1525 2064 (in
1576 1995 1843 2066 principio
1888 1997 2088 2066 quippe

490 2092 616 2147 tldei
661 2088 1056 2161 proiiemodum
1093 2087 1334 2157 quotidie
1381 2087 1720 2143 vexabantur
1783 2087 2084 2158 Ecclesize),

487 2205 652 2243 unum
700 2194 879 2242 tenete
919 2200 1161 2250 cursntn,
1205 2194 1257 2238 et
1291 2183 1396 2240 hoc
1421 2184 1617 2239 scitote
1641 2184 1990 2249 servandum,
2026 2192 2086 2236 ut

487 2297 594 2337 non
619 2281 670 2336 in
698 2294 904 2334 morem
930 2277 1102 2344 stulti,
1125 2277 1279 2348 quasi
1308 2277 1434 2332 luna
1466 2276 1747 2333 mutemini
1773 2293 1786 2342 ;
1817 2275 1910 2330 sed
1939 2275 2083 2344 quod

486 2377 656 2432 semel
687 2374 953 2444 coepistis,
980 2375 1134 2428 firma
1163 2385 1348 2430 mente
1369 2375 1599 2431 teneatis
1623 2391 1637 2428 :
1667 2390 1736 2429 ne
1760 2372 2011 2430 videlicet
2036 2373 2080 2428 si

487 2478 888 2538 persecutorem
917 2466 1156 2537 jndicem
1209 2467 1482 2530 videritis,
1505 2475 1561 2520 et
1599 2481 1700 2521 vos
1727 2481 1848 2523 cum
1887 2465 2085 2536 judicis

480 2562 760 2616 voluntate
790 2558 1094 2613 mutemini.
1138 2558 1371 2613 Rursum
1425 2559 1470 2612 si
1504 2557 1644 2613 alius
1685 2557 1956 2627 dogmatis
1983 2572 2081 2613 ve-

482 2652 579 2708 stri
627 2652 876 2706 laudator
911 2650 1218 2718 advenerit,
1258 2666 1355 2705 vos
1397 2650 1672 2706 fateamini
1703 2649 2079 2718 Christianos;

477 2745 574 2798 sed
603 2743 752 2814 quod
783 2743 938 2808 estis,
973 2743 1121 2797 omni
1153 2752 1401 2814 tempore
1432 2751 1731 2798 reservate.
1761 2743 1992 2814 Aliquod
2013 2743 2082 2799 de

478 2836 774 2902 Seripturis
796 2850 1060 2905 ponamus
1083 2836 1412 2905 exemplum,
1439 2844 1498 2890 ut
1527 2835 1672 2906 quod
1696 2835 1924 2891 dicimus
1967 2852 2082 2892 ma-

477 2929 726 2987 nifestius
773 2929 885 2984 fiat.
945 2928 1147 2999 Joseplt
1194 2944 1360 2983 unum
1417 2927 1650 2984 habebat
1700 2928 2077 3000 propositum,

472 3024 692 3095 placere
724 3025 854 3079 Deo.
899 3023 1013 3079 lloc
1059 3021 1204 3076 nulla
1232 3022 1495 3077 varietate
1535 3021 1794 3091 temporis
1824 3021 2079 3076 immuta.

2194 1815 2279 1864 est
2306 1807 2452 1879 quod
2474 1805 2740 1862 Dominus
2765 1823 2825 1862 se
2853 1807 3139 1863 nobiscum
3179 1807 3232 1862 in
3265 1823 3434 1878 regno
3468 1823 3572 1864 suo
3599 1809 3799 1862 bibitu-

2192 1918 2313 1956 rum
2345 1915 2468 1956 esse
2495 1900 2761 1971 promittit
2784 1899 2981 1972 (Marc.
3018 1901 3154 1972 xlv).
3189 1900 3530 1970 Frequenter
3567 1911 3798 1956 annota.

2192 1993 2390 2062 vimus,
2434 2007 2634 2047 nomen
2677 1992 2905 2063 spiritus
2944 1993 3148 2064 absque
3181 1993 3576 2060 additamento,
3616 1995 3671 2049 in
3698 1993 3797 2048 bo-

2189 2099 2314 2140 nam
2346 2085 2585 2155 positum
2617 2095 2824 2154 partem
2862 2101 2877 2140 :
2920 2085 3064 2156 quod
3093 2085 3313 2157 quidem
3340 2087 3504 2142 etiam
3528 2103 3674 2143 nunc
3696 2087 3798 2142 ob-

2187 2177 2518 2233 servandum
2544 2177 2780 2233 videtur.

2261 2269 2444 2341 (Vers.
2492 2268 2604 2340 l9.)
2645 2269 2934 2342 Loquentes
2959 2270 3332 2340 nobismetipsis
3359 2272 3412 2326 in
3444 2272 3661 2342 psalmis
3686 2316 3702 2341 ,
3746 2282 3797 2327 et

2186 2361 2411 2433 hymnis,
2439 2373 2486 2416 et
2512 2363 2721 2416 canticis
2743 2363 3128 2434 spiritualibus,
3146 2371 3414 2418 cantantes
3440 2372 3486 2417 et
3513 2363 3799 2432 psallentes

2185 2455 2240 2507 in
2293 2453 2534 2508 cordibus
2579 2454 2757 2508 vestris
2805 2452 3047 2509 Domino.
3100 2454 3207 2522 Qui
3253 2471 3313 2510 se
3355 2455 3693 2510 abstinuerit
3723 2456 3793 2508 ab

2185 2547 2450 2602 ebrietate
2477 2546 2613 2616 vini,
2644 2547 2697 2602 in
2725 2562 2832 2618 quo
2859 2557 2945 2602 est
2972 2547 3184 2602 luxnria
3204 2589 3220 2616 ,
3253 2560 3308 2604 et
3339 2563 3436 2618 pro
3461 2547 3564 2603 hoc
3592 2547 3788 2618 spiritu

2184 2635 2350 2692 fuerit
2376 2638 2658 2708 impletus,
2696 2639 2796 2694 iste
2824 2637 3007 2693 omnia
3049 2647 3231 2709 potest
3255 2639 3506 2708 accipere
3536 2641 3790 2708 spiritua-

2187 2728 2335 2797 liter,
2386 2731 2646 2800 psalmos,
2693 2730 2947 2802 hymnos,
2982 2740 3038 2785 et
3068 2733 3300 2786 cantica.
3328 2730 3467 2798 Quid
3489 2743 3671 2786 autem
3705 2731 3786 2786 in-

2185 2822 2335 2878 tersit
2391 2824 2536 2878 inter
2593 2825 2860 2893 psalmum
2904 2832 2960 2878 et
2994 2822 3253 2895 hymnum
3303 2834 3358 2879 et
3401 2823 3698 2888 canticum,
3733 2823 3784 2878 in

2189 2913 2464 2971 Psalterio
2491 2916 2812 2985 plenissime
2838 2915 3118 2971 discimus.
3147 2915 3300 2972 Nunc
3329 2927 3518 2973 autem
3551 2918 3785 2974 breviter

2188 3006 2417 3075 hymnos
2445 3019 2569 3061 esse
2596 3006 2912 3073 dicendum,
2935 3009 3026 3078 qui
3051 3007 3422 3064 fortitudinem
3455 3019 3508 3064 et
3535 3009 3785 3080 majesta-

475 3129 589 3174 tum
621 3127 705 3174 est
733 3137 744 3172 :
789 3133 888 3174 nec
923 3117 1153 3172 fratrum
1184 3115 1405 3181 invidia,
1442 3129 1543 3171 nec
1567 3115 1881 3170 conditione
1905 3114 2078 3170 servi-

2187 3108 2294 3154 tem
2329 3099 2623 3168 praedicant
2662 3100 2782 3166 Dei,
2827 3110 2882 3156 et
2907 3101 3152 3172 ejusdem
3187 3118 3426 3174 semper,
3470 3104 3557 3160 vel
3590 3105 3784 3160 benefi-

472 3213 627 3281 tutis,
660 3226 762 3268 nec
793 3211 968 3266 :etatis
995 3208 1296 3274 illecebris,
1319 3222 1420 3264 nec
1444 3207 1681 3262 domina:
1708 3205 2074 3276 repromissis,

474 3322 575 3362 nec
603 3307 861 3378 squalore
900 3303 1162 3371 carceris,
1186 3317 1303 3367 .nec
1345 3309 1533 3372 postea
1563 3312 1776 3355 tumore
1806 3299 2076 3370 Egyptian

465 3401 749 3468 potestatis
779 3415 796 3455 :
843 3399 938 3454 sed
967 3412 1185 3468 semper
1216 3411 1358 3450 unus
1391 3395 1509 3455 fuit.
1545 3403 1603 3450 et
1639 3393 1988 3460 varietatem,
2019 3403 2078 3448 ut

466 3493 724 3557 diximus,
756 3500 1061 3558 temporum
1090 3489 1194 3543 sibi
1231 3487 1531 3553 redimens,
1559 3487 1732 3540 malos
1761 3484 1879 3540 dies
1911 3484 2078 3541 vertit

467 3583 522 3636 in
551 3582 744 3637 bonos.
770 3580 885 3633 Hoc
911 3579 1055 3632 idem
1080 3586 1135 3631 et
1176 3576 1244 3630 de
1273 3575 1375 3629 Job
1410 3575 1752 3629 sentiendum
1777 3583 1890 3637 est.
1931 3574 2074 3644 quod

465 3689 563 3744 per
591 3673 738 3727 varia
765 3676 1103 3724 tentamenta
1136 3675 1390 3729 vexatus,
1418 3679 1516 3720 nec
1535 3665 1764 3731 divitiis,
1799 3679 1898 3719 nec
1925 3665 2076 3720 dam-

464 3765 572 3830 nis,
629 3778 732 3818 nec
782 3761 1048 3822 orbitate,
1088 3771 1191 3812 nec
1236 3756 1494 3821 vulnere,
1532 3771 1631 3810 nec
1657 3756 2076 3825 exprobratione

467 3856 792 3919 amicorum,
823 3865 922 3904 nec
953 3847 1273 3915 solitudine,
1299 3861 1400 3901 nec
1431 3854 1620 3914 postea
1653 3846 1921 3906 bonorum.
1957 3863 2076 3905 om-

470 3947 620 4000 nium
655 3942 1004 3998 restitutione
1028 3947 1268 3993 mutatus
1296 3947 1400 3993 est.
1435 3938 1766 3994 Redemerat
1795 3940 1940 3996 enim
1970 3941 2074 3998 sibi

463 4049 700 4106 tempus,
725 4046 780 4089 et
805 4035 922 4089 dies
948 4033 1120 4086 malos
1149 4031 1352 4088 fecerat
1384 4033 1582 4088 bonos.

541 4131 722 4202 (Vers.
756 4126 868 4199 17.)
922 4125 1147 4196 PrOpter
1171 4126 1309 4191 quod
1332 4127 1494 4179 nolite
1523 4125 1652 4197 rﬂici
1679 4127 2029 4195 imprudentes
2056 4146 2075 4183 :

463 4224 554 4278 sed
602 4219 879 4290 intelligite
923 4233 1038 4288 qua:
1086 4218 1156 4269 sit
1207 4215 1444 4269 voluntas
1489 4215 1610 4270 Dei.
1667 4217 1806 4284 Quia
1862 4227 2074 4289 tempus

462 4316 662 4368 malum
677 4323 778 4376 est,
797 4322 868 4377 et,
891 4310 1200 4377 sicutsupra
1219 4306 1474 4373 diximus,
1493 4307 1889 4373 redimendum,
1912 4325 2074 4379 appe-

465 4407 628 4463 tenda
657 4415 782 4458 ante
816 4400 1080 4472 sapientia
1113 4407 1231 4466 est,
1265 4409 1323 4452 ut
1350 4415 1450 4467 per
1479 4397 1628 4453 illam
1655 4399 1954 4470 intelligere
1981 4416 2074 4456 va-

2181 3192 2288 3258 cia,
2322 3192 2409 3248 vel
2437 3192 2577 3248 facta
2623 3194 2914 3249 mirantur.
2948 3193 3102 3262 Quod
3145 3211 3338 3251 onmes
3374 3196 3572 3266 psalmi
3611 3197 3783 3251 couti-

2180 3293 2338 3350 nent,
2372 3285 2570 3356 quibus
2611 3301 2895 3352 summa,
2925 3289 3011 3340 vel
3048 3289 3426 3358 praepositum,
3464 3290 3548 3343 vel
3597 3289 3781 3360 subje-

2180 3388 2326 3431 ctum
2354 3387 2458 3444 est,
2499 3377 2691 3448 psalmi
2723 3388 2906 3432 autem
2952 3377 3170 3448 proprie
3221 3381 3287 3434 ad
3315 3380 3559 3436 ethicum
3603 3381 3779 3436 lorum

2179 3472 2475 3540 pertinent,
2503 3478 2562 3525 ut
2586 3485 2681 3540 per
2705 3486 2968 3540 organum
2992 3471 3268 3542 corporis,
3295 3473 3424 3544 quid
3449 3474 3778 3540 faciendum,

2179 3573 2235 3617 et
2263 3561 2392 3631 quid
2422 3561 2702 3616 vitandum
2734 3563 2830 3629 sit,
2872 3565 3210 3621 noverimus.
3246 3565 3348 3634 Qui
3370 3581 3504 3622 vero
3528 3567 3597 3622 de
3618 3583 3779 3639 supe-

2177 3653 2418 3708 rioribus
2464 3653 2723 3724 disputat,
2767 3662 2823 3710 et
2860 3666 3182 3711 concentum
3212 3657 3397 3713 mundi
3427 3662 3779 3730 omniumque

2177 3755 2550 3800 creaturarum
2584 3744 2831 3800 ordinem
2870 3756 3036 3816 atque
3057 3748 3408 3804 concordiam
3433 3751 3652 3807 subtilis
3673 3752 3781 3806 dis-

2178 3845 2396 3908 putator
2424 3834 2704 3904 edisserit,
2735 3840 2838 3893 lste
2869 3838 3152 3904 spirituale
3183 3841 3458 3897 canticum
3485 3843 3656 3898 canit.
3683 3842 3776 3899 Vel

2177 3939 2329 3986 certe
2363 3930 2446 4000 (ut
2477 3937 2697 4000 pr0pter
2725 3929 3087 4001 simpliciores
3130 3932 3466 3988 manifestius
3495 3933 3640 4005 quod
3688 3949 3780 3990 vo.

2177 4023 2376 4087 Iumus,
2406 4023 2751 4094 eloquamur)
2771 4023 3013 4092 psalmus
3034 4024 3104 4078 ad
3128 4027 3654 4096 corpuszcanticum
3687 4043 3774 4085 rc-

2178 4116 2351 4172 fertur
2378 4117 2444 4172 ad
2499 4126 2763 4172 mentem.
2801 4119 2868 4173 Et
2908 4133 3109 4176 canere
3137 4120 3303 4190 igitur
3332 4131 3386 4176 et
3428 4123 3691 4192 psallere,
3722 4133 3776 4179 et

2179 4207 2401 4264 laudare
2430 4209 2595 4280 652
2624 4208 2912 4264 Dominum
2936 4212 3107 4281 magis
3131 4215 3312 4265 animo
3339 4229 3499 4282 quam
3525 4229 3656 4270 voce
3681 4214 3776 4270 de-

2179 4301 2390 4356 bemus.
2437 4303 2550 4358 lluc
2593 4312 2679 4358 est
2715 4304 2912 4374 quippe
2936 4305 3079 4374 quod
3107 4304 3307 4360 dicitur
3341 4324 3356 4360 :
3412 4306 3690 4363 Cantantes
3726 4319 3774 4363 et

2176 4394 2456 4467 psallentes
2496 4397 2548 4452 in
2589 4398 2829 4452 cordibus
2862 4401 3044 4453 vestris
3087 4398 3328 4454 Damino.
3377 4401 3614 4458 Andiant
3659 4405 3773 4459 lure

462 4500 671 4555 leamus
723 4511 842 4562 quae
887 4495 959 4548 sit
1008 4491 1264 4547 voluntas
1304 4490 1417 4545 Dei.
1451 4490 1566 4546 Non
1599 4491 1748 4547 enim
1785 4506 2074 4562 possumus
2098 4485 2153 4546 Ι)
2177 4489 2571 4545 adolescentuli
2602 4507 2615 4544 :
2644 4490 2868 4546 audiant
2896 4491 2948 4545 hi
2982 4491 3180 4561 quibus
3217 4494 3476 4563 psallendi
3508 4495 3562 4549 in
3600 4497 3772 4552 eccle-

459 4601 622 4648 cante
652 4587 970 4654 ambulare,
1006 4585 1109 4640 nisi
1141 4585 1290 4656 prius
1324 4585 1593 4641 intellecta
1632 4587 1909 4642 voluntate
1950 4588 2068 4643 Dei.

457 4687 512 4741 lu
567 4682 718 4738 omni
761 4696 890 4751 ergo
941 4693 1107 4749 opere
1166 4679 1396 4748 primum
1437 4677 1898 4734 considerandum
1935 4680 2068 4750 quid

457 4778 587 4833 velit
621 4776 760 4831 Deus
790 4790 804 4828 :
841 4782 897 4827 et
938 4769 1386 4840 babitojudicio,
1423 4769 1474 4824 id
1505 4779 1697 4841 postea
1731 4770 2061 4838 faciendum,

456 4869 597 4940 quod
631 4869 704 4922 illi
732 4867 955 4937 placere
984 4863 1147 4917 fuerit
1171 4861 1602 4932 comprobatum.

528 4961 711 5034 (Vers.
747 4956 862 5029 18.)
893 4956 960 5010 Et
983 4956 1144 5010 nolite
1172 4955 1417 5008 inebriari
1444 4955 1583 5019 vino,
1608 4955 1662 5009 in
1684 4972 1786 5026 quo
1812 4965 1885 5012 est
1917 4956 2064 5012 luxu-

453 5058 535 5110 ria
565 5071 584 5110 :
610 5054 700 5108 sed
723 5050 1048 5121 impleamini
1075 5050 1286 5121 spiritu.
1321 5049 1606 5115 Quomodo
1632 5065 1740 5105 non
1771 5065 2065 5121 possumus

454 5148 669 5204 duobus
697 5144 936 5200 dominis
973 5145 1208 5208 servire,
1251 5140 1362 5197 Deo
1394 5151 1448 5196 et
1484 5156 1808 5197 mammona:
1839 5140 2059 5214 (Matth.

448 5239 558 5309 vi):
587 5239 665 5294 sic
691 5253 798 5292 non
825 5249 1114 5305 possumus
1135 5234 1333 5303 spiritu
1357 5231 1575 5300 impleri
1598 5233 1818 5302 pariter,
1834 5242 1888 5288 et
1911 5235 2058 5290 vino.

449 5330 553 5400 Qui
598 5330 747 5388 enim
795 5328 991 5400 spiritu
1047 5326 1326 5396 impletur,
1378 5323 1542 5381 habet
1594 5325 1964 5395 prudentiain,
2007 5337 2064 5384 et

2176 4584 2254 4638 sia
2284 4585 2522 4639 officium
2555 4593 2666 4652 est,
2703 4583 2815 4641 Deo
2855 4600 2964 4640 non
3003 4600 3169 4649 voce,
3215 4586 3311 4642 sed
3352 4587 3520 4644 corde
3551 4601 3772 4646 cantau-

2173 4677 2298 4731 dum
2346 4696 2359 4732 :
2403 4693 2500 4734 nec
2535 4677 2587 4732 in
2623 4677 2989 4750 tragoedorum
3034 4679 3253 4736 modum
3289 4692 3476 4752 guttur
3503 4693 3557 4738 et
3590 4683 3768 4742 fauces

2169 4771 2315 4825 dulci
2347 4771 2705 4826 riiedicaitiitte
2749 4771 3136 4838 colliniendas,
3165 4784 3224 4827 ut
3263 4775 3314 4828 in
3357 4775 3584 4832 ecclesia
3617 4777 3768 4832 thea-

2177 4863 2341 4917 trales
2365 4862 2566 4917 tnoduli
2595 4866 2880 4919 audiantur
2904 4874 2961 4919 et
2988 4865 3223 4930 cantica,
3256 4868 3350 4922 sed
3382 4869 3432 4922 itt
3467 4870 3682 4939 timore,
3713 4872 3766 4926 in

2166 4971 2356 5026 Opere,
2394 4954 2448 5010 in
2489 4956 2716 5011 scientia
2747 4958 3170 5028 Scripturarum.
3192 4960 3448 5028 Quamvis
3478 4965 3548 5018 sit
3577 4964 3769 5036 aliquis

2168 5058 2227 5102 ut
2257 5049 2436 5103 solent
2461 5047 2534 5103 illi
2565 5049 2840 5119 appellare
2867 5052 3154 5124 κακόφωνος
3174 5094 3187 5118 ,
3228 5053 3274 5107 si
3313 5053 3452 5109 bona
3481 5071 3644 5122 Opera
3678 5059 3769 5110 lia-

2169 5141 2374 5210 buerit,
2404 5141 2578 5196 dulcis
2617 5141 2758 5212 apud
2791 5140 2957 5198 Deum
2987 5155 3178 5198 cantur
3197 5154 3302 5199 est.
3330 5144 3420 5201 Sic
3445 5156 3628 5202 cantet
3655 5162 3767 5202 ser-

2170 5249 2272 5290 vus
2302 5232 2525 5300 Christi,
2559 5246 2616 5288 ut
2644 5249 2750 5290 non
2783 5251 2886 5291 vox
2918 5238 3184 5304 concutis,
3211 5237 3304 5292 sed
3335 5240 3498 5294 verba
3523 5240 3766 5310 placeant

2170 5341 2291 5397 quae
2340 5325 2591 5397 leguntur
2625 5343 2638 5382 :
2673 5339 2730 5382 ut
2769 5329 2996 5399 spiritus
3026 5328 3199 5385 malus
3228 5330 3321 5401 qui
3357 5339 3474 5387 erat
3508 5331 3560 5388 in
3604 5333 3764 5388 Saule

531 5543 557 5570 ⁸
595 5533 818 5609 Scilicet
861 5531 913 5585 in
955 5529 1172 5609 libello,
1197 5530 1316 5609 sive
1357 5526 1780 5609 epistula‘ﬁ-de
1809 5527 2048 5609 Virgini-
2160 5543 2256 5599 pro
2299 5541 2486 5609 veneno
2521 5545 2540 5584 :
2573 5528 2684 5584 lucc
2716 5531 2962 5590 adversus
3005 5497 3400 5591 adolescentiam
3421 5537 3590 5609 prima
3615 5553 3757 5593 arma
3797 5557 3803 5561 ·

447 5611 560 5658 tate
585 5603 871 5668 servanda,
903 5601 970 5654 ad
994 5599 1368 5662 Eustochium,
1401 5617 1546 5653 num.
1576 5600 1609 5655 8
1640 5615 1655 5651 :
1688 5598 1803 5652 Hoc
1827 5600 2050 5669 primum

447 5689 656 5742 moneo,
702 5672 800 5728 hoc
850 5671 1090 5739 obtestor,
1135 5679 1189 5725 ut
1227 5686 1416 5743 sponsa
1447 5670 1639 5728 Christi
1673 5672 1846 5728 vinum
1882 5669 2051 5743 fugiat

2158 5610 2276 5655 sunt
2304 5601 2613 5672 dtemOnton,
2642 5610 2748 5660 etc.
