4034 6328
219 373 324 432 529

220 488 262 562 (l
287 487 417 556 Reg.
450 485 592 557 xw),
621 485 873 556 ejiciatur
899 485 968 539 ab
995 484 1078 540 his
1107 484 1202 555 qui
1239 484 1492 540 similiter
1519 485 1590 540 ab
1617 500 1683 541 eo
1706 499 1824 552 pos-
1852 487 1909 550 Α

219 580 486 642 sidentur,
505 588 561 634 et
578 593 683 632 non
711 577 1088 634 iutroducatur
1109 578 1164 632 in
1193 591 1289 633 eos
1313 578 1405 649 qui
1434 577 1504 634 de
1533 579 1624 634 Dei
1658 583 1822 634 domo

220 683 244 710 ι
271 687 498 728 scenam
529 673 704 726 l’ecerc
726 671 1071 740 populorum.

281 765 469 836 (νει-ε.
499 763 622 834 20.)
653 762 862 819 Gratias
895 775 1106 837 agentes
1130 781 1331 833 semper
1353 780 1448 836 pro
1478 764 1735 828 omnibus,
1767 765 1821 819 in

218 857 422 911 nomine
454 855 666 910 Domini
691 856 858 909 nostri
885 854 1011 909 Jesu
1039 856 1234 911 Christi
1265 855 1374 910 Deo
1400 864 1448 910 et
1478 854 1650 911 Patri.
1688 856 1822 911 lluic

213 948 338 1018 quid
371 948 558 1004 simile
581 956 637 1001 rt
663 947 714 1001 in
745 947 986 1018 Epistula
1013 948 1080 1002 ad
1103 947 1626 1004 Thessalonicenses
1649 949 1823 1015 prima

215 1042 475 1109 scriptum
522 1048 607 1095 est
658 1057 671 1093 :
730 1039 949 1105 Semper
987 1040 1226 1110 gaudete,
1277 1040 1386 1094 sine
1439 1041 1823 1095 intermissione

215 1146 393 1202 orate,
423 1135 477 1188 in
507 1132 741 1187 omnibus
770 1133 968 1204 gratias
995 1132 1134 1202 agite
1181 1131 1225 1205 (ι
1253 1132 1435 1187 Thess.
1477 1149 1533 1202 v,
1575 1133 1664 1199 l6,
1709 1135 1816 1203 l7).

215 1229 373 1296 Quod
427 1237 751 1297 prasceptum
801 1226 894 1280 ille
953 1226 1101 1280 solus
1154 1225 1427 1282 custodire
1470 1235 1687 1296 potest,
1730 1227 1820 1296 qui

213 1321 556 1392 providentia
604 1319 696 1374 Dei
748 1319 899 1374 novit
938 1319 1103 1374 etiam
1149 1319 1388 1389 quinque
1419 1333 1696 1387 passeres,
1731 1319 1820 1388 qni

210 1413 519 1468 vendantur
552 1411 844 1478 dipondio,
876 1410 1168 1480 gubernari
1203 1430 1216 1466 :
1249 1426 1479 1480 quorum
1528 1427 1666 1466 unus
1713 1427 1820 1467 non

209 1505 357 1560 cadit
411 1506 469 1558 in
522 1503 774 1572 laqueum
824 1503 946 1557 sine
978 1501 1154 1556 Patris
1195 1502 1473 1558 voluntate
1519 1503 1672 1574 (Luc.
1702 1504 1818 1566 sn).

208 1599 370 1670 Quod
413 1608 598 1653 autem
631 1597 745 1652 ait:
776 1597 988 1652 Gratias
1016 1608 1249 1669 agentes,
1282 1607 1330 1653 et
1371 1614 1598 1670 semper,
1636 1607 1681 1652 et
1731 1613 1822 1670 pro

210 1690 483 1752 omnibus,
519 1689 813 1759 dupliciter
840 1689 1157 1743 intuendum
1181 1730 1195 1753 ,
1242 1698 1299 1742 ιιι
1338 1698 1393 1744 ει
1423 1689 1475 1743 in
1507 1691 1653 1743 omni
1687 1700 1824 1742 tem-

207 1801 372 1854 pore,
403 1792 461 1838 et
493 1797 593 1854 pro
626 1783 878 1838 omnibus
905 1798 1024 1852 quae
1052 1782 1210 1838 nobis
1239 1782 1524 1848 accidunt,
1558 1783 1673 1837 Deo
1699 1797 1821 1852 gra-

213 1881 324 1934 tias
363 1877 666 1934 referamus
713 1895 727 1930 :

205 1982 494 2044 putamus,
526 1971 624 2027 sed
667 1971 832 2026 etiam
876 1986 998 2040 quae
1050 1985 1148 2026 nos
1199 1977 1501 2038 coarctant,
1549 1979 1820 2024 etcontra

202 2072 456 2120 nostram
508 2061 735 2117 veniunt
787 2061 1122 2117 voluntatem
1155 2103 1170 2128 ,
1225 2061 1277 2115 in
1340 2061 1431 2116 Dei
1486 2061 1819 2131 prteconium

206 2173 370 2212 mens
401 2157 520 2210 laeta
558 2162 916 2226 prorumpat,
944 2165 1000 2210 et
1027 2154 1316 2211 dicamus:
1360 2154 1554 2209 Nudus
1591 2156 1726 2209 exivi
1757 2156 1821 2208 de

205 2263 364 2304 utero
397 2251 579 2303 matris
627 2264 777 2315 meat,
834 2249 1003 2302 nudus
1053 2259 1102 2304 et
1148 2250 1355 2304 redeam
1398 2265 1417 2304 :
1461 2250 1593 2304 sicut
1622 2249 1821 2322 placuit

207 2343 463 2406 Domino,
514 2344 589 2396 ita
619 2346 814 2415 factum
856 2352 929 2398 est
961 2358 979 2396 :
1031 2345 1096 2397 sit
1135 2360 1320 2398 nomen
1355 2342 1567 2398 Domini
1611 2344 1821 2398 benedi-

206 2448 356 2491 ctum
416 2433 540 2507 (Jolt
591 2451 630 2501 ι,
676 2435 790 2507 2i).
828 2435 955 2491 Haec
993 2436 1139 2491 actio
1171 2437 1472 2508 gratiarum
1513 2436 1653 2507 apud
1696 2453 1822 2506 pru-

205 2529 408 2584 dentes
437 2529 606 2594 viros,
628 2538 684 2584 et
714 2527 1046 2600 generaliter
1071 2536 1127 2582 et
1146 2529 1456 2599 specialiter
1476 2529 1818 2584 observatur.

207 2622 578 2692 Generaliter,
619 2633 676 2677 ut
711 2623 916 2693 gratias
944 2636 1166 2693 agamus
1193 2621 1342 2686 Deo,
1375 2621 1517 2692 quod
1550 2622 1708 2677 nobis
1738 2623 1818 2677 sol

209 2713 412 2782 oritur,
443 2715 563 2770 dies
589 2716 792 2782 currit,
828 2731 937 2771 nox
977 2723 1217 2770 mutatur
1244 2715 1298 2770 in
1328 2715 1597 2786 requiem,
1632 2716 1815 2787 splen-

208 2808 347 2864 dore
389 2809 531 2864 luna:
565 2807 806 2862 tenebrae
839 2815 1231 2878 temperantur,
1263 2815 1318 2861 et
1351 2818 1478 2862 ortu
1513 2821 1821 2878 occasuque

209 2901 501 2956 stellarum
526 2908 770 2973 tempora
793 2909 1092 2964 mutantur,
1111 2908 1165 2955 et
1193 2897 1424 2955 redeunt
1449 2915 1463 2951 :
1492 2897 1633 2967 quod
1664 2899 1820 2953 nobis

210 2991 460 3046 serviunt
493 2991 726 3059 pluvias,
777 3000 916 3045 terra
947 2989 1196 3060 parturit,
1242 2989 1513 3046 elementa
1558 2989 1822 3045 famulan-

213 3083 504 3154 lurzqund
531 3093 696 3138 tantae
726 3084 1038 3139 animalium
1065 3085 1384 3148 varietates,
1409 3083 1493 3140 vel
1520 3083 1587 3138 ad
1612 3084 1819 3139 vehen-

210 3177 368 3240 dum,
415 3178 500 3231 vel
533 3176 600 3234 ad
623 3177 978 3245 operantium,
1010 3177 1097 3232 vel
1119 3177 1186 3232 ad
1226 3177 1592 3244 vescendum,
1633 3177 1719 3234 vel
1751 3178 1817 3234 ad

213 3279 457 3339 tegmen,
483 3270 567 3324 vel
598 3269 664 3322 ad
697 3269 860 3342 653
891 3270 1223 3340 exemplum,
1262 3271 1349 3326 vel
1389 3271 1456 3325 ad
1497 3271 1818 3327 miraculum
1847 3255 1894 3319 δ
1925 3254 2039 3342 ξεῖν

213 3362 358 3416 datm
386 3372 512 3418 sunt
546 3382 559 3418 :
589 3377 642 3418 et
673 3368 738 3417 ad
770 3373 1094 3428 extremum,
1123 3363 1271 3434 quod
1305 3365 1412 3418 nati
1444 3380 1653 3430 sumus,
1677 3365 1821 3432 quod

213 3457 591 3523 subsistimns,
626 3457 767 3526 quod
798 3458 854 3512 in
889 3458 1091 3512 mundo
1115 3457 1268 3526 quasi
1313 3457 1367 3512 in
1399 3458 1632 3528 quadam
1659 3457 1822 3513 domo

215 3549 583 3620 potentissimi
624 3547 1031 3617 pattislatuilias
1077 3549 1512 3617 procurationem
1559 3550 1820 3617 gerimus,

215 3652 269 3695 et
299 3650 473 3696 totum
511 3639 774 3711 quidquid
808 3641 860 3694 in
894 3639 1098 3694 mundo
1127 3650 1246 3707 est,
1274 3641 1442 3696 nostri
1472 3656 1634 3696 causa
1665 3640 1824 3696 intel-

218 3735 436 3802 ligimus
465 3743 834 3805 procreatum.
867 3734 1194 3804 Speciulitcr
1221 3750 1370 3801 vero,
1400 3735 1615 3804 quando
1643 3736 1694 3790 in
1728 3734 1822 3790 Dei

218 3827 500 3882 bcneliciis
530 3843 651 3898 qua:
682 3826 839 3881 nobis
869 3824 1156 3888 accedunt,
1187 3826 1544 3896 gratulamur.
1580 3826 1690 3883 Sed
1719 3825 1823 3882 hoc

218 3931 274 3975 et
301 3920 520 3991 gentilis
549 3919 705 3988 facit,
734 3929 792 3975 et
821 3920 1062 3986 Judzeus,
1089 3928 1144 3974 et
1177 3919 1519 3990 publicanus,
1556 3929 1614 3976 et
1637 3920 1814 3976 ethni-

219 4030 336 4070 cus.
372 4015 816 4070 Christianorum
864 4013 1082 4086 propria
1112 4014 1286 4069 virtus
1313 4023 1427 4080 est,
1459 4014 1624 4069 etiam
1654 4013 1710 4069 in
1739 4014 1824 4069 his

219 4125 342 4178 qua:
387 4108 619 4164 adversa
671 4117 945 4177 putantur.
993 4107 1198 4164 referre
1222 4108 1426 4180 gratias
1462 4109 1730 4164 Creatori.
1765 4111 1822 4168 Si

221 4199 416 4254 domus
469 4201 780 4266 corruerit,
823 4199 869 4254 si
914 4200 1290 4255 amantissima
1340 4215 1475 4256 uxor
1513 4211 1568 4256 et
1605 4201 1696 4256 lilii
1737 4202 1822 4257 vel

222 4292 556 4358 captivitate,
589 4292 672 4346 vel
706 4307 938 4356 veneno,
963 4294 1048 4348 vel
1073 4293 1354 4362 naufragio
1381 4292 1668 4362 intercepti
1693 4295 1821 4360 sint,

224 4385 269 4438 si
293 4383 510 4438 divitias
535 4385 934 4454 proscriptione
966 4385 1326 4458 perdidimus,
1359 4386 1403 4440 si
1433 4388 1720 4441 sanitatem
1745 4386 1826 4440 in-

223 4477 592 4531 numerabiles
619 4475 825 4544 morbi,
854 4489 907 4532 et
947 4492 1164 4547 semper
1193 4479 1561 4548 eXSpectauda
1609 4480 1825 4534 miseris

225 4566 474 4638 podagra:
501 4568 752 4623 debilitas
777 4569 1017 4640 [rt-gerit.
1047 4568 1152 4637 Qui
1177 4569 1279 4623 sibi
1303 4571 1607 4624 sanctiores
1631 4571 1822 4624 viden-

707 368 1362 427 COMSIENTARIORUM
1401 369 1467 427 ΙΝ
1508 369 1906 429 εειετυιΑιιι
1947 369 2041 427 ΑΙ)
2081 368 2417 427 EPHESIOS
2455 369 2584 426 LIB.
2629 369 2721 428 lll.
2761 369 2918 426 CAP.
2963 368 3031 426 V.‘

3416 371 3524 430 530

2210 483 2261 532 Si
2283 482 2467 533 fractus
2494 482 2718 531 illabatur
2750 483 2905 544 orbis,

2210 544 2512 607 Impavidutu
2535 544 2716 595 ferient
2734 545 2907 594 ruinae.

1923 649 2024 719 Qui
2063 657 2270 717 autem,
2299 650 2436 704 sicut
2464 649 2721 714 diximus,
2751 650 2953 720 gratias
2991 650 3102 720 agit
3133 651 3243 705 Deo
3268 659 3324 707 et
3355 652 3532 722 Patri,

1924 741 1976 798 iu
2003 741 2303 796 mediatore
2328 741 2423 794 Dei
2445 750 2498 794 et
2522 741 2800 796 hominum
2815 740 3118 796 referateas
3131 741 3349 797 Christo
3371 745 3532 799 Jesu:

1923 835 2045 906 quia
2069 834 2172 888 nisi
2209 848 2304 901 per
2329 833 2480 887 illum
2505 833 2766 886 accedere
2794 848 2899 888 non
2918 834 3164 888 valemus
3193 835 3258 888 ad
3287 835 3530 891 Patrem.

1997 924 2177 994 (γει-ε.
2208 924 2326 992 2|.)
2358 924 2592 995 διώλεςιὶ
2622 925 2836 978 invicem
2877 927 2929 979 in
2971 927 3153 981 timore
3180 927 3393 982 Christi.
3425 927 3540 983 Au-

1923 1016 2075 1073 diant
2102 1015 2216 1071 haec
2242 1015 2505 1084 episcOpi,
2535 1016 2758 1070 audiant
2790 1018 3116 1089 presbyteri,
3145 1019 3324 1074 audiat
3356 1021 3536 1076 onmis

1925 1111 2061 1167 ordo
2090 1111 2378 1165 doctorum
2411 1125 2424 1164 :
2458 1110 2718 1180 subjectis
2749 1113 2863 1166 suis
2894 1128 2952 1167 se
2981 1128 3104 1170 esse
3135 1115 3440 1184 subjectos,
3477 1127 3534 1171 et

1923 1204 2203 1259 imitentur
2231 1202 2501 1258 dicentem
2533 1204 2852 1273 Apostolum
2889 1223 2900 1258 :
2928 1204 3055 1260 Cum
3080 1208 3213 1260 enim
3231 1224 3387 1263 essem
3406 1208 3533 1262 liber

1920 1312 1985 1351 ex
2013 1295 2269 1358 omnibus,
2303 1295 2538 1350 omnibus
2575 1297 2827 1366 meipsmn
2853 1313 3058 1350 servum
3088 1299 3220 1368 feci,
3269 1309 3322 1353 ut
3355 1316 3530 1354 omnes

1925 1387 2284 1459 lucrifacerem
2327 1387 2371 1456 (Ι
2413 1386 2532 1440 Cor.
2575 1403 2624 1442 ιι
2651 1431 2667 1455 ,
2712 1389 2824 1453 19).
2875 1387 2943 1443 Ει
2979 1387 3033 1442 in
3072 1389 3180 1443 alio
3220 1390 3343 1445 loco
3378 1409 3391 1445 :
3431 1391 3534 1446 Per

1927 1482 2229 1535 charitatem
2252 1481 2435 1535 servile
2466 1481 2680 1534 invicem
2705 1479 2903 1552 (Galot.
2937 1497 2992 1546 v,
3025 1485 3133 1551 l5).
3162 1480 3318 1539 Unde
3343 1495 3394 1537 ct
3424 1486 3537 1552 ipse.

1924 1573 2118 1627 eadem
2148 1572 2418 1629 charitate
2450 1574 2705 1628 omnibus
2732 1573 2972 1645 gentium
3004 1576 3229 1629 servivit
3255 1577 3536 1631 Ecclesiis.

1927 1665 2182 1721 Salvator
2217 1680 2435 1736 quoque
2472 1666 2702 1719 formam
2743 1665 2887 1721 servi
2927 1667 3160 1734 accepit,
3201 1674 3263 1721 ut
3304 1669 3539 1723 serviret

1923 1758 2206 1828 discipulis
2234 1759 2372 1821 suis.
2405 1770 2460 1814 et
2489 1759 2654 1828 pedes
2681 1776 2869 1816 eorum
2893 1761 3022 1816 lavit
3048 1761 3230 1829 (Joan.
3255 1765 3397 1835 xm).
3428 1766 3539 1820 lloc

766 1887 822 1931 υι
876 1849 982 1932 m'm
1020 1885 1232 1930 tantum
1271 1891 1368 1947 pm
1407 1875 1490 1930 his
1520 1891 1640 1947 qua,
1679 1849 1818 1930 b'nna
1850 1876 1898 1936 Β
1926 1849 2642 1947 interestin-terCentium
2682 1854 2960 1947 principes
2987 1863 3044 1909 et
3072 1855 3535 1926 Christianorum,

1925 1940 2069 2012 quod
2111 1943 2191 1996 illi
2233 1941 2587 1998 dominantur
2626 1943 2883 2007 subditis,
2929 1959 3028 1998 nos
3069 1947 3363 2014 servimus,
3395 1956 3450 2003 et
3482 1949 3534 2002 in

1922 2051 1990 2093 eo
2013 2037 2253 2108 majores
2279 2054 2487 2105 sumus,
2521 2039 2567 2093 si
2587 2039 2806 2094 ‘minimi
2838 2039 3080 2094 omnium
3113 2039 3397 2095 fuerimus.
3427 2041 3536 2097 Sed

1922 2141 1979 2187 et
2007 2134 2112 2188 hoc
2139 2133 2282 2201 quod
2312 2135 2388 2188 ait
2423 2150 2436 2186 :
2466 2132 2532 2187 In
2559 2135 2742 2189 timore
2775 2133 2992 2198 Christi,
3021 2137 3098 2190 sic
3129 2136 3533 2207 accipiendum,

1921 2232 1983 2277 ιιι
2030 2224 2144 2290 ipsa
2195 2224 2464 2292 subiectio
2514 2239 2620 2279 non
2672 2236 2897 2295 prOpter
2935 2225 3214 2281 hominum
3256 2227 3523 2296 gloriam,

1919 2314 2086 2388 655
2130 2316 2226 2371 sed
2278 2325 2504 2386 propter
2544 2317 2799 2372 timorem
2841 2317 3041 2372 Clll‘lSli
3072 2318 3185 2385 ﬁat,
3219 2318 3347 2374 dum
3380 2320 3535 2374 illum

1925 2406 2186 2462 timemus
2227 2407 2530 2466 offendere.
2563 2408 2721 2463 Alius
2763 2424 2898 2462 vero
2931 2409 3010 2464 sic
3039 2409 3487 2477 iuterpretabitur
3522 2429 3536 2464 :

1920 2501 2139 2574 subjecti
2181 2501 2397 2556 invicem
2440 2504 2493 2556 in
2534 2503 2716 2557 timore
2757 2500 3002 2556 Christi:
3036 2513 3093 2556 ut
3137 2507 3277 2557 hanc
3307 2513 3536 2559 senten-

1924 2597 2054 2650 tiam
2084 2596 2399 2664 generalem
2431 2597 2484 2649 in
2517 2596 2984 2667 consequentibus
3015 2596 3178 2650 dividi
3201 2598 3345 2651 dicat
3370 2609 3534 2668 atque

1922 2686 2109 2755 partiri
2136 2704 2147 2740 :
2177 2686 2424 2742 Mulieres
2443 2687 2566 2742 viris
2585 2689 2694 2742 suis
2715 2688 2933 2742 subditw
2952 2690 3088 2752 sint;
3116 2697 3171 2742 ct
3196 2707 3209 2742 :
3235 2687 3386 2753 Filii,
3411 2691 3535 2744 obe-

1922 2778 2028 2833 dite
2055 2779 2386 2851 parentibus;
2415 2788 2469 2834 et
2500 2795 2515 2834 :
2552 2779 2732 2845 Servi,
2763 2780 2962 2834 obedite
2991 2781 3210 2835 dominis
3237 2782 3534 2838 carnalibus

1922 2887 2042 2926 cum
2063 2873 2240 2927 timore
2261 2883 2308 2926 et
2329 2882 2546 2926 tremore
2569 2889 2586 2925 :
2610 2881 2668 2928 ut
2688 2887 2792 2926 llOlI
2818 2873 2993 2927 solum
3019 2890 3153 2928 uxor
3184 2876 3320 2938 viro,
3352 2886 3405 2929 et
3439 2876 3534 2929 lilii

1925 2965 2245 3033 parentibus
2267 3007 2281 3028 ,
2309 2973 2366 3018 et
2402 2965 2546 3019 servi
2575 2965 2851 3030 dominis;
2886 2965 2981 3020 sed
3015 2968 3178 3022 etiam
3208 2968 3312 3026 viri
3343 2969 3536 3024 mulie-

1924 3055 2096 3120 ribus,
2126 3056 2280 3124 juxta
2308 3056 2708 3126 oflicium'quod
2734 3072 3062 3128 praeceptum
3095 3071 3181 3115 est
3214 3078 3227 3112 :
3262 3070 3318 3115 et
3347 3073 3532 3130 patres

1927 3147 2071 3214 ﬁliis,
2105 3164 2170 3202 ne
2212 3148 2338 3204 illos
2378 3148 2444 3202 ad
2477 3149 2812 3204 iracundiam
2850 3162 3159 3219 provocent
3190 3170 3203 3206 :
3235 3162 3289 3206 et
3317 3154 3507 3207 domin

2035 3239 2121 3304 ris,
2147 3248 2206 3292 ut
2232 3239 2516 3293 remittant
2544 3239 2743 3306 minas,
2774 3250 2828 3294 et
2859 3241 3140 3309 pra-beant
3170 3243 3256 3296 his
3287 3259 3404 3312 qua:
3435 3245 3530 3296 ha-

1925 3333 2053 3387 bent
2095 3333 2424 3396 necessaria,
2471 3333 2704 3386 invicem
2749 3333 3131 3403 siut,subjecti
3176 3353 3188 3387 :
3233 3345 3290 3390 et
3329 3337 3434 3390 hoc
3459 3352 3527 3392 ex

1923 3426 2132 3481 Christi
2173 3427 2369 3482 timore
2408 3426 2608 3481 faciant
2641 3444 2652 3479 :
2691 3436 2751 3481 ut
2781 3427 3056 3496 quomodo
3083 3431 3262 3484 servis
3291 3433 3403 3484 suis
3431 3430 3530 3484 luit

1924 3519 2012 3573 ille
2046 3518 2323 3585 subjectus
2357 3537 2370 3572 :
2403 3521 2481 3574 sic
2511 3528 2564 3574 et
2603 3519 2658 3574 hi
2711 3521 2801 3591 qui
2832 3521 3066 3588 majores
3096 3522 3371 3589 videntur,
3403 3523 3530 3578 sob-
3577 3563 3580 3566 ~

1924 3613 2186 3682 jiciantur
2215 3614 2518 3668 minoribus
2547 3615 2660 3668 suis
2692 3614 2973 3669 reddendo
2995 3614 3173 3670 ol'licizt
3199 3616 3536 3685 qurejnben-

1924 3721 2032 3769 tur.
2077 3714 2374 3770 Possumus
2414 3713 2502 3768 hic
2537 3713 2785 3768 timorem
2826 3722 2882 3768 et
2920 3729 3018 3783 pro
3049 3715 3305 3780 εὐλαϐεία,
3341 3713 3391 3768 id
3425 3725 3530 3778 est,

1923 3807 2210 3861 reverentia
2245 3807 2518 3870 accipere,
2560 3821 2682 3876 qu:c
2724 3806 2898 3876 magis
2928 3807 3108 3861 vicina
3138 3818 3222 3861 est
3250 3808 3528 3864 charilati.

1923 3897 2274 3969 Nequaquam
2313 3899 2456 3953 enim
2484 3901 2741 3954 convenit
2774 3899 3050 3968 Ephesiis,
3090 3909 3150 3954 ut
3183 3901 3378 3957 timore
3407 3902 3538 3972 quid

1933 3991 2155 4057 iaciant,
2186 4001 2242 4046 et
2272 4007 2377 4046 non
2410 3993 2704 4049 dilectione
2731 3993 2959 4048 Christi.

1993 4085 2180 4152 (Veri.
2208 4085 2301 4150 22,
2331 4085 2448 4154 23.)
2481 4085 2727 4140 Mulieres
2757 4086 2881 4140 viris
2907 4086 3016 4139 suis
3045 4086 3264 4140 subdilw
3293 4087 3393 4140 sint
3420 4089 3526 4140 sic-

1923 4187 1979 4230 ut
2022 4177 2242 4234 Domino
2283 4194 2300 4230 :
2337 4179 2580 4248 quoniam
2620 4180 2697 4232 vir
2741 4189 2894 4248 caput
2931 4189 3005 4232 est
3037 4179 3294 4244 mulieris,
3325 4181 3454 4234 sicut
3486 4191 3533 4235 et

1927 4271 2161 4327 Christus
2198 4282 2350 4344 caput
2395 4272 2658 4328 Ecclesitc.
2693 4275 2804 4328 Hoc
2835 4274 2979 4343 qttud
3023 4274 3077 4327 in
3111 4274 3317 4330 Latinis
3346 4292 3532 4330 exem-

1927 4361 2170 4427 plaribus
2196 4363 2440 4418 additum
2469 4375 2574 4429 est,
2603 4364 2822 4420 subdita:
2845 4365 2968 4424 sint,
3000 4367 3053 4418 in
3084 4364 3292 4421 Graecis
3321 4366 3532 4422 codici-

1929 4451 2029 4507 bus
2066 4469 2176 4506 non
2221 4454 2452 4510 habetur
2492 4474 2503 4509 :
2553 4457 2818 4524 siquidem
2852 4458 2917 4510 ad
2949 4458 3234 4523 superiora
3265 4460 3529 4525 refertur,

1933 4552 1986 4597 et
2016 4543 2340 4598 subauditur
2374 4560 2388 4597 :
2421 4545 2658 4610 Subiecti
2689 4548 2902 4601 invicem
2932 4549 2984 4602 in
3014 4551 3198 4604 tithore
3227 4549 3444 4614 Christi,
3471 4562 3534 4606 ut.

223 4635 330 4726 lur,
355 4635 534 4718 solent
567 4665 675 4718 Deo
702 4635 908 4720 referre
933 4635 1136 4735 gratias
1163 4663 1306 4731 quod
1333 4663 1401 4718 de
1430 4663 1704 4731 periculis,
1734 4664 1818 4718 vel
1847 4645 1897 4705 Ῐ)
1927 4635 2218 4735 ἀπδέοίνῗθ
2247 4648 2462 4735 rei“?
2480 4637 2776 4735 _s“"jec”"
2799 4641 3112 4735 e‘_""‘”em
3140 4643 3262 4696 νίνίδ
3289 4645 3395 4698 δυῖδ
3422 4645 3525 4698 δίε·

223 4755 289 4809 de
321 4756 561 4811 miseriis
593 4756 806 4812 liberati
850 4766 998 4812 sunt.
1030 4755 1136 4812 Sed
1169 4755 1321 4826 juxta
1347 4753 1668 4824 Apostolum
1702 4754 1817 4810 lucc

224 4849 392 4904 virtus
422 4861 509 4904 est
551 4849 806 4919 maxima,
834 4860 895 4907 ut
924 4852 976 4906 in
1009 4850 1142 4922 ipsis
1171 4848 1426 4920 periculis
1454 4859 1620 4918 atque
1648 4850 1816 4905 mise-

224 4951 338 5012 riis.
376 4951 488 5007 Deo
511 4952 701 5022 gratiae.
729 4952 1058 5016 referantur,
1085 4960 1141 5006 et
1168 4964 1384 5020 semper
1411 4948 1694 5004 dicamus:
1724 4948 1825 5004 Be-

225 5055 472 5109 nedictus
505 5055 644 5110 Deus
667 5096 682 5120 ,
712 5057 920 5109 minora
950 5070 1037 5109 me
1068 5053 1184 5109 scio
1221 5051 1492 5108 sustinere
1517 5069 1678 5122 quam
1708 5068 1825 5107 me-

225 5170 392 5211 reor:
433 5155 552 5212 ha-c
578 5157 646 5212 ad
686 5173 802 5212 mea
834 5165 1054 5227 peccata
1091 5171 1253 5225 parva
1279 5164 1410 5210 sunt
1459 5173 1474 5211 :
1525 5155 1656 5210 nihil
1690 5154 1822 5210 mihi

225 5256 444 5327 dignum
471 5256 738 5312 redditur.
772 5257 869 5312 llic
895 5257 1110 5311 animus
1131 5254 1428 5311 Christiani
1454 5263 1562 5320 est,
1589 5254 1675 5309 hic
1701 5269 1826 5310 cru-

225 5370 342 5412 cem
388 5371 543 5414 suam
590 5357 810 5422 tollens,
853 5357 1102 5428 sequitur
1138 5355 1500 5420 Salvatorem,
1531 5369 1690 5426 quem
1724 5370 1825 5410 nec

228 5456 453 5523 orbitas,
482 5471 586 5514 nec
607 5457 802 5512 damna
830 5455 1134 5512 debilitant.
1167 5455 1361 5524 Quem,
1392 5464 1454 5510 ut
1496 5453 1722 5510 Flaccus
1771 5454 1823 5509 in

228 5555 398 5628 lyrica
423 5560 669 5616 carmine
696 5560 810 5615 ait:

297 5683 324 5712 ⁸
363 5674 534 5731 Vetus
556 5675 672 5730 haec
703 5675 1068 5743 damnataque
1096 5674 1221 5731 licet
1250 5689 1278 5729 a
1320 5673 1570 5730 Pati-ibus
1599 5687 1826 5728 consuc-

226 5745 358 5818 tuilo
393 5747 550 5818 viget}
573 5747 745 5818 hodie
775 5748 828 5800 in
860 5748 1107 5818 ecclesiis
1129 5746 1374 5814 hiustris,
1409 5745 1510 5807 ubi)
1537 5745 1824 5818 audiuntur

226 5814 772 5888 theatrales'moduli
804 5825 862 5872 et
903 5816 1080 5872 dulcia
1121 5822 1328 5902 cantica
1350 5861 1364 5886 ,
1400 5833 1520 5887 quas
1561 5816 1628 5873 de
1657 5815 1822 5872 domo

1920 4735 1975 4780 ut
2029 4725 2273 4779 Domino.
2299 4727 2422 4798 _Sed
2479 4729 2580 4783 hoc
2637 4733 2810 4798 magis
2848 4731 2900 4784 in
2940 4732 3133 4787 Graeco
3174 4734 3529 4803 intelligitur,

1923 4837 2082 4888 quam
2125 4822 2178 4874 in
2224 4819 2436 4876 Latino.
2483 4822 2769 4890 Quomodo
2811 4823 2992 4892 itaque
3033 4824 3286 4879 Chri-to.‘
3335 4821 3531 4892 ‘zhjecla

1925 4921 2006 4968 cst
2049 4912 2292 4967 Ecclesia
2341 4931 2354 4967 :
2401 4913 2478 4968 sic
2508 4913 2752 4981 subjccm
2783 4914 2851 4967 sit
2884 4930 3021 4968 uxor
3049 4915 3167 4968 viro
3199 4931 3318 4970 suo.
3357 4919 3526 4982 Quem

1927 5005 2072 5059 enim
2121 5005 2277 5060 habet
2324 5005 2686 5073 principatum
2729 5014 2784 5059 et
2825 5004 3222 5071 subjectionem
3276 5005 3528 5061 Christus

1928 5109 1982 5151 et
2011 5096 2275 5160 Ecclesia,
2293 5095 2418 5151 huic
2445 5095 2624 5152 eidem
2647 5095 2823 5150 ordini
2849 5098 3075 5150 maritus
3101 5106 3154 5151 et
3177 5112 3315 5152 uxor
3337 5100 3532 5153 astrin-

1925 5190 2093 5257 gitur.
2125 5187 2230 5243 Sed
2263 5187 2580 5253 videndum,
2615 5198 2671 5241 ut
2703 5188 2978 5255 quomodo
3011 5189 3062 5242 in
3103 5188 3348 5256 Christo,
3383 5201 3438 5243 et
3468 5191 3521 5243 iu

1930 5280 2172 5335 Ecclesia
2214 5289 2402 5335 sancta
2442 5279 2754 5348 conjunctio
2795 5290 2878 5334 est
2911 5298 2922 5333 :
2961 5281 3034 5334 ita
3080 5288 3135 5334 et
3165 5281 3217 5335 in
3247 5281 3362 5335 viro
3391 5291 3444 5336 et
3473 5282 3526 5336 in

1931 5375 2161 5430 muliere
2205 5384 2391 5429 sancta
2433 5374 2506 5427 sit
2547 5373 2762 5442 copula.
2807 5373 2962 5427 Sicut
3001 5383 3179 5428 autem
3211 5389 3316 5428 non
3350 5376 3530 5429 omnis

1930 5469 2278 5538 congregatio
2320 5467 2702 5520 haereticorum
2744 5464 2941 5520 Christi
2986 5465 3238 5521 Ecclesia
3281 5465 3388 5520 diei
3436 5482 3533 5536 po-

1938 5567 2066 5627 test,
2107 5573 2206 5614 nec
2247 5568 2412 5629 caput
2451 5572 2640 5613 eorum
2679 5558 2930 5613 Christus
2971 5566 3058 5614 est
3089 5577 3103 5614 :
3131 5560 3209 5614 sic
3236 5575 3344 5615 non
3371 5575 3535 5614 omne

1933 5673 2027 5728 Dei
2083 5689 2301 5730 scenam
2352 5674 2556 5730 faciunt
2603 5673 2926 5744 populorum
2982 5676 3424 5732 convenientium
3467 5677 3535 5732 ad

1930 5745 2242 5801 mulcendas
2289 5760 2448 5801 aures
2488 5746 2713 5802 vocibus
2752 5755 2806 5800 et
2861 5745 3092 5803 modulis
3135 5750 3496 5817 tragwtlerum
3526 5792 3539 5816 ,

1927 5829 2064 5886 (1³³οὸ
2103 5817 2262 5887 "lllgtt
2295 5817 2509 5886 Γορὸιγι
2543 5825 2760 5871 vocant.
