4034 6318
462 271 569 332 5‘5!

1715 272 1778 330 8.
1817 270 2090 331 EUSEBll
2129 272 2511 331 lllERONYMl

3662 266 3782 328 ὅδὲ

470 392 879 447 matrimonium
925 389 1066 460 quod
1107 401 1213 443 non
1255 391 1373 443 viro
1401 401 1501 443 suo
1527 388 1824 444 secundum
1858 388 2060 444 Christi
2094 389 2136 448 .\
2168 399 2262 444 aut
2290 388 2514 460 Ephesii
2544 388 2819 446 libertate.
2851 388 2963 456 Vte,
2992 389 3166 460 inquit
3191 387 3472 453 Salvator,
3497 403 3783 460 prmgnan-

473 493 748 554 praecepta
790 481 1158 550 conjungitur,
1193 480 1298 535 rite
1328 479 1639 550 coniugium
1670 480 1935 551 appellari
1969 495 2064 549 po-

472 586 600 640 test,
645 579 737 629 sed
784 575 952 634 magis
991 572 1346 626 adulterium.
1384 574 1529 626 Alias
1572 582 1752 627 autem
1786 571 2071 641 subjicitur

473 684 612 722 uxor
641 669 754 720 viro
786 676 844 719 ut
873 665 1098 718 domino
1135 682 1148 718 :
1177 663 1300 733 quia
1336 663 1401 717 ad
1433 665 1608 734 ipsum
1641 663 1928 719 conversio
1953 665 2072 732 ejus

472 771 577 824 e~t,
604 770 656 815 et
683 759 798 828 ipse
830 760 971 814 illius
1003 758 1374 812 dominabitur
1395 755 1550 830 (Gen.
1577 760 1682 829 ιιι).
1706 758 1839 812 Nam
1863 767 1918 813 et
1939 758 2072 811 Sara

473 853 756 908 dominum
791 851 1016 906 vocabat
1047 849 1323 904 Abraham
1355 849 1514 922 (Gen.
1544 850 1718 922 xvnt).
1751 849 1882 918 Quae
1910 863 2074 919 spon-

475 956 630 1000 tanea
676 943 926 1005 servitus,
975 952 1183 1012 quanto
1227 941 1398 1012 magis
1444 942 1609 996 fuerit
1638 943 1918 996 voluntate
1949 939 2077 994 sub-
2129 951 2134 958 '

469 1039 634 1108 jecta,
680 1045 829 1091 tanto
867 1051 988 1091 esse
1021 1035 1220 1106 incipit
1245 1036 1540 1105 cozrqualis
1575 1053 1588 1090 :
1618 1035 1941 1107 quiuimmo,
1974 1035 2076 1090 ob-

474 1129 679 1198 sequiis
717 1129 832 1183 suis
880 1128 932 1182 in
961 1129 1277 1183 servitutem
1314 1125 1476 1199 655
1506 1127 1763 1198 redigere
1791 1127 2078 1180 dominan—

476 1230 608 1276 tem.
656 1221 888 1289 Quidam
935 1220 1081 1275 hunc
1129 1221 1308 1275 locum
1352 1219 1650 1275 secundum
1697 1235 1978 1290 anagogen
2008 1219 2079 1273 ita

478 1314 930 1381 interpretantur,
973 1324 1027 1366 ut
1064 1312 1249 1367 dicant
1285 1329 1512 1367 uxorem
1547 1314 1596 1366 in
1625 1328 1875 1381 corpore,
1905 1313 2078 1366 virum

477 1409 648 1473 accipi
682 1411 730 1460 in
763 1408 967 1460 animo.
998 1406 1063 1460 Et
1090 1406 1228 1461 sicut
1257 1405 1478 1461 Christo
1507 1407 1752 1474 subjema
1784 1416 1868 1462 est
1892 1405 2083 1462 Eccle-

482 1503 562 1554 sia
591 1519 602 1552 :
642 1503 711 1552 ita
745 1515 978 1567 corpora
1017 1486 1210 1569 subjici
1255 1499 1460 1556 debere
1491 1502 1698 1566 sensui,
1732 1509 1789 1556 et
1831 1502 1882 1556 in
1914 1517 2080 1555 unum

487 1595 733 1662 spiritum
777 1593 943 1663 redigi
988 1635 1000 1655 ,
1039 1595 1081 1646 si
1134 1593 1366 1648 Domino
1415 1593 1611 1648 fuerint
1658 1595 1936 1666 copulata.
1983 1593 2086 1660 Qui

483 1691 618 1743 enim
647 1688 873 1742 adha‘rel
899 1687 1142 1753 Domino,
1185 1705 1318 1741 unus
1339 1689 1555 1757 spiritus
1579 1699 1651 1743 est
1672 1685 1712 1758 (1
1733 1684 1856 1742 Cor.
1877 1704 1951 1754 Vl,
1974 1687 2088 1758 l7).

2172 481 2340 552 tibus,
2371 493 2419 536 et
2457 481 2764 538 lactantibus
2793 483 2847 537 in
2889 483 2974 536 die
3004 479 3100 536 illa
3132 481 3284 554 (Luc.
3321 496 3482 550 xxxx,
3513 479 3633 552 25),
3671 481 3784 535 hoc

2172 586 2298 641 est,
2341 575 2554 646 judicii,
2602 591 2723 647 quae
2773 576 2959 644 utique
3005 576 3221 646 pr0prie
3248 589 3417 645 opera
3462 575 3812 644 nuptiarutn

2175 676 2323 723 sunt.
2352 666 2508 724 Unde
2535 665 2685 722 omni
2718 666 2905 722 labore
2937 665 3224 722 nitendum
3265 707 3280 732 ,
3312 677 3368 721 ut
3398 666 3572 734 magis
3598 664 3786 736 Ephe-

2176 761 2288 814 sios
2313 773 2473 831 quam
2505 757 2827 814 Corinthios
2862 758 3184 814 aemulemur
3216 775 3228 810 :
3261 773 3360 812 nec
3399 756 3789 827 deprehenda-

2179 868 2300 906 mur
2327 850 2482 922 quasi
2510 851 2562 905 in
2594 849 2798 905 diluvio
2824 861 3092 915 ementes,
3127 859 3182 905 et
3209 849 3537 914 vendentes,
3572 849 3786 904 nuben-

2181 957 2263 1002 tes
2295 955 2350 1002 et
2379 944 2729 999 matrimonio
2756 944 3030 1012 capulati;
3058 922 3154 998 sed
3180 944 3440 999 accinctis
3463 943 3667 1000 lumbis
3693 943 3783 1000 ln-

2179 1055 2371 1096 cernas
2398 1045 2681 1094 teneamus
2713 1037 2764 1092 in
2798 1036 3048 1092 manibus
3075 1035 3293 1108 (Matth.
3318 1036 3496 1105 χειν).

2257 1130 2438 1203 (Vers.
2455 1129 2526 1184 25
2550 1127 2731 1200 seqq.)
2754 1127 2888 1195 Viri,
2917 1127 3120 1201 diligite
3135 1144 3320 1182 uxores
3347 1136 3564 1193 vestras,
3581 1127 3714 1182 sicut
3738 1137 3792 1182 et

2184 1219 2422 1276 Christus
2457 1218 2642 1274 dilexit
2674 1218 2980 1283 Ecclesium,
3011 1227 3059 1273 et
3087 1221 3414 1290 semetipsum
3443 1219 3666 1272 tradidit
3689 1236 3793 1287 pro

2185 1329 2280 1376 ea,
2312 1321 2366 1367 ut
2397 1328 2508 1366 cam
2538 1312 2886 1380 sancti/icaret
2918 1327 2934 1364 :
2963 1313 3224 1366 mundans
3255 1309 3369 1382 [ΔΙ.
3409 1309 3624 1366 additur
3651 1307 3793 1381 eam)

2187 1407 2391 1461 lavacro
2419 1422 2566 1476 aqute
2594 1406 2645 1459 in
2670 1405 2841 1470 verba,
2870 1415 2922 1457 ut
2950 1403 3208 1459 exhiberet
3238 1405 3351 1476 ipse
3379 1404 3478 1458 sibi
3506 1403 3794 1474 gloriosam

2190 1498 2508 1560 Ecclesium,
2552 1516 2653 1551 tun
2698 1499 2965 1551 habentem
3006 1497 3289 1561 maculam,
3321 1506 3410 1549 aut
3441 1511 3649 1566 rugam,
3681 1507 3778 1548 aut

2190 1593 2392 1664 aliquid
2435 1593 2727 1659 eiusmodi,
2772 1591 2862 1645 Si'd
2911 1603 2961 1643 ut
3006 1592 3070 1644 sit
3113 1599 3296 1662 sancta
3341 1599 3388 1644 et
3431 1589 3789 1643 immaculata.

2191 1684 2452 1752 Quamvis
2493 1685 2576 1739 sui
2623 1687 2852 1739 invicem
2900 1683 3128 1738 maritus
3172 1693 3226 1738 et
3271 1681 3471 1752 conjux
3498 1697 3684 1736 amore
3712 1689 3798 1735 tc-

556 1779 678 1851 Ipse
717 1790 789 1833 est
837 1778 1082 1834 Salvator
1128 1780 1379 1851 corporis.
1413 1780 1681 1845 Quoniam
1732 1780 2090 1850 propinquior
2127 1780 2169 1838 Β
2198 1789 2430 1833 neantnr
2472 1778 2670 1850 (qualis
2715 1780 2801 1834 illa
2846 1795 2982 1832 uxor
3025 1787 3362 1832 memoratur
3410 1774 3796 1837 Hasdrubalis,

487 1882 649 1942 atque
678 1870 906 1926 interior
936 1882 1021 1924 est
1049 1887 1078 1924 a
1112 1871 1415 1926 substantia
1441 1871 1646 1926 Christi
1677 1879 1868 1926 natura
1899 1871 2088 1926 Eccle-

481 1965 600 2028 sia),
636 1975 925 2035 propterea
967 1979 1088 2020 eam
1116 1979 1317 2033 corpus
1345 1962 1548 2018 Christi
1591 1963 1804 2018 :rstimo
1834 1963 2086 2017 nomina-

484 2068 596 2113 tam
639 2077 652 2112 :
689 2059 844 2126 cujus
876 2057 1122 2128 corporis
1148 2056 1397 2113 Salvator
1427 2065 1510 2110 est
1538 2054 1789 2109 Christus
1818 2055 2004 2119 Jesus,
2037 2049 2090 2105 id

483 2160 591 2218 est,
627 2150 860 2204 Verbum
906 2193 919 2213 ,
949 2147 1240 2215 sapientia,
1268 2155 1595 2213 etatem-que
1627 2143 1857 2196 virtutes
1890 2141 1943 2194 in
1971 2139 2093 2208 qui-

482 2243 585 2298 bus
629 2242 952 2310 intelligitur
993 2237 1164 2291 Filius
1204 2236 1323 2290 Dei.
1355 2235 1555 2301 Quaere
1595 2231 1885 2295 curiosius,
1914 2229 2090 2286 sicubi

484 2337 540 2390 in
569 2334 769 2389 divinis
800 2330 1164 2386 voluminibus
1193 2328 1432 2398 potueris
1462 2325 1733 2391 invenire,
1757 2322 2090 2380 vocabulum

485 2429 666 2483 carnis
699 2441 796 2494 pro
825 2423 1072 2479 Ecclesia
1103 2422 1360 2492 positum.
1388 2420 1446 2474 Si
1473 2411 1692 2490 quidem
1717 2433 1863 2474 nunc
1891 2430 2096 2486 nequa-

487 2534 650 2589 quam
691 2531 842 2581 caro,
886 2514 981 2570 sed
1023 2527 1223 2582 corpus
1250 2511 1454 2568 Christi
1487 2511 1796 2581 appellatur
1823 2507 2089 2565 Ecclesia.

486 2612 660 2667 Porro
699 2607 1044 2662 manifestum
1085 2603 1227 2676 quod
1270 2602 1531 2674 quidquid
1572 2616 1702 2658 earo
1741 2608 1848 2666 est,
1890 2615 2092 2655 conse-

488 2712 721 2774 quenter
752 2709 807 2755 et
837 2712 1038 2770 corpus
1066 2699 1139 2753 sit
1175 2716 1186 2751 :
1218 2711 1329 2752 non
1359 2704 1541 2752 autem
1570 2693 1832 2767 quidquid
1865 2709 2090 2764 corpus,

486 2795 597 2850 hoc
627 2799 1025 2860 consequenter
1052 2795 1108 2843 et
1137 2802 1291 2843 caro.

567 2885 750 2957 (Vers.
780 2880 897 2953 24.)
929 2881 1037 2936 Sed
1067 2891 1121 2935 ut
1152 2879 1261 2955 [AL
1296 2878 1450 2952 sicut]
1479 2878 1717 2935 Ecclesia
1752 2879 1987 2952 subjecta
2021 2887 2095 2935 est

491 2978 698 3034 Christo
729 2993 746 3030 :
775 2977 847 3030 ita
868 2984 916 3030 et
943 2975 1180 3028 mulieres
1203 2973 1327 3027 viris
1352 2974 1462 3028 suis
1488 2974 1540 3027 in
1567 2971 1822 3026 omnibus.
1850 2969 2094 3026 Ecclesia

492 3071 696 3129 Christi
727 3071 960 3140 gloriosa
989 3076 1096 3131 est,
1128 3082 1235 3121 non
1269 3066 1476 3120 habens
1499 3064 1770 3119 maculam
1802 3075 1978 3133 neque
2003 3078 2094 3119 ru-

2196 1888 2336 1942 qum,
2370 1881 2528 1940 capto
2551 1871 2690 1937 vito,
2717 1873 2769 1926 in
2788 1872 2975 1939 patria:
3005 1887 3063 1926 se
3089 1871 3221 1942 jecit
3251 1870 3588 1937 incendium,
3615 1879 3669 1924 et
3691 1883 3804 1922 ete-

2195 1974 2324 2018 teraa
2348 1978 2467 2032 qua:
2497 1963 2630 2018 viris
2662 1964 2892 2018 mortuis
2921 1963 3269 2034 supervivere
3299 1962 3611 2032 noluerunt)
3641 1976 3801 2016 num-

2194 2071 2355 2127 quam
2389 2066 2568 2111 tamen
2597 2055 2947 2112 dilectionem
2981 2056 3128 2110 illam
3158 2058 3242 2110 vir
3264 2058 3485 2126 sapiens
3509 2053 3800 2111 dilectioni

2195 2148 2400 2204 Chri5ti
2443 2160 2496 2204 et
2526 2148 2786 2204 Ecclesize
2819 2148 3175 2219 comparabit.
3229 2149 3460 2203 Sanctus
3501 2147 3664 2218 igitur
3711 2145 3804 2201 hic

2193 2237 2579 2307 intelligendus
2615 2249 2696 2293 est
2737 2253 2914 2303 amor,
2947 2253 3054 2305 quo
3086 2248 3141 2294 et
3167 2237 3315 2294 Isaae
3343 2238 3538 2293 dilexit
3567 2252 3804 2292 uxorem

2195 2345 2346 2385 suam
2373 2329 2657 2386 Rebeccam
2679 2329 2890 2400 (Genrs.
2919 2331 3094 2400 xxiv),
3134 2346 3253 2402 qua)
3285 2329 3678 2399 interpretatur
3704 2346 3804 2400 pa-

2195 2425 2372 2478 tientia
2407 2439 2424 2477 :
2453 2431 2509 2478 et
2533 2423 2600 2478 de
2641 2432 2786 2478 terra
2813 2423 3239 2493 Mesopotamize,
3273 2439 3392 2491 qua!
3420 2421 3602 2476 swcnli
3638 2419 3804 2490 hujus

2195 2531 2262 2572 ex
2298 2515 2444 2571 omni
2489 2526 2643 2587 parte
2675 2513 2927 2572 ﬂuetibus
2956 2515 3213 2586 cingitur,
3248 2517 3299 2570 in
3331 2525 3531 2568 terram
3561 2529 3681 2568 eam
3712 2529 3803 2568 rc.-

2197 2609 2571 2679 promissionis
2598 2607 2831 2676 induxit,
2858 2619 2913 2663 ut
2945 2609 3321 2664 consolaretur
3345 2622 3446 2677 pro
3479 2616 3658 2662 morte
3679 2620 3798 2660 ma-

2197 2701 2294 2755 tris
2337 2714 2469 2755 θυαε.
2505 2699 2781 2755 interitum
2810 2701 3009 2771 quippe
3049 2699 3374 2770 Synagogze,
3409 2697 3800 2767 conjunctione

2198 2793 2452 2850 Ecclesia:
2481 2792 2819 2864 temperavit.
2845 2792 2950 2847 Ista
2976 2792 3225 2847 dicentes
3254 2791 3596 2846 occasionem
3625 2789 3795 2846 luere-

2195 2887 2320 2942 ticis
2357 2883 2550 2941 damus
2589 2883 2684 2957 qui
2711 2899 2904 2941 omnes
2934 2885 3157 2940 omnino
3185 2886 3397 2954 nuptias
3429 2883 3793 2954 repudiandas

2197 2986 2386 3050 putant
2419 2996 2432 3032 :
2463 2987 2516 3034 et
2547 2978 2649 3035 hoc
2677 2979 2758 3034 vel
2791 2978 3026 3035 maxime
3056 2986 3281 3034 utuntur
3302 2978 3635 3032 testimonio.
3661 2975 3794 3045 Qui-

2199 3072 2299 3127 bus
2337 3071 2595 3127 brevibus
2635 3070 2743 3143 (At.
2790 3070 3049 3143 breviter]
3093 3069 3560 3142 reSpoudendum,
3589 3070 3795 3140 passio-

489 3183 636 3237 gam,
683 3174 775 3221 aut
802 3162 930 3235 quid
971 3159 1300 3216 istiusmodi.
1333 3159 1434 3227 Qui
1465 3175 1596 3229 ergo
1623 3168 1880 3229 peccator
1907 3166 2011 3222 εει,
2042 3165 2096 3213 ει
2124 3150 2169 3213 C
2202 3179 2300 3221 nes
2344 3165 2431 3220 hic
2467 3174 2521 3219 et
2562 3163 2982 3231 immunditiam,
3021 3172 3077 3218 et
3118 3163 3388 3218 luxuriam
3430 3162 3498 3216 ab
3521 3161 3796 3230 'Apostolo

488 3262 669 3331 aliqua
701 3257 866 3313 sorde
894 3256 1221 3319 maculatus,
1247 3251 1314 3309 de
1340 3247 1593 3308 Ecclesia
1621 3251 1822 3306 Christi
1856 3265 1965 3306 non
1995 3265 2092 3320 po-

486 3360 598 3410 test
635 3349 922 3422 appellari,
959 3363 1062 3405 nec
1089 3345 1314 3403 Christo
1353 3346 1633 3417 subjectus
1659 3343 1789 3400 dici.
1822 3343 2094 3400 POSsibile

492 3454 675 3502 autem
715 3453 822 3509 est,
870 3450 928 3496 ttt
965 3439 1242 3512 quomodo
1292 3437 1536 3494 Ecclesia
1569 3453 1692 3508 quae
1720 3435 1874 3508 prius
1902 3453 2092 3507 rugam

492 3542 762 3597 habuerat
798 3547 850 3593 et
888 3535 1182 3599 maculam,
1217 3534 1269 3589 in
1310 3533 1658 3603 juventutem
1690 3542 1743 3586 et
1772 3531 2093 3586 munditiam

491 3644 683 3704 postea
733 3629 983 3684 restituta
1015 3635 1123 3693 est,
1153 3629 1227 3681 ita
1255 3633 1311 3679 et
1336 3633 1592 3692 peccator
1621 3632 1806 3677 currat
1830 3621 1897 3676 ad
1926 3619 2097 3678 medi-

486 3741 612 3782 cum
636 3722 782 3794 (quia
809 3733 916 3775 non
941 3719 1138 3774 habent
1161 3730 1298 3786 opus
1325 3715 1440 3770 Sani
1470 3711 1684 3770 medico
1706 3712 1856 3780 (Luc.
1882 3711 1968 3783 v),
1991 3709 2093 3768 sed

489 3819 634 3871 male
667 3811 951 3880 habentes)
977 3818 1033 3866 et
1057 3816 1322 3864 curentur
1347 3809 1572 3862 vulnera
1603 3805 1799 3875 ipsius,
1825 3814 1879 3860 et
1911 3804 2002 3860 llat
2027 3803 2096 3860 de

493 3907 738 3963 Ecclesia
783 3919 900 3974 qum
945 3917 1146 3972 corpus
1189 3911 1275 3956 est
1301 3897 1529 3954 Christi.
1564 3895 1710 3954 Satis
1738 3912 1954 3968 quoque
1991 3896 2104 3953 ele-

494 4008 713 4070 gantcr,
745 4004 794 4047 ct
829 4005 990 4048 caule
1019 3995 1083 4047 ad
1118 3991 1392 4062 Ephesios
1421 3992 1655 4062 loquens
1685 3992 1780 4045 ait.
1814 3988 1885 4046 Ut
1917 3989 2098 4044 Eccle-

489 4094 571 4145 sia
611 4090 840 4160 subjecta
881 4097 954 4140 es!
998 4085 1204 4141 Christo
1250 4101 1266 4138 :
1311 4086 1387 4138 ita
1428 4097 1477 4138 et
1509 4099 1698 4138 uxores
1726 4083 1850 4136 viris
1879 4083 2008 4137 suis.
2041 4083 2101 4139 Si

494 4185 638 4240 enim
669 4184 738 4236 ita
768 4196 905 4234 uxor
934 4178 1272 4247 subjicienda
1303 4178 1422 4231 viro
1447 4186 1550 4243 est,
1579 4185 1632 4229 ut
1664 4175 1885 4231 Christo
1913 4172 2104 4231 Eccle-

495 4275 575 4329 sia
597 4316 612 4340 ,
658 4274 802 4326 inter
838 4271 1018 4324 virum
1060 4277 1116 4324 et
1151 4283 1374 4324 uxorem
1406 4267 1514 4324 erit
1543 4274 1730 4322 sancta
1760 4265 2098 4336 conjunctio,

495 4375 553 4423 et
582 4377 873 4432 numquam
902 4361 1152 4430 corporis
1192 4361 1438 4416 servient
1470 4358 1842 4429 passionibns.
1872 4357 2024 4424 Quod
2057 4356 2103 4413 si

495 4461 655 4515 nobis
701 4457 895 4528 aliquis
937 4454 1068 4509 illud
1106 4453 1246 4525 quod
1280 4454 1345 4507 ad
1375 4452 1694 4508 Corinthios
1720 4451 1978 4507 scribitur
2007 4465 2102 4521 op-

2196 3256 2338 3311 inter
2361 3255 2616 3311 maritum
2653 3264 2708 3310 et
2736 3269 2960 3311 uxorem
3004 3256 3176 3310 vetari
3209 3297 3224 3321 ,
3255 3271 3360 3309 non
3393 3265 3634 3310 sanctam
3666 3271 3794 3310 con-

2191 3348 2529 3421 junctionem
2562 3365 2575 3402 :
2604 3346 2849 3417 alioquin
2883 3349 2928 3402 si
2955 3347 3268 3417 coiijugium
3296 3347 3519 3402 omnino
3538 3345 3796 3417 prohibe-

2197 3442 2309 3504 bat,
2355 3441 2485 3513 quid
2530 3456 2761 3497 necesse
2802 3439 2901 3496 fuit
2944 3443 3152 3508 dicere,
3184 3457 3370 3497 uxores
3400 3451 3594 3496 vestras
3626 3455 3647 3495 :
3672 3455 3793 3496 cum

2199 3535 2438 3604 potuerit
2472 3532 2656 3588 dicere
2688 3551 2699 3586 :
2737 3531 2875 3599 Viri,
2910 3533 3117 3604 diligite
3155 3535 3434 3596 mulieres,
3463 3533 3546 3587 vel
3575 3546 3793 3587 uxores.

2212 3626 2416 3682 Vestras
2438 3626 2585 3681 enim
2617 3625 2832 3694 proprie
2859 3625 3266 3682 matrimonium
3291 3634 3470 3681 sonat.
3497 3623 3565 3680 Et
3583 3641 3794 3680 rursum

2198 3719 2252 3774 in
2292 3715 2642 3787 sequentibus
2685 3735 2696 3770 :
2738 3723 2780 3770 et
2825 3718 2920 3770 viri
2961 3716 3145 3771 debent
3189 3717 3408 3788 diligere
3438 3733 3624 3772 uxores
3651 3733 3796 3780 suas,

2198 3812 2333 3866 sicut
2367 3825 2464 3862 sua
2498 3823 2720 3875 corpora
2749 3825 2766 3861 :
2797 3817 2852 3864 et
2887 3808 3064 3864 adlntc
3103 3808 3440 3864 manifestius
3471 3827 3483 3862 :
3517 3807 3621 3876 Qui
3667 3824 3796 3862 uxo-

2201 3919 2309 3957 rem
2353 3917 2499 3956 suam
2534 3901 2728 3973 diligit,
2773 3902 3002 3972 seipsum
3041 3902 3216 3972 diligit
3260 3918 3278 3955 :
3328 3899 3496 3956 Nemo
3523 3901 3658 3956 enim
3688 3917 3798 3954 um-

2200 4011 2358 4066 quam
2397 4009 2545 4047 suam
2583 4008 2788 4047 carnem
2828 3993 2980 4059 odit;
3021 3994 3113 4046 sed
3155 3994 3322 4047 nutrit
3364 4002 3412 4046 et
3457 3993 3592 4062 foret
3638 4007 3799 4046 eam:

2201 4088 2327 4154 quia
2359 4085 2652 4140 secundum
2681 4084 2918 4140 edictuin
2954 4081 3112 4154 Legis
3140 4086 3398 4153 antiquze,
3434 4095 3486 4139 et
3519 4084 3795 4138 instaura-

2201 4180 2409 4236 ti0uetn
2453 4177 2760 4249 Evangelii,
2798 4177 2960 4249 657
3004 4179 3231 4232 maritus
3275 4186 3332 4232 et
3361 4193 3496 4232 uxor
3535 4194 3640 4232 una
3671 4191 3797 4233 caro

2202 4270 2536 4326 efﬁciuntur.
2579 4268 2907 4324 Liberorum
2950 4284 3104 4339 ergo,
3138 4277 3196 4323 ut
3232 4269 3494 4336 diximus,
3529 4269 3581 4323 in
3613 4269 3800 4324 matri-

2205 4365 2388 4420 monio
2415 4378 2584 4435 opera
2613 4377 2880 4419 concessa
2909 4370 3058 4418 sunt.
3098 4361 3412 4432 Voluptates
3441 4373 3622 4417 autem
3680 4377 3800 4433 qum

2205 4459 2272 4512 de
2303 4458 2647 4514 meretricum
2675 4457 2964 4527 capiuntur
2985 4455 3353 4526 amplexibus,
3379 4456 3432 4511 in
3457 4473 3632 4510 uxore
3659 4455 3800 4510 dam-

497 4556 744 4626 posuerit
780 4570 791 4606 :
828 4552 1001 4605 virum
1034 4554 1190 4604 uxori
1223 4546 1464 4603 debitum
1495 4545 1760 4612 reddere,
1793 4555 1848 4600 el
1875 4559 2100 4600 uxorem
2127 4525 2181 4586 Ῑ)
2208 4563 2369 4608 natae.
2397 4551 2509 4607 Hoc
2539 4550 2727 4621 legens
2757 4549 2936 4604 omnis
2962 4549 3067 4615 vir,
3093 4559 3149 4604 et
3178 4563 3315 4604 uxor
3343 4548 3672 4617 intelligant,
3697 4546 3798 4602 sibi

496 4650 618 4702 viro
643 4646 682 4716 (I
715 4645 840 4699 Cor.
877 4644 994 4712 vn),
1023 4641 1422 4696 animadvertat
1453 4654 1704 4710 magnam
1736 4638 1878 4693 inter
1907 4635 2106 4693 Corin-

495 4739 643 4794 thios
673 4749 725 4791 et.
759 4736 1026 4804 Ephesios
1049 4746 1173 4789 esse
1201 4731 1543 4787 distantiam.
1576 4729 1686 4786 Illis
1715 4731 1868 4801 quasi
1901 4744 2102 4799 parvu-

493 4833 566 4888 lis
610 4842 775 4900 atque
816 4827 1143 4882 lactentibus
1172 4826 1456 4890 scribitur,
1483 4825 1535 4879 in
1568 4824 1768 4894 quibus
1798 4831 1955 4878 erant
1985 4821 2102 4876 dis-

494 4927 782 4982 sensiones
843 4930 896 4975 et
946 4919 1280 4986 schismata,
1326 4927 1382 4974 et
1433 4916 1763 4972 audiebatur
1812 4913 2105 4970 fornicatio

496 5019 674 5090 qualis
718 5033 786 5070 no
830 5017 976 5071 inter
1019 5019 1212 5086 gentes
1253 5011 1473 5081 quidem
1527 5028 1540 5063 :
1590 5021 1643 5066 et
1689 5019 1982 5078 propterea
2024 5005 2104 5062 eis

493 5108 840 5172 Conceditur,
886 5116 945 5159 ut
984 5115 1105 5174 post
1148 5104 1456 5156 orationem
1493 5100 1560 5154 ad
1595 5099 1824 5168 idipsum
1852 5098 2100 5163 redeant,

496 5217 567 5255 ne
604 5207 880 5255 tententur
919 5211 948 5249 a
987 5197 1191 5250 Sataua
1234 5211 1247 5246 :
1280 5194 1406 5247 licet
1443 5203 1496 5246 et
1527 5193 1596 5244 ibi
1626 5189 1681 5245 in
1710 5191 2095 5259 consequenti.

497 5295 599 5348 bus
619 5337 633 5356 ,
665 5309 772 5346 non
817 5291 973 5360 juxta
1005 5288 1340 5342 voluntatem
1363 5330 1376 5351 ,
1409 5283 1505 5340 sed
1531 5284 1685 5354 juxta
1712 5283 1881 5354 656
1905 5304 2100 5354 συγκα-

496 5389 717 5444 τάϐασιν
765 5400 824 5439 se
869 5385 953 5438 eis
990 5382 1136 5437 dicat
1177 5383 1482 5452 ignoscere.
1521 5379 1743 5449 Ephesii
1777 5393 1928 5442 vero,
1959 5375 2101 5445 apud

496 5495 633 5549 quos
678 5478 806 5532 fecit
847 5476 1179 5542 triennium,
1219 5485 1274 5530 et
1317 5475 1498 5528 omnia
1538 5473 1618 5527 eis
1645 5469 1848 5527 Christi
1890 5469 2104 5540 aperuit

497 5578 840 5625 sacramenta
864 5614 878 5636 ,
909 5571 1068 5623 aliter
1105 5567 1432 5624 erudiuntur
1462 5584 1476 5623 :
1511 5574 1569 5622 et
1608 5566 1772 5620 habet
1813 5564 2106 5633 unusquis-

496 5676 602 5729 que
643 5662 856 5717 arbitrii
898 5661 1127 5716 liberam
1169 5671 1519 5730 potestatem,
1553 5660 1640 5716 vel
1667 5656 1984 5714 Corinthios
2012 5669 2104 5710 se-

500 5751 615 5818 qui,
637 5757 720 5804 vet
749 5751 1013 5820 Ephesios
1044 5770 1056 5806 :
1087 5759 1141 5805 et
1167 5751 1371 5806 salvari
1395 5759 1486 5806 aut
1517 5750 1780 5806 servitute
1803 5741 2102 5817 Corinthii,

2208 4653 2330 4714 post
2352 4652 2700 4713 conceptum,
2730 4641 2901 4712 magis
2930 4641 3162 4696 orationi
3194 4657 3356 4710 quam
3387 4639 3660 4698 connubio
3688 4655 3802 4694 ser-

2207 4735 2480 4791 viendum.
2518 4735 2583 4789 Et
2612 4734 2756 4805 quod
2790 4735 2842 4788 in
2879 4734 3207 4788 animalibus
3245 4741 3301 4787 et
3330 4732 3522 4788 bestiis
3559 4733 3678 4800 ipso
3710 4749 3802 4786 ua-

2206 4839 2341 4883 tura:
2361 4827 2484 4897 jure
2510 4825 2887 4896 praescriptum
2915 4835 3021 4889 est,
3048 4837 3102 4880 ut
3129 4836 3468 4896 praegnantes
3491 4824 3557 4880 ad
3587 4839 3798 4895 partum

2209 4935 2376 4990 usque
2417 4934 2523 4972 non
2557 4928 2777 4984 coeant,
2810 4918 2912 4972 hoc
2943 4919 2993 4971 in
3027 4917 3337 4973 hominibus
3380 4919 3554 4973 sciant
3577 4917 3800 4972 arbitrio

2211 5013 2551 5077 derelictum,
2587 5021 2643 5065 ut
2675 5024 2887 5066 merces
2918 5024 3060 5065 esset
3091 5025 3159 5065 ex
3200 5010 3309 5082 [AL
3347 5009 3435 5082 ea]
3473 5011 3797 5065 abstinentia

2209 5107 2567 5176 voluptatum.
2594 5103 2728 5174 Quia
2758 5118 2887 5158 vero
2911 5102 3209 5158 secundum
3240 5102 3624 5173 tropologiam,
3655 5102 3800 5156 viros

2209 5203 2452 5269 animas,
2495 5210 2553 5256 et
2592 5213 2795 5256 uxores
2831 5211 3062 5269 corpora
3105 5199 3451 5261 dixeramus,
3493 5197 3575 5252 sic
3615 5197 3802 5266 diligat

2209 5297 2388 5352 anima
2419 5308 2634 5350 carnem
2663 5289 2773 5365 [ΑΙ.
2813 5290 3062 5364 corpus],
3095 5290 3369 5361 quomodo
3401 5289 3656 5344 Christus
3699 5289 3798 5344 Ec-

2208 5389 2449 5453 clesiam,
2488 5397 2545 5441 ut
2581 5385 2934 5454 semetipsatn
2979 5384 3159 5439 tradat
3199 5398 3298 5453 pro
3326 5381 3502 5437 salute
3533 5381 3723 5452 ipsius,
3750 5389 3802 5436 et

2206 5496 2324 5537 eam
2351 5477 2654 5535 sanctilicet
2674 5477 2842 5533 verbo
2865 5475 3151 5541 doctrinae,
3177 5483 3236 5529 ut
3262 5473 3521 5528 exhibeat
3548 5474 3652 5527 sibi
3681 5485 3800 5527 eam

2206 5591 2314 5629 nou
2343 5573 2632 5628 habentem
2664 5568 2933 5625 maculam
2959 5576 3053 5622 aut
3080 5582 3266 5636 rugam
3295 5566 3529 5637 aliquam
3559 5574 3799 5620 vetusta-

2208 5669 2276 5723 tis
2305 5685 2318 5720 :
2348 5667 2581 5721 maxime
2607 5679 2730 5719 cum
2758 5663 2895 5718 sciat
2918 5662 3060 5717 illam
3086 5661 3137 5715 in
3167 5659 3571 5716 resurrectione
3590 5658 3802 5712 salvan-

2206 5761 2358 5828 dant,
2397 5768 2454 5816 et
2492 5758 2732 5814 visuram
2765 5769 2891 5812 esse
2926 5755 3165 5811 salutare
3207 5753 3326 5811 Dei.
3355 5751 3504 5809 Talis
3531 5751 3616 5807 vir
3639 5756 3802 5821 caput
