4046 6350
255 275 367 336 533

258 391 425 448 habet
456 387 735 445 Christum

255 484 571 546 humilians’,
589 482 760 537 lactus
775 481 933 537 fuerit
946 483 1261 537 cum'nxore
1278 498 1372 537 sua
1387 497 1493 537 una
1507 476 1659 548 caro,
1679 493 1855 538 retra-

257 576 338 631 hit
361 589 482 630 eam
510 574 577 629 ad
607 574 879 643 spiritum,
903 580 959 628 et
980 573 1208 628 Domino
1234 573 1547 643 copulatus,
1576 589 1702 629 caro
1730 587 1853 629 esse

255 677 492 735 desistit.
537 675 773 731 Pulchre
807 691 1028 747 quoque
1057 677 1325 732 maculam
1363 685 1457 732 aut
1482 692 1694 749 rugam,
1722 677 1851 748 quia

255 780 325 836 de
363 777 621 848 coniugio
662 776 1008 848 loquebatur,
1049 777 1122 832 de
1159 778 1415 849 exemplo
1453 778 1739 834 mulierum
1783 778 1850 835 ad

254 883 513 939 decorem
546 880 713 934 traxit
756 879 1040 937 Ecclesiae.
1075 879 1233 936 Sicut
1258 879 1404 935 enim
1433 880 1612 934 solent
1642 880 1697 935 in
1729 897 1849 935 mu-

254 983 446 1038 lierum
492 980 817 1051 corporibus
861 980 948 1037 vel
988 980 1218 1037 sordere
1246 981 1407 1045 necvi,
1434 979 1521 1037 vel
1556 996 1685 1053 ruga
1713 996 1850 1038 con-

255 1086 418 1151 trahi,
452 1083 538 1139 vel
574 1083 783 1154 lentigo
821 1083 1019 1138 variari
1051 1100 1065 1137 :
1095 1090 1153 1138 et
1182 1084 1285 1138 hoc
1308 1091 1393 1138 est
1422 1098 1586 1138 mune
1612 1083 1848 1137 studium

257 1187 603 1253 feminarum,
641 1194 703 1239 ut
743 1187 887 1253 quod
931 1184 1140 1241 ltedare
1177 1185 1395 1241 videtur
1426 1186 1763 1256 abstergant,
1794 1195 1850 1241 et

253 1289 555 1347 exhibeant
599 1287 812 1341 maritis
837 1300 1131 1355 corporum
1153 1294 1529 1342 venustatem:
1548 1287 1616 1340 ita
1647 1295 1700 1340 et
1726 1286 1847 1339 ani-

253 1408 355 1447 mtc
384 1392 536 1448 omni
568 1399 915 1461 peccatorum
943 1388 1110 1444 sorde
1133 1388 1427 1458 purgandae
1456 1396 1604 1455 sunt,
1636 1398 1691 1442 ut
1717 1404 1845 1458 ruga

251 1493 449 1549 veteris
482 1490 723 1547 hominis
752 1499 779 1529 ι
802 1490 1029 1561 juventa
1060 1487 1316 1545 tendatur
1337 1529 1352 1553 ,
1385 1499 1439 1546 et
1469 1501 1763 1546 renovetur
1791 1495 1844 1548 in

247 1603 447 1644 novum
478 1587 757 1642 hominem
786 1584 856 1641 de
882 1584 973 1640 die
1003 1585 1055 1639 in
1085 1584 1252 1640 diem.

320 1679 503 1751 (Vera.
536 1676 658 1749 98.)
698 1676 788 1731 Ita
824 1685 875 1731 et
909 1676 1006 1731 viri
1033 1675 1216 1731 debent
1245 1675 1467 1747 diligere
1496 1692 1686 1731 uxores
1720 1694 1845 1732 suas

1900 44 1941 47 γ
2056 28 2397 43 ,ν-νπμα--σγρσ
2436 29 2487 39 ,ν
2765 14 3091 41 -ῃμω
3120 14 3243 41 ἷκεν-
3278 14 3395 44 --Ἇ

724 270 1381 331 COMMENTARIORUM
1421 273 1487 330 IN
1528 273 1923 332 EPISTOLAM
1959 273 2053 331 AD
2093 276 2433 335 EPllESlOS
2472 278 2605 334 LIB.
2646 279 2735 334 ΙΙΙ.
2775 279 2929 336 CAP.
2988 282 3046 335 ι’.

3448 283 3554 355 55‘.

782 407 797 443 :
842 398 1046 445 etcum
1086 397 1307 460 propter
1329 389 1558 445 salutem
1589 390 1772 446 carnis
1799 404 1859 445 se
1886 387 2142 464 Aitaque
2181 395 2248 451 ad
2282 396 2545 467 tropicam
2585 396 3002 467 intelligentiam
3047 412 3233 456 sermo
3264 401 3557 471 referatur,

1954 492 2011 540 et
2037 485 2305 555 dicamus,
2336 488 2479 559 quod
2509 489 2655 544 illam
2687 504 2909 545 carnem
2940 506 3062 562 quae
3090 492 3275 549 visura
3305 494 3377 550 sit
3403 493 3554 551 salu-

1956 585 2070 634 tare
2112 579 2227 647 Dei,
2269 579 2450 637 anima
2497 581 2710 653 diligat,
2753 592 2809 638 et
2854 584 3063 639 nutriat
3095 592 3153 640 et
3193 585 3395 653 foveat,
3436 601 3556 644 eam

1952 670 2257 742 disciplinis
2302 673 2585 739 erudiens,
2629 683 2684 730 et
2730 675 2935 731 cmlesti
2984 676 3243 749 saginans
3291 691 3453 748 pane,
3502 687 3557 734 et

1952 761 2152 818 Christi
2185 765 2450 835 sanguine
2482 765 2736 835 irrigans,
2766 774 2824 820 ut
2848 766 3050 822 refecta
3081 778 3136 823 et
3169 769 3341 824 nitida
3384 768 3559 839 possit

1951 857 2123 915 libero
2145 875 2308 914 cursu
2332 861 2506 915 virum
2532 861 2712 931 sequi,
2741 872 2797 918 et
2823 863 2972 918 nulla
3002 864 3307 934 debilitate,
3337 875 3390 923 et
3419 881 3557 937 pun-

1949 951 2082 1007 dere
2114 950 2220 1024 [AL
2255 951 2401 1006 nullo
2431 952 2725 1008 debilitatis
2751 953 3017 1028 pondere]
3044 957 3396 1028 praegravari.
3418 957 3555 1013 Pul-

1950 1044 2081 1100 chre
2106 1044 2272 1099 etiam
2300 1044 2352 1099 in
2384 1045 2794 1101 similitudinem
2820 1045 3023 1104 Christi
3056 1050 3369 1116 nutrientis,
3392 1060 3449 1106 et
3477 1050 3558 1106 lo-

1952 1133 2127 1189 ventis
2156 1135 2477 1202 Ecclesiam,
2506 1145 2562 1192 et
2597 1136 2831 1193 dicentis
2864 1137 2931 1193 ad
2960 1140 3267 1198 Jerusalem
3296 1160 3310 1198 :
3346 1141 3560 1209 Quoties

1951 1227 2090 1281 colui
2114 1242 2427 1297 congregare
2452 1226 2591 1296 ﬁlios
2616 1237 2730 1282 tuos
2752 1228 2885 1282 sicut
2906 1228 3107 1302 gallina
3130 1241 3412 1304 congregat
3438 1234 3560 1303 pul-

1950 1320 2029 1375 los
2056 1336 2176 1374 suos
2208 1320 2303 1373 sub
2334 1319 2466 1389 alas,
2500 1332 2547 1375 et
2575 1319 2827 1376 noluisti?
2855 1323 3055 1377 anima:
3100 1339 3319 1394 quoque
3365 1325 3558 1383 fovent

1947 1426 2177 1482 corpora
2208 1427 2326 1479 sua,
2358 1421 2418 1467 ut
2445 1414 2817 1483 corruptivum
2843 1412 2946 1469 hoc
2975 1413 3165 1470 induat
3187 1416 3553 1487 incorruptio-

1947 1521 2098 1571 nem,
2129 1514 2185 1561 et
2214 1506 2424 1561 alarum
2453 1507 2670 1563 levitate
2696 1523 3045 1580 suspensum,
3077 1508 3245 1586 659
3274 1510 3329 1566 in
3366 1525 3555 1569 aerem

1948 1595 2159 1652 facilius
2189 1597 2456 1654 elevetur.
2494 1599 2804 1655 Faveamus
2833 1602 3000 1672 igitur
3025 1612 3080 1658 et
3108 1601 3211 1657 viri
3242 1617 3466 1671 uxores,
3496 1613 3554 1660 et

1947 1690 2143 1747 animte
2172 1704 2355 1748 nostra
2385 1707 2637 1762 corpora.
2680 1702 2741 1748 ut
2760 1704 2815 1749 et
2840 1709 3043 1750 uxores
3070 1695 3125 1750 in
3149 1695 3320 1761 viros,
3350 1703 3407 1751 et
3434 1711 3560 1751 cor-

244 1777 376 1831 sicut
398 1789 499 1829 sua
526 1787 769 1842 corpora.
799 1769 870 1826 Ει
895 1769 946 1823 iu
978 1768 1181 1825 Genesi
1207 1784 1271 1823 ex
1307 1783 1539 1838 persona
1574 1769 1845 1839 loquentis
1873 1766 1924 1829 Β
1952 1799 2078 1855 pora
2110 1785 2425 1855 redigantur
2446 1786 2497 1839 in
2525 1785 2757 1841 animus,
2783 1785 2848 1841 Et
2873 1800 3215 1857 nequaquam
3238 1787 3557 1842 silsexuum

242 1865 415 1922 Adam
459 1864 723 1930 scriptum
761 1870 883 1915 est:
913 1858 1029 1913 Hoc
1048 1875 1186 1914 nunc
1215 1875 1272 1914 os
1301 1874 1364 1914 ea:
1388 1858 1588 1914 ossibus
1615 1859 1763 1925 meis,
1796 1867 1846 1914 et

241 1973 365 2012 caro
389 1972 628 2012 exeunte
650 1970 763 2007 mea
789 1951 943 2024 (Gen.
978 1966 1037 2018 ιι,
1063 1949 1181 2022 εδ).
1214 1951 1280 2005 Et
1309 1951 1544 2022 idipsum
1579 1952 1633 2005 iu
1665 1951 1845 2006 Evan-

240 2051 408 2123 gelio,
441 2048 668 2103 Domino
703 2056 894 2116 postea
931 2043 1168 2108 dicente,
1199 2043 1446 2098 ﬁrmatur
1476 2060 1488 2098 :
1518 2042 1628 2111 Qui
1657 2046 1846 2099 creauit

239 2144 306 2199 ab
348 2143 520 2209 initio,
563 2138 857 2195 masculum
895 2147 947 2193 et
987 2139 1229 2209 feminam
1276 2138 1396 2208 fecit
1430 2153 1538 2204 eos,
1578 2145 1628 2190 et
1664 2137 1845 2193 dixit:

243 2234 468 2307 Propter
483 2232 582 2286 hoc
598 2232 854 2302 relinquet
878 2231 1030 2284 homo
1049 2239 1247 2300 patrem
1268 2237 1317 2281 et
1342 2239 1576 2293 matrem,
1595 2239 1642 2281 et
1663 2229 1842 2284 adlue-

240 2326 369 2383 rebit
393 2328 549 2380 uxori
573 2340 706 2389 sure,
737 2333 786 2377 et
806 2332 953 2377 erunt
983 2322 1087 2375 duo
1106 2322 1162 2373 in
1188 2337 1344 2375 carne
1364 2336 1471 2374 una
1499 2319 1694 2391 (Marc.
1727 2336 1840 2389 nx,

240 2420 299 2487 4,
331 2421 413 2489 5).
438 2417 572 2474 Cum
604 2417 765 2489 igitur
789 2418 873 2471 vir
896 2424 951 2470 et
979 2430 1119 2470 uxor
1139 2430 1241 2469 una
1261 2429 1394 2470 caro
1411 2413 1520 2469 sint
1541 2431 1555 2468 :
1586 2415 1754 2487 658
1772 2414 1842 2467 ita

241 2511 504 2568 uxoribus
542 2519 602 2565 ut
636 2510 836 2564 nostris
872 2507 1195 2577 corporibus
1222 2506 1638 2578 providendum.
1675 2508 1846 2563 Nemo

242 2613 425 2659 autem
471 2617 672 2671 corpus
718 2610 877 2656 suum
908 2601 1141 2670 turpiter
1169 2609 1335 2669 amat,
1373 2609 1463 2655 aut
1492 2603 1842 2670 semetipsum

244 2706 468 2768 prapter
495 2696 701 2752 coitum
744 2693 947 2765 diligit;
981 2693 1077 2749 sed
1123 2694 1273 2764 quasi
1324 2693 1599 2748 vasculum
1647 2694 1844 2750 animae

246 2804 361 2847 suae
390 2789 535 2845 fovet
560 2804 769 2860 corpus
801 2797 854 2843 et
887 2788 1078 2852 nutrit,
1125 2802 1193 2842 ne
1238 2788 1407 2843 fracto
1435 2801 1587 2854 vase,
1619 2788 1670 2842 id
1702 2788 1845 2859 quod

247 2882 653 2948 continebatur,
681 2881 890 2947 efﬂuat,
930 2890 984 2937 et
1018 2889 1286 2950 erumpat.
1321 2879 1430 2935 Nec
1471 2897 1577 2935 non
1617 2888 1672 2937 et
1695 2882 1844 2952 juxta

250 2973 512 3041 litteram,
534 2973 794 3042 quamdiu
815 2973 1009 3029 mulier
1023 2972 1202 3043 partui
1218 2973 1387 3028 servit
1405 2980 1463 3029 et
1482 2972 1689 3038 liberis,
1708 2975 1847 3031 hanc

250 3067 413 3125 habet
441 3068 511 3124 ad
540 3069 715 3124 virum
748 3067 1132 3136 dill'erentiam,
1177 3081 1335 3137 quam
1376 3081 1577 3136 corpus
1623 3067 1689 3121 ad
1732 3069 1846 3121 ani-

1948 1877 2056 1931 ulla
2088 1876 2377 1931 diversitas
2406 1894 2421 1931 :
2450 1875 2545 1931 sed
2574 1876 2850 1948 quomodo
2874 1877 3016 1945 apud
3065 1879 3292 1948 angelos
3333 1894 3443 1934 non
3474 1887 3559 1935 est

1948 1968 2033 2022 vir
2058 1978 2113 2024 et
2136 1968 2449 2024 mulierzita
2476 1979 2527 2023 et
2550 1983 2673 2034 nos,
2697 1967 2791 2038 qui
2814 1967 3022 2025 similes
3043 1970 3255 2039 angelis
3280 1969 3446 2025 futuri
3467 1984 3559 2026 su-

1947 2077 2090 2130 mus,
2119 2061 2230 2131 jam
2253 2077 2397 2117 nunc
2426 2060 2751 2131 incipiamus
2792 2076 2920 2117 esse
2960 2062 3108 2132 quod
3154 2062 3312 2117 nobis
3340 2064 3393 2119 in
3436 2077 3553 2120 cm-

1948 2153 2175 2210 lestibus
2206 2153 2598 2223 repromissum
2624 2163 2728 2209 est.

2019 2244 2197 2319 (Vers.
2232 2244 2351 2314 50.)
2392 2244 2651 2311 Quoniam
2687 2243 2916 2299 membra
2945 2260 3125 2300 sumus
3151 2243 3387 2315 corporis
3416 2245 3554 2314 ejus,

1945 2354 2009 2393 ea:
2028 2354 2186 2393 carne
2213 2341 2348 2411 ejus,
2375 2350 2421 2391 et
2450 2354 2513 2393 ex
2533 2338 2735 2393 ossibus
2757 2341 2895 2411 ejus.
2926 2338 3060 2407 Quia
3092 2337 3334 2394 membra
3362 2353 3552 2395 sumus

1945 2430 2188 2499 corporis
2224 2429 2452 2496 Christi,
2496 2441 2549 2484 et
2583 2427 2836 2484 Christus
2876 2429 3050 2484 nutrit
3088 2437 3141 2483 et
3177 2427 3323 2484 fovet
3362 2427 3559 2485 Eccle-

1946 2522 2081 2577 siam
2109 2541 2121 2575 :
2152 2522 2272 2577 ideo
2297 2531 2351 2578 et
2381 2536 2478 2577 nos
2511 2522 2807 2588 nutrimus,
2839 2532 2891 2577 et
2925 2520 3172 2577 fovemus
3200 2536 3422 2576 carnem
3456 2535 3555 2575 no-

1946 2623 2135 2681 stram,
2174 2630 2334 2684 quam
2383 2628 2543 2669 nemo
2587 2628 2840 2684 umquam
2885 2613 3015 2669 odio
3062 2612 3272 2669 habuit.
3305 2612 3549 2669 Membra

1945 2714 2127 2760 autem
2161 2721 2351 2760 sumus
2382 2705 2630 2775 corporis
2656 2704 2898 2761 Christi:
2930 2720 3039 2761 non
3066 2705 3368 2760 secundum
3399 2714 3555 2760 natu-

1949 2814 2064 2853 ram
2100 2795 2403 2852 divinitatis
2433 2811 2675 2863 aeternas,
2710 2795 2806 2851 sed
2835 2799 2987 2867 juxta
3022 2797 3072 2851 id
3099 2797 3243 2866 quod
3273 2795 3554 2852 hominem

1946 2900 2031 2945 est
2059 2889 2312 2959 dignatus
2339 2904 2641 2945 assumere.
2672 2888 3013 2958 Quamquam
3041 2897 3098 2943 et
3125 2888 3288 2943 homo
3319 2886 3438 2961 ipse
3458 2889 3555 2960 qui

1946 2993 2260 3051 assumptus
2281 2991 2386 3048 est,
2412 2981 2607 3036 habeat
2630 2990 2876 3034 naturam
2902 2989 3211 3034 nostrorum
3234 2994 3552 3049 corporum,

1949 3075 2044 3130 sed
2078 3088 2184 3128 nou
2216 3072 2419 3128 habent
2446 3072 2736 3143 originem.
2765 3070 2876 3126 Nos
2907 3071 3052 3126 enim
3082 3086 3148 3126 ex
3181 3070 3421 3126 humano
3467 3086 3554 3128 sep

249 3161 528 3219 tuam.Siu
554 3176 734 3237 autem
761 3161 983 3217 Christo
1004 3161 1174 3233 magis
1197 3162 1432 3216 voluerit
1457 3163 1663 3218 servire
1683 3179 1842 3229 quam
1871 3141 1920 3209 α
1950 3169 2094 3224 mine
2120 3148 2476 3238 coagulamur
2501 3183 2514 3220 :
2540 3141 2636 3219 ille
2672 3163 2739 3219 de
2782 3163 2992 3234 Spiritu
3033 3171 3226 3219 sancto
3255 3172 3418 3219 natus
3446 3172 3554 3219 est.

249 3256 473 3322 sarculo,
515 3258 711 3312 mulier
756 3272 879 3313 esse
920 3257 1177 3318 cessabit.
1221 3267 1278 3312 et
1314 3256 1526 3312 dicetur
1566 3258 1671 3326 vir,
1721 3259 1843 3329 quia

251 3363 439 3405 omnes
464 3348 520 3404 in
546 3348 845 3419 perlectum
876 3348 1050 3403 virum
1081 3349 1328 3419 cupi-mus
1353 3363 1665 3404 occurrere.
1689 3350 1842 3419 Quod

251 3438 295 3495 si
319 3439 388 3494 ad
416 3440 776 3511 tropologiam
821 3452 875 3497 et
914 3440 1032 3495 haec
1075 3440 1382 3503 referimus,
1416 3440 1718 3497 amabimus
1748 3457 1846 3497 no-

252 3539 420 3589 strum
473 3547 692 3603 Corpus,
742 3542 796 3589 et
837 3534 1084 3604 corporis
1125 3546 1341 3597 sensus,
1370 3533 1578 3589 vilioris
1627 3534 1843 3605 quidem

252 3624 581 3681 conditionis
610 3626 681 3680 ab
718 3626 920 3690 animo,
951 3624 1048 3679 scd
1079 3640 1177 3694 per
1204 3641 1339 3696 quos
1366 3626 1432 3681 ad
1463 3634 1699 3682 mentem
1746 3628 1842 3684 bo-

251 3712 439 3772 narum
468 3716 690 3782 artium,
721 3726 777 3771 et
806 3717 1066 3771 virtutttm
1099 3724 1380 3771 transeant
1406 3716 1734 3788 disciplina}.

320 3810 506 3881 (Vers.
534 3809 655 3880 29.)
696 3810 800 3876 Qui
838 3826 1052 3865 uxorem
1090 3826 1236 3864 suam
1273 3811 1467 3881 diligit,
1499 3813 1725 3884 seipsum
1757 3811 1838 3865 di-

249 3903 364 3973 ligit
388 3919 407 3958 :
435 3918 586 3957 nemo
615 3904 753 3958 enim
792 3918 1035 3973 umquam
1069 3918 1277 3956 carnem
1306 3920 1456 3957 suam
1490 3899 1842 3970 odioiha‘buit,

248 3997 339 4052 sed
369 3998 532 4052 nutrit
570 4007 619 4051 et
661 3997 799 4066 fovet
836 3996 1133 4065 eam,_sicut
1175 4006 1222 4051 et
1265 3995 1500 4052 Christus
1531 3996 1840 4055 Ecclesium.

248 4089 520 4157 Quantum
541 4088 609 4144 ad
630 4088 934 4158 simplicem
960 4089 1368 4157 intelligentiam
1393 4090 1645 4157 pertinet,
1660 4101 1844 4147 sancta

250 4180 394 4234 inter
417 4180 593 4235 virum
625 4188 680 4235 et
702 4194 927 4235 uxorem
958 4179 1224 4235 charitate
1261 4192 1559 4252 prirrepta,
1593 4199 1737 4239 nunc
1759 4186 1847 4255 ju-

250 4274 443 4329 bcmttr
468 4282 524 4329 ιιι
552 4273 875 4339 nutriamus,
904 4282 958 4329 et
996 4273 1276 4329 faveamus
1301 4276 1584 4345 cohjuges,
1615 4288 1673 4332 ut
1700 4278 1848 4334 scili-

250 4376 335 4419 cet
361 4365 441 4419 eis
464 4367 667 4419 victum
695 4373 856 4434 atque
881 4365 1161 4429 vestitum,
1190 4374 1248 4420 et
1270 4380 1331 4420 ea
1363 4382 1485 4437 qua:
1513 4380 1638 4422 sunt
1662 4385 1849 4425 neces-

250 4459 395 4515 saria
423 4459 783 4529 praebeamus.
817 4461 923 4516 Sed
952 4460 978 4498 δ
1008 4462 1208 4530 opponi
1256 4462 1415 4516 nobis
1457 4472 1659 4535 potest,
1704 4463 1847 4535 quod

1947 3260 2134 3316 Poxest
2165 3269 2344 3315 autem
2377 3269 2430 3313 et
2458 3258 2623 3313 aliter
2647 3257 2750 3311 dici
2781 3274 2792 3310 :
2822 3256 3088 3326 Quoniam
3119 3271 3318 3324 corpus
3345 3256 3552 3312 Christi

1947 3353 2212 3409 Ecclesiae
2237 3361 2341 3418 est,
2368 3363 2421 3407 et
2453 3351 2696 3406 Ecclesia
2717 3351 2784 3405 de
2804 3350 3021 3404 cunctis
3048 3349 3398 3405 credentibus
3422 3364 3557 3405 con-

1946 3457 2224 3520 gregatur,
2253 3447 2459 3502 Paulus
2490 3454 2545 3499 et
2572 3444 2794 3513 Ephesii
2827 3442 3067 3499 membra
3108 3451 3239 3498 sunt
3276 3443 3549 3513 corporis,

1950 3541 2001 3595 id
2031 3550 2136 3603 est,
2160 3536 2417 3595 Ecclesia
2445 3536 2670 3594 Christi.

2023 3633 2204 3704 (Vcrs.
2238 3630 2353 3702 51.)
2397 3631 2617 3703 Propter
2651 3628 2748 3683 hoc
2785 3627 3040 3697 relinquet
3076 3628 3226 3681 homo
3265 3636 3464 3696 patrem
3507 3637 3555 3682 et

1946 3731 2182 3790 matrem,
2211 3732 2259 3777 et
2283 3731 2434 3776 erunt
2462 3722 2569 3774 duo
2598 3721 2652 3774 in
2680 3736 2835 3773 came
2873 3735 2999 3772 una.
3030 3717 3183 3786 Quod
3231 3717 3552 3790 frequenter

1947 3815 2353 3881 annotavimus,
2383 3814 2663 3883 apostolus
2703 3820 2758 3866 et
2792 3812 3155 3880 evangelistas
3194 3824 3300 3865 non
3343 3810 3553 3867 eisdem

1948 3910 2131 3966 verbis
2176 3922 2302 3964 usos
2342 3923 2485 3970 esse,
2517 3904 2858 3961 'l‘estamenti
2888 3904 3088 3960 veteris
3114 3903 3403 3974 exemplis,
3434 3903 3555 3975 qui~

1950 4003 2050 4059 bus
2083 4002 2136 4055 iu
2169 3999 2407 4070 propriis
2447 3998 2814 4053 voluminibus
2841 3996 3208 4062 continentur,
3244 3994 3345 4051 hoc
3383 4005 3439 4051 et
3464 3994 3557 4052 hic

1948 4094 2279 4166 probamus:
2314 4091 2583 4163 siquidem
2632 4090 3008 4147 testimonium
3052 4089 3195 4146 istud
3236 4089 3310 4144 ita
3360 4089 3414 4143 in
3444 4087 3554 4145 Ge-

1952 4186 2065 4241 nesi
2110 4184 2371 4255 scriptum
2406 4191 2491 4238 est
2523 4200 2537 4237 :
2581 4179 2805 4252 Propter
2842 4180 2939 4235 hoc
2975 4180 3235 4251 relinquet
3270 4179 3426 4234 homo
3461 4198 3559 4252 pa-

1951 4291 2074 4332 trem
2094 4293 2246 4331 suum
2267 4286 2315 4331 et
2341 4283 2554 4329 matrem
2581 4290 2750 4338 suam,
2782 4281 2831 4328 et
2857 4270 3139 4328 adhterebit
3169 4273 3322 4327 uxori
3348 4288 3480 4339 suae,
3505 4283 3555 4326 et

1950 4379 2100 4424 erunt
2123 4368 2226 4423 duo
2248 4369 2304 4422 in
2329 4383 2486 4421 carne
2506 4383 2611 4420 una
2633 4365 2788 4440 (Gen.
2813 4382 2875 4431 ιι,
2896 4364 3014 4437 24).
3036 4364 3187 4421 Νυιιε
3208 4375 3389 4421 autem
3414 4366 3563 4436 Apu-

1954 4462 2126 4517 stolus
2152 4476 2252 4531 pro
2280 4475 2346 4514 eo
2375 4460 2518 4530 quod
2552 4460 2621 4514 ibi
2655 4458 2907 4521 habetur,
2939 4460 3106 4515 ἕνεκεν
3130 4459 3339 4525 τούτου,
3368 4457 3421 4514 id
3450 4466 3565 4528 est,

251 4568 359 4620 non
387 4555 460 4609 sit
490 4568 617 4607 vera
640 4557 909 4610 sententia
941 4556 1043 4610 die.
1066 4558 1171 4610 ntis
1196 4555 1441 4625 Apes-tuli
1470 4522 1688 4646 ﬂama
1716 4562 1850 4614 enim
1878 4528 1931 4590 D
1958 4563 2171 4625 propter
2214 4553 2328 4619 hoc,
2381 4552 2561 4621 posuit
2605 4554 2719 4608 ἀντὶ
2762 4554 2974 4622 τούτου,
3007 4556 3152 4622 quod
3202 4552 3394 4609 Latine
3439 4554 3570 4610 aliis

252 4662 498 4718 umquam
530 4663 739 4701 carnem
777 4665 925 4702 suum
962 4649 1092 4715 odit,
1134 4663 1254 4703 cum
1299 4650 1489 4705 morbo
1521 4650 1673 4720 regio
1703 4651 1857 4707 labo-

253 4750 458 4802 rantes,
493 4747 550 4793 et
579 4742 743 4810 ptysi,
767 4748 824 4795 et
847 4755 1102 4807 cancere,
1126 4749 1183 4794 et
1209 4740 1677 4806 distillationibus,
1710 4759 1855 4799 mor-

254 4838 359 4886 tem
390 4830 519 4885 vita:
545 4830 859 4901 praeferant,
890 4842 944 4889 et
972 4847 1067 4887 sua
1100 4833 1317 4887 oderint
1345 4848 1598 4903 corpora.
1603 4830 1665 4951 /
1686 4836 1857 4905 Magis

323 5059 351 5090 ι
395 5051 471 5105 Ita
512 5050 647 5121 legit
671 5048 859 5123 codex
903 5050 1307 5123 manuscriptus
1335 5047 1538 5116 Regius
1564 5068 1725 5123 quem
1756 5072 1843 5111 se-

255 5124 362 5179 cuti
403 5138 614 5175 sumus.
656 5120 1035 5174 Clenimeusis
1078 5130 1425 5189 pervctustus
1468 5120 1606 5177 hanc
1647 5129 1850 5182 retinet

255 5192 541 5264 lectionem
569 5211 582 5264 ς
618 5192 685 5264 Ut
713 5208 847 5264 ruga
883 5192 1062 5264 ueteris
1092 5192 1315 5245 hominis
1355 5194 1409 5245 in
1438 5204 1705 5251 venustate
1739 5207 1851 5252 teu-

253 5265 426 5337 dntur.
463 5262 618 5320 Unde
649 5262 866 5337 ﬂuxerit
893 5263 945 5317 in
972 5262 1245 5319 editiones
1275 5264 1489 5319 Erasmi
1520 5275 1574 5318 et
1601 5267 1852 5337 Mariaui,

252 5336 305 5408 in
325 5339 613 5408 juventam
639 5334 903 5408 tendatur,
939 5349 1274 5408 nequaquam
1310 5349 1524 5408 possum
1555 5334 1853 5407 conjicere.

257 5404 941 5468 Miam—Martimtams,
990 5405 1230 5477 inventa,
1282 5404 1347 5461 ex
1406 5405 1579 5477 Regio
1622 5404 1854 5477 quodam

256 5491 358 5531 ms.
394 5477 662 5549 reposuit,
695 5478 882 5549 sicque
911 5476 1131 5530 omnino
1167 5476 1512 5549 retinendum
1555 5476 1858 5549 contendit,

258 5549 496 5621 antiquis
517 5546 885 5621 Δεόίιξοιιὶὺιις,
915 5562 1037 5616 qua:
1067 5546 1451 5621 praeferebant,
1484 5549 1538 5621 in
1564 5546 1859 5621 juuentute,

259 5617 581 5688 repudiatis.
617 5617 749 5680 Noe,
771 5620 1016 5698 juventa,
1048 5617 1578 5698 rescripsimus,_sic:
1610 5617 1868 5698 exigente

256 5699 517 5763 contextu
544 5705 558 5742 :
591 5688 840 5763 negerit,
866 5689 1083 5763 opinor,
1113 5690 1203 5756 qui
1226 5704 1332 5763 non
1357 5688 1538 5763 statim
1566 5688 1865 5763 intelligat,

248 5758 400 5828 quod
422 5768 637 5817 temere
659 5756 1011 5815 Martianacus
1032 5756 1219 5815 lacum
1244 5760 1388 5816 hunc
1415 5756 1757 5832 depravarit.

1959 4646 2146 4702 verbis
2174 4644 2282 4700 dici
2312 4658 2421 4699 non
2464 4652 2642 4712 pateat
2670 4661 2685 4697 :
2719 4642 2917 4698 deinde
2948 4659 3046 4714 pro
3075 4654 3221 4714 patre
3251 4662 3346 4699 suo
3373 4653 3420 4699 et
3452 4663 3568 4700 ma-

1958 4753 2036 4796 tre
2053 4756 2169 4808 sua,
2199 4736 2521 4809 pronomina
2552 4735 2805 4804 abstulit,
2835 4745 2890 4790 et
2915 4747 3112 4805 patrem
3144 4746 3352 4793 tantum
3378 4740 3574 4810 posuit

1959 4846 2007 4892 et
2050 4843 2305 4889 matrem:
2336 4840 2393 4887 et
2429 4829 2572 4900 quod
2614 4829 2665 4883 in
2714 4828 2895 4884 medio
2933 4829 3161 4894 dicitur,
3200 4840 3250 4884 et
3287 4830 3571 4886 adherebit

2032 5056 2059 5094 ι)
2100 5053 2250 5109 Hanc
2277 5049 2346 5105 ab
2382 5047 2617 5109 Origene
2660 5044 2895 5115 proponi
2942 5044 3329 5114 quaestionem,
3361 5045 3566 5104 fatetur

1960 5126 2327 5201 Hieronymus
2366 5118 2641 5201 Apologia:
2673 5117 2763 5201 lib.
2798 5131 3018 5201 unitum.
3052 5117 3145 5182 50,
3174 5131 3239 5171 ac
3265 5131 3326 5173 se
3359 5133 3427 5172 ea:
3453 5119 3570 5189 ejus

1962 5186 2187 5270 persenti
2210 5193 2374 5248 tacito
2407 5186 2648 5252 nomine,
2674 5186 2793 5241 haec
2821 5187 3029 5242 dicere.
3218 5255 3234 5269 .
3478 5186 3490 5189 '

2043 5279 2066 5307 ο
2106 5268 2232 5322 Haec
2262 5279 2392 5318 vero
2421 5260 2658 5330 probare
2697 5257 2898 5330 mavult
2930 5276 2943 5312 :
2976 5256 3188 5330 Statim,
3218 5256 3420 5330 Inquit,
3446 5261 3573 5330 quia

1965 5340 2076 5410 ipse
2112 5337 2355 5410 sentirem
2399 5328 2620 5410 a'djunrci
2640 5328 2857 5410 :nMagis
2886 5328 3169 5410 itaquemad
3199 5328 3566 5410 tropicam‘in-

1972 5399 2309 5482 telligentiom
2338 5399 2630 5482 referaturq
2647 5400 2872 5482 Quando
2898 5400 3044 5482 dico,
3067 5399 3380 5482 Tropicam,
3412 5399 3574 5482 doceo

1964 5468 2143 5537 verum
2189 5494 2292 5531 non
2339 5468 2447 5529 esse
2491 5471 2630 5543 quod
2687 5471 2913 5537 dicitur;
2954 5470 3044 5543 sed
3089 5468 3366 5543 allegoria:
3397 5472 3576 5543 nubilo

1967 5555 2273 5624 ﬁguratum.
2302 5540 2567 5601 Ponantus
2589 5552 2758 5597 tamen
2782 5542 2895 5613 ipsa
2914 5540 3224 5669 verbagdqua:
3244 5542 3297 5594 in
3327 5540 3575 5616 Origenis

1970 5623 2102 5669 libra
2129 5622 2281 5669 mdo
2310 5616 2637 5669 continentur
2659 5630 2678 5669 :
2712 5612 2955 5667 Dicamus
2985 5630 3053 5669 ou
3160 5614 3309 5667 illam
3340 5629 3575 5669 carnem

1970 5612 2102 5680 libro
2129 5622 2281 5678 tertio
2310 5616 2637 5674 continentur
2659 5630 2678 5669 :
2712 5612 2955 5667 Dicamus
2985 5612 3125 5682 quod
3160 5612 3309 5683 illam
3340 5612 3576 5683 carnem;

1968 5709 2084 5767 quat
2109 5696 2283 5750 visura
2303 5690 2391 5760 sit,
2418 5696 2555 5754 etc...
2583 5685 2650 5743 ad
2679 5684 2843 5741 ﬁnem
2873 5681 3050 5756 usque
3072 5681 3358 5742 sectionis.
