4034 6400
466 219 573 278 553

1718 227 1777 282 S.
1820 218 2093 282 EUSEBll
2137 219 2515 278 lllERU-NYMI

3670 221 3796 281 556

469 337 629 391 uxori
655 349 786 404 sua,
816 333 904 392 hic
932 335 1146 407 penitus
1175 336 1547 407 praetermisit,
1577 347 1630 394 et
1669 346 1877 393 tantum
1920 335 2065 408 quod
2093 333 2143 397 Α
2172 333 2296 390 Scio
2317 337 2442 406 quia
2465 338 2618 392 locus
2639 336 2742 392 istc
2763 336 3130 395 inell‘abilibus
3153 336 3347 408 plenus
3366 337 3438 394 sit
3457 353 3802 396 sacramen-

473 428 811 501 sequebatur
855 429 959 484 hoc
999 429 1222 495 dictum,
1269 432 1645 501 superioribus
1691 432 1987 502 c0pulavit,
2019 442 2074 488 et

472 524 678 594 posuit,
709 532 759 576 et
786 531 935 576 erunt
962 524 1064 576 duo
1093 523 1147 576 in
1188 539 1344 576 carne
1383 540 1507 576 una.
1544 524 1659 579 lloe
1688 537 1868 580 autem
1901 533 2071 579 totum

476 633 621 674 nunc
647 618 847 671 ideirco
869 617 1300 682 observavimus,
1322 627 1381 672 ut
1405 619 1568 672 etiam
1599 620 1650 673 iu
1676 619 1890 675 ca-teris
1918 619 2073 684 locis,

477 711 653 769 sicubi
700 710 1009 766 testimonia
1050 713 1205 781 quasi
1247 713 1316 767 de
1358 713 1661 784 prophetis,
1692 722 1747 768 et
1786 713 1856 767 de
1905 712 2076 768 veleri

476 801 829 857 Testamento
849 800 918 856 ab
951 803 1216 870 apostolis
1242 814 1498 874 usurpata
1529 812 1676 871 sunt,
1708 816 1764 860 et
1796 804 1848 859 in
1879 803 2078 860 nostris

476 893 759 951 codicibus
785 911 891 950 non
920 894 1220 963 habentur,
1252 913 1593 970 nequaquam
1628 898 1813 953 statim
1851 897 1918 952 ad
1951 913 2081 968 apo-

475 987 806 1061 cryphorum
835 991 1090 1060 ineptias,
1117 998 1173 1044 et
1196 991 1361 1062 660
1385 989 1744 1046 deliramenta
1771 1004 2074 1055 curramus,

477 1085 574 1138 sed
601 1083 836 1138 sciamus
862 1085 1066 1154 scripta
1108 1085 1329 1156 quidem
1360 1100 1421 1139 ea
1451 1100 1574 1140 esse
1606 1085 1659 1140 in
1688 1085 1860 1141 veteri
1891 1084 2085 1139 Testa-

478 1181 688 1242 mento,
725 1173 824 1249 sed
867 1189 974 1228 non
1021 1174 1092 1228 ita
1137 1174 1207 1230 ab
1235 1177 1502 1244 apostolis
1551 1176 1720 1243 edita,
1766 1185 1822 1230 et
1860 1189 2083 1230 sensum

479 1265 656 1334 magis
685 1274 1045 1336 usurpatum:
1079 1281 1180 1322 nec
1225 1265 1386 1321 facile
1418 1266 1521 1321 nisi
1552 1283 1581 1321 a
1621 1265 1879 1322 studiosis
1925 1280 2086 1335 posse

479 1355 578 1412 ubi
605 1355 807 1426 scripta
854 1357 985 1423 sint,
1021 1357 1274 1413 inveniri.
1327 1357 1497 1428 Igitur
1539 1359 1606 1412 ad
1648 1358 2087 1413 exhortationem

485 1450 655 1505 mutui
679 1449 906 1505 allectus
935 1451 1080 1504 inter
1110 1465 1332 1506 uxorem
1361 1459 1418 1506 et
1444 1451 1641 1517 virum,
1670 1451 1840 1506 Adam
1871 1460 1926 1506 et
1961 1451 2089 1506 Eva:

482 1543 719 1613 sumpsit
761 1541 1095 1611 exemplum.
1138 1543 1209 1599 Ut
1251 1544 1530 1613 quomodo
1574 1555 1728 1600 costa
1774 1536 1981 1599 tollitur
2025 1545 2092 1599 de

485 1634 687 1701 Adam,
729 1643 787 1691 et
832 1635 1136 1691 aediﬁcatur
1182 1637 1235 1690 itt
1285 1636 1570 1708 eonjugem
1597 1654 1612 1692 :
1643 1640 1838 1706 etipsa
1871 1652 2089 1692 rursum

2179 436 2268 502 tis,
2303 445 2359 491 et
2392 435 2638 492 divinum
2679 453 2774 492 cor
2810 449 3022 510 quaerat
3066 439 3401 508 interpretis.
3446 440 3559 510 Ego
3587 449 3798 495 autem

2177 553 2277 609 pro
2311 538 2604 607 pusillitate
2633 553 2827 593 sensus
2860 540 2986 604 mei,
3016 540 3068 594 in
3103 539 3327 595 Christo
3357 540 3576 595 interim
3611 539 3798 608 illud,

2178 649 2233 695 et
2264 641 2318 695 in
2351 640 2592 696 Ecelesia
2627 640 3036 712 intelligendum
3069 651 3199 710 puto
3233 656 3249 695 :
3279 656 3388 695 non
3428 657 3535 711 quo
3567 641 3803 713 aliquid

2178 741 2396 796 Christo
2419 753 2474 798 et
2505 741 2747 798 Ecclesia
2779 743 2956 813 majus
2980 743 3086 810 sit;
3117 743 3214 799 sed
3246 744 3389 813 quod
3429 753 3598 798 totum
3631 744 3802 815 quod

2183 841 2253 897 de
2279 841 2448 898 Adam
2472 853 2530 899 et
2556 843 2624 898 de
2657 844 2763 898 Eva
2789 843 3009 910 dicitur,
3036 845 3090 899 in
3116 843 3338 901 Christo
3366 847 3496 900 etin
3534 845 3806 901 [Ecclesia

2186 943 2530 1014 interpretari
2562 958 2740 1014 posse,
2775 944 3001 1001 difﬁcile
3041 946 3132 1002 sit.

2258 1045 2441 1116 (Vers.
2473 1045 2588 1117 55).
2625 1045 2990 1103 Verumtamen
3027 1058 3076 1103 et
3097 1063 3184 1104 vos
3212 1047 3408 1121 singuli
3437 1052 3815 1124 unusquisque

2187 1167 2333 1205 suam
2363 1165 2573 1204 uxorem
2596 1150 2727 1203 sicut
2753 1166 2808 1205 se
2856 1151 3061 1224 diligat.
3107 1150 3365 1208 Estimet
3393 1153 3587 1225 aliquis
3629 1169 3814 1210 eam-

2190 1252 2312 1306 dem
2345 1252 2484 1306 inter
2513 1251 2766 1306 maritum
2807 1261 2860 1307 et
2893 1268 3118 1308 uxorem
3171 1253 3348 1324 juberi
3404 1255 3472 1308 ab
3519 1256 3820 1321 Apostolo

2192 1342 2540 1407 charitatem,
2583 1359 2706 1411 qua:
2744 1343 2796 1397 in
2852 1344 3156 1413 proximum
3189 1356 3455 1415 przecepta
3496 1357 3580 1403 est
3637 1365 3655 1402 :
3723 1349 3819 1404 sic

2187 1436 2335 1492 enim
2367 1434 2627 1505 scriptum
2674 1445 2758 1490 est
2787 1453 2800 1489 :
2830 1434 3031 1509 Diliges
3061 1439 3351 1510 proximum
3383 1447 3523 1492 tuum
3552 1441 3698 1495 sicut
3732 1450 3825 1495 te-

2196 1531 2365 1600 ipsum
2401 1528 2586 1600 (ιευῑι.
2615 1546 2728 1594 nx,
2749 1531 2864 1600 18),
2897 1543 2946 1586 el
2977 1548 3121 1587 nunc
3152 1532 3356 1588 dicitur
3386 1551 3400 1587 :
3432 1532 3829 1607 Unusquisth

2197 1643 2343 1681 suam
2376 1643 2593 1681 uxorem
2617 1627 2748 1681 sicut
2792 1643 2847 1682 se
2872 1628 3075 1698 diligat.
3112 1626 3251 1698 Ergo
3279 1627 3472 1684 eadem
3516 1629 3570 1685 in
3612 1631 3831 1699 proxi-

484 1726 687 1796 conjux
739 1725 792 1782 in
839 1741 1006 1782 unam
1057 1727 1158 1782 viri
1205 1743 1426 1782 carnem
1466 1727 1732 1799 redigitur
1770 1745 1784 1782 ε
1829 1728 1954 1799 quia
1996 1727 2087 1797 qui
2123 1728 2169 1790 Β
2198 1736 2342 1774 Inttttt
2372 1731 2427 1775 et
2459 1721 2510 1774 in
2543 1734 2764 1775 uxorem
2795 1718 3036 1775 cltaritas
3077 1720 3199 1776 erit.
3231 1720 3384 1790 Quod
3411 1723 3457 1776 si
3488 1723 3828 1794 proximus,

487 1835 716 1876 uxorem
757 1818 956 1892 diligit,
986 1821 1227 1890 seipsum
1258 1819 1439 1892 diligit
1475 1837 1488 1873 :
1531 1820 1611 1874 sic
1653 1831 1709 1876 et
1739 1834 1841 1874 nos
1883 1829 2096 1874 nostras

487 1928 738 1970 amemus
765 1928 985 1970 uxores.
1037 1913 1274 1984 ldipsum
1318 1922 1498 1969 autem
1549 1929 1644 1985 per
1690 1912 2008 1983 allegoriam
2045 1912 2095 1965 iu

487 2007 710 2065 Christo
740 2008 1158 2079 interpretatur,
1183 2007 1310 2063 etin
1339 2007 1583 2063 Ecclesia
1611 2025 1624 2061 :
1651 2015 1710 2062 ut
1734 2005 1905 2062 Adam
1935 2002 2096 2058 Chri-

487 2108 658 2166 stum,
703 2108 759 2157 et
805 2100 914 2157 Eva
961 2100 1337 2170 praeﬁguraret
1393 2099 1718 2153 Ecelesiam.
1766 2097 1967 2151 Factus
2019 2101 2101 2148 est

490 2193 637 2250 enim
693 2193 1031 2250 novissimus
1089 2191 1265 2246 Adam
1315 2193 1368 2246 in
1421 2190 1673 2259 spiritum
1734 2187 2100 2242 viviﬁcantem

493 2286 541 2355 (l
572 2285 693 2341 Cor.
727 2285 842 2354 xv).
888 2285 957 2338 Et
1002 2283 1282 2354 quomodo
1328 2281 1398 2336 de
1445 2280 1621 2335 Adam
1665 2290 1719 2334 et
1770 2293 1938 2332 uxore
1985 2279 2102 2347 ejus

493 2393 662 2433 omne
706 2375 988 2431 hominum
1037 2372 1285 2428 nascitur
1312 2386 1524 2441 genus:
1556 2371 1634 2424 sic
1680 2369 1747 2425 de
1790 2367 2010 2425 Christo
2050 2379 2107 2426 et

496 2469 742 2526 Ecclesia
774 2467 954 2522 omnis
983 2464 1322 2521 credentium
1371 2461 1664 2516 multitudo
1705 2473 1963 2532 generata
1997 2469 2102 2516 est.

496 2563 634 2630 Qua:
663 2574 828 2614 unum
861 2557 1118 2612 Ecclesiae
1146 2570 1347 2624 corpus
1376 2555 1590 2619 ell'ecta,
1623 2569 1836 2610 rursum
1862 2555 1913 2609 in
1939 2555 2108 2610 latere

494 2651 700 2706 Christi
727 2649 973 2720 ponitur,
997 2659 1049 2703 et
1079 2656 1250 2702 costae
1279 2647 1459 2702 locum
1489 2647 1686 2718 replet,
1721 2656 1776 2702 et
1803 2663 1972 2702 uuttm
2006 2647 2109 2704 viri

499 2761 701 2814 corpus
728 2743 990 2811 el‘ﬁcitur,
1025 2743 1146 2812 ipso
1176 2741 1412 2796 Domino
1441 2740 1492 2796 id
1520 2741 1571 2795 in
1597 2741 1890 2813 Evangelio
1918 2751 2108 2810 postu-

503 2841 655 2896 lante
685 2855 698 2893 :
733 2837 916 2896 Pater.
945 2837 1036 2901 da,
1062 2845 1116 2888 ttt
1136 2834 1400 2905 quomodo
1427 2849 1518 2905 ego
1548 2841 1595 2887 et
1627 2843 1680 2887 ttt
1709 2849 1873 2887 unum
1894 2849 2108 2887 sumus:

501 2936 579 2990 sic
606 2942 654 2987 et
676 2932 779 3001 ipsi
800 2931 855 2984 in
900 2929 1044 2984 nobis
1081 2943 1241 2982 unum
1270 2927 1373 2980 sint
1405 2925 1589 2998 (Joan.
1625 2942 1756 2993 xvu,
1787 2924 1905 2996 2|).
1941 2925 2112 2980 luter-

502 3039 763 3098 rogemus
791 3022 1122 3080 Mareionem
1154 3035 1261 3092 qua
1302 3016 1694 3089 consequentia
1729 3018 1903 3072 locum
1948 3018 2108 3071 istum

2197 1812 2345 1882 juxta
2389 1811 2897 1883 interpretationem
2939 1815 3261 1882 Salvatoris,
3297 1818 3477 1873 omnis
3507 1817 3680 1872 homo
3734 1825 3836 1873 est.

2201 1905 2406 1960 homini
2433 1924 2444 1959 :
2494 1905 2635 1960 nulla
2672 1921 2806 1975 ergo
2835 1908 2940 1962 erit
2971 1908 3111 1962 inter
3139 1925 3361 1965 uxorem
3405 1919 3463 1966 et
3495 1909 3829 1980 quorumli-

2201 1999 2292 2052 bet
2322 1997 2601 2053 hominum
2625 1998 2976 2054 dilectionem
3003 2000 3309 2055 dill‘erentia
3330 2003 3638 2071 charitatis,
3669 2001 3836 2068 quod

2203 2089 2387 2144 dicere
2413 2088 2568 2144 valde
2593 2089 2890 2145 absurdum
2919 2100 3024 2146 est.
3066 2091 3122 2145 lu
3159 2093 3406 2162 proximo
3426 2095 3572 2151 enim
3613 2094 3840 2150 simili-

2205 2183 2334 2237 tudo
2360 2183 2598 2252 ponitur,
2631 2193 2692 2237 ut
2719 2183 2801 2239 sic
2827 2199 2951 2239 eum
2998 2183 3197 2254 diligas
3229 2187 3372 2240 sicut
3403 2197 3476 2251 te,
3536 2197 3592 2244 et
3620 2189 3841 2259 cupias

2205 2292 2328 2332 esse
2353 2278 2638 2332 salvatum.
2663 2278 2719 2332 In
2751 2291 2921 2333 uxore
2949 2287 3128 2333 autem
3157 2279 3582 2349 comparationis
3610 2283 3840 2338 adver-

2207 2370 2380 2439 bium,
2408 2373 2565 2437 sicut,
2606 2387 2718 2428 non
2745 2372 3185 2442 similitudinem,
3233 2373 3326 2428 sed
3357 2375 3842 2445 approbationem

2209 2473 2264 2520 et
2288 2462 2775 2528 conﬁrmationem,
2801 2480 2922 2520 cum
2945 2464 3177 2535 quodam
3200 2465 3442 2536 pondere
3464 2475 3645 2521 sonat.
3676 2467 3843 2536 Quo-

2211 2557 2371 2612 modo
2393 2557 2628 2612 dicimus
2654 2557 2722 2612 de
2748 2557 2868 2613 viro
2899 2576 2913 2612 :
2941 2560 3095 2629 quasi
3129 2559 3210 2611 vir
3251 2557 3401 2622 fecit,
3442 2566 3499 2613 et
3523 2559 3591 2613 de
3618 2559 3839 2614 Salva-

2213 2660 2330 2706 tore
2362 2649 2621 2719 scriptum
2651 2659 2739 2706 est
2773 2669 2786 2704 :
2828 2649 3059 2706 Vidimus
3096 2650 3315 2723 gloriam
3343 2653 3478 2720 ejus,
3508 2653 3664 2724 quasi
3708 2652 3843 2724 glo-

2211 2745 2348 2798 riam
2371 2744 2623 2816 nnigeniti
2667 2743 2846 2813 (Joan.
2878 2759 2931 2812 ι,
2963 2745 3076 2816 tl).
3109 2743 3227 2799 Non
3267 2761 3376 2815 quo
3403 2745 3520 2816 ipse
3560 2745 3838 2802 Salvator

2213 2835 2439 2905 gloriam
2487 2833 2746 2890 habuerit
2801 2835 2869 2891 ad
2925 2837 3388 2906 comparationem
3429 2837 3661 2894 alterius
3705 2838 3840 2894 uni-

2213 2928 2416 2996 geniti:
2451 2928 2568 2999 ipse
2598 2937 2684 2984 est
2736 2929 2883 2986 enim
2933 2932 3264 3002 unigenitus.
3299 2933 3369 2988 Et
3416 2935 3738 3005 unigenitus
3786 2935 3836 2991 si

2216 3030 2272 3074 et
2325 3019 2465 3076 alter
2512 3021 2706 3093 fuerit,
2767 3023 3076 3095 unigenitus
3124 3040 3230 3081 non
3292 3036 3470 3096 potest
3526 3027 3830 3100 appellari.

505 3119 600 3192 qui
620 3118 688 3174 de
713 3115 886 3173 veteri
913 3123 1207 3184 usurpatus
1235 3121 1319 3168 est
1341 3108 2108 3177 Instrumenta,ianristum
2138 3098 2184 3162 C
2219 3110 2377 3168 Unde
2423 3113 2652 3170 alterius
2701 3115 2968 3186 unigeniti
3020 3133 3128 3172 non
3173 3118 3446 3190 indigebat
3496 3098 3762 3192 exemplo
3817 3138 3831 3174 :

505 3221 564 3267 et
595 3212 650 3266 in
694 3207 995 3266 Ecclesiam
1035 3203 1380 3274 interpretari
1413 3211 1599 3273 queat,
1627 3217 1746 3257 cum
1774 3202 1926 3273 juxta
1957 3199 2110 3256 illum

515 3305 802 3374 Scriptura
851 3311 1009 3356 vetus
1055 3297 1286 3355 omnino
1341 3311 1450 3351 non
1509 3293 1780 3365 pertineat
1830 3294 1898 3349 ad
1947 3292 2111 3348 Chrio

516 3407 686 3454 slum.

584 3491 766 3562 (Vers.
800 3488 918 3559 52.)
962 3486 1362 3542 Sacrautentum
1384 3482 1480 3534 hoc
1507 3498 1752 3553 magnum
1779 3491 1872 3549 est,
1904 3495 1994 3550 ego
2016 3496 2114 3533 att-

512 3594 613 3640 tettt
637 3584 778 3650 dico,
808 3584 861 3635 in
892 3579 1097 3636 Christo
1139 3590 1185 3632 et
1229 3577 1284 3630 in
1315 3574 1573 3629 Ecclesia.
1612 3573 1751 3642 Non,
1786 3583 1843 3626 ut
1876 3573 2119 3641 plerique

514 3679 853 3736 existimant.
884 3673 1063 3726 omnis
1091 3670 1318 3724 historia
1361 3683 1483 3735 qua:
1519 3665 1588 3720 tle
1614 3665 1784 3720 Adam
1826 3673 1880 3718 et
1907 3665 1974 3719 de
2005 3665 2117 3720 Eva

516 3774 571 3827 iu
616 3768 815 3827 Genesi
859 3767 1059 3835 scrip'a
1091 3772 1199 3827 est,
1225 3761 1289 3813 ad
1322 3757 1596 3814 Christum
1636 3765 1688 3810 et
1718 3756 1783 3809 ad
1818 3755 2118 3811 Ecclesium

515 3865 678 3919 facile
707 3858 901 3916 referri
936 3864 1133 3925 poteSt,
1162 3851 1256 3909 sed
1289 3849 1676 3907 tantummodo
1708 3847 1851 3916 quod
1897 3847 1948 3902 iu
1983 3863 2124 3916 pra:-

520 3957 663 4012 scnti
691 3955 811 4009 loco
839 3951 1082 4021 ponitur,
1107 3948 1159 4002 id
1181 3957 1267 4003 est
1292 3963 1306 4000 :
1335 3944 1559 4012 Propter
1582 3943 1677 3996 Itoc
1701 3942 1947 4010 relinquet
1969 3940 2122 3994 homo

519 4059 717 4118 patrem
744 4059 895 4098 suum
919 4051 968 4096 et
997 4051 1211 4095 matrem
1237 4055 1404 4094 suam.
1429 4045 1478 4089 et
1503 4034 1787 4088 adlttrrebit
1817 4033 1965 4086 uxori
1991 4049 2122 4099 sum,

521 4148 571 4194 et
610 4143 760 4190 erunt
793 4135 896 4186 duo
938 4134 993 4186 in
1023 4147 1182 4185 carne
1224 4146 1348 4183 una.
1386 4127 1601 4182 Primus
1645 4126 1790 4181 enim
1842 4124 2027 4190 homo,
2071 4133 2125 4179 et

522 4230 736 4300 primus
758 4235 910 4282 vales
932 4225 1128 4290 Adam,
1155 4223 1257 4279 hoc
1289 4222 1357 4275 de
1385 4219 1602 4277 Christo
1647 4230 1702 4274 et
1735 4219 1972 4274 Ecclesia
2002 4232 2126 4286 pro-

522 4321 803 4393 pbetavit:
831 4319 972 4390 quod
999 4317 1286 4383 reliquerit
1315 4314 1578 4368 Dominus
1605 4322 1788 4366 noster
1814 4323 1980 4380 atque
2005 4309 2125 4366 Sal—

520 4423 680 4470 vator
719 4412 937 4468 Patrem
985 4423 1144 4464 suum
1194 4408 1388 4469 Deum,
1432 4417 1483 4459 et
1532 4413 1761 4459 matrem
1804 4418 1960 4457 suam
2011 4417 2127 4457 cce-

2215 3203 2311 3259 sed
2383 3207 2538 3274 quasi
2621 3206 2958 3277 unigenitum
2989 3250 3004 3274 ,
3082 3208 3186 3266 hoc
3244 3219 3359 3276 est,
3431 3222 3492 3267 ttt
3556 3215 3836 3282 semetip-

2215 3313 2334 3352 sum
2384 3297 2616 3354 decebat
2655 3300 2884 3370 gloriam
2941 3301 3164 3370 hahere,
3223 3303 3482 3373 possedit.
3531 3304 3644 3360 [loc
3678 3304 3832 3361 idem

2216 3399 2272 3444 et
2324 3390 2706 3461 septuagesimi
2753 3393 2980 3449 secundi
3024 3397 3243 3464 psalmi,
3283 3397 3433 3464 juxta
3480 3396 3711 3454 Grrecos
3746 3407 3832 3453 ta-

2221 3499 2367 3553 men,
2417 3485 2706 3540 exordium
2759 3497 2917 3542 sonat
2943 3505 2958 3545 :
3000 3491 3068 3552 ὡς
3095 3492 3281 3564 ἀγαθὸς
3307 3491 3334 3547 ὁ
3364 3493 3488 3554 Θεὸς
3517 3501 3592 3568 τῷ
3619 3491 3834 3569 Ἰσραήλ

2219 3584 2326 3637 τοῖς
2351 3578 2513 3632 εὐθέα-ι
2541 3588 2603 3652 τῇ
2636 3579 2841 3656 καρδίᾳ,
2865 3582 3007 3651 quod
3038 3598 3066 3636 a
3094 3586 3300 3640 tmstris
3328 3586 3648 3641 translatum
3699 3596 3790 3642 est
3815 3603 3830 3641 :

2226 3669 2395 3735 Quum
2425 3673 2585 3724 bonus
2615 3671 2754 3728 Deus
2778 3671 2948 3728 Israel
2972 3676 3119 3729 rectis
3140 3677 3294 3732 corde
3323 3675 3499 3746 (Psal.
3533 3694 3710 3744 LXXII,
3754 3678 3828 3750 i)!

2223 3761 2472 3832 Alioquin
2502 3763 2654 3831 juxta
2685 3764 2906 3823 Graecos
2944 3771 3032 3832 ὡς,
3079 3769 3130 3823 id
3159 3779 3264 3836 est,
3315 3771 3474 3841 sicut,
3508 3772 3834 3828 similitudi-

2226 3871 2347 3910 nem
2404 3858 2578 3926 magis
2629 3859 2882 3926 videtur,
2927 3876 3088 3932 quam
3142 3863 3460 3919 ﬁrmitatem
3513 3864 3831 3934 signiﬁcare

2223 3950 2386 4023 662
2415 3950 2705 4016 dictorum,
2733 3954 2778 4008 si
2810 3969 2916 4009 non
2961 3965 3018 4010 ut
3046 3955 3514 4020 confirmationem
3551 3959 3824 4024 audieris,

2225 4041 2322 4096 sed
2349 4042 2499 4112 quasi
2528 4043 2636 4116 [ΑΙ.
2663 4053 2793 4099 tacet
2833 4045 3010 4120 quasi]
3040 4049 3371 4117 exemplum.
3407 4048 3580 4106 Simul
3626 4062 3684 4106 et
3724 4050 3826 4106 hoc

2226 4135 2638 4203 attendendum,
2667 4138 2814 4208 qttod
2834 4139 2914 4194 vir
2933 4139 3160 4211 diligere
3178 4141 3401 4210 jubetur
3421 4157 3673 4207 uxorem,
3709 4159 3827 4198 mu-

2231 4225 2332 4280 lier
2357 4242 2491 4282 vero
2521 4229 2716 4285 timere
2738 4230 2931 4285 virum.
2965 4232 3229 4303 Congrult
3261 4234 3404 4288 enim
3431 4235 3552 4291 viro
3576 4233 3822 4302 dilectio,

2233 4318 2442 4372 mulieri
2477 4320 2677 4375 timor:
2706 4335 2872 4377 servo
2901 4337 3032 4378 vero
3063 4339 3175 4378 non
3205 4324 3380 4379 solum
3412 4335 3607 4392 metus,
3643 4325 3740 4381 sed
3771 4331 3824 4380 et

2233 4419 2440 4466 tremor
2457 4411 2724 4481 jungitur.
2751 4414 2907 4470 Unde
2926 4416 3054 4471 etin
3075 4418 3541 4485 consequentibus
3563 4419 3639 4473 ait
3671 4419 3823 4475 :Ser—

526 4509 719 4564 testem
743 4502 1072 4563 Jerusalem,
1105 4509 1159 4555 et
1189 4499 1399 4554 venerit
1428 4498 1492 4552 :zd
1527 4506 1696 4550 terras
1728 4505 1948 4565 propter
1967 4509 2122 4550 suum
2150 4481 2206 4542 Ῑ)
2229 4504 2307 4564 vi.
2341 4503 2537 4558 obedite
2565 4503 2788 4561 dominis
2825 4509 3121 4564 carnalibus
3151 4481 3271 4564 runt
3296 4512 3479 4566 timore
3507 4523 3553 4567 et
3580 4523 3817 4568 tremore.

526 4611 726 4668 corpus
755 4595 1079 4660 Ecclesiam,
1110 4602 1166 4646 et
1195 4592 1264 4646 de
1303 4607 1404 4646 suo
1450 4605 1570 4644 eam
1618 4589 1786 4642 latere
1831 4587 2126 4642 fabricatus

524 4693 618 4758 sit,
640 4702 695 4749 et
720 4698 945 4763 propter
969 4689 1115 4742 illam
1140 4687 1375 4742 Verbum
1403 4701 1533 4740 caro
1559 4686 1754 4739 factum
1783 4681 1877 4738 sit.
1908 4683 1974 4738 Et
1998 4682 2121 4753 quia

524 4802 632 4842 tton
682 4785 863 4840 omnia
909 4781 1138 4853 :equalia
1188 4789 1522 4836 sacramenta
1566 4785 1712 4839 sunt,
1742 4775 1836 4830 sed
1869 4773 2123 4830 estaliud

521 4886 924 4937 sacramentum
949 4877 1145 4940 maius,
1170 4883 1223 4929 et
1241 4873 1386 4927 aliud
1413 4871 1592 4926 minus
1617 4887 1630 4924 :
1666 4878 1951 4940 propterea
1978 4881 2123 4922 nunc

522 4971 651 5027 dicit
678 4989 693 5024 :
725 4969 1118 5026 Sacratttentum
1156 4964 1254 5019 hoc
1294 4980 1541 5035 magnum
1569 4972 1680 5017 est:
1705 4963 1981 5032 sunulque
2023 4960 2121 5014 ltu-

525 5065 772 5119 militatis
792 5064 913 5133 ejus
935 5061 1195 5117 indicium
1221 5070 1300 5115 est
1327 5057 1651 5112 inferentis:
1683 5056 1792 5128 Ego
1814 5067 1985 5111 autem
2007 5056 2122 5108 dico

522 5157 682 5232 661
714 5159 764 5210 in
793 5154 998 5212 Christo
1025 5161 1072 5208 et
1116 5153 1167 5207 iu
1215 5150 1468 5208 Ecclesia.
1502 5150 1800 5220 Gregorius
1833 5149 2123 5203 Nazianze—

521 5275 647 5322 nus,
693 5257 777 5312 vir
823 5256 981 5312 valde
1023 5255 1307 5321 elo-piens,
1339 5262 1392 5305 ct
1433 5251 1488 5306 in
1535 5251 1835 5319 Seripturis
1876 5252 2120 5320 apprime

521 5351 790 5414 eruditus,
818 5365 941 5405 eum
974 5349 1042 5402 de
1072 5349 1172 5401 hoc
1203 5361 1414 5401 meeum
1447 5352 1708 5398 tractaret
1737 5344 1879 5406 lo-‘o,
1911 5345 2121 5397 solebat

516 5444 741 5500 dicere:
773 5442 910 5497 Vide
939 5451 1203 5512 quantum
1251 5439 1404 5494 istius
1443 5438 1663 5510 capituli
1711 5446 2111 5492 sacramentum

513 5539 607 5603 sit,
637 5545 697 5592 ut
730 5535 1025 5608 Apostolus
1061 5535 1113 5590 in
1147 5533 1368 5588 Christo
1401 5531 1555 5598 illud,
1584 5539 1640 5586 et
1668 5532 1720 5586 in
1755 5530 1995 5586 Ecclesia
2027 5530 2110 5584 in-

515 5637 842 5698 terpretans,
873 5641 978 5681 non
1003 5641 1064 5681 se
1091 5625 1163 5681 ita
1189 5631 1420 5690 asserat,
1453 5632 1513 5678 ut
1545 5621 1842 5678 testimonii
1873 5621 2113 5691 postula-

514 5725 606 5782 bat
629 5717 880 5788 dignitas,
910 5715 1280 5785 expressisse:
1315 5713 1410 5771 sed
1436 5710 1836 5788 quodammodo
1865 5710 2064 5768 dixerit
2091 5723 2110 5768 :

2302 4595 2499 4651 Mulier
2539 4607 2710 4652 autem
2760 4608 2817 4653 ut
2857 4601 3034 4654 timeat
3071 4603 3255 4657 virum.
3286 4603 3344 4659 Si
3372 4604 3424 4658 in
3454 4606 3618 4660 Deum
3649 4613 3819 4660 metus

2231 4698 2455 4758 propter
2481 4690 2729 4746 timorem
2757 4691 3034 4762 supplicii,
3070 4709 3178 4748 non
3205 4695 3334 4749 sinit
3363 4710 3485 4750 eum
3514 4697 3604 4765 qui
3629 4695 3820 4752 metuit

2230 4795 2351 4836 esse
2383 4779 2680 4851 perlectum
2710 4798 2725 4842 ;
2758 4794 2964 4851 quanto
2992 4785 3166 4853 magis
3214 4786 3527 4852 imperfecta
3572 4788 3678 4843 erit
3707 4801 3818 4842 mu-

2231 4872 2349 4938 lier,
2399 4888 2505 4926 non
2535 4873 2708 4928 solum
2738 4873 2928 4940 Deum,
2963 4875 3058 4930 sed
3103 4877 3265 4931 etiam
3311 4877 3488 4933 virum
3534 4874 3817 4934 metuens?

2229 4964 2458 5034 Propter
2481 4964 2624 5034 quod
2655 4967 3066 5038 requirendum,
3094 4983 3161 5023 an
3185 4971 3475 5024 carnaliter
3501 4985 3638 5025 uxor
3667 4968 3816 5026 intel-

2226 5056 2438 5126 ligenda
2479 5056 2570 5126 sit,
2603 5066 2662 5112 et
2703 5060 2887 5115 uxoris
2916 5061 3117 5115 timor:
3149 5076 3270 5117 cum
3317 5062 3630 5133 frequenter
3655 5063 3815 5119 multo

2225 5153 2480 5207 meliores
2504 5153 2715 5208 maritis
2745 5154 3097 5210 inveniantur
3126 5171 3327 5212 uxores
3350 5166 3405 5211 et
3430 5157 3508 5212 eis
3531 5157 3810 5225 imperent,

2224 5257 2278 5300 et
2317 5247 2534 5300 domum
2569 5258 2783 5317 regant,
2817 5257 2873 5301 et
2895 5247 3128 5302 educent
3154 5248 3375 5313 liberos,
3418 5257 3472 5304 et
3502 5248 3716 5303 l'atuilize
3740 5253 3813 5300 te-

2223 5354 2380 5395 neant
2407 5341 2749 5410 disciplinam
2784 5360 2795 5395 :
2835 5341 2942 5396 illis
2971 5340 3370 5398 luxuriantibus
3411 5350 3466 5396 et
3507 5357 3603 5411 per
3645 5347 3810 5395 scorta

2220 5433 2592 5489 currentibus.
2624 5432 2718 5487 Ha:
2748 5433 2889 5488 viros
2929 5447 3060 5488 suos
3090 5443 3267 5488 utrum
3299 5448 3528 5505 regnare
3563 5432 3804 5492 debeant.

2213 5541 2281 5581 an
2311 5528 2525 5593 timere,
2561 5524 2784 5581 lectoris
2814 5525 3043 5581 arbitrio
3069 5525 3417 5596 tlerelinquo.
3449 5524 3601 5594 Quod
3626 5525 3670 5578 si
3693 5523 3808 5592 jux-

2218 5630 2268 5674 ta
2295 5618 2633 5691 allegoriam,
2664 5629 2725 5674 ut
2749 5633 2913 5690 supra
2941 5617 3198 5688 diximus,
3229 5633 3371 5674 uxor
3391 5619 3443 5672 in
3468 5631 3698 5689 corpore
3725 5627 3806 5667 ac-

2215 5710 2435 5785 cipitur,
2474 5710 2556 5767 vir
2588 5711 2639 5767 in
2671 5711 2874 5780 animo,
2905 5709 3039 5776 nihil
3090 5701 3447 5791 incongruum
3493 5721 3576 5767 est
3627 5708 3809 5765 timere
