  <div class='ocr_page' id='page_1' title='image "/cluster/home/n/w/nwhite01/storage/ocr_20150623/26/uva.x000826568/276.png"; bbox 0 0 4034 6358; ppageno 0'>
   <div class='ocr_carea' id='block_1_1' title="bbox 310 296 410 355">
    <p class='ocr_par' dir='ltr' id='par_1_1' title="bbox 310 296 410 355">
     <span class='ocr_line' id='line_1_1' title="bbox 310 296 410 355; baseline -0.06 1"><span class='ocrx_word' id='word_1_1' title='bbox 310 296 410 355; x_wconf 75' lang='lat'><strong>5&#39;57</strong></span> 
     </span>
    </p>
   </div>
   <div class='ocr_carea' id='block_1_2' title="bbox 771 289 3118 356">
    <p class='ocr_par' dir='ltr' id='par_1_2' title="bbox 771 289 3118 356">
     <span class='ocr_line' id='line_1_2' title="bbox 771 289 3118 356; baseline 0.003 -6"><span class='ocrx_word' id='word_1_2' title='bbox 771 289 1426 350; x_wconf 72' lang='lat' dir='ltr'><strong>COMMENTARIORUM</strong></span> <span class='ocrx_word' id='word_1_3' title='bbox 1464 289 1534 346; x_wconf 78' lang='grc' dir='ltr'>ΙΝ</span> <span class='ocrx_word' id='word_1_4' title='bbox 1571 289 1973 350; x_wconf 70' lang='lat' dir='ltr'><strong>EPISTOLAM</strong></span> <span class='ocrx_word' id='word_1_5' title='bbox 2017 290 2110 348; x_wconf 83' lang='lat' dir='ltr'><strong>AD</strong></span> <span class='ocrx_word' id='word_1_6' title='bbox 2152 289 2489 352; x_wconf 81' lang='lat' dir='ltr'><strong>EPHESIOS</strong></span> <span class='ocrx_word' id='word_1_7' title='bbox 2526 293 2658 352; x_wconf 80' lang='lat' dir='ltr'><strong>LIB.</strong></span> <span class='ocrx_word' id='word_1_8' title='bbox 2702 293 2790 354; x_wconf 85' lang='lat' dir='ltr'><strong>Ill.</strong></span> <span class='ocrx_word' id='word_1_9' title='bbox 2829 293 2986 355; x_wconf 76' lang='lat' dir='ltr'><strong>CAP.</strong></span> <span class='ocrx_word' id='word_1_10' title='bbox 3029 296 3118 356; x_wconf 71' lang='lat' dir='ltr'><strong>Vl.</strong></span> 
     </span>
    </p>
   </div>
   <div class='ocr_carea' id='block_1_3' title="bbox 3487 303 3598 362">
    <p class='ocr_par' dir='ltr' id='par_1_3' title="bbox 3487 303 3598 362">
     <span class='ocr_line' id='line_1_3' title="bbox 3487 303 3598 362; baseline 0.018 -2"><span class='ocrx_word' id='word_1_11' title='bbox 3487 303 3598 362; x_wconf 74' lang='lat'><strong>558</strong></span> 
     </span>
    </p>
   </div>
   <div class='ocr_carea' id='block_1_4' title="bbox 305 404 3610 476">
    <p class='ocr_par' dir='ltr' id='par_1_4' title="bbox 305 404 3610 476">
     <span class='ocr_line' id='line_1_4' title="bbox 305 404 3610 476; baseline 0.002 -12"><span class='ocrx_word' id='word_1_12' title='bbox 305 425 419 464; x_wconf 86' lang='lat' dir='ltr'><strong>eam</strong></span> <span class='ocrx_word' id='word_1_13' title='bbox 452 416 510 462; x_wconf 89' lang='lat' dir='ltr'><strong>ut</strong></span> <span class='ocrx_word' id='word_1_14' title='bbox 548 405 802 462; x_wconf 77' lang='lat' dir='ltr'><strong>ancillam</strong></span> <span class='ocrx_word' id='word_1_15' title='bbox 834 407 1033 466; x_wconf 80' lang='lat' dir='ltr'><strong>virum,</strong></span> <span class='ocrx_word' id='word_1_16' title='bbox 1067 407 1118 458; x_wconf 89' lang='lat' dir='ltr'><strong>in</strong></span> <span class='ocrx_word' id='word_1_17' title='bbox 1143 404 1385 458; x_wconf 90' lang='lat' dir='ltr'><strong>secundo</strong></span> <span class='ocrx_word' id='word_1_18' title='bbox 1429 404 1598 471; x_wconf 72' lang='lat' dir='ltr'><strong>gradu</strong></span> <span class='ocrx_word' id='word_1_19' title='bbox 1630 415 1685 458; x_wconf 85' lang='lat' dir='ltr'><strong>et</strong></span> <span class='ocrx_word' id='word_1_20' title='bbox 1727 407 1778 457; x_wconf 92' lang='lat' dir='ltr'><strong>in</strong></span> <span class='ocrx_word' id='word_1_21' title='bbox 1810 407 1893 458; x_wconf 77' lang='lat' dir='ltr'><strong>vi-</strong></span> <span class='ocrx_word' id='word_1_22' title='bbox 1927 409 1968 466; x_wconf 74' lang='grc' dir='ltr'><strong>Α</strong></span> <span class='ocrx_word' id='word_1_23' title='bbox 2001 406 2179 460; x_wconf 86' lang='lat' dir='ltr'><strong>subtus</strong></span> <span class='ocrx_word' id='word_1_24' title='bbox 2212 416 2400 461; x_wconf 89' lang='lat' dir='ltr'><strong>terram</strong></span> <span class='ocrx_word' id='word_1_25' title='bbox 2423 423 2442 461; x_wconf 88' lang='lat'><strong><em>:</em></strong></span> <span class='ocrx_word' id='word_1_26' title='bbox 2486 426 2588 462; x_wconf 83' lang='lat' dir='ltr'><strong>non</strong></span> <span class='ocrx_word' id='word_1_27' title='bbox 2618 410 2863 464; x_wconf 73' lang='lat' dir='ltr'><strong>adorabis</strong></span> <span class='ocrx_word' id='word_1_28' title='bbox 2885 428 2964 476; x_wconf 86' lang='lat' dir='ltr'><strong>ea,</strong></span> <span class='ocrx_word' id='word_1_29' title='bbox 2994 421 3042 465; x_wconf 88' lang='lat' dir='ltr'><strong>et</strong></span> <span class='ocrx_word' id='word_1_30' title='bbox 3083 429 3188 467; x_wconf 91' lang='lat' dir='ltr'><strong>non</strong></span> <span class='ocrx_word' id='word_1_31' title='bbox 3221 413 3510 469; x_wconf 81' lang='lat' dir='ltr'><strong>immolabis</strong></span> <span class='ocrx_word' id='word_1_32' title='bbox 3543 417 3610 472; x_wconf 87' lang='lat' dir='ltr'><strong>il-</strong></span> 
     </span>
    </p>
   </div>
   <div class='ocr_carea' id='block_1_5' title="bbox 305 497 1903 566">
    <p class='ocr_par' dir='ltr' id='par_1_5' title="bbox 305 497 1903 566">
     <span class='ocr_line' id='line_1_5' title="bbox 305 497 1903 566; baseline -0.003 -10"><span class='ocrx_word' id='word_1_33' title='bbox 305 502 422 556; x_wconf 89' lang='lat' dir='ltr'><strong>li0ri</strong></span> <span class='ocrx_word' id='word_1_34' title='bbox 451 499 757 553; x_wconf 87' lang='lat' dir='ltr'><strong>substantia</strong></span> <span class='ocrx_word' id='word_1_35' title='bbox 803 498 1173 551; x_wconf 79' lang='lat' dir='ltr'><strong>constitutam.</strong></span> <span class='ocrx_word' id='word_1_36' title='bbox 1226 497 1403 550; x_wconf 80' lang='lat' dir='ltr'><strong>Animi</strong></span> <span class='ocrx_word' id='word_1_37' title='bbox 1456 497 1674 566; x_wconf 60' lang='lat' dir='ltr'><strong>quipp&quot;,</strong></span> <span class='ocrx_word' id='word_1_38' title='bbox 1727 507 1786 550; x_wconf 92' lang='lat' dir='ltr'><strong>ut</strong></span> <span class='ocrx_word' id='word_1_39' title='bbox 1829 498 1903 552; x_wconf 89' lang='lat' dir='ltr'><strong>ait</strong></span> 
     </span>
    </p>
   </div>
   <div class='ocr_carea' id='block_1_6' title="bbox 305 589 1898 661">
    <p class='ocr_par' dir='ltr' id='par_1_6' title="bbox 305 589 1898 661">
     <span class='ocr_line' id='line_1_6' title="bbox 305 589 1898 661; baseline -0.002 -13"><span class='ocrx_word' id='word_1_40' title='bbox 305 593 544 661; x_wconf 76' lang='lat' dir='ltr'><strong>Crispus,</strong></span> <span class='ocrx_word' id='word_1_41' title='bbox 599 591 850 660; x_wconf 88' lang='lat' dir='ltr'><strong>imperio,</strong></span> <span class='ocrx_word' id='word_1_42' title='bbox 901 589 1144 658; x_wconf 83' lang='lat' dir='ltr'><strong>corporis</strong></span> <span class='ocrx_word' id='word_1_43' title='bbox 1182 590 1412 643; x_wconf 72' lang='lat' dir='ltr'><strong>servitio</strong></span> <span class='ocrx_word' id='word_1_44' title='bbox 1463 589 1631 658; x_wconf 79' lang='lat' dir='ltr'><strong>magis</strong></span> <span class='ocrx_word' id='word_1_45' title='bbox 1677 591 1898 648; x_wconf 92' lang='lat' dir='ltr'><strong>utimur.</strong></span> 
     </span>
    </p>
   </div>
   <div class='ocr_carea' id='block_1_7' title="bbox 304 682 1904 753">
    <p class='ocr_par' dir='ltr' id='par_1_7' title="bbox 304 682 1904 753">
     <span class='ocr_line' id='line_1_7' title="bbox 304 682 1904 753; baseline 0.001 -13"><span class='ocrx_word' id='word_1_46' title='bbox 304 687 398 752; x_wconf 89' lang='lat' dir='ltr'><strong>Qui</strong></span> <span class='ocrx_word' id='word_1_47' title='bbox 427 699 561 740; x_wconf 68' lang='lat' dir='ltr'><strong>vero</strong></span> <span class='ocrx_word' id='word_1_48' title='bbox 589 683 898 751; x_wconf 79' lang='lat' dir='ltr'><strong>simplicem</strong></span> <span class='ocrx_word' id='word_1_49' title='bbox 943 683 1352 751; x_wconf 81' lang='lat' dir='ltr'><strong>intelligentiam</strong></span> <span class='ocrx_word' id='word_1_50' title='bbox 1383 682 1626 738; x_wconf 76' lang='lat' dir='ltr'><strong>mulieris</strong></span> <span class='ocrx_word' id='word_1_51' title='bbox 1655 683 1904 753; x_wconf 89' lang='lat' dir='ltr'><strong>sequitur</strong></span> 
     </span>
    </p>
   </div>
   <div class='ocr_carea' id='block_1_8' title="bbox 305 775 1902 846">
    <p class='ocr_par' dir='ltr' id='par_1_8' title="bbox 305 775 1902 846">
     <span class='ocr_line' id='line_1_8' title="bbox 305 775 1902 846; baseline -0.003 -11"><span class='ocrx_word' id='word_1_52' title='bbox 305 790 352 835; x_wconf 87' lang='lat' dir='ltr'><strong>et</strong></span> <span class='ocrx_word' id='word_1_53' title='bbox 384 778 585 838; x_wconf 85' lang='lat' dir='ltr'><strong>mariti,</strong></span> <span class='ocrx_word' id='word_1_54' title='bbox 633 775 771 830; x_wconf 86' lang='lat' dir='ltr'><strong>duas</strong></span> <span class='ocrx_word' id='word_1_55' title='bbox 813 776 1201 846; x_wconf 76' lang='lat' dir='ltr'><strong>signiﬁcantius</strong></span> <span class='ocrx_word' id='word_1_56' title='bbox 1245 775 1296 828; x_wconf 94' lang='lat' dir='ltr'><strong>in</strong></span> <span class='ocrx_word' id='word_1_57' title='bbox 1336 775 1505 830; x_wconf 78' lang='lat' dir='ltr'><strong>verbo</strong></span> <span class='ocrx_word' id='word_1_58' title='bbox 1546 776 1752 830; x_wconf 84' lang='lat' dir='ltr'><strong>timoris</strong></span> <span class='ocrx_word' id='word_1_59' title='bbox 1782 791 1902 831; x_wconf 85' lang='lat' dir='ltr'><strong>esse</strong></span> 
     </span>
    </p>
   </div>
   <div class='ocr_carea' id='block_1_9' title="bbox 305 867 1901 938">
    <p class='ocr_par' dir='ltr' id='par_1_9' title="bbox 305 867 1901 938">
     <span class='ocr_line' id='line_1_9' title="bbox 305 867 1901 938; baseline -0.004 -12"><span class='ocrx_word' id='word_1_60' title='bbox 305 869 648 926; x_wconf 89' lang='lat' dir='ltr'><strong>monstrabit.</strong></span> <span class='ocrx_word' id='word_1_61' title='bbox 682 869 745 924; x_wconf 85' lang='lat' dir='ltr'><strong>Et</strong></span> <span class='ocrx_word' id='word_1_62' title='bbox 778 869 924 923; x_wconf 75' lang='lat' dir='ltr'><strong>diect</strong></span> <span class='ocrx_word' id='word_1_63' title='bbox 950 883 1054 922; x_wconf 89' lang='lat' dir='ltr'><strong>una</strong></span> <span class='ocrx_word' id='word_1_64' title='bbox 1086 867 1154 923; x_wconf 86' lang='lat' dir='ltr'><strong>de</strong></span> <span class='ocrx_word' id='word_1_65' title='bbox 1181 882 1286 938; x_wconf 91' lang='lat' dir='ltr'><strong>qua</strong></span> <span class='ocrx_word' id='word_1_66' title='bbox 1339 867 1579 922; x_wconf 78' lang='lat' dir='ltr'><strong>Joannes</strong></span> <span class='ocrx_word' id='word_1_67' title='bbox 1632 869 1708 921; x_wconf 92' lang='lat' dir='ltr'><strong>ait</strong></span> <span class='ocrx_word' id='word_1_68' title='bbox 1739 885 1752 921; x_wconf 91' lang='lat'>:</span> <span class='ocrx_word' id='word_1_69' title='bbox 1799 867 1901 934; x_wconf 83' lang='lat' dir='ltr'><strong>Qui</strong></span> 
     </span>
    </p>
   </div>
   <div class='ocr_carea' id='block_1_10' title="bbox 305 959 1902 1034">
    <p class='ocr_par' dir='ltr' id='par_1_10' title="bbox 305 959 1902 1034">
     <span class='ocr_line' id='line_1_10' title="bbox 305 959 1902 1034; baseline -0.001 -17"><span class='ocrx_word' id='word_1_70' title='bbox 305 965 464 1027; x_wconf 88' lang='lat' dir='ltr'><strong>tintet,</strong></span> <span class='ocrx_word' id='word_1_71' title='bbox 488 978 688 1034; x_wconf 78' lang='lat' dir='ltr'><strong>pwuam</strong></span> <span class='ocrx_word' id='word_1_72' title='bbox 720 959 893 1024; x_wconf 65' lang='lat' dir='ltr'><strong>habet,</strong></span> <span class='ocrx_word' id='word_1_73' title='bbox 935 969 985 1014; x_wconf 92' lang='lat' dir='ltr'><strong>et</strong></span> <span class='ocrx_word' id='word_1_74' title='bbox 1027 960 1116 1029; x_wconf 72' lang='lat' dir='ltr'><strong>qui</strong></span> <span class='ocrx_word' id='word_1_75' title='bbox 1141 960 1304 1022; x_wconf 85' lang='lat' dir='ltr'><strong>timet,</strong></span> <span class='ocrx_word' id='word_1_76' title='bbox 1344 975 1446 1013; x_wconf 88' lang='lat' dir='ltr'><strong>non</strong></span> <span class='ocrx_word' id='word_1_77' title='bbox 1472 969 1546 1013; x_wconf 86' lang='lat' dir='ltr'><strong>est</strong></span> <span class='ocrx_word' id='word_1_78' title='bbox 1579 960 1835 1030; x_wconf 73' lang='lat' dir='ltr'><strong>perfectus</strong></span> <span class='ocrx_word' id='word_1_79' title='bbox 1858 959 1902 1030; x_wconf 91' lang='grc' dir='ltr'><strong>(Ι</strong></span> 
     </span>
    </p>
   </div>
   <div class='ocr_carea' id='block_1_11' title="bbox 305 1052 1904 1123">
    <p class='ocr_par' dir='ltr' id='par_1_11' title="bbox 305 1052 1904 1123">
     <span class='ocr_line' id='line_1_11' title="bbox 305 1052 1904 1123; baseline -0.003 -14"><span class='ocrx_word' id='word_1_80' title='bbox 305 1055 462 1109; x_wconf 78' lang='lat' dir='ltr'><strong>Joan.</strong></span> <span class='ocrx_word' id='word_1_81' title='bbox 497 1069 571 1120; x_wconf 81' lang='lat' dir='ltr'><strong>tv,</strong></span> <span class='ocrx_word' id='word_1_82' title='bbox 608 1055 718 1115; x_wconf 81' lang='lat' dir='ltr'><strong>l8).</strong></span> <span class='ocrx_word' id='word_1_83' title='bbox 751 1054 911 1108; x_wconf 84' lang='lat' dir='ltr'><strong>Juxta</strong></span> <span class='ocrx_word' id='word_1_84' title='bbox 951 1067 1112 1123; x_wconf 88' lang='lat' dir='ltr'><strong>quam</strong></span> <span class='ocrx_word' id='word_1_85' title='bbox 1143 1061 1199 1106; x_wconf 88' lang='lat' dir='ltr'><strong>et</strong></span> <span class='ocrx_word' id='word_1_86' title='bbox 1228 1053 1371 1106; x_wconf 80' lang='lat' dir='ltr'><strong>servi</strong></span> <span class='ocrx_word' id='word_1_87' title='bbox 1395 1052 1644 1121; x_wconf 84' lang='lat' dir='ltr'><strong>spiritqu</strong></span> <span class='ocrx_word' id='word_1_88' title='bbox 1667 1053 1904 1108; x_wconf 76' lang='lat' dir='ltr'><strong>servitu-</strong></span> 
     </span>
    </p>
   </div>
   <div class='ocr_carea' id='block_1_12' title="bbox 307 1144 1905 1215">
    <p class='ocr_par' dir='ltr' id='par_1_12' title="bbox 307 1144 1905 1215">
     <span class='ocr_line' id='line_1_12' title="bbox 307 1144 1905 1215; baseline -0.003 -13"><span class='ocrx_word' id='word_1_89' title='bbox 307 1147 376 1202; x_wconf 90' lang='lat' dir='ltr'><strong>tis</strong></span> <span class='ocrx_word' id='word_1_90' title='bbox 409 1146 607 1202; x_wconf 80' lang='lat' dir='ltr'><strong>habent</strong></span> <span class='ocrx_word' id='word_1_91' title='bbox 638 1145 690 1200; x_wconf 92' lang='lat' dir='ltr'><strong>in</strong></span> <span class='ocrx_word' id='word_1_92' title='bbox 735 1146 952 1212; x_wconf 91' lang='lat' dir='ltr'><strong>timore,</strong></span> <span class='ocrx_word' id='word_1_93' title='bbox 991 1160 1153 1212; x_wconf 85' lang='lat' dir='ltr'><strong>quem</strong></span> <span class='ocrx_word' id='word_1_94' title='bbox 1185 1145 1478 1215; x_wconf 75' lang='lat' dir='ltr'><strong>exiguntur</strong></span> <span class='ocrx_word' id='word_1_95' title='bbox 1503 1159 1532 1197; x_wconf 89' lang='lat' dir='ltr'><strong>a</strong></span> <span class='ocrx_word' id='word_1_96' title='bbox 1567 1144 1796 1199; x_wconf 91' lang='lat' dir='ltr'><strong>Domino</strong></span> <span class='ocrx_word' id='word_1_97' title='bbox 1823 1144 1905 1198; x_wconf 85' lang='lat' dir='ltr'><strong>di-</strong></span> 
     </span>
    </p>
   </div>
   <div class='ocr_carea' id='block_1_13' title="bbox 305 1237 1904 1312">
    <p class='ocr_par' dir='ltr' id='par_1_13' title="bbox 305 1237 1904 1312">
     <span class='ocr_line' id='line_1_13' title="bbox 305 1237 1904 1312; baseline -0.004 -15"><span class='ocrx_word' id='word_1_98' title='bbox 305 1253 463 1297; x_wconf 83' lang='lat' dir='ltr'><strong>cente</strong></span> <span class='ocrx_word' id='word_1_99' title='bbox 487 1240 554 1295; x_wconf 89' lang='lat' dir='ltr'><strong>ad</strong></span> <span class='ocrx_word' id='word_1_100' title='bbox 608 1254 705 1295; x_wconf 86' lang='lat' dir='ltr'><strong>eos</strong></span> <span class='ocrx_word' id='word_1_101' title='bbox 736 1255 752 1294; x_wconf 88' lang='lat'><strong>:</strong></span> <span class='ocrx_word' id='word_1_102' title='bbox 785 1238 915 1294; x_wconf 87' lang='lat' dir='ltr'><strong>Etsi</strong></span> <span class='ocrx_word' id='word_1_103' title='bbox 943 1247 1093 1312; x_wconf 85' lang='lat' dir='ltr'><strong>pater</strong></span> <span class='ocrx_word' id='word_1_104' title='bbox 1143 1256 1256 1293; x_wconf 86' lang='lat' dir='ltr'><strong>sunt</strong></span> <span class='ocrx_word' id='word_1_105' title='bbox 1314 1254 1430 1310; x_wconf 89' lang='lat' dir='ltr'><strong>ego,</strong></span> <span class='ocrx_word' id='word_1_106' title='bbox 1490 1237 1577 1291; x_wconf 84' lang='lat' dir='ltr'><strong>ubi</strong></span> <span class='ocrx_word' id='word_1_107' title='bbox 1603 1247 1680 1293; x_wconf 86' lang='lat' dir='ltr'><strong>est</strong></span> <span class='ocrx_word' id='word_1_108' title='bbox 1737 1238 1904 1308; x_wconf 82' lang='lat' dir='ltr'><strong>gloria</strong></span> 
     </span>
    </p>
   </div>
   <div class='ocr_carea' id='block_1_14' title="bbox 304 1329 1906 1402">
    <p class='ocr_par' dir='ltr' id='par_1_14' title="bbox 304 1329 1906 1402">
     <span class='ocr_line' id='line_1_14' title="bbox 304 1329 1906 1402; baseline -0.003 -14"><span class='ocrx_word' id='word_1_109' title='bbox 304 1352 411 1389; x_wconf 82' lang='lat' dir='ltr'><strong>mea</strong></span> <span class='ocrx_word' id='word_1_110' title='bbox 429 1351 448 1388; x_wconf 94' lang='lat'><em>:</em></span> <span class='ocrx_word' id='word_1_111' title='bbox 478 1343 526 1388; x_wconf 87' lang='lat' dir='ltr'><strong>et</strong></span> <span class='ocrx_word' id='word_1_112' title='bbox 551 1334 592 1388; x_wconf 89' lang='lat' dir='ltr'><strong>si</strong></span> <span class='ocrx_word' id='word_1_113' title='bbox 625 1333 873 1388; x_wconf 88' lang='lat' dir='ltr'><strong>dominus</strong></span> <span class='ocrx_word' id='word_1_114' title='bbox 901 1348 1013 1386; x_wconf 85' lang='lat' dir='ltr'><strong>sum</strong></span> <span class='ocrx_word' id='word_1_115' title='bbox 1037 1348 1154 1402; x_wconf 88' lang='lat' dir='ltr'><strong>ego,</strong></span> <span class='ocrx_word' id='word_1_116' title='bbox 1178 1331 1266 1384; x_wconf 88' lang='lat' dir='ltr'><strong>ubi</strong></span> <span class='ocrx_word' id='word_1_117' title='bbox 1305 1341 1380 1386; x_wconf 86' lang='lat' dir='ltr'><strong>est</strong></span> <span class='ocrx_word' id='word_1_118' title='bbox 1407 1333 1562 1384; x_wconf 87' lang='lat' dir='ltr'><strong>timor</strong></span> <span class='ocrx_word' id='word_1_119' title='bbox 1589 1346 1731 1384; x_wconf 87' lang='lat' dir='ltr'><strong>meus</strong></span> <span class='ocrx_word' id='word_1_120' title='bbox 1763 1329 1906 1400; x_wconf 75' lang='lat' dir='ltr'><strong>(Ma-</strong></span> 
     </span>
    </p>
   </div>
   <div class='ocr_carea' id='block_1_15' title="bbox 297 1421 1906 1495">
    <p class='ocr_par' dir='ltr' id='par_1_15' title="bbox 297 1421 1906 1495">
     <span class='ocr_line' id='line_1_15' title="bbox 297 1421 1906 1495; baseline -0.004 -13"><span class='ocrx_word' id='word_1_121' title='bbox 297 1426 428 1482; x_wconf 80' lang='lat' dir='ltr'><strong>laelt.</strong></span> <span class='ocrx_word' id='word_1_122' title='bbox 463 1442 513 1493; x_wconf 89' lang='lat' dir='ltr'><strong>t,</strong></span> <span class='ocrx_word' id='word_1_123' title='bbox 539 1425 638 1494; x_wconf 79' lang='lat'><strong>6)?</strong></span> <span class='ocrx_word' id='word_1_124' title='bbox 665 1425 906 1480; x_wconf 79' lang='lat' dir='ltr'><strong>Alteram</strong></span> <span class='ocrx_word' id='word_1_125' title='bbox 939 1439 1068 1479; x_wconf 83' lang='lat' dir='ltr'><strong>vero</strong></span> <span class='ocrx_word' id='word_1_126' title='bbox 1091 1441 1211 1495; x_wconf 76' lang='lat' dir='ltr'><strong>qua:</strong></span> <span class='ocrx_word' id='word_1_127' title='bbox 1238 1425 1379 1491; x_wconf 89' lang='lat' dir='ltr'><strong>apud</strong></span> <span class='ocrx_word' id='word_1_128' title='bbox 1410 1421 1769 1494; x_wconf 83' lang='lat' dir='ltr'><strong>philosOphos</strong></span> <span class='ocrx_word' id='word_1_129' title='bbox 1808 1439 1906 1476; x_wconf 77' lang='lat' dir='ltr'><strong>uo-</strong></span> 
     </span>
    </p>
   </div>
   <div class='ocr_carea' id='block_1_16' title="bbox 303 1515 1901 1583">
    <p class='ocr_par' dir='ltr' id='par_1_16' title="bbox 303 1515 1901 1583">
     <span class='ocr_line' id='line_1_16' title="bbox 303 1515 1901 1583; baseline -0.004 -9"><span class='ocrx_word' id='word_1_130' title='bbox 303 1518 540 1574; x_wconf 82' lang='lat' dir='ltr'><strong>minatur</strong></span> <span class='ocrx_word' id='word_1_131' title='bbox 569 1519 826 1583; x_wconf 64' lang='grc' dir='ltr'><strong>εὐλάϐεια,</strong></span> <span class='ocrx_word' id='word_1_132' title='bbox 850 1526 903 1572; x_wconf 88' lang='grc' dir='ltr'><strong>ει</strong></span> <span class='ocrx_word' id='word_1_133' title='bbox 922 1517 1063 1582; x_wconf 82' lang='lat' dir='ltr'><strong>apud</strong></span> <span class='ocrx_word' id='word_1_134' title='bbox 1094 1531 1215 1583; x_wconf 89' lang='lat' dir='ltr'><strong>nos,</strong></span> <span class='ocrx_word' id='word_1_135' title='bbox 1247 1515 1374 1571; x_wconf 88' lang='lat' dir='ltr'><strong>licet</strong></span> <span class='ocrx_word' id='word_1_136' title='bbox 1405 1531 1512 1570; x_wconf 91' lang='lat' dir='ltr'><strong>non</strong></span> <span class='ocrx_word' id='word_1_137' title='bbox 1538 1515 1700 1582; x_wconf 77' lang='lat' dir='ltr'><strong>plette</strong></span> <span class='ocrx_word' id='word_1_138' title='bbox 1723 1521 1901 1580; x_wconf 87' lang='lat' dir='ltr'><strong>sonet,</strong></span> 
     </span>
    </p>
   </div>
   <div class='ocr_carea' id='block_1_17' title="bbox 300 1611 1905 1682">
    <p class='ocr_par' dir='ltr' id='par_1_17' title="bbox 300 1611 1905 1682">
     <span class='ocr_line' id='line_1_17' title="bbox 300 1611 1905 1682; baseline -0.002 -17"><span class='ocrx_word' id='word_1_139' title='bbox 300 1613 585 1669; x_wconf 65' lang='lat' dir='ltr'><strong>reuerentia</strong></span> <span class='ocrx_word' id='word_1_140' title='bbox 604 1612 713 1666; x_wconf 87' lang='lat' dir='ltr'><strong>dici</strong></span> <span class='ocrx_word' id='word_1_141' title='bbox 747 1621 947 1682; x_wconf 74' lang='lat' dir='ltr'><strong>potest.</strong></span> <span class='ocrx_word' id='word_1_142' title='bbox 981 1611 1094 1666; x_wconf 83' lang='lat' dir='ltr'><strong>Scit</strong></span> <span class='ocrx_word' id='word_1_143' title='bbox 1117 1626 1334 1682; x_wconf 88' lang='lat' dir='ltr'><strong>quoque</strong></span> <span class='ocrx_word' id='word_1_144' title='bbox 1361 1621 1417 1664; x_wconf 89' lang='lat' dir='ltr'><strong>et</strong></span> <span class='ocrx_word' id='word_1_145' title='bbox 1452 1611 1749 1680; x_wconf 78' lang='lat' dir='ltr'><strong>prophetes</strong></span> <span class='ocrx_word' id='word_1_146' title='bbox 1783 1625 1905 1678; x_wconf 84' lang='lat' dir='ltr'><strong>per-</strong></span> 
     </span>
    </p>
   </div>
   <div class='ocr_carea' id='block_1_18' title="bbox 295 1702 1897 1773">
    <p class='ocr_par' dir='ltr' id='par_1_18' title="bbox 295 1702 1897 1773">
     <span class='ocr_line' id='line_1_18' title="bbox 295 1702 1897 1773; baseline -0.003 -13"><span class='ocrx_word' id='word_1_147' title='bbox 295 1703 564 1760; x_wconf 80' lang='lat' dir='ltr'><strong>fccmrum</strong></span> <span class='ocrx_word' id='word_1_148' title='bbox 593 1705 870 1768; x_wconf 84' lang='lat' dir='ltr'><strong>timorem,</strong></span> <span class='ocrx_word' id='word_1_149' title='bbox 891 1719 1050 1773; x_wconf 85' lang='lat' dir='ltr'><strong>quem</strong></span> <span class='ocrx_word' id='word_1_150' title='bbox 1080 1704 1172 1772; x_wconf 88' lang='lat' dir='ltr'><strong>qui</strong></span> <span class='ocrx_word' id='word_1_151' title='bbox 1199 1703 1460 1766; x_wconf 85' lang='lat' dir='ltr'><strong>timuerit,</strong></span> <span class='ocrx_word' id='word_1_152' title='bbox 1496 1702 1768 1772; x_wconf 82' lang='lat' dir='ltr'><strong>perlectus</strong></span> <span class='ocrx_word' id='word_1_153' title='bbox 1794 1712 1897 1766; x_wconf 63' lang='lat' dir='ltr'><strong>cst,</strong></span> 
     </span>
    </p>
   </div>
   <div class='ocr_carea' id='block_1_19' title="bbox 298 1777 1979 1867">
    <p class='ocr_par' dir='ltr' id='par_1_19' title="bbox 298 1777 1979 1867">
     <span class='ocr_line' id='line_1_19' title="bbox 298 1777 1979 1867; baseline -0.003 -15"><span class='ocrx_word' id='word_1_154' title='bbox 298 1799 351 1852; x_wconf 89' lang='lat' dir='ltr'><strong>in</strong></span> <span class='ocrx_word' id='word_1_155' title='bbox 375 1798 656 1854; x_wconf 86' lang='lat' dir='ltr'><strong>tricesimo</strong></span> <span class='ocrx_word' id='word_1_156' title='bbox 677 1799 840 1853; x_wconf 79' lang='lat' dir='ltr'><strong>tertio</strong></span> <span class='ocrx_word' id='word_1_157' title='bbox 867 1798 1073 1867; x_wconf 71' lang='lat' dir='ltr'><strong>psalmo</strong></span> <span class='ocrx_word' id='word_1_158' title='bbox 1105 1797 1294 1850; x_wconf 77' lang='lat' dir='ltr'><strong>dicens</strong></span> <span class='ocrx_word' id='word_1_159' title='bbox 1320 1812 1333 1848; x_wconf 90' lang='lat'><strong>:</strong></span> <span class='ocrx_word' id='word_1_160' title='bbox 1372 1795 1493 1849; x_wconf 81' lang='lat' dir='ltr'><strong>Non</strong></span> <span class='ocrx_word' id='word_1_161' title='bbox 1520 1806 1595 1850; x_wconf 82' lang='lat' dir='ltr'><strong>est</strong></span> <span class='ocrx_word' id='word_1_162' title='bbox 1626 1795 1800 1866; x_wconf 72' lang='lat' dir='ltr'><strong>inopia</strong></span> <span class='ocrx_word' id='word_1_163' title='bbox 1829 1796 1898 1848; x_wconf 88' lang='lat' dir='ltr'><strong>ti-</strong></span> <span class='ocrx_word' id='word_1_164' title='bbox 1932 1777 1979 1838; x_wconf 81' lang='grc' dir='ltr'><strong>Β</strong></span> 
     </span>
    </p>
   </div>
   <div class='ocr_carea' id='block_1_20' title="bbox 297 1885 1899 1958">
    <p class='ocr_par' dir='ltr' id='par_1_20' title="bbox 297 1885 1899 1958">
     <span class='ocr_line' id='line_1_20' title="bbox 297 1885 1899 1958; baseline -0.003 -13"><span class='ocrx_word' id='word_1_165' title='bbox 297 1891 552 1946; x_wconf 86' lang='lat' dir='ltr'><strong>mentibus</strong></span> <span class='ocrx_word' id='word_1_166' title='bbox 585 1908 699 1945; x_wconf 78' lang='lat' dir='ltr'><strong>eum</strong></span> <span class='ocrx_word' id='word_1_167' title='bbox 735 1888 915 1958; x_wconf 88' lang='lat' dir='ltr'><strong>(Psal.</strong></span> <span class='ocrx_word' id='word_1_168' title='bbox 968 1903 1175 1951; x_wconf 80' lang='lat' dir='ltr'><strong>xxxttt,</strong></span> <span class='ocrx_word' id='word_1_169' title='bbox 1220 1886 1300 1957; x_wconf 88' lang='lat'><strong>9).</strong></span> <span class='ocrx_word' id='word_1_170' title='bbox 1337 1887 1520 1941; x_wconf 78' lang='lat' dir='ltr'><strong>Potest</strong></span> <span class='ocrx_word' id='word_1_171' title='bbox 1549 1885 1715 1954; x_wconf 71' lang='lat' dir='ltr'><strong>igitur</strong></span> <span class='ocrx_word' id='word_1_172' title='bbox 1746 1886 1899 1940; x_wconf 85' lang='lat' dir='ltr'><strong>uxori</strong></span> 
     </span>
    </p>
   </div>
   <div class='ocr_carea' id='block_1_21' title="bbox 295 1977 1896 2052">
    <p class='ocr_par' dir='ltr' id='par_1_21' title="bbox 295 1977 1896 2052">
     <span class='ocr_line' id='line_1_21' title="bbox 295 1977 1896 2052; baseline -0.005 -14"><span class='ocrx_word' id='word_1_173' title='bbox 295 1983 623 2052; x_wconf 76' lang='lat' dir='ltr'><strong>simpliciter</strong></span> <span class='ocrx_word' id='word_1_174' title='bbox 643 1983 936 2038; x_wconf 70' lang='lat' dir='ltr'><strong>intellectu:</strong></span> <span class='ocrx_word' id='word_1_175' title='bbox 965 1980 1053 2036; x_wconf 89' lang='lat' dir='ltr'><strong>hic</strong></span> <span class='ocrx_word' id='word_1_176' title='bbox 1085 1977 1344 2049; x_wconf 89' lang='lat' dir='ltr'><strong>imperari</strong></span> <span class='ocrx_word' id='word_1_177' title='bbox 1369 1986 1572 2045; x_wconf 87' lang='lat' dir='ltr'><strong>metus,</strong></span> <span class='ocrx_word' id='word_1_178' title='bbox 1605 1989 1661 2032; x_wconf 88' lang='lat' dir='ltr'><strong>ttt</strong></span> <span class='ocrx_word' id='word_1_179' title='bbox 1690 1977 1896 2044; x_wconf 90' lang='lat' dir='ltr'><strong>timeat,</strong></span> 
     </span>
    </p>
   </div>
   <div class='ocr_carea' id='block_1_22' title="bbox 295 2073 1305 2141">
    <p class='ocr_par' dir='ltr' id='par_1_22' title="bbox 295 2073 1305 2141">
     <span class='ocr_line' id='line_1_22' title="bbox 295 2073 1305 2141; baseline -0.004 -11"><span class='ocrx_word' id='word_1_180' title='bbox 295 2076 403 2130; x_wconf 88' lang='lat' dir='ltr'><strong>hoc</strong></span> <span class='ocrx_word' id='word_1_181' title='bbox 431 2083 542 2141; x_wconf 88' lang='lat' dir='ltr'><strong>est,</strong></span> <span class='ocrx_word' id='word_1_182' title='bbox 575 2083 893 2129; x_wconf 72' lang='lat' dir='ltr'><strong>revereatur</strong></span> <span class='ocrx_word' id='word_1_183' title='bbox 923 2073 1097 2128; x_wconf 82' lang='lat' dir='ltr'><strong>virum</strong></span> <span class='ocrx_word' id='word_1_184' title='bbox 1125 2088 1305 2126; x_wconf 85' lang='lat' dir='ltr'><strong>suum.</strong></span> 
     </span>
    </p>
   </div>
   <div class='ocr_carea' id='block_1_23' title="bbox 368 2165 1900 2242">
    <p class='ocr_par' dir='ltr' id='par_1_23' title="bbox 368 2165 1900 2242">
     <span class='ocr_line' id='line_1_23' title="bbox 368 2165 1900 2242; baseline -0.003 -18"><span class='ocrx_word' id='word_1_185' title='bbox 368 2171 522 2242; x_wconf 84' lang='lat' dir='ltr'><strong>(Cap.</strong></span> <span class='ocrx_word' id='word_1_186' title='bbox 581 2168 766 2223; x_wconf 74' lang='lat' dir='ltr'><strong>VL—</strong></span> <span class='ocrx_word' id='word_1_187' title='bbox 804 2167 962 2224; x_wconf 82' lang='lat' dir='ltr'><strong>Vers.</strong></span> <span class='ocrx_word' id='word_1_188' title='bbox 1020 2166 1100 2240; x_wconf 80' lang='grc'><strong>1.)</strong></span> <span class='ocrx_word' id='word_1_189' title='bbox 1141 2165 1308 2232; x_wconf 78' lang='lat' dir='ltr'><strong>Filii,</strong></span> <span class='ocrx_word' id='word_1_190' title='bbox 1357 2165 1556 2219; x_wconf 90' lang='lat' dir='ltr'><strong>obedile</strong></span> <span class='ocrx_word' id='word_1_191' title='bbox 1598 2165 1900 2234; x_wconf 85' lang='lat' dir='ltr'><strong>parentibus</strong></span> 
     </span>
    </p>
   </div>
   <div class='ocr_carea' id='block_1_24' title="bbox 298 2258 1901 2332">
    <p class='ocr_par' dir='ltr' id='par_1_24' title="bbox 298 2258 1901 2332">
     <span class='ocr_line' id='line_1_24' title="bbox 298 2258 1901 2332; baseline -0.003 -14"><span class='ocrx_word' id='word_1_192' title='bbox 298 2265 480 2319; x_wconf 74' lang='lat' dir='ltr'><strong>reatris</strong></span> <span class='ocrx_word' id='word_1_193' title='bbox 498 2261 558 2317; x_wconf 85' lang='lat' dir='ltr'><strong>in</strong></span> <span class='ocrx_word' id='word_1_194' title='bbox 607 2261 872 2317; x_wconf 89' lang='lat' dir='ltr'><strong>Domino:</strong></span> <span class='ocrx_word' id='word_1_195' title='bbox 901 2263 1000 2315; x_wconf 86' lang='lat' dir='ltr'><strong>Itoc</strong></span> <span class='ocrx_word' id='word_1_196' title='bbox 1037 2261 1171 2314; x_wconf 89' lang='lat' dir='ltr'><strong>enim</strong></span> <span class='ocrx_word' id='word_1_197' title='bbox 1194 2269 1269 2314; x_wconf 89' lang='lat' dir='ltr'><strong>est</strong></span> <span class='ocrx_word' id='word_1_198' title='bbox 1281 2260 1510 2331; x_wconf 84' lang='lat' dir='ltr'><strong>justum.</strong></span> <span class='ocrx_word' id='word_1_199' title='bbox 1541 2258 1762 2314; x_wconf 83' lang='lat' dir='ltr'><strong><em>Honora</em></strong></span> <span class='ocrx_word' id='word_1_200' title='bbox 1806 2277 1901 2332; x_wconf 85' lang='lat' dir='ltr'><strong>pa-</strong></span> 
     </span>
    </p>
   </div>
   <div class='ocr_carea' id='block_1_25' title="bbox 298 2349 1901 2424">
    <p class='ocr_par' dir='ltr' id='par_1_25' title="bbox 298 2349 1901 2424">
     <span class='ocr_line' id='line_1_25' title="bbox 298 2349 1901 2424; baseline -0.004 -16"><span class='ocrx_word' id='word_1_201' title='bbox 298 2365 428 2409; x_wconf 88' lang='lat' dir='ltr'><strong>trem</strong></span> <span class='ocrx_word' id='word_1_202' title='bbox 459 2366 606 2410; x_wconf 87' lang='lat' dir='ltr'><strong>tuum</strong></span> <span class='ocrx_word' id='word_1_203' title='bbox 629 2364 678 2410; x_wconf 86' lang='lat' dir='ltr'><strong>et</strong></span> <span class='ocrx_word' id='word_1_204' title='bbox 702 2363 919 2408; x_wconf 82' lang='lat' dir='ltr'><strong>matrem</strong></span> <span class='ocrx_word' id='word_1_205' title='bbox 945 2361 1089 2406; x_wconf 89' lang='lat' dir='ltr'><strong>tuam</strong></span> <span class='ocrx_word' id='word_1_206' title='bbox 1131 2351 1294 2424; x_wconf 86' lang='lat' dir='ltr'><strong>(quod</strong></span> <span class='ocrx_word' id='word_1_207' title='bbox 1336 2359 1411 2404; x_wconf 87' lang='lat' dir='ltr'><strong>est</strong></span> <span class='ocrx_word' id='word_1_208' title='bbox 1432 2349 1740 2404; x_wconf 80' lang='lat' dir='ltr'><strong>mandatum</strong></span> <span class='ocrx_word' id='word_1_209' title='bbox 1790 2350 1901 2420; x_wconf 85' lang='lat' dir='ltr'><strong>pri-</strong></span> 
     </span>
    </p>
   </div>
   <div class='ocr_carea' id='block_1_26' title="bbox 295 2443 1902 2519">
    <p class='ocr_par' dir='ltr' id='par_1_26' title="bbox 295 2443 1902 2519">
     <span class='ocr_line' id='line_1_26' title="bbox 295 2443 1902 2519; baseline -0.002 -18"><span class='ocrx_word' id='word_1_210' title='bbox 295 2465 436 2502; x_wconf 81' lang='lat' dir='ltr'><strong>mum</strong></span> <span class='ocrx_word' id='word_1_211' title='bbox 465 2449 519 2501; x_wconf 85' lang='lat' dir='ltr'><strong>in</strong></span> <span class='ocrx_word' id='word_1_212' title='bbox 544 2446 910 2519; x_wconf 73' lang='lat' dir='ltr'><strong>promissione)</strong></span> <span class='ocrx_word' id='word_1_213' title='bbox 938 2455 992 2500; x_wconf 87' lang='lat' dir='ltr'><strong>ut</strong></span> <span class='ocrx_word' id='word_1_214' title='bbox 1033 2445 1157 2498; x_wconf 76' lang='lat' dir='ltr'><strong>bene</strong></span> <span class='ocrx_word' id='word_1_215' title='bbox 1194 2445 1260 2498; x_wconf 86' lang='lat' dir='ltr'><strong>sit</strong></span> <span class='ocrx_word' id='word_1_216' title='bbox 1289 2443 1412 2507; x_wconf 87' lang='lat' dir='ltr'><strong>tibi,</strong></span> <span class='ocrx_word' id='word_1_217' title='bbox 1445 2454 1492 2498; x_wconf 89' lang='lat' dir='ltr'><strong>et</strong></span> <span class='ocrx_word' id='word_1_218' title='bbox 1539 2446 1804 2515; x_wconf 69' lang='lat' dir='ltr'><strong>longaevus</strong></span> <span class='ocrx_word' id='word_1_219' title='bbox 1830 2443 1902 2497; x_wconf 88' lang='lat' dir='ltr'><strong>sis</strong></span> 
     </span>
    </p>
   </div>
   <div class='ocr_carea' id='block_1_27' title="bbox 295 2535 1902 2610">
    <p class='ocr_par' dir='ltr' id='par_1_27' title="bbox 295 2535 1902 2610">
     <span class='ocr_line' id='line_1_27' title="bbox 295 2535 1902 2610; baseline -0.002 -16"><span class='ocrx_word' id='word_1_220' title='bbox 295 2556 451 2610; x_wconf 78' lang='lat' dir='ltr'><strong>super</strong></span> <span class='ocrx_word' id='word_1_221' title='bbox 480 2549 694 2595; x_wconf 87' lang='lat' dir='ltr'><strong>terram.</strong></span> <span class='ocrx_word' id='word_1_222' title='bbox 741 2537 1011 2607; x_wconf 77' lang='lat' dir='ltr'><strong>Ambigua</strong></span> <span class='ocrx_word' id='word_1_223' title='bbox 1057 2537 1286 2601; x_wconf 90' lang='lat' dir='ltr'><strong>dictum,</strong></span> <span class='ocrx_word' id='word_1_224' title='bbox 1338 2548 1519 2592; x_wconf 91' lang='lat' dir='ltr'><strong>utrum</strong></span> <span class='ocrx_word' id='word_1_225' title='bbox 1573 2535 1627 2591; x_wconf 92' lang='lat' dir='ltr'><strong>in</strong></span> <span class='ocrx_word' id='word_1_226' title='bbox 1671 2535 1724 2590; x_wconf 37' lang='lat' dir='ltr'><strong>D.</strong></span> <span class='ocrx_word' id='word_1_227' title='bbox 1754 2536 1902 2590; x_wconf 92' lang='lat' dir='ltr'><strong>mino</strong></span> 
     </span>
    </p>
   </div>
   <div class='ocr_carea' id='block_1_28' title="bbox 299 2629 1902 2702">
    <p class='ocr_par' dir='ltr' id='par_1_28' title="bbox 299 2629 1902 2702">
     <span class='ocr_line' id='line_1_28' title="bbox 299 2629 1902 2702; baseline 0.001 -18"><span class='ocrx_word' id='word_1_228' title='bbox 299 2631 616 2701; x_wconf 86' lang='lat' dir='ltr'><strong>parentibus</strong></span> <span class='ocrx_word' id='word_1_229' title='bbox 643 2630 807 2702; x_wconf 83' lang='lat'><strong><em>663</em></strong></span> <span class='ocrx_word' id='word_1_230' title='bbox 839 2631 951 2686; x_wconf 87' lang='lat' dir='ltr'><strong>suis</strong></span> <span class='ocrx_word' id='word_1_231' title='bbox 981 2630 1076 2685; x_wconf 82' lang='lat' dir='ltr'><strong>lilii</strong></span> <span class='ocrx_word' id='word_1_232' title='bbox 1100 2629 1338 2685; x_wconf 87' lang='lat' dir='ltr'><strong>debeant</strong></span> <span class='ocrx_word' id='word_1_233' title='bbox 1366 2629 1616 2695; x_wconf 88' lang='lat' dir='ltr'><strong>obedire,</strong></span> <span class='ocrx_word' id='word_1_234' title='bbox 1646 2645 1716 2684; x_wconf 87' lang='lat' dir='ltr'><strong>an</strong></span> <span class='ocrx_word' id='word_1_235' title='bbox 1747 2639 1902 2685; x_wconf 89' lang='lat' dir='ltr'><strong>certe</strong></span> 
     </span>
    </p>
   </div>
   <div class='ocr_carea' id='block_1_29' title="bbox 301 2722 1901 2793">
    <p class='ocr_par' dir='ltr' id='par_1_29' title="bbox 301 2722 1901 2793">
     <span class='ocr_line' id='line_1_29' title="bbox 301 2722 1901 2793; baseline 0.001 -17"><span class='ocrx_word' id='word_1_236' title='bbox 301 2723 624 2793; x_wconf 87' lang='lat' dir='ltr'><strong>parentibus</strong></span> <span class='ocrx_word' id='word_1_237' title='bbox 651 2725 764 2778; x_wconf 81' lang='lat' dir='ltr'><strong>suis</strong></span> <span class='ocrx_word' id='word_1_238' title='bbox 795 2723 887 2776; x_wconf 90' lang='lat' dir='ltr'><strong>lilii</strong></span> <span class='ocrx_word' id='word_1_239' title='bbox 927 2722 1188 2779; x_wconf 83' lang='lat' dir='ltr'><strong>obediant</strong></span> <span class='ocrx_word' id='word_1_240' title='bbox 1237 2723 1289 2777; x_wconf 89' lang='lat' dir='ltr'><strong>itt</strong></span> <span class='ocrx_word' id='word_1_241' title='bbox 1339 2723 1591 2778; x_wconf 89' lang='lat' dir='ltr'><strong>Domino.</strong></span> <span class='ocrx_word' id='word_1_242' title='bbox 1638 2722 1792 2790; x_wconf 79' lang='lat' dir='ltr'><strong>Q-tod</strong></span> <span class='ocrx_word' id='word_1_243' title='bbox 1843 2738 1901 2777; x_wconf 86' lang='lat' dir='ltr'><strong>u-</strong></span> 
     </span>
    </p>
   </div>
   <div class='ocr_carea' id='block_1_30' title="bbox 297 2815 1900 2886">
    <p class='ocr_par' dir='ltr' id='par_1_30' title="bbox 297 2815 1900 2886">
     <span class='ocr_line' id='line_1_30' title="bbox 297 2815 1900 2886; baseline -0.001 -16"><span class='ocrx_word' id='word_1_244' title='bbox 297 2825 554 2886; x_wconf 85' lang='lat' dir='ltr'><strong>trumque</strong></span> <span class='ocrx_word' id='word_1_245' title='bbox 578 2815 910 2882; x_wconf 83' lang='lat' dir='ltr'><strong>faciendum,</strong></span> <span class='ocrx_word' id='word_1_246' title='bbox 946 2822 1006 2869; x_wconf 87' lang='lat' dir='ltr'><strong>ut</strong></span> <span class='ocrx_word' id='word_1_247' title='bbox 1036 2825 1089 2870; x_wconf 89' lang='lat' dir='ltr'><strong>et</strong></span> <span class='ocrx_word' id='word_1_248' title='bbox 1131 2815 1214 2869; x_wconf 91' lang='lat' dir='ltr'><strong>bis</strong></span> <span class='ocrx_word' id='word_1_249' title='bbox 1243 2816 1559 2884; x_wconf 87' lang='lat' dir='ltr'><strong>parentibus</strong></span> <span class='ocrx_word' id='word_1_250' title='bbox 1588 2815 1680 2884; x_wconf 87' lang='lat' dir='ltr'><strong>qui</strong></span> <span class='ocrx_word' id='word_1_251' title='bbox 1715 2829 1815 2869; x_wconf 91' lang='lat' dir='ltr'><strong>nos</strong></span> <span class='ocrx_word' id='word_1_252' title='bbox 1847 2815 1900 2868; x_wconf 92' lang='lat' dir='ltr'><strong>in</strong></span> 
     </span>
    </p>
   </div>
   <div class='ocr_carea' id='block_1_31' title="bbox 298 2907 1902 2980">
    <p class='ocr_par' dir='ltr' id='par_1_31' title="bbox 298 2907 1902 2980">
     <span class='ocr_line' id='line_1_31' title="bbox 298 2907 1902 2980; baseline 0 -17"><span class='ocrx_word' id='word_1_253' title='bbox 298 2908 534 2964; x_wconf 90' lang='lat' dir='ltr'><strong>Domino</strong></span> <span class='ocrx_word' id='word_1_254' title='bbox 557 2924 821 2980; x_wconf 77' lang='lat' dir='ltr'><strong>genuere,</strong></span> <span class='ocrx_word' id='word_1_255' title='bbox 851 2908 1026 2978; x_wconf 82' lang='lat' dir='ltr'><strong>qualis</strong></span> <span class='ocrx_word' id='word_1_256' title='bbox 1056 2907 1155 2962; x_wconf 82' lang='lat' dir='ltr'><strong>fuit</strong></span> <span class='ocrx_word' id='word_1_257' title='bbox 1187 2908 1386 2963; x_wconf 81' lang='lat' dir='ltr'><strong>Paulus</strong></span> <span class='ocrx_word' id='word_1_258' title='bbox 1408 2915 1463 2962; x_wconf 89' lang='lat' dir='ltr'><strong>et</strong></span> <span class='ocrx_word' id='word_1_259' title='bbox 1486 2907 1741 2978; x_wconf 76' lang='lat' dir='ltr'><strong>apostoli,</strong></span> <span class='ocrx_word' id='word_1_260' title='bbox 1766 2908 1902 2963; x_wconf 68' lang='lat' dir='ltr'><strong>obeo</strong></span> 
     </span>
    </p>
   </div>
   <div class='ocr_carea' id='block_1_32' title="bbox 297 3003 1903 3075">
    <p class='ocr_par' dir='ltr' id='par_1_32' title="bbox 297 3003 1903 3075">
     <span class='ocr_line' id='line_1_32' title="bbox 297 3003 1903 3075; baseline -0.001 -16"><span class='ocrx_word' id='word_1_261' title='bbox 297 3003 520 3059; x_wconf 88' lang='lat' dir='ltr'><strong>diamus</strong></span> <span class='ocrx_word' id='word_1_262' title='bbox 543 3011 598 3059; x_wconf 89' lang='lat' dir='ltr'><strong>et</strong></span> <span class='ocrx_word' id='word_1_263' title='bbox 632 3018 700 3060; x_wconf 89' lang='lat' dir='ltr'><strong>ea</strong></span> <span class='ocrx_word' id='word_1_264' title='bbox 731 3003 995 3060; x_wconf 78' lang='lat' dir='ltr'><strong>faciamus</strong></span> <span class='ocrx_word' id='word_1_265' title='bbox 1037 3019 1404 3075; x_wconf 72' lang='lat' dir='ltr'><strong>quaecumque</strong></span> <span class='ocrx_word' id='word_1_266' title='bbox 1433 3003 1820 3074; x_wconf 72' lang='lat' dir='ltr'><strong>prteceperint,</strong></span> <span class='ocrx_word' id='word_1_267' title='bbox 1848 3011 1903 3058; x_wconf 90' lang='lat' dir='ltr'><strong>et</strong></span> 
     </span>
    </p>
   </div>
   <div class='ocr_carea' id='block_1_33' title="bbox 300 3095 1900 3169">
    <p class='ocr_par' dir='ltr' id='par_1_33' title="bbox 300 3095 1900 3169">
     <span class='ocr_line' id='line_1_33' title="bbox 300 3095 1900 3169; baseline -0.001 -18"><span class='ocrx_word' id='word_1_268' title='bbox 300 3097 626 3169; x_wconf 86' lang='lat' dir='ltr'><strong>parentibus</strong></span> <span class='ocrx_word' id='word_1_269' title='bbox 649 3095 962 3166; x_wconf 85' lang='lat' dir='ltr'><strong>nostris,de</strong></span> <span class='ocrx_word' id='word_1_270' title='bbox 983 3097 1180 3168; x_wconf 90' lang='lat' dir='ltr'><strong>quibus</strong></span> <span class='ocrx_word' id='word_1_271' title='bbox 1203 3097 1502 3152; x_wconf 88' lang='lat' dir='ltr'><strong>secundum</strong></span> <span class='ocrx_word' id='word_1_272' title='bbox 1537 3111 1759 3152; x_wconf 87' lang='lat' dir='ltr'><strong>carnem</strong></span> <span class='ocrx_word' id='word_1_273' title='bbox 1787 3096 1900 3151; x_wconf 88' lang='lat' dir='ltr'><strong>nati</strong></span> 
     </span>
    </p>
   </div>
   <div class='ocr_carea' id='block_1_34' title="bbox 297 3167 1970 3260">
    <p class='ocr_par' dir='ltr' id='par_1_34' title="bbox 297 3167 1970 3260">
     <span class='ocr_line' id='line_1_34' title="bbox 297 3167 1970 3260; baseline -0.003 -13"><span class='ocrx_word' id='word_1_274' title='bbox 297 3167 516 3258; x_wconf 70' lang='lat' dir='ltr'><strong>sumus,</strong></span> <span class='ocrx_word' id='word_1_275' title='bbox 544 3167 1080 3260; x_wconf 17' lang='lat' dir='ltr'><strong>obtemperemusiin</strong></span> <span class='ocrx_word' id='word_1_276' title='bbox 1104 3189 1358 3259; x_wconf 88' lang='lat' dir='ltr'><strong>Domino,</strong></span> <span class='ocrx_word' id='word_1_277' title='bbox 1386 3189 1678 3260; x_wconf 84' lang='lat' dir='ltr'><strong>implentes</strong></span> <span class='ocrx_word' id='word_1_278' title='bbox 1693 3204 1753 3242; x_wconf 88' lang='lat' dir='ltr'><strong>ea</strong></span> <span class='ocrx_word' id='word_1_279' title='bbox 1773 3203 1899 3259; x_wconf 79' lang='lat' dir='ltr'><strong>quae</strong></span> <span class='ocrx_word' id='word_1_280' title='bbox 1924 3167 1970 3230; x_wconf 65' lang='grc' dir='ltr'><strong>(ἶ</strong></span> 
     </span>
    </p>
   </div>
   <div class='ocr_carea' id='block_1_35' title="bbox 298 3281 1902 3351">
    <p class='ocr_par' dir='ltr' id='par_1_35' title="bbox 298 3281 1902 3351">
     <span class='ocr_line' id='line_1_35' title="bbox 298 3281 1902 3351; baseline -0.002 -12"><span class='ocrx_word' id='word_1_281' title='bbox 298 3300 410 3339; x_wconf 87' lang='lat' dir='ltr'><strong>non</strong></span> <span class='ocrx_word' id='word_1_282' title='bbox 437 3291 566 3338; x_wconf 87' lang='lat' dir='ltr'><strong>sunt</strong></span> <span class='ocrx_word' id='word_1_283' title='bbox 593 3282 817 3338; x_wconf 88' lang='lat' dir='ltr'><strong>Domini</strong></span> <span class='ocrx_word' id='word_1_284' title='bbox 860 3282 1136 3338; x_wconf 84' lang='lat' dir='ltr'><strong>contraria</strong></span> <span class='ocrx_word' id='word_1_285' title='bbox 1176 3281 1466 3336; x_wconf 78' lang='lat' dir='ltr'><strong>voluntati.</strong></span> <span class='ocrx_word' id='word_1_286' title='bbox 1520 3281 1801 3351; x_wconf 88' lang='lat' dir='ltr'><strong>Simulque</strong></span> <span class='ocrx_word' id='word_1_287' title='bbox 1849 3290 1902 3336; x_wconf 85' lang='lat' dir='ltr'><strong>ct</strong></span> 
     </span>
    </p>
   </div>
   <div class='ocr_carea' id='block_1_36' title="bbox 300 3373 1900 3441">
    <p class='ocr_par' dir='ltr' id='par_1_36' title="bbox 300 3373 1900 3441">
     <span class='ocr_line' id='line_1_36' title="bbox 300 3373 1900 3441; baseline -0.001 -11"><span class='ocrx_word' id='word_1_288' title='bbox 300 3376 592 3430; x_wconf 64' lang='lat' dir='ltr'><strong>haereticos</strong></span> <span class='ocrx_word' id='word_1_289' title='bbox 619 3375 1045 3441; x_wconf 80' lang='lat' dir='ltr'><strong>coarctabimus,</strong></span> <span class='ocrx_word' id='word_1_290' title='bbox 1076 3375 1325 3429; x_wconf 77' lang='lat' dir='ltr'><strong>nolentes</strong></span> <span class='ocrx_word' id='word_1_291' title='bbox 1371 3382 1528 3429; x_wconf 78' lang='lat' dir='ltr'><strong>vetns</strong></span> <span class='ocrx_word' id='word_1_292' title='bbox 1575 3373 1900 3428; x_wconf 82' lang='lat' dir='ltr'><strong>Testamen-</strong></span> 
     </span>
    </p>
   </div>
   <div class='ocr_carea' id='block_1_37' title="bbox 299 3468 1903 3541">
    <p class='ocr_par' dir='ltr' id='par_1_37' title="bbox 299 3468 1903 3541">
     <span class='ocr_line' id='line_1_37' title="bbox 299 3468 1903 3541; baseline -0.003 -15"><span class='ocrx_word' id='word_1_293' title='bbox 299 3481 412 3526; x_wconf 89' lang='lat' dir='ltr'><strong>tum</strong></span> <span class='ocrx_word' id='word_1_294' title='bbox 436 3487 559 3526; x_wconf 62' lang='lat' dir='ltr'><strong>csse</strong></span> <span class='ocrx_word' id='word_1_295' title='bbox 595 3471 689 3526; x_wconf 89' lang='lat' dir='ltr'><strong>Dei</strong></span> <span class='ocrx_word' id='word_1_296' title='bbox 720 3472 874 3536; x_wconf 90' lang='lat' dir='ltr'><strong>boni,</strong></span> <span class='ocrx_word' id='word_1_297' title='bbox 905 3471 1062 3541; x_wconf 82' lang='lat' dir='ltr'><strong>cujus</strong></span> <span class='ocrx_word' id='word_1_298' title='bbox 1095 3471 1240 3525; x_wconf 55' lang='lat' dir='ltr'><strong>ﬁlius</strong></span> <span class='ocrx_word' id='word_1_299' title='bbox 1269 3468 1526 3525; x_wconf 80' lang='lat' dir='ltr'><strong>Christus</strong></span> <span class='ocrx_word' id='word_1_300' title='bbox 1550 3470 1639 3523; x_wconf 87' lang='lat' dir='ltr'><strong>sit.</strong></span> <span class='ocrx_word' id='word_1_301' title='bbox 1671 3469 1784 3536; x_wconf 88' lang='lat' dir='ltr'><strong>Qua</strong></span> <span class='ocrx_word' id='word_1_302' title='bbox 1816 3484 1903 3522; x_wconf 90' lang='lat' dir='ltr'><strong>ra-</strong></span> 
     </span>
    </p>
   </div>
   <div class='ocr_carea' id='block_1_38' title="bbox 295 3562 1899 3634">
    <p class='ocr_par' dir='ltr' id='par_1_38' title="bbox 295 3562 1899 3634">
     <span class='ocr_line' id='line_1_38' title="bbox 295 3562 1899 3634; baseline -0.002 -15"><span class='ocrx_word' id='word_1_303' title='bbox 295 3565 449 3621; x_wconf 90' lang='lat' dir='ltr'><strong>tione</strong></span> <span class='ocrx_word' id='word_1_304' title='bbox 497 3565 796 3634; x_wconf 81' lang='lat' dir='ltr'><strong>Apostolus</strong></span> <span class='ocrx_word' id='word_1_305' title='bbox 840 3563 1068 3632; x_wconf 86' lang='lat' dir='ltr'><strong>Christi,</strong></span> <span class='ocrx_word' id='word_1_306' title='bbox 1124 3563 1251 3618; x_wconf 90' lang='lat' dir='ltr'><strong>boni</strong></span> <span class='ocrx_word' id='word_1_307' title='bbox 1307 3563 1404 3619; x_wconf 88' lang='lat' dir='ltr'><strong>Dei</strong></span> <span class='ocrx_word' id='word_1_308' title='bbox 1451 3562 1569 3628; x_wconf 77' lang='lat' dir='ltr'><strong>lilii,</strong></span> <span class='ocrx_word' id='word_1_309' title='bbox 1619 3563 1899 3629; x_wconf 79' lang='lat' dir='ltr'><strong>Scriptura</strong></span> 
     </span>
    </p>
   </div>
   <div class='ocr_carea' id='block_1_39' title="bbox 293 3658 1902 3724">
    <p class='ocr_par' dir='ltr' id='par_1_39' title="bbox 293 3658 1902 3724">
     <span class='ocr_line' id='line_1_39' title="bbox 293 3658 1902 3724; baseline 0.002 -14"><span class='ocrx_word' id='word_1_310' title='bbox 293 3659 572 3713; x_wconf 79' lang='lat' dir='ltr'><strong>Creatoris</strong></span> <span class='ocrx_word' id='word_1_311' title='bbox 611 3668 817 3724; x_wconf 83' lang='lat' dir='ltr'><strong>utatur,</strong></span> <span class='ocrx_word' id='word_1_312' title='bbox 851 3668 908 3712; x_wconf 90' lang='lat' dir='ltr'><strong>et</strong></span> <span class='ocrx_word' id='word_1_313' title='bbox 949 3658 1321 3714; x_wconf 85' lang='lat' dir='ltr'><strong>obedientiam</strong></span> <span class='ocrx_word' id='word_1_314' title='bbox 1357 3658 1598 3713; x_wconf 86' lang='lat' dir='ltr'><strong>ﬁliorum</strong></span> <span class='ocrx_word' id='word_1_315' title='bbox 1631 3658 1699 3712; x_wconf 86' lang='lat' dir='ltr'><strong>de</strong></span> <span class='ocrx_word' id='word_1_316' title='bbox 1729 3658 1902 3713; x_wconf 82' lang='lat' dir='ltr'><strong>veteri</strong></span> 
     </span>
    </p>
   </div>
   <div class='ocr_carea' id='block_1_40' title="bbox 294 3751 1902 3820">
    <p class='ocr_par' dir='ltr' id='par_1_40' title="bbox 294 3751 1902 3820">
     <span class='ocr_line' id='line_1_40' title="bbox 294 3751 1902 3820; baseline -0.001 -15"><span class='ocrx_word' id='word_1_317' title='bbox 294 3751 440 3820; x_wconf 72' lang='lat' dir='ltr'><strong>Lege</strong></span> <span class='ocrx_word' id='word_1_318' title='bbox 472 3762 789 3820; x_wconf 69' lang='lat' dir='ltr'><strong>praesumat.</strong></span> <span class='ocrx_word' id='word_1_319' title='bbox 823 3751 980 3820; x_wconf 87' lang='lat' dir='ltr'><strong>Quod</strong></span> <span class='ocrx_word' id='word_1_320' title='bbox 1009 3751 1384 3806; x_wconf 79' lang='lat' dir='ltr'><strong>teSIimonium</strong></span> <span class='ocrx_word' id='word_1_321' title='bbox 1416 3751 1484 3805; x_wconf 89' lang='lat' dir='ltr'><strong>de</strong></span> <span class='ocrx_word' id='word_1_322' title='bbox 1525 3751 1715 3806; x_wconf 69' lang='lat' dir='ltr'><strong>Etodo</strong></span> <span class='ocrx_word' id='word_1_323' title='bbox 1751 3766 1902 3804; x_wconf 82' lang='lat' dir='ltr'><strong>sum-</strong></span> 
     </span>
    </p>
   </div>
   <div class='ocr_carea' id='block_1_41' title="bbox 294 3842 1899 3914">
    <p class='ocr_par' dir='ltr' id='par_1_41' title="bbox 294 3842 1899 3914">
     <span class='ocr_line' id='line_1_41' title="bbox 294 3842 1899 3914; baseline 0.002 -20"><span class='ocrx_word' id='word_1_324' title='bbox 294 3852 468 3910; x_wconf 85' lang='lat' dir='ltr'><strong>ptum,</strong></span> <span class='ocrx_word' id='word_1_325' title='bbox 495 3843 565 3897; x_wconf 87' lang='lat' dir='ltr'><strong>ita</strong></span> <span class='ocrx_word' id='word_1_326' title='bbox 599 3843 672 3898; x_wconf 91' lang='lat' dir='ltr'><strong>ibi</strong></span> <span class='ocrx_word' id='word_1_327' title='bbox 695 3844 1009 3898; x_wconf 77' lang='lat' dir='ltr'><strong>contexitur</strong></span> <span class='ocrx_word' id='word_1_328' title='bbox 1043 3860 1054 3894; x_wconf 89' lang='lat'>:</span> <span class='ocrx_word' id='word_1_329' title='bbox 1089 3842 1304 3897; x_wconf 78' lang='lat' dir='ltr'><strong>Honora</strong></span> <span class='ocrx_word' id='word_1_330' title='bbox 1325 3855 1520 3914; x_wconf 88' lang='lat' dir='ltr'><strong>patrent</strong></span> <span class='ocrx_word' id='word_1_331' title='bbox 1551 3854 1695 3898; x_wconf 87' lang='lat' dir='ltr'><strong>tuum</strong></span> <span class='ocrx_word' id='word_1_332' title='bbox 1717 3854 1764 3897; x_wconf 89' lang='lat' dir='ltr'><strong>et</strong></span> <span class='ocrx_word' id='word_1_333' title='bbox 1791 3861 1899 3897; x_wconf 83' lang='lat' dir='ltr'><strong>nta-</strong></span> 
     </span>
    </p>
   </div>
   <div class='ocr_carea' id='block_1_42' title="bbox 294 3935 1902 4007">
    <p class='ocr_par' dir='ltr' id='par_1_42' title="bbox 294 3935 1902 4007">
     <span class='ocr_line' id='line_1_42' title="bbox 294 3935 1902 4007; baseline -0.001 -16"><span class='ocrx_word' id='word_1_334' title='bbox 294 3947 421 3992; x_wconf 80' lang='lat' dir='ltr'><strong>trem</strong></span> <span class='ocrx_word' id='word_1_335' title='bbox 446 3945 590 3990; x_wconf 88' lang='lat' dir='ltr'><strong>tuam</strong></span> <span class='ocrx_word' id='word_1_336' title='bbox 612 3974 626 4000; x_wconf 80' lang='lat'><strong>,</strong></span> <span class='ocrx_word' id='word_1_337' title='bbox 654 3947 708 3990; x_wconf 84' lang='lat' dir='ltr'><strong>ut</strong></span> <span class='ocrx_word' id='word_1_338' title='bbox 739 3937 859 3990; x_wconf 84' lang='lat' dir='ltr'><strong>bene</strong></span> <span class='ocrx_word' id='word_1_339' title='bbox 886 3937 951 3989; x_wconf 86' lang='lat' dir='ltr'><strong>sit</strong></span> <span class='ocrx_word' id='word_1_340' title='bbox 981 3935 1096 3999; x_wconf 86' lang='lat' dir='ltr'><strong>tibi,</strong></span> <span class='ocrx_word' id='word_1_341' title='bbox 1133 3945 1183 3990; x_wconf 89' lang='grc' dir='ltr'><strong>ει</strong></span> <span class='ocrx_word' id='word_1_342' title='bbox 1209 3937 1282 3990; x_wconf 86' lang='lat' dir='ltr'><strong>sis</strong></span> <span class='ocrx_word' id='word_1_343' title='bbox 1313 3936 1572 4007; x_wconf 68' lang='lat' dir='ltr'><strong>longaevus</strong></span> <span class='ocrx_word' id='word_1_344' title='bbox 1604 3953 1760 4003; x_wconf 82' lang='lat' dir='ltr'><strong>super</strong></span> <span class='ocrx_word' id='word_1_345' title='bbox 1799 3946 1902 3989; x_wconf 86' lang='lat' dir='ltr'><strong>ter-</strong></span> 
     </span>
    </p>
   </div>
   <div class='ocr_carea' id='block_1_43' title="bbox 294 4025 1896 4098">
    <p class='ocr_par' dir='ltr' id='par_1_43' title="bbox 294 4025 1896 4098">
     <span class='ocr_line' id='line_1_43' title="bbox 294 4025 1896 4098; baseline -0.001 -16"><span class='ocrx_word' id='word_1_346' title='bbox 294 4045 431 4091; x_wconf 62' lang='lat' dir='ltr'><strong>ram,</strong></span> <span class='ocrx_word' id='word_1_347' title='bbox 459 4047 613 4098; x_wconf 85' lang='lat' dir='ltr'><strong>quam</strong></span> <span class='ocrx_word' id='word_1_348' title='bbox 646 4029 902 4083; x_wconf 87' lang='lat' dir='ltr'><strong>Dominus</strong></span> <span class='ocrx_word' id='word_1_349' title='bbox 933 4027 1074 4081; x_wconf 83' lang='lat' dir='ltr'><strong>Deus</strong></span> <span class='ocrx_word' id='word_1_350' title='bbox 1105 4037 1226 4082; x_wconf 87' lang='lat' dir='ltr'><strong>tuus</strong></span> <span class='ocrx_word' id='word_1_351' title='bbox 1267 4027 1408 4081; x_wconf 86' lang='lat' dir='ltr'><strong>dabit</strong></span> <span class='ocrx_word' id='word_1_352' title='bbox 1447 4028 1538 4081; x_wconf 73' lang='lat' dir='ltr'><strong>tibi</strong></span> <span class='ocrx_word' id='word_1_353' title='bbox 1567 4025 1767 4098; x_wconf 70' lang='lat' dir='ltr'><strong>(Exod.</strong></span> <span class='ocrx_word' id='word_1_354' title='bbox 1800 4042 1896 4094; x_wconf 78' lang='lat' dir='ltr'><strong>xx,</strong></span> 
     </span>
    </p>
   </div>
   <div class='ocr_carea' id='block_1_44' title="bbox 299 4119 1901 4190">
    <p class='ocr_par' dir='ltr' id='par_1_44' title="bbox 299 4119 1901 4190">
     <span class='ocr_line' id='line_1_44' title="bbox 299 4119 1901 4190; baseline -0.001 -16"><span class='ocrx_word' id='word_1_355' title='bbox 299 4124 385 4190; x_wconf 59' lang='lat'><strong>1‘2)</strong></span> <span class='ocrx_word' id='word_1_356' title='bbox 418 4139 431 4174; x_wconf 95' lang='lat'><strong>:</strong></span> <span class='ocrx_word' id='word_1_357' title='bbox 461 4122 531 4177; x_wconf 90' lang='lat' dir='ltr'><strong>de</strong></span> <span class='ocrx_word' id='word_1_358' title='bbox 553 4137 660 4189; x_wconf 88' lang='lat' dir='ltr'><strong>quo</strong></span> <span class='ocrx_word' id='word_1_359' title='bbox 692 4135 838 4176; x_wconf 87' lang='lat' dir='ltr'><strong>nunc</strong></span> <span class='ocrx_word' id='word_1_360' title='bbox 857 4122 1040 4175; x_wconf 88' lang='lat' dir='ltr'><strong>ultima</strong></span> <span class='ocrx_word' id='word_1_361' title='bbox 1067 4122 1238 4176; x_wconf 70' lang='lat' dir='ltr'><strong>verba</strong></span> <span class='ocrx_word' id='word_1_362' title='bbox 1259 4119 1547 4187; x_wconf 82' lang='lat' dir='ltr'><strong>subtraxit,</strong></span> <span class='ocrx_word' id='word_1_363' title='bbox 1573 4119 1717 4189; x_wconf 86' lang='lat' dir='ltr'><strong>quod</strong></span> <span class='ocrx_word' id='word_1_364' title='bbox 1748 4134 1901 4174; x_wconf 88' lang='lat' dir='ltr'><strong>man-</strong></span> 
     </span>
    </p>
   </div>
   <div class='ocr_carea' id='block_1_45' title="bbox 292 4213 1898 4285">
    <p class='ocr_par' dir='ltr' id='par_1_45' title="bbox 292 4213 1898 4285">
     <span class='ocr_line' id='line_1_45' title="bbox 292 4213 1898 4285; baseline -0.001 -17"><span class='ocrx_word' id='word_1_365' title='bbox 292 4214 480 4270; x_wconf 84' lang='lat' dir='ltr'><strong>datum</strong></span> <span class='ocrx_word' id='word_1_366' title='bbox 515 4216 568 4269; x_wconf 90' lang='lat' dir='ltr'><strong>in</strong></span> <span class='ocrx_word' id='word_1_367' title='bbox 605 4214 875 4283; x_wconf 81' lang='lat' dir='ltr'><strong>Decalogo</strong></span> <span class='ocrx_word' id='word_1_368' title='bbox 905 4217 1156 4285; x_wconf 87' lang='lat' dir='ltr'><strong>quintum</strong></span> <span class='ocrx_word' id='word_1_369' title='bbox 1199 4221 1304 4268; x_wconf 88' lang='lat' dir='ltr'><strong>est.</strong></span> <span class='ocrx_word' id='word_1_370' title='bbox 1340 4213 1493 4267; x_wconf 87' lang='lat' dir='ltr'><strong>Unde</strong></span> <span class='ocrx_word' id='word_1_371' title='bbox 1543 4213 1898 4284; x_wconf 74' lang='lat' dir='ltr'><strong>qna-rendam</strong></span> 
     </span>
    </p>
   </div>
   <div class='ocr_carea' id='block_1_46' title="bbox 291 4315 1896 4388">
    <p class='ocr_par' dir='ltr' id='par_1_46' title="bbox 291 4315 1896 4388">
     <span class='ocr_line' id='line_1_46' title="bbox 291 4315 1896 4388; baseline 0 -18"><span class='ocrx_word' id='word_1_372' title='bbox 291 4332 465 4387; x_wconf 83' lang='lat' dir='ltr'><strong>quare</strong></span> <span class='ocrx_word' id='word_1_373' title='bbox 519 4331 664 4372; x_wconf 90' lang='lat' dir='ltr'><strong>nunc</strong></span> <span class='ocrx_word' id='word_1_374' title='bbox 701 4317 924 4383; x_wconf 78' lang='lat' dir='ltr'><strong>dixerit,</strong></span> <span class='ocrx_word' id='word_1_375' title='bbox 981 4315 1123 4388; x_wconf 87' lang='lat' dir='ltr'><strong>quod</strong></span> <span class='ocrx_word' id='word_1_376' title='bbox 1158 4325 1233 4370; x_wconf 88' lang='lat' dir='ltr'><strong>est</strong></span> <span class='ocrx_word' id='word_1_377' title='bbox 1282 4315 1588 4370; x_wconf 88' lang='lat' dir='ltr'><strong>mandatum</strong></span> <span class='ocrx_word' id='word_1_378' title='bbox 1631 4317 1896 4386; x_wconf 87' lang='lat' dir='ltr'><strong>primum:</strong></span> 
     </span>
    </p>
   </div>
   <div class='ocr_carea' id='block_1_47' title="bbox 290 4417 1901 4491">
    <p class='ocr_par' dir='ltr' id='par_1_47' title="bbox 290 4417 1901 4491">
     <span class='ocr_line' id='line_1_47' title="bbox 290 4417 1901 4491; baseline 0 -17"><span class='ocrx_word' id='word_1_379' title='bbox 290 4436 415 4476; x_wconf 84' lang='lat' dir='ltr'><strong>cum</strong></span> <span class='ocrx_word' id='word_1_380' title='bbox 442 4421 680 4491; x_wconf 89' lang='lat' dir='ltr'><strong>primum</strong></span> <span class='ocrx_word' id='word_1_381' title='bbox 715 4419 1027 4474; x_wconf 87' lang='lat' dir='ltr'><strong>mandatum</strong></span> <span class='ocrx_word' id='word_1_382' title='bbox 1055 4420 1126 4475; x_wconf 91' lang='lat' dir='ltr'><strong>sit</strong></span> <span class='ocrx_word' id='word_1_383' title='bbox 1167 4436 1182 4472; x_wconf 89' lang='lat'><strong>:</strong></span> <span class='ocrx_word' id='word_1_384' title='bbox 1235 4417 1353 4473; x_wconf 86' lang='lat' dir='ltr'><strong>Non</strong></span> <span class='ocrx_word' id='word_1_385' title='bbox 1385 4426 1535 4473; x_wconf 86' lang='lat' dir='ltr'><strong>erunt</strong></span> <span class='ocrx_word' id='word_1_386' title='bbox 1575 4419 1665 4473; x_wconf 86' lang='lat' dir='ltr'><strong>tibi</strong></span> <span class='ocrx_word' id='word_1_387' title='bbox 1702 4421 1778 4473; x_wconf 85' lang='lat' dir='ltr'><strong>dii</strong></span> <span class='ocrx_word' id='word_1_388' title='bbox 1806 4421 1901 4475; x_wconf 85' lang='lat' dir='ltr'><strong>alii</strong></span> 
     </span>
    </p>
   </div>
   <div class='ocr_carea' id='block_1_48' title="bbox 289 4512 1977 4617">
    <p class='ocr_par' dir='ltr' id='par_1_48' title="bbox 289 4512 1977 4617">
     <span class='ocr_line' id='line_1_48' title="bbox 289 4512 1977 4617; baseline 0.001 -42"><span class='ocrx_word' id='word_1_389' title='bbox 289 4533 484 4592; x_wconf 65' lang='lat' dir='ltr'><strong>praeter</strong></span> <span class='ocrx_word' id='word_1_390' title='bbox 513 4537 610 4576; x_wconf 87' lang='lat' dir='ltr'><strong>me.</strong></span> <span class='ocrx_word' id='word_1_391' title='bbox 643 4512 1012 4590; x_wconf 83' lang='lat' dir='ltr'><strong>Quamobrem</strong></span> <span class='ocrx_word' id='word_1_392' title='bbox 1037 4520 1284 4574; x_wconf 89' lang='lat' dir='ltr'><strong>nonnulli</strong></span> <span class='ocrx_word' id='word_1_393' title='bbox 1316 4520 1388 4573; x_wconf 88' lang='lat' dir='ltr'><strong>ita</strong></span> <span class='ocrx_word' id='word_1_394' title='bbox 1410 4519 1622 4588; x_wconf 83' lang='lat' dir='ltr'><strong>legunt,</strong></span> <span class='ocrx_word' id='word_1_395' title='bbox 1651 4521 1792 4590; x_wconf 89' lang='lat' dir='ltr'><strong>quod</strong></span> <span class='ocrx_word' id='word_1_396' title='bbox 1822 4534 1896 4578; x_wconf 88' lang='lat' dir='ltr'><strong>est</strong></span> <span class='ocrx_word' id='word_1_397' title='bbox 1928 4556 1977 4617; x_wconf 70' lang='grc' dir='ltr'><strong>Ι)</strong></span> 
     </span>
    </p>
   </div>
   <div class='ocr_carea' id='block_1_49' title="bbox 287 4621 1895 4695">
    <p class='ocr_par' dir='ltr' id='par_1_49' title="bbox 287 4621 1895 4695">
     <span class='ocr_line' id='line_1_49' title="bbox 287 4621 1895 4695; baseline 0 -19"><span class='ocrx_word' id='word_1_398' title='bbox 287 4625 598 4677; x_wconf 83' lang='lat' dir='ltr'><strong>mandatum</strong></span> <span class='ocrx_word' id='word_1_399' title='bbox 620 4624 844 4694; x_wconf 78' lang='lat' dir='ltr'><strong>primunt</strong></span> <span class='ocrx_word' id='word_1_400' title='bbox 868 4623 922 4676; x_wconf 88' lang='lat' dir='ltr'><strong>in</strong></span> <span class='ocrx_word' id='word_1_401' title='bbox 945 4623 1289 4695; x_wconf 84' lang='lat' dir='ltr'><strong>promissione</strong></span> <span class='ocrx_word' id='word_1_402' title='bbox 1311 4637 1330 4676; x_wconf 91' lang='lat'><em>:</em></span> <span class='ocrx_word' id='word_1_403' title='bbox 1355 4621 1511 4691; x_wconf 89' lang='lat' dir='ltr'><strong>quasi</strong></span> <span class='ocrx_word' id='word_1_404' title='bbox 1533 4630 1768 4690; x_wconf 87' lang='lat' dir='ltr'><strong>quatuor</strong></span> <span class='ocrx_word' id='word_1_405' title='bbox 1791 4621 1895 4676; x_wconf 89' lang='lat' dir='ltr'><strong>alia</strong></span> 
     </span>
    </p>
   </div>
   <div class='ocr_carea' id='block_1_50' title="bbox 282 4720 1894 4795">
    <p class='ocr_par' dir='ltr' id='par_1_50' title="bbox 282 4720 1894 4795">
     <span class='ocr_line' id='line_1_50' title="bbox 282 4720 1894 4795; baseline -0.003 -16"><span class='ocrx_word' id='word_1_406' title='bbox 282 4725 570 4788; x_wconf 85' lang='lat' dir='ltr'><strong>mandata,</strong></span> <span class='ocrx_word' id='word_1_407' title='bbox 602 4740 722 4795; x_wconf 74' lang='lat' dir='ltr'><strong>quae</strong></span> <span class='ocrx_word' id='word_1_408' title='bbox 753 4735 877 4779; x_wconf 89' lang='lat' dir='ltr'><strong>ante</strong></span> <span class='ocrx_word' id='word_1_409' title='bbox 906 4724 1050 4778; x_wconf 87' lang='lat' dir='ltr'><strong>dicta</strong></span> <span class='ocrx_word' id='word_1_410' title='bbox 1081 4731 1229 4788; x_wconf 90' lang='lat' dir='ltr'><strong>sunt,</strong></span> <span class='ocrx_word' id='word_1_411' title='bbox 1266 4738 1370 4776; x_wconf 90' lang='lat' dir='ltr'><strong>non</strong></span> <span class='ocrx_word' id='word_1_412' title='bbox 1405 4721 1637 4775; x_wconf 88' lang='lat' dir='ltr'><strong>habeant</strong></span> <span class='ocrx_word' id='word_1_413' title='bbox 1661 4720 1894 4792; x_wconf 85' lang='lat' dir='ltr'><strong>promis-</strong></span> 
     </span>
    </p>
   </div>
   <div class='ocr_carea' id='block_1_51' title="bbox 279 4823 1888 4894">
    <p class='ocr_par' dir='ltr' id='par_1_51' title="bbox 279 4823 1888 4894">
     <span class='ocr_line' id='line_1_51' title="bbox 279 4823 1888 4894; baseline -0.002 -12"><span class='ocrx_word' id='word_1_414' title='bbox 279 4826 500 4892; x_wconf 85' lang='lat' dir='ltr'><strong>sioncs,</strong></span> <span class='ocrx_word' id='word_1_415' title='bbox 525 4835 582 4881; x_wconf 84' lang='lat' dir='ltr'><strong>et</strong></span> <span class='ocrx_word' id='word_1_416' title='bbox 611 4827 664 4880; x_wconf 87' lang='lat' dir='ltr'><strong>in</strong></span> <span class='ocrx_word' id='word_1_417' title='bbox 712 4825 817 4881; x_wconf 87' lang='lat' dir='ltr'><strong>hoc</strong></span> <span class='ocrx_word' id='word_1_418' title='bbox 842 4827 962 4881; x_wconf 89' lang='lat' dir='ltr'><strong>solo</strong></span> <span class='ocrx_word' id='word_1_419' title='bbox 994 4825 1314 4894; x_wconf 86' lang='lat' dir='ltr'><strong>pollicitatio</strong></span> <span class='ocrx_word' id='word_1_420' title='bbox 1358 4823 1566 4879; x_wconf 79' lang='lat' dir='ltr'><strong>feratur</strong></span> <span class='ocrx_word' id='word_1_421' title='bbox 1593 4823 1850 4892; x_wconf 78' lang='lat' dir='ltr'><strong>adiuncta</strong></span> <span class='ocrx_word' id='word_1_422' title='bbox 1873 4865 1888 4891; x_wconf 88' lang='lat'><strong>,</strong></span> 
     </span>
    </p>
   </div>
   <div class='ocr_carea' id='block_1_52' title="bbox 282 4923 1893 4996">
    <p class='ocr_par' dir='ltr' id='par_1_52' title="bbox 282 4923 1893 4996">
     <span class='ocr_line' id='line_1_52' title="bbox 282 4923 1893 4996; baseline -0.001 -17"><span class='ocrx_word' id='word_1_423' title='bbox 282 4935 339 4979; x_wconf 81' lang='lat' dir='ltr'><strong>ut</strong></span> <span class='ocrx_word' id='word_1_424' title='bbox 363 4927 490 4980; x_wconf 85' lang='lat' dir='ltr'><strong>bene</strong></span> <span class='ocrx_word' id='word_1_425' title='bbox 522 4925 588 4979; x_wconf 91' lang='lat' dir='ltr'><strong>sit</strong></span> <span class='ocrx_word' id='word_1_426' title='bbox 611 4925 722 4991; x_wconf 85' lang='lat' dir='ltr'><strong>tibi,</strong></span> <span class='ocrx_word' id='word_1_427' title='bbox 750 4934 798 4979; x_wconf 87' lang='lat' dir='ltr'><strong>et</strong></span> <span class='ocrx_word' id='word_1_428' title='bbox 820 4925 891 4979; x_wconf 81' lang='lat' dir='ltr'><strong>sis</strong></span> <span class='ocrx_word' id='word_1_429' title='bbox 913 4926 1176 4996; x_wconf 72' lang='lat' dir='ltr'><strong>longa&#39;vus</strong></span> <span class='ocrx_word' id='word_1_430' title='bbox 1199 4941 1355 4996; x_wconf 85' lang='lat' dir='ltr'><strong>super</strong></span> <span class='ocrx_word' id='word_1_431' title='bbox 1383 4934 1573 4979; x_wconf 85' lang='lat' dir='ltr'><strong>terram</strong></span> <span class='ocrx_word' id='word_1_432' title='bbox 1600 4941 1754 4996; x_wconf 83' lang='lat' dir='ltr'><strong>quant</strong></span> <span class='ocrx_word' id='word_1_433' title='bbox 1788 4923 1893 4978; x_wconf 85' lang='lat' dir='ltr'><strong>Do-</strong></span> 
     </span>
    </p>
   </div>
   <div class='ocr_carea' id='block_1_53' title="bbox 280 5024 1888 5081">
    <p class='ocr_par' dir='ltr' id='par_1_53' title="bbox 280 5024 1888 5081">
     <span class='ocr_line' id='line_1_53' title="bbox 280 5024 1888 5081; baseline 0.002 -3"><span class='ocrx_word' id='word_1_434' title='bbox 280 5027 460 5080; x_wconf 86' lang='lat' dir='ltr'><strong>minus</strong></span> <span class='ocrx_word' id='word_1_435' title='bbox 491 5024 633 5081; x_wconf 84' lang='lat' dir='ltr'><strong>Deus</strong></span> <span class='ocrx_word' id='word_1_436' title='bbox 681 5035 800 5080; x_wconf 90' lang='lat' dir='ltr'><strong>lutts</strong></span> <span class='ocrx_word' id='word_1_437' title='bbox 830 5026 971 5080; x_wconf 84' lang='lat' dir='ltr'><strong>dabit</strong></span> <span class='ocrx_word' id='word_1_438' title='bbox 1001 5026 1115 5080; x_wconf 87' lang='lat' dir='ltr'><strong>tibi.</strong></span> <span class='ocrx_word' id='word_1_439' title='bbox 1168 5025 1276 5081; x_wconf 88' lang='lat' dir='ltr'><strong>Sed</strong></span> <span class='ocrx_word' id='word_1_440' title='bbox 1309 5025 1562 5080; x_wconf 68' lang='lat' dir='ltr'><strong>ridentur</strong></span> <span class='ocrx_word' id='word_1_441' title='bbox 1608 5026 1742 5081; x_wconf 88' lang='lat' dir='ltr'><strong>mihi</strong></span> <span class='ocrx_word' id='word_1_442' title='bbox 1784 5043 1888 5081; x_wconf 92' lang='lat' dir='ltr'><strong>non</strong></span> 
     </span>
    </p>
   </div>
   <div class='ocr_carea' id='block_1_54' title="bbox 280 5127 1896 5197">
    <p class='ocr_par' dir='ltr' id='par_1_54' title="bbox 280 5127 1896 5197">
     <span class='ocr_line' id='line_1_54' title="bbox 280 5127 1896 5197; baseline -0.002 -13"><span class='ocrx_word' id='word_1_443' title='bbox 280 5129 612 5186; x_wconf 79' lang='lat' dir='ltr'><strong>observasse</strong></span> <span class='ocrx_word' id='word_1_444' title='bbox 637 5128 923 5196; x_wconf 77' lang='lat' dir='ltr'><strong>subtilius,</strong></span> <span class='ocrx_word' id='word_1_445' title='bbox 965 5139 1019 5183; x_wconf 82' lang='lat' dir='ltr'><strong>el</strong></span> <span class='ocrx_word' id='word_1_446' title='bbox 1047 5127 1101 5183; x_wconf 91' lang='lat' dir='ltr'><strong>in</strong></span> <span class='ocrx_word' id='word_1_447' title='bbox 1138 5129 1379 5184; x_wconf 88' lang='lat' dir='ltr'><strong>secundo</strong></span> <span class='ocrx_word' id='word_1_448' title='bbox 1410 5130 1665 5186; x_wconf 87' lang='lat' dir='ltr'><strong>mandato</strong></span> <span class='ocrx_word' id='word_1_449' title='bbox 1707 5145 1896 5197; x_wconf 80' lang='lat' dir='ltr'><strong>repro-</strong></span> 
     </span>
    </p>
   </div>
   <div class='ocr_carea' id='block_1_55' title="bbox 283 5219 1891 5291">
    <p class='ocr_par' dir='ltr' id='par_1_55' title="bbox 283 5219 1891 5291">
     <span class='ocr_line' id='line_1_55' title="bbox 283 5219 1891 5291; baseline 0.001 -17"><span class='ocrx_word' id='word_1_450' title='bbox 283 5219 610 5275; x_wconf 86' lang='lat' dir='ltr'><strong>missionem</strong></span> <span class='ocrx_word' id='word_1_451' title='bbox 634 5235 758 5275; x_wconf 77' lang='lat' dir='ltr'><strong>esse</strong></span> <span class='ocrx_word' id='word_1_452' title='bbox 789 5221 1075 5278; x_wconf 84' lang='lat' dir='ltr'><strong>sociatam.</strong></span> <span class='ocrx_word' id='word_1_453' title='bbox 1105 5221 1191 5273; x_wconf 75' lang='lat' dir='ltr'><strong>Ait</strong></span> <span class='ocrx_word' id='word_1_454' title='bbox 1221 5221 1364 5274; x_wconf 82' lang='lat' dir='ltr'><strong>enim</strong></span> <span class='ocrx_word' id='word_1_455' title='bbox 1397 5238 1410 5274; x_wconf 89' lang='lat'><strong>:</strong></span> <span class='ocrx_word' id='word_1_456' title='bbox 1448 5220 1568 5276; x_wconf 85' lang='lat' dir='ltr'><strong>Non</strong></span> <span class='ocrx_word' id='word_1_457' title='bbox 1607 5223 1770 5291; x_wconf 77' lang='lat' dir='ltr'><strong>{acies</strong></span> <span class='ocrx_word' id='word_1_458' title='bbox 1799 5222 1891 5277; x_wconf 89' lang='lat' dir='ltr'><strong>tibi</strong></span> 
     </span>
    </p>
   </div>
   <div class='ocr_carea' id='block_1_56' title="bbox 279 5311 1894 5384">
    <p class='ocr_par' dir='ltr' id='par_1_56' title="bbox 279 5311 1894 5384">
     <span class='ocr_line' id='line_1_56' title="bbox 279 5311 1894 5384; baseline 0.003 -20"><span class='ocrx_word' id='word_1_459' title='bbox 279 5311 510 5376; x_wconf 82' lang='lat' dir='ltr'><strong>idolum,</strong></span> <span class='ocrx_word' id='word_1_460' title='bbox 543 5329 708 5384; x_wconf 85' lang='lat' dir='ltr'><strong>neque</strong></span> <span class='ocrx_word' id='word_1_461' title='bbox 731 5329 931 5366; x_wconf 88' lang='lat' dir='ltr'><strong>omnem</strong></span> <span class='ocrx_word' id='word_1_462' title='bbox 957 5313 1346 5366; x_wconf 85' lang='lat' dir='ltr'><strong>similitudinem</strong></span> <span class='ocrx_word' id='word_1_463' title='bbox 1369 5329 1546 5366; x_wconf 87' lang='lat' dir='ltr'><strong>eorum</strong></span> <span class='ocrx_word' id='word_1_464' title='bbox 1576 5330 1690 5382; x_wconf 68' lang='lat' dir='ltr'><strong>quin</strong></span> <span class='ocrx_word' id='word_1_465' title='bbox 1718 5314 1770 5367; x_wconf 89' lang='lat' dir='ltr'><strong>in</strong></span> <span class='ocrx_word' id='word_1_466' title='bbox 1803 5331 1894 5369; x_wconf 74' lang='grc' dir='ltr'><strong>εω-</strong></span> 
     </span>
    </p>
   </div>
   <div class='ocr_carea' id='block_1_57' title="bbox 283 5401 1893 5478">
    <p class='ocr_par' dir='ltr' id='par_1_57' title="bbox 283 5401 1893 5478">
     <span class='ocr_line' id='line_1_57' title="bbox 283 5401 1893 5478; baseline 0.005 -23"><span class='ocrx_word' id='word_1_467' title='bbox 283 5401 339 5457; x_wconf 84' lang='grc' dir='ltr'><em>ιο</em></span> <span class='ocrx_word' id='word_1_468' title='bbox 378 5421 611 5471; x_wconf 83' lang='lat' dir='ltr'><strong>sursum,</strong></span> <span class='ocrx_word' id='word_1_469' title='bbox 643 5413 692 5457; x_wconf 90' lang='lat' dir='ltr'><strong>et</strong></span> <span class='ocrx_word' id='word_1_470' title='bbox 722 5419 836 5474; x_wconf 79' lang='lat' dir='ltr'><strong>qua:</strong></span> <span class='ocrx_word' id='word_1_471' title='bbox 866 5405 918 5458; x_wconf 88' lang='lat' dir='ltr'><strong>in</strong></span> <span class='ocrx_word' id='word_1_472' title='bbox 945 5414 1080 5457; x_wconf 89' lang='lat' dir='ltr'><strong>terra</strong></span> <span class='ocrx_word' id='word_1_473' title='bbox 1109 5404 1372 5471; x_wconf 85' lang='lat' dir='ltr'><strong>deorsum,</strong></span> <span class='ocrx_word' id='word_1_474' title='bbox 1401 5415 1448 5458; x_wconf 86' lang='lat' dir='ltr'><strong>et</strong></span> <span class='ocrx_word' id='word_1_475' title='bbox 1482 5422 1597 5477; x_wconf 81' lang='lat' dir='ltr'><strong>qua:</strong></span> <span class='ocrx_word' id='word_1_476' title='bbox 1646 5407 1697 5460; x_wconf 88' lang='lat' dir='ltr'><strong>in</strong></span> <span class='ocrx_word' id='word_1_477' title='bbox 1746 5409 1893 5478; x_wconf 81' lang='lat' dir='ltr'><strong>aquis</strong></span> 
     </span>
    </p>
   </div>
   <div class='ocr_carea' id='block_1_58' title="bbox 353 5565 1893 5636">
    <p class='ocr_par' dir='ltr' id='par_1_58' title="bbox 353 5565 1893 5636">
     <span class='ocr_line' id='line_1_58' title="bbox 353 5565 1893 5636; baseline 0 -12"><span class='ocrx_word' id='word_1_478' title='bbox 353 5577 381 5605; x_wconf 77' lang='lat'><strong><em>&quot;</em></strong></span> <span class='ocrx_word' id='word_1_479' title='bbox 423 5568 718 5632; x_wconf 78' lang='lat' dir='ltr'><strong>Voculam,</strong></span> <span class='ocrx_word' id='word_1_480' title='bbox 764 5583 958 5626; x_wconf 84' lang='lat' dir='ltr'><strong>omnes.</strong></span> <span class='ocrx_word' id='word_1_481' title='bbox 991 5567 1220 5636; x_wconf 88' lang='lat' dir='ltr'><strong>ipsemet</strong></span> <span class='ocrx_word' id='word_1_482' title='bbox 1270 5565 1632 5636; x_wconf 76' lang='lat' dir='ltr'><strong>Hieronymus</strong></span> <span class='ocrx_word' id='word_1_483' title='bbox 1667 5567 1893 5624; x_wconf 87' lang='lat' dir='ltr'><strong>minime</strong></span> 
     </span>
    </p>
   </div>
   <div class='ocr_carea' id='block_1_59' title="bbox 270 5639 1891 5704">
    <p class='ocr_par' dir='ltr' id='par_1_59' title="bbox 270 5639 1891 5704">
     <span class='ocr_line' id='line_1_59' title="bbox 270 5639 1891 5704; baseline -0.001 -9"><span class='ocrx_word' id='word_1_484' title='bbox 270 5640 430 5696; x_wconf 79' lang='lat' dir='ltr'><strong>novit</strong></span> <span class='ocrx_word' id='word_1_485' title='bbox 480 5643 532 5695; x_wconf 88' lang='lat' dir='ltr'><strong>in</strong></span> <span class='ocrx_word' id='word_1_486' title='bbox 580 5639 1007 5693; x_wconf 66' lang='lat' dir='ltr'><strong>(lonttnentut&#39;iis</strong></span> <span class='ocrx_word' id='word_1_487' title='bbox 1063 5640 1112 5692; x_wconf 87' lang='lat' dir='ltr'><strong>iit</strong></span> <span class='ocrx_word' id='word_1_488' title='bbox 1169 5641 1311 5692; x_wconf 83' lang='lat' dir='ltr'><strong>hunc</strong></span> <span class='ocrx_word' id='word_1_489' title='bbox 1341 5639 1567 5704; x_wconf 86' lang='lat' dir='ltr'><strong>librum,</strong></span> <span class='ocrx_word' id='word_1_490' title='bbox 1600 5639 1684 5692; x_wconf 85' lang='lat' dir='ltr'><strong>nhi</strong></span> <span class='ocrx_word' id='word_1_491' title='bbox 1715 5653 1775 5693; x_wconf 83' lang='lat' dir='ltr'><strong>se</strong></span> <span class='ocrx_word' id='word_1_492' title='bbox 1809 5652 1891 5693; x_wconf 55' lang='lat' dir='ltr'><strong>ta-</strong></span> 
     </span>
    </p>
   </div>
   <div class='ocr_carea' id='block_1_60' title="bbox 264 5709 1891 5781">
    <p class='ocr_par' dir='ltr' id='par_1_60' title="bbox 264 5709 1891 5781">
     <span class='ocr_line' id='line_1_60' title="bbox 264 5709 1891 5781; baseline -0.002 -13"><span class='ocrx_word' id='word_1_493' title='bbox 264 5729 404 5768; x_wconf 87' lang='lat' dir='ltr'><strong>men</strong></span> <span class='ocrx_word' id='word_1_494' title='bbox 439 5709 812 5781; x_wconf 71' lang='lat' dir='ltr'><strong>Septuaginta</strong></span> <span class='ocrx_word' id='word_1_495' title='bbox 863 5711 1233 5781; x_wconf 80' lang='lat' dir='ltr'><strong>interpretum</strong></span> <span class='ocrx_word' id='word_1_496' title='bbox 1282 5709 1668 5781; x_wconf 63' lang='lat' dir='ltr'><strong>consuetudini</strong></span> <span class='ocrx_word' id='word_1_497' title='bbox 1719 5712 1891 5780; x_wconf 76' lang='lat' dir='ltr'><strong>magis</strong></span> 
     </span>
    </p>
   </div>
   <div class='ocr_carea' id='block_1_61' title="bbox 261 5779 1884 5858">
    <p class='ocr_par' dir='ltr' id='par_1_61' title="bbox 261 5779 1884 5858">
     <span class='ocr_line' id='line_1_61' title="bbox 261 5779 1884 5858; baseline -0.004 -16"><span class='ocrx_word' id='word_1_498' title='bbox 261 5779 585 5858; x_wconf 64' lang='lat' dir='ltr'><strong>cooptavit.</strong></span> <span class='ocrx_word' id='word_1_499' title='bbox 620 5779 852 5836; x_wconf 82' lang='lat' dir='ltr'><strong>Factum</strong></span> <span class='ocrx_word' id='word_1_500' title='bbox 892 5795 1106 5851; x_wconf 84' lang='lat' dir='ltr'><strong>quoque</strong></span> <span class='ocrx_word' id='word_1_501' title='bbox 1145 5779 1362 5854; x_wconf 80' lang='lat' dir='ltr'><strong>videtur</strong></span> <span class='ocrx_word' id='word_1_502' title='bbox 1391 5780 1693 5835; x_wconf 83' lang='lat' dir='ltr'><strong>scribarum</strong></span> <span class='ocrx_word' id='word_1_503' title='bbox 1727 5779 1884 5836; x_wconf 83' lang='lat' dir='ltr'><strong>erro-</strong></span> 
     </span>
    </p>
   </div>
   <div class='ocr_carea' id='block_1_62' title="bbox 2006 497 3609 577">
    <p class='ocr_par' dir='ltr' id='par_1_62' title="bbox 2006 497 3609 577">
     <span class='ocr_line' id='line_1_62' title="bbox 2006 497 3609 577; baseline 0.004 -27"><span class='ocrx_word' id='word_1_504' title='bbox 2006 499 2110 552; x_wconf 84' lang='lat' dir='ltr'><strong>lis:</strong></span> <span class='ocrx_word' id='word_1_505' title='bbox 2148 497 2260 570; x_wconf 83' lang='lat' dir='ltr'><strong>Ego</strong></span> <span class='ocrx_word' id='word_1_506' title='bbox 2288 500 2421 553; x_wconf 81' lang='lat' dir='ltr'><strong>enim</strong></span> <span class='ocrx_word' id='word_1_507' title='bbox 2451 518 2562 554; x_wconf 87' lang='lat' dir='ltr'><strong>sum</strong></span> <span class='ocrx_word' id='word_1_508' title='bbox 2598 499 2856 556; x_wconf 86' lang='lat' dir='ltr'><strong>Dominus</strong></span> <span class='ocrx_word' id='word_1_509' title='bbox 2891 502 3028 558; x_wconf 87' lang='lat' dir='ltr'><strong>Deus</strong></span> <span class='ocrx_word' id='word_1_510' title='bbox 3055 515 3196 566; x_wconf 79' lang='lat' dir='ltr'><strong>tuus,</strong></span> <span class='ocrx_word' id='word_1_511' title='bbox 3228 504 3366 562; x_wconf 85' lang='lat' dir='ltr'><strong>Deus</strong></span> <span class='ocrx_word' id='word_1_512' title='bbox 3396 507 3609 577; x_wconf 61' lang='lat' dir='ltr'><strong>zelotes,</strong></span> 
     </span>
    </p>
   </div>
   <div class='ocr_carea' id='block_1_63' title="bbox 2004 589 3610 665">
    <p class='ocr_par' dir='ltr' id='par_1_63' title="bbox 2004 589 3610 665">
     <span class='ocr_line' id='line_1_63' title="bbox 2004 589 3610 665; baseline 0.005 -22"><span class='ocrx_word' id='word_1_513' title='bbox 2004 590 2095 661; x_wconf 85' lang='lat' dir='ltr'><strong>qui</strong></span> <span class='ocrx_word' id='word_1_514' title='bbox 2122 589 2280 645; x_wconf 88' lang='lat' dir='ltr'><strong>reddo</strong></span> <span class='ocrx_word' id='word_1_515' title='bbox 2309 603 2515 656; x_wconf 82' lang='lat' dir='ltr'><strong>peccata</strong></span> <span class='ocrx_word' id='word_1_516' title='bbox 2545 603 2750 660; x_wconf 87' lang='lat' dir='ltr'><strong>patrum</strong></span> <span class='ocrx_word' id='word_1_517' title='bbox 2775 595 2829 647; x_wconf 91' lang='lat' dir='ltr'><strong>in</strong></span> <span class='ocrx_word' id='word_1_518' title='bbox 2851 595 2991 661; x_wconf 81' lang='lat' dir='ltr'><strong>ﬁlios</strong></span> <span class='ocrx_word' id='word_1_519' title='bbox 3022 613 3178 665; x_wconf 86' lang='lat' dir='ltr'><strong>usque</strong></span> <span class='ocrx_word' id='word_1_520' title='bbox 3212 597 3280 650; x_wconf 90' lang='lat' dir='ltr'><strong>ad</strong></span> <span class='ocrx_word' id='word_1_521' title='bbox 3326 599 3527 652; x_wconf 77' lang='lat' dir='ltr'><strong>tertiam</strong></span> <span class='ocrx_word' id='word_1_522' title='bbox 3559 606 3610 654; x_wconf 86' lang='lat' dir='ltr'><strong>et</strong></span> 
     </span>
    </p>
   </div>
   <div class='ocr_carea' id='block_1_64' title="bbox 2005 686 3608 758">
    <p class='ocr_par' dir='ltr' id='par_1_64' title="bbox 2005 686 3608 758">
     <span class='ocr_line' id='line_1_64' title="bbox 2005 686 3608 758; baseline 0.007 -24"><span class='ocrx_word' id='word_1_523' title='bbox 2005 693 2240 752; x_wconf 86' lang='lat' dir='ltr'><strong>quartam</strong></span> <span class='ocrx_word' id='word_1_524' title='bbox 2276 686 2677 755; x_wconf 86' lang='lat' dir='ltr'><strong>generationem,</strong></span> <span class='ocrx_word' id='word_1_525' title='bbox 2729 686 2809 739; x_wconf 82' lang='lat' dir='ltr'><strong>Itis</strong></span> <span class='ocrx_word' id='word_1_526' title='bbox 2837 687 2930 758; x_wconf 88' lang='lat' dir='ltr'><strong>qui</strong></span> <span class='ocrx_word' id='word_1_527' title='bbox 2956 703 3037 740; x_wconf 89' lang='lat' dir='ltr'><strong>me</strong></span> <span class='ocrx_word' id='word_1_528' title='bbox 3084 688 3321 751; x_wconf 75' lang='lat' dir='ltr'><strong>oderunt,</strong></span> <span class='ocrx_word' id='word_1_529' title='bbox 3378 699 3425 742; x_wconf 85' lang='lat' dir='ltr'><strong>et</strong></span> <span class='ocrx_word' id='word_1_530' title='bbox 3469 693 3608 758; x_wconf 77' lang='lat' dir='ltr'><strong>facio</strong></span> 
     </span>
    </p>
   </div>
   <div class='ocr_carea' id='block_1_65' title="bbox 2007 775 3609 851">
    <p class='ocr_par' dir='ltr' id='par_1_65' title="bbox 2007 775 3609 851">
     <span class='ocr_line' id='line_1_65' title="bbox 2007 775 3609 851; baseline 0.007 -25"><span class='ocrx_word' id='word_1_531' title='bbox 2007 775 2411 829; x_wconf 84' lang='lat' dir='ltr'><strong>misericordiam</strong></span> <span class='ocrx_word' id='word_1_532' title='bbox 2440 777 2492 829; x_wconf 92' lang='lat' dir='ltr'><strong>in</strong></span> <span class='ocrx_word' id='word_1_533' title='bbox 2525 778 2690 831; x_wconf 86' lang='lat' dir='ltr'><strong>millia</strong></span> <span class='ocrx_word' id='word_1_534' title='bbox 2726 777 2808 832; x_wconf 81' lang='lat' dir='ltr'><strong>his</strong></span> <span class='ocrx_word' id='word_1_535' title='bbox 2832 779 2920 845; x_wconf 88' lang='lat' dir='ltr'><strong>qui</strong></span> <span class='ocrx_word' id='word_1_536' title='bbox 2965 781 3197 851; x_wconf 85' lang='lat' dir='ltr'><strong>diligunt</strong></span> <span class='ocrx_word' id='word_1_537' title='bbox 3228 798 3327 846; x_wconf 89' lang='lat' dir='ltr'><strong>me,</strong></span> <span class='ocrx_word' id='word_1_538' title='bbox 3357 792 3405 836; x_wconf 86' lang='lat' dir='ltr'><strong>et</strong></span> <span class='ocrx_word' id='word_1_539' title='bbox 3433 793 3609 838; x_wconf 78' lang='lat' dir='ltr'><strong>custo-</strong></span> 
     </span>
    </p>
   </div>
   <div class='ocr_carea' id='block_1_66' title="bbox 2005 867 3606 947">
    <p class='ocr_par' dir='ltr' id='par_1_66' title="bbox 2005 867 3606 947">
     <span class='ocr_line' id='line_1_66' title="bbox 2005 867 3606 947; baseline 0.011 -27"><span class='ocrx_word' id='word_1_540' title='bbox 2005 867 2152 921; x_wconf 87' lang='lat' dir='ltr'><strong>diunt</strong></span> <span class='ocrx_word' id='word_1_541' title='bbox 2177 870 2424 923; x_wconf 88' lang='lat' dir='ltr'><strong>ntandata</strong></span> <span class='ocrx_word' id='word_1_542' title='bbox 2453 888 2564 923; x_wconf 86' lang='lat' dir='ltr'><strong>mea</strong></span> <span class='ocrx_word' id='word_1_543' title='bbox 2587 870 2788 942; x_wconf 75' lang='lat' dir='ltr'><strong>(Exod.</strong></span> <span class='ocrx_word' id='word_1_544' title='bbox 2817 890 2892 941; x_wconf 82' lang='lat' dir='ltr'><strong>tv,</strong></span> <span class='ocrx_word' id='word_1_545' title='bbox 2915 873 2992 944; x_wconf 82' lang='lat'><strong>5).</strong></span> <span class='ocrx_word' id='word_1_546' title='bbox 3023 876 3262 930; x_wconf 74' lang='lat' dir='ltr'><strong>Observa</strong></span> <span class='ocrx_word' id='word_1_547' title='bbox 3285 878 3428 932; x_wconf 87' lang='lat' dir='ltr'><strong>enim</strong></span> <span class='ocrx_word' id='word_1_548' title='bbox 3460 878 3606 947; x_wconf 72' lang='lat' dir='ltr'><strong>qum]</strong></span> 
     </span>
    </p>
   </div>
   <div class='ocr_carea' id='block_1_67' title="bbox 2007 961 3604 1029">
    <p class='ocr_par' dir='ltr' id='par_1_67' title="bbox 2007 961 3604 1029">
     <span class='ocr_line' id='line_1_67' title="bbox 2007 961 3604 1029; baseline 0.009 -17"><span class='ocrx_word' id='word_1_549' title='bbox 2007 962 2170 1016; x_wconf 81' lang='lat' dir='ltr'><strong>verba</strong></span> <span class='ocrx_word' id='word_1_550' title='bbox 2195 961 2304 1016; x_wconf 89' lang='lat' dir='ltr'><strong>sint</strong></span> <span class='ocrx_word' id='word_1_551' title='bbox 2332 965 2642 1029; x_wconf 59' lang='lat' dir='ltr'><strong>stimis‘onie</strong></span> <span class='ocrx_word' id='word_1_552' title='bbox 2679 982 2692 1019; x_wconf 90' lang='lat'><strong>:</strong></span> <span class='ocrx_word' id='word_1_553' title='bbox 2727 965 2944 1022; x_wconf 79' lang='lat' dir='ltr'><strong>Faeiens</strong></span> <span class='ocrx_word' id='word_1_554' title='bbox 2965 969 3377 1024; x_wconf 82' lang='lat' dir='ltr'><strong>misericordiam</strong></span> <span class='ocrx_word' id='word_1_555' title='bbox 3402 972 3451 1025; x_wconf 91' lang='lat' dir='ltr'><strong>in</strong></span> <span class='ocrx_word' id='word_1_556' title='bbox 3483 973 3604 1027; x_wconf 53' lang='lat' dir='ltr'><strong>mil.</strong></span> 
     </span>
    </p>
   </div>
   <div class='ocr_carea' id='block_1_68' title="bbox 2004 1052 3604 1129">
    <p class='ocr_par' dir='ltr' id='par_1_68' title="bbox 2004 1052 3604 1129">
     <span class='ocr_line' id='line_1_68' title="bbox 2004 1052 3604 1129; baseline 0.006 -21"><span class='ocrx_word' id='word_1_557' title='bbox 2004 1055 2075 1108; x_wconf 86' lang='lat' dir='ltr'><strong>lia</strong></span> <span class='ocrx_word' id='word_1_558' title='bbox 2104 1052 2184 1107; x_wconf 86' lang='lat' dir='ltr'><strong>Itis</strong></span> <span class='ocrx_word' id='word_1_559' title='bbox 2211 1055 2298 1123; x_wconf 88' lang='lat' dir='ltr'><strong>qui</strong></span> <span class='ocrx_word' id='word_1_560' title='bbox 2351 1053 2582 1129; x_wconf 70' lang='lat' dir='ltr'><strong>diiigunt</strong></span> <span class='ocrx_word' id='word_1_561' title='bbox 2611 1073 2709 1124; x_wconf 87' lang='lat' dir='ltr'><strong>me,</strong></span> <span class='ocrx_word' id='word_1_562' title='bbox 2741 1075 2792 1112; x_wconf 86' lang='lat' dir='ltr'><strong>et</strong></span> <span class='ocrx_word' id='word_1_563' title='bbox 2833 1063 3128 1114; x_wconf 86' lang='lat' dir='ltr'><strong>custodiunt</strong></span> <span class='ocrx_word' id='word_1_564' title='bbox 3173 1067 3418 1115; x_wconf 85' lang='lat' dir='ltr'><strong>mandata</strong></span> <span class='ocrx_word' id='word_1_565' title='bbox 3471 1080 3604 1119; x_wconf 83' lang='lat' dir='ltr'><strong>mea.</strong></span> 
     </span>
    </p>
   </div>
   <div class='ocr_carea' id='block_1_69' title="bbox 2005 1145 3609 1228">
    <p class='ocr_par' dir='ltr' id='par_1_69' title="bbox 2005 1145 3609 1228">
     <span class='ocr_line' id='line_1_69' title="bbox 2005 1145 3609 1228; baseline 0.008 -26"><span class='ocrx_word' id='word_1_566' title='bbox 2005 1145 2257 1202; x_wconf 48' lang='lat' dir='ltr'><strong>Forsitan</strong></span> <span class='ocrx_word' id='word_1_567' title='bbox 2289 1161 2422 1215; x_wconf 77' lang='lat' dir='ltr'><strong>ergo</strong></span> <span class='ocrx_word' id='word_1_568' title='bbox 2461 1149 2588 1218; x_wconf 86' lang='lat' dir='ltr'><strong>quia</strong></span> <span class='ocrx_word' id='word_1_569' title='bbox 2635 1149 2938 1220; x_wconf 78' lang='lat' dir='ltr'><strong>Decalugus</strong></span> <span class='ocrx_word' id='word_1_570' title='bbox 2995 1154 3211 1209; x_wconf 77' lang='lat' dir='ltr'><strong>exeunti</strong></span> <span class='ocrx_word' id='word_1_571' title='bbox 3261 1154 3329 1210; x_wconf 90' lang='lat' dir='ltr'><strong>de</strong></span> <span class='ocrx_word' id='word_1_572' title='bbox 3371 1155 3609 1228; x_wconf 64' lang='lat' dir='ltr'><strong>Egytvlo</strong></span> 
     </span>
    </p>
   </div>
   <div class='ocr_carea' id='block_1_70' title="bbox 2005 1240 3611 1318">
    <p class='ocr_par' dir='ltr' id='par_1_70' title="bbox 2005 1240 3611 1318">
     <span class='ocr_line' id='line_1_70' title="bbox 2005 1240 3611 1318; baseline 0.007 -27"><span class='ocrx_word' id='word_1_573' title='bbox 2005 1241 2228 1310; x_wconf 87' lang='lat' dir='ltr'><strong>populo,</strong></span> <span class='ocrx_word' id='word_1_574' title='bbox 2264 1243 2435 1311; x_wconf 90' lang='lat' dir='ltr'><strong>prima</strong></span> <span class='ocrx_word' id='word_1_575' title='bbox 2467 1240 2578 1298; x_wconf 87' lang='lat' dir='ltr'><strong>Lex</strong></span> <span class='ocrx_word' id='word_1_576' title='bbox 2613 1242 2741 1297; x_wconf 84' lang='lat' dir='ltr'><strong>data</strong></span> <span class='ocrx_word' id='word_1_577' title='bbox 2777 1259 2809 1298; x_wconf 90' lang='lat' dir='ltr'><strong>e</strong></span> <span class='ocrx_word' id='word_1_578' title='bbox 2841 1252 2883 1304; x_wconf 88' lang='lat' dir='ltr'><strong>t.</strong></span> <span class='ocrx_word' id='word_1_579' title='bbox 2928 1247 3352 1318; x_wconf 87' lang='lat' dir='ltr'><strong>unumquodque</strong></span> <span class='ocrx_word' id='word_1_580' title='bbox 3386 1249 3611 1303; x_wconf 86' lang='lat' dir='ltr'><strong>manda-</strong></span> 
     </span>
    </p>
   </div>
   <div class='ocr_carea' id='block_1_71' title="bbox 2006 1331 3601 1410">
    <p class='ocr_par' dir='ltr' id='par_1_71' title="bbox 2006 1331 3601 1410">
     <span class='ocr_line' id='line_1_71' title="bbox 2006 1331 3601 1410; baseline 0.005 -24"><span class='ocrx_word' id='word_1_581' title='bbox 2006 1341 2118 1386; x_wconf 88' lang='lat' dir='ltr'><strong>tum</strong></span> <span class='ocrx_word' id='word_1_582' title='bbox 2158 1331 2435 1404; x_wconf 76' lang='lat' dir='ltr'><strong>Dt-ca!ogi,</strong></span> <span class='ocrx_word' id='word_1_583' title='bbox 2467 1334 2704 1402; x_wconf 91' lang='lat' dir='ltr'><strong>primum</strong></span> <span class='ocrx_word' id='word_1_584' title='bbox 2745 1333 2913 1408; x_wconf 64' lang='grc'>664</span> <span class='ocrx_word' id='word_1_585' title='bbox 2941 1335 3255 1393; x_wconf 79' lang='lat' dir='ltr'><strong>mandatum</strong></span> <span class='ocrx_word' id='word_1_586' title='bbox 3287 1347 3372 1394; x_wconf 89' lang='lat' dir='ltr'><strong>est</strong></span> <span class='ocrx_word' id='word_1_587' title='bbox 3415 1340 3601 1410; x_wconf 83' lang='lat' dir='ltr'><strong>appel-</strong></span> 
     </span>
    </p>
   </div>
   <div class='ocr_carea' id='block_1_72' title="bbox 2005 1421 3603 1500">
    <p class='ocr_par' dir='ltr' id='par_1_72' title="bbox 2005 1421 3603 1500">
     <span class='ocr_line' id='line_1_72' title="bbox 2005 1421 3603 1500; baseline 0.005 -24"><span class='ocrx_word' id='word_1_588' title='bbox 2005 1421 2256 1489; x_wconf 88' lang='lat' dir='ltr'><strong>landum,</strong></span> <span class='ocrx_word' id='word_1_589' title='bbox 2307 1423 2373 1477; x_wconf 87' lang='lat' dir='ltr'><strong>ad</strong></span> <span class='ocrx_word' id='word_1_590' title='bbox 2423 1427 2888 1494; x_wconf 81' lang='lat' dir='ltr'><strong>comparationem</strong></span> <span class='ocrx_word' id='word_1_591' title='bbox 2937 1441 3129 1482; x_wconf 86' lang='lat' dir='ltr'><strong>eorum</strong></span> <span class='ocrx_word' id='word_1_592' title='bbox 3183 1438 3603 1500; x_wconf 75' lang='lat' dir='ltr'><strong>pra‘ccptorum,</strong></span> 
     </span>
    </p>
   </div>
   <div class='ocr_carea' id='block_1_73' title="bbox 2005 1515 3608 1591">
    <p class='ocr_par' dir='ltr' id='par_1_73' title="bbox 2005 1515 3608 1591">
     <span class='ocr_line' id='line_1_73' title="bbox 2005 1515 3608 1591; baseline 0.006 -24"><span class='ocrx_word' id='word_1_593' title='bbox 2005 1530 2128 1586; x_wconf 67' lang='lat' dir='ltr'><strong>quae</strong></span> <span class='ocrx_word' id='word_1_594' title='bbox 2159 1525 2346 1584; x_wconf 86' lang='lat' dir='ltr'><strong>postea</strong></span> <span class='ocrx_word' id='word_1_595' title='bbox 2379 1515 2430 1570; x_wconf 92' lang='lat' dir='ltr'><strong>in</strong></span> <span class='ocrx_word' id='word_1_596' title='bbox 2458 1515 2600 1583; x_wconf 67' lang='lat' dir='ltr'><strong>Lege</strong></span> <span class='ocrx_word' id='word_1_597' title='bbox 2629 1517 2939 1586; x_wconf 81' lang='lat' dir='ltr'><strong>conscripta</strong></span> <span class='ocrx_word' id='word_1_598' title='bbox 2975 1529 3128 1573; x_wconf 83' lang='lat' dir='ltr'><strong>sunt.</strong></span> <span class='ocrx_word' id='word_1_599' title='bbox 3151 1518 3254 1587; x_wconf 86' lang='lat' dir='ltr'><strong>Qui</strong></span> <span class='ocrx_word' id='word_1_600' title='bbox 3279 1535 3413 1574; x_wconf 67' lang='lat' dir='ltr'><strong>vero</strong></span> <span class='ocrx_word' id='word_1_601' title='bbox 3436 1535 3608 1591; x_wconf 85' lang='lat' dir='ltr'><strong>expo-</strong></span> 
     </span>
    </p>
   </div>
   <div class='ocr_carea' id='block_1_74' title="bbox 2005 1609 3610 1684">
    <p class='ocr_par' dir='ltr' id='par_1_74' title="bbox 2005 1609 3610 1684">
     <span class='ocr_line' id='line_1_74' title="bbox 2005 1609 3610 1684; baseline 0.005 -23"><span class='ocrx_word' id='word_1_602' title='bbox 2005 1609 2261 1662; x_wconf 83' lang='lat' dir='ltr'><strong>sitionem</strong></span> <span class='ocrx_word' id='word_1_603' title='bbox 2297 1610 2637 1681; x_wconf 49' lang='lat' dir='ltr'><strong>superiorem</strong></span> <span class='ocrx_word' id='word_1_604' title='bbox 2686 1619 2879 1667; x_wconf 89' lang='lat' dir='ltr'><strong>tenere</strong></span> <span class='ocrx_word' id='word_1_605' title='bbox 2921 1613 3231 1677; x_wconf 89' lang='lat' dir='ltr'><strong>conabitur,</strong></span> <span class='ocrx_word' id='word_1_606' title='bbox 3285 1613 3338 1667; x_wconf 91' lang='lat' dir='ltr'><strong>in</strong></span> <span class='ocrx_word' id='word_1_607' title='bbox 3369 1628 3440 1669; x_wconf 88' lang='lat' dir='ltr'><strong>eo</strong></span> <span class='ocrx_word' id='word_1_608' title='bbox 3466 1613 3610 1684; x_wconf 88' lang='lat' dir='ltr'><strong>quod</strong></span> 
     </span>
    </p>
   </div>
   <div class='ocr_carea' id='block_1_75' title="bbox 2007 1703 3612 1782">
    <p class='ocr_par' dir='ltr' id='par_1_75' title="bbox 2007 1703 3612 1782">
     <span class='ocr_line' id='line_1_75' title="bbox 2007 1703 3612 1782; baseline 0.004 -26"><span class='ocrx_word' id='word_1_609' title='bbox 2007 1703 2354 1770; x_wconf 78' lang='lat' dir='ltr'><strong>distinxerat,</strong></span> <span class='ocrx_word' id='word_1_610' title='bbox 2383 1705 2524 1772; x_wconf 86' lang='lat' dir='ltr'><strong>quod</strong></span> <span class='ocrx_word' id='word_1_611' title='bbox 2551 1716 2628 1760; x_wconf 91' lang='lat' dir='ltr'><strong>est</strong></span> <span class='ocrx_word' id='word_1_612' title='bbox 2651 1705 2955 1760; x_wconf 86' lang='lat' dir='ltr'><strong>mandatum</strong></span> <span class='ocrx_word' id='word_1_613' title='bbox 2991 1708 3220 1780; x_wconf 86' lang='lat' dir='ltr'><strong>primum</strong></span> <span class='ocrx_word' id='word_1_614' title='bbox 3247 1709 3299 1762; x_wconf 87' lang='lat' dir='ltr'><strong>in</strong></span> <span class='ocrx_word' id='word_1_615' title='bbox 3330 1725 3516 1782; x_wconf 83' lang='lat' dir='ltr'><strong>reprou</strong></span> <span class='ocrx_word' id='word_1_616' title='bbox 3540 1709 3612 1763; x_wconf 88' lang='lat' dir='ltr'><strong>is-</strong></span> 
     </span>
    </p>
   </div>
   <div class='ocr_carea' id='block_1_76' title="bbox 2005 1794 3599 1868">
    <p class='ocr_par' dir='ltr' id='par_1_76' title="bbox 2005 1794 3599 1868">
     <span class='ocr_line' id='line_1_76' title="bbox 2005 1794 3599 1868; baseline 0.003 -20"><span class='ocrx_word' id='word_1_617' title='bbox 2005 1796 2170 1859; x_wconf 85' lang='lat' dir='ltr'><strong>s:‘one,</strong></span> <span class='ocrx_word' id='word_1_618' title='bbox 2205 1794 2350 1850; x_wconf 90' lang='lat' dir='ltr'><strong>dicet</strong></span> <span class='ocrx_word' id='word_1_619' title='bbox 2375 1797 2667 1865; x_wconf 77' lang='lat' dir='ltr'><strong>Separatim</strong></span> <span class='ocrx_word' id='word_1_620' title='bbox 2689 1813 2814 1853; x_wconf 57' lang='lat' dir='ltr'><strong>esse</strong></span> <span class='ocrx_word' id='word_1_621' title='bbox 2847 1797 3165 1853; x_wconf 76' lang='lat' dir='ltr'><strong>mandatum</strong></span> <span class='ocrx_word' id='word_1_622' title='bbox 3194 1816 3208 1853; x_wconf 88' lang='lat'><strong>:</strong></span> <span class='ocrx_word' id='word_1_623' title='bbox 3253 1799 3475 1854; x_wconf 82' lang='lat' dir='ltr'><strong>Honora</strong></span> <span class='ocrx_word' id='word_1_624' title='bbox 3498 1817 3599 1868; x_wconf 85' lang='lat' dir='ltr'><strong>pa-</strong></span> 
     </span>
    </p>
   </div>
   <div class='ocr_carea' id='block_1_77' title="bbox 2005 1893 3606 1962">
    <p class='ocr_par' dir='ltr' id='par_1_77' title="bbox 2005 1893 3606 1962">
     <span class='ocr_line' id='line_1_77' title="bbox 2005 1893 3606 1962; baseline 0.005 -21"><span class='ocrx_word' id='word_1_625' title='bbox 2005 1897 2134 1941; x_wconf 88' lang='lat' dir='ltr'><strong>trem</strong></span> <span class='ocrx_word' id='word_1_626' title='bbox 2164 1897 2308 1941; x_wconf 85' lang='lat' dir='ltr'><strong>tuum</strong></span> <span class='ocrx_word' id='word_1_627' title='bbox 2350 1897 2397 1941; x_wconf 87' lang='lat' dir='ltr'><strong>et</strong></span> <span class='ocrx_word' id='word_1_628' title='bbox 2427 1899 2644 1943; x_wconf 85' lang='lat' dir='ltr'><strong>matrem</strong></span> <span class='ocrx_word' id='word_1_629' title='bbox 2675 1900 2817 1944; x_wconf 90' lang='lat' dir='ltr'><strong>tuam</strong></span> <span class='ocrx_word' id='word_1_630' title='bbox 2843 1906 2862 1946; x_wconf 89' lang='lat'><strong><em>:</em></strong></span> <span class='ocrx_word' id='word_1_631' title='bbox 2887 1902 2942 1946; x_wconf 88' lang='lat' dir='ltr'><strong>et</strong></span> <span class='ocrx_word' id='word_1_632' title='bbox 2983 1902 3176 1962; x_wconf 86' lang='lat' dir='ltr'><strong>postea</strong></span> <span class='ocrx_word' id='word_1_633' title='bbox 3211 1908 3354 1962; x_wconf 78' lang='lat' dir='ltr'><strong>repr-</strong></span> <span class='ocrx_word' id='word_1_634' title='bbox 3379 1893 3606 1950; x_wconf 88' lang='lat' dir='ltr'><strong>missio-</strong></span> 
     </span>
    </p>
   </div>
   <div class='ocr_carea' id='block_1_78' title="bbox 2004 1983 3596 2058">
    <p class='ocr_par' dir='ltr' id='par_1_78' title="bbox 2004 1983 3596 2058">
     <span class='ocr_line' id='line_1_78' title="bbox 2004 1983 3596 2058; baseline 0.003 -22"><span class='ocrx_word' id='word_1_635' title='bbox 2004 1997 2128 2038; x_wconf 91' lang='lat' dir='ltr'><strong>nem</strong></span> <span class='ocrx_word' id='word_1_636' title='bbox 2153 1997 2257 2035; x_wconf 84' lang='lat' dir='ltr'><strong>sno</strong></span> <span class='ocrx_word' id='word_1_637' title='bbox 2284 1983 2406 2036; x_wconf 91' lang='lat' dir='ltr'><strong>loco</strong></span> <span class='ocrx_word' id='word_1_638' title='bbox 2442 1983 2696 2052; x_wconf 89' lang='lat' dir='ltr'><strong>positam,</strong></span> <span class='ocrx_word' id='word_1_639' title='bbox 2731 1993 2786 2038; x_wconf 91' lang='lat' dir='ltr'><strong>ut</strong></span> <span class='ocrx_word' id='word_1_640' title='bbox 2808 1985 2878 2039; x_wconf 91' lang='lat' dir='ltr'><strong>sis</strong></span> <span class='ocrx_word' id='word_1_641' title='bbox 2909 1985 3172 2058; x_wconf 77' lang='lat' dir='ltr'><strong>longtevus</strong></span> <span class='ocrx_word' id='word_1_642' title='bbox 3194 2003 3354 2056; x_wconf 81' lang='lat' dir='ltr'><strong>super</strong></span> <span class='ocrx_word' id='word_1_643' title='bbox 3374 1998 3596 2054; x_wconf 83' lang='lat' dir='ltr'><strong>terram,</strong></span> 
     </span>
    </p>
   </div>
   <div class='ocr_carea' id='block_1_79' title="bbox 2003 2073 3609 2144">
    <p class='ocr_par' dir='ltr' id='par_1_79' title="bbox 2003 2073 3609 2144">
     <span class='ocr_line' id='line_1_79' title="bbox 2003 2073 3609 2144; baseline 0.004 -16"><span class='ocrx_word' id='word_1_644' title='bbox 2003 2091 2156 2144; x_wconf 82' lang='lat' dir='ltr'><strong>quam</strong></span> <span class='ocrx_word' id='word_1_645' title='bbox 2177 2074 2430 2129; x_wconf 82' lang='lat' dir='ltr'><strong>Dominus</strong></span> <span class='ocrx_word' id='word_1_646' title='bbox 2460 2073 2602 2130; x_wconf 86' lang='lat' dir='ltr'><strong>Deus</strong></span> <span class='ocrx_word' id='word_1_647' title='bbox 2620 2086 2735 2131; x_wconf 80' lang='lat' dir='ltr'><strong>tuus</strong></span> <span class='ocrx_word' id='word_1_648' title='bbox 2757 2077 2900 2131; x_wconf 86' lang='lat' dir='ltr'><strong>dabit</strong></span> <span class='ocrx_word' id='word_1_649' title='bbox 2929 2079 3039 2132; x_wconf 89' lang='lat' dir='ltr'><strong>tibi.</strong></span> <span class='ocrx_word' id='word_1_650' title='bbox 3067 2077 3126 2131; x_wconf 90' lang='lat' dir='ltr'><strong>lu</strong></span> <span class='ocrx_word' id='word_1_651' title='bbox 3157 2079 3261 2134; x_wconf 91' lang='lat' dir='ltr'><strong>hoc</strong></span> <span class='ocrx_word' id='word_1_652' title='bbox 3291 2095 3422 2133; x_wconf 76' lang='lat' dir='ltr'><strong>Vt‘t‘o</strong></span> <span class='ocrx_word' id='word_1_653' title='bbox 3453 2095 3609 2135; x_wconf 78' lang='lat' dir='ltr'><strong>man-</strong></span> 
     </span>
    </p>
   </div>
   <div class='ocr_carea' id='block_1_80' title="bbox 2004 2165 3600 2242">
    <p class='ocr_par' dir='ltr' id='par_1_80' title="bbox 2004 2165 3600 2242">
     <span class='ocr_line' id='line_1_80' title="bbox 2004 2165 3600 2242; baseline 0.003 -20"><span class='ocrx_word' id='word_1_654' title='bbox 2004 2167 2136 2222; x_wconf 87' lang='lat' dir='ltr'><strong>dato</strong></span> <span class='ocrx_word' id='word_1_655' title='bbox 2155 2208 2170 2231; x_wconf 96' lang='lat'><strong>,</strong></span> <span class='ocrx_word' id='word_1_656' title='bbox 2201 2165 2254 2221; x_wconf 90' lang='lat' dir='ltr'><strong>id</strong></span> <span class='ocrx_word' id='word_1_657' title='bbox 2284 2177 2367 2222; x_wconf 91' lang='lat' dir='ltr'><strong>est</strong></span> <span class='ocrx_word' id='word_1_658' title='bbox 2385 2187 2396 2220; x_wconf 91' lang='lat'>:</span> <span class='ocrx_word' id='word_1_659' title='bbox 2417 2166 2539 2222; x_wconf 79' lang='lat' dir='ltr'><strong>Non</strong></span> <span class='ocrx_word' id='word_1_660' title='bbox 2570 2169 2729 2240; x_wconf 79' lang='lat' dir='ltr'><strong>facies</strong></span> <span class='ocrx_word' id='word_1_661' title='bbox 2758 2169 2847 2223; x_wconf 88' lang='lat' dir='ltr'><strong>tibi</strong></span> <span class='ocrx_word' id='word_1_662' title='bbox 2863 2170 3086 2237; x_wconf 88' lang='lat' dir='ltr'><strong>idolum,</strong></span> <span class='ocrx_word' id='word_1_663' title='bbox 3112 2187 3278 2242; x_wconf 89' lang='lat' dir='ltr'><strong>neque</strong></span> <span class='ocrx_word' id='word_1_664' title='bbox 3303 2187 3503 2226; x_wconf 88' lang='lat' dir='ltr'><strong>omnem</strong></span> <span class='ocrx_word' id='word_1_665' title='bbox 3522 2171 3600 2226; x_wconf 82' lang='lat' dir='ltr'><strong>si-</strong></span> 
     </span>
    </p>
   </div>
   <div class='ocr_carea' id='block_1_81' title="bbox 2004 2261 3609 2335">
    <p class='ocr_par' dir='ltr' id='par_1_81' title="bbox 2004 2261 3609 2335">
     <span class='ocr_line' id='line_1_81' title="bbox 2004 2261 3609 2335; baseline 0.005 -22"><span class='ocrx_word' id='word_1_666' title='bbox 2004 2261 2374 2322; x_wconf 78' lang='lat' dir='ltr'><strong>militudinem,</strong></span> <span class='ocrx_word' id='word_1_667' title='bbox 2404 2276 2512 2315; x_wconf 91' lang='lat' dir='ltr'><strong>non</strong></span> <span class='ocrx_word' id='word_1_668' title='bbox 2539 2277 2816 2326; x_wconf 84' lang='lat' dir='ltr'><strong>seorsum,</strong></span> <span class='ocrx_word' id='word_1_669' title='bbox 2856 2263 2954 2318; x_wconf 83' lang='lat' dir='ltr'><strong>sed</strong></span> <span class='ocrx_word' id='word_1_670' title='bbox 2985 2264 3088 2320; x_wconf 85' lang='lat' dir='ltr'><strong>sub</strong></span> <span class='ocrx_word' id='word_1_671' title='bbox 3119 2280 3228 2319; x_wconf 90' lang='lat' dir='ltr'><strong>uno</strong></span> <span class='ocrx_word' id='word_1_672' title='bbox 3261 2272 3415 2320; x_wconf 82' lang='lat' dir='ltr'><strong>textu</strong></span> <span class='ocrx_word' id='word_1_673' title='bbox 3442 2279 3609 2335; x_wconf 87' lang='lat' dir='ltr'><strong>atque</strong></span> 
     </span>
    </p>
   </div>
   <div class='ocr_carea' id='block_1_82' title="bbox 2003 2355 3614 2421">
    <p class='ocr_par' dir='ltr' id='par_1_82' title="bbox 2003 2355 3614 2421">
     <span class='ocr_line' id='line_1_82' title="bbox 2003 2355 3614 2421; baseline 0.004 -14"><span class='ocrx_word' id='word_1_674' title='bbox 2003 2367 2283 2416; x_wconf 89' lang='lat' dir='ltr'><strong>sermone,</strong></span> <span class='ocrx_word' id='word_1_675' title='bbox 2317 2368 2424 2408; x_wconf 91' lang='lat' dir='ltr'><strong>non</strong></span> <span class='ocrx_word' id='word_1_676' title='bbox 2465 2364 2571 2407; x_wconf 90' lang='lat' dir='ltr'><strong>tam</strong></span> <span class='ocrx_word' id='word_1_677' title='bbox 2604 2355 3024 2421; x_wconf 70' lang='lat' dir='ltr'><strong>promissionem</strong></span> <span class='ocrx_word' id='word_1_678' title='bbox 3054 2357 3267 2420; x_wconf 89' lang='lat' dir='ltr'><strong>datam,</strong></span> <span class='ocrx_word' id='word_1_679' title='bbox 3295 2373 3460 2421; x_wconf 84' lang='lat' dir='ltr'><strong>quam</strong></span> <span class='ocrx_word' id='word_1_680' title='bbox 3486 2372 3614 2413; x_wconf 85' lang='lat' dir='ltr'><strong>sen-</strong></span> 
     </span>
    </p>
   </div>
   <div class='ocr_carea' id='block_1_83' title="bbox 2005 2445 3608 2514">
    <p class='ocr_par' dir='ltr' id='par_1_83' title="bbox 2005 2445 3608 2514">
     <span class='ocr_line' id='line_1_83' title="bbox 2005 2445 3608 2514; baseline 0.004 -16"><span class='ocrx_word' id='word_1_681' title='bbox 2005 2446 2230 2499; x_wconf 83' lang='lat' dir='ltr'><strong>tentiam</strong></span> <span class='ocrx_word' id='word_1_682' title='bbox 2267 2445 2318 2498; x_wconf 89' lang='lat' dir='ltr'><strong>in</strong></span> <span class='ocrx_word' id='word_1_683' title='bbox 2350 2445 2540 2501; x_wconf 88' lang='lat' dir='ltr'><strong>laudes</strong></span> <span class='ocrx_word' id='word_1_684' title='bbox 2569 2445 2668 2501; x_wconf 89' lang='lat' dir='ltr'><strong>Dei</strong></span> <span class='ocrx_word' id='word_1_685' title='bbox 2701 2461 2828 2502; x_wconf 86' lang='lat' dir='ltr'><strong>esse</strong></span> <span class='ocrx_word' id='word_1_686' title='bbox 2855 2446 3086 2514; x_wconf 76' lang='lat' dir='ltr'><strong>ﬁnitam,</strong></span> <span class='ocrx_word' id='word_1_687' title='bbox 3133 2446 3389 2503; x_wconf 71' lang='lat' dir='ltr'><strong>facientis</strong></span> <span class='ocrx_word' id='word_1_688' title='bbox 3435 2448 3608 2504; x_wconf 90' lang='lat' dir='ltr'><strong>misc-</strong></span> 
     </span>
    </p>
   </div>
   <div class='ocr_carea' id='block_1_84' title="bbox 2003 2536 3617 2608">
    <p class='ocr_par' dir='ltr' id='par_1_84' title="bbox 2003 2536 3617 2608">
     <span class='ocr_line' id='line_1_84' title="bbox 2003 2536 3617 2608; baseline 0.002 -16"><span class='ocrx_word' id='word_1_689' title='bbox 2003 2537 2299 2592; x_wconf 84' lang='lat' dir='ltr'><strong>ricordiam</strong></span> <span class='ocrx_word' id='word_1_690' title='bbox 2347 2537 2400 2594; x_wconf 89' lang='lat' dir='ltr'><strong>in</strong></span> <span class='ocrx_word' id='word_1_691' title='bbox 2443 2537 2609 2592; x_wconf 88' lang='lat' dir='ltr'><strong>millia</strong></span> <span class='ocrx_word' id='word_1_692' title='bbox 2643 2536 2731 2593; x_wconf 85' lang='lat' dir='ltr'><strong>his</strong></span> <span class='ocrx_word' id='word_1_693' title='bbox 2759 2537 2854 2608; x_wconf 89' lang='lat' dir='ltr'><strong>qui</strong></span> <span class='ocrx_word' id='word_1_694' title='bbox 2903 2553 3027 2592; x_wconf 91' lang='lat' dir='ltr'><strong>cum</strong></span> <span class='ocrx_word' id='word_1_695' title='bbox 3059 2539 3316 2608; x_wconf 79' lang='lat' dir='ltr'><strong>diligunt,</strong></span> <span class='ocrx_word' id='word_1_696' title='bbox 3347 2549 3400 2594; x_wconf 88' lang='lat' dir='ltr'><strong>et</strong></span> <span class='ocrx_word' id='word_1_697' title='bbox 3429 2548 3617 2605; x_wconf 78' lang='lat' dir='ltr'><strong>custc-</strong></span> 
     </span>
    </p>
   </div>
   <div class='ocr_carea' id='block_1_85' title="bbox 2005 2629 3608 2702">
    <p class='ocr_par' dir='ltr' id='par_1_85' title="bbox 2005 2629 3608 2702">
     <span class='ocr_line' id='line_1_85' title="bbox 2005 2629 3608 2702; baseline 0.002 -18"><span class='ocrx_word' id='word_1_698' title='bbox 2005 2629 2160 2686; x_wconf 90' lang='lat' dir='ltr'><strong>diunt</strong></span> <span class='ocrx_word' id='word_1_699' title='bbox 2190 2631 2444 2686; x_wconf 86' lang='lat' dir='ltr'><strong>mandata</strong></span> <span class='ocrx_word' id='word_1_700' title='bbox 2493 2630 2634 2700; x_wconf 89' lang='lat' dir='ltr'><strong>ejus.</strong></span> <span class='ocrx_word' id='word_1_701' title='bbox 2684 2629 2922 2686; x_wconf 81' lang='lat' dir='ltr'><strong>Rursum</strong></span> <span class='ocrx_word' id='word_1_702' title='bbox 2976 2631 3022 2686; x_wconf 90' lang='lat' dir='ltr'><strong>is</strong></span> <span class='ocrx_word' id='word_1_703' title='bbox 3063 2632 3158 2702; x_wconf 90' lang='lat' dir='ltr'><strong>qui</strong></span> <span class='ocrx_word' id='word_1_704' title='bbox 3208 2639 3322 2686; x_wconf 87' lang='lat' dir='ltr'><strong>tota</strong></span> <span class='ocrx_word' id='word_1_705' title='bbox 3355 2631 3608 2702; x_wconf 82' lang='lat' dir='ltr'><strong>Decalogi</strong></span> 
     </span>
    </p>
   </div>
   <div class='ocr_carea' id='block_1_86' title="bbox 2005 2722 3610 2795">
    <p class='ocr_par' dir='ltr' id='par_1_86' title="bbox 2005 2722 3610 2795">
     <span class='ocr_line' id='line_1_86' title="bbox 2005 2722 3610 2795; baseline 0.002 -18"><span class='ocrx_word' id='word_1_706' title='bbox 2005 2722 2280 2790; x_wconf 87' lang='lat' dir='ltr'><strong>mandata,</strong></span> <span class='ocrx_word' id='word_1_707' title='bbox 2311 2723 2544 2792; x_wconf 90' lang='lat' dir='ltr'><strong>primum</strong></span> <span class='ocrx_word' id='word_1_708' title='bbox 2577 2722 2898 2779; x_wconf 89' lang='lat' dir='ltr'><strong>mandatum</strong></span> <span class='ocrx_word' id='word_1_709' title='bbox 2919 2737 3046 2779; x_wconf 88' lang='lat' dir='ltr'><strong>esse</strong></span> <span class='ocrx_word' id='word_1_710' title='bbox 3069 2723 3384 2790; x_wconf 88' lang='lat' dir='ltr'><strong>contendit,</strong></span> <span class='ocrx_word' id='word_1_711' title='bbox 3419 2739 3610 2795; x_wconf 84' lang='lat' dir='ltr'><strong>repro-</strong></span> 
     </span>
    </p>
   </div>
   <div class='ocr_carea' id='block_1_87' title="bbox 2005 2815 3610 2888">
    <p class='ocr_par' dir='ltr' id='par_1_87' title="bbox 2005 2815 3610 2888">
     <span class='ocr_line' id='line_1_87' title="bbox 2005 2815 3610 2888; baseline 0 -16"><span class='ocrx_word' id='word_1_712' title='bbox 2005 2816 2328 2872; x_wconf 89' lang='lat' dir='ltr'><strong>missionem</strong></span> <span class='ocrx_word' id='word_1_713' title='bbox 2373 2815 2428 2869; x_wconf 93' lang='lat' dir='ltr'><strong>in</strong></span> <span class='ocrx_word' id='word_1_714' title='bbox 2477 2830 2580 2885; x_wconf 88' lang='lat' dir='ltr'><strong>qua</strong></span> <span class='ocrx_word' id='word_1_715' title='bbox 2635 2816 2904 2884; x_wconf 86' lang='lat' dir='ltr'><strong>scriptum</strong></span> <span class='ocrx_word' id='word_1_716' title='bbox 2955 2825 3090 2870; x_wconf 87' lang='lat' dir='ltr'><strong>est:</strong></span> <span class='ocrx_word' id='word_1_717' title='bbox 3137 2825 3194 2869; x_wconf 89' lang='lat' dir='ltr'><strong>ut</strong></span> <span class='ocrx_word' id='word_1_718' title='bbox 3241 2817 3315 2872; x_wconf 92' lang='lat' dir='ltr'><strong>sis</strong></span> <span class='ocrx_word' id='word_1_719' title='bbox 3344 2817 3610 2888; x_wconf 74' lang='lat' dir='ltr'><strong>longa&#39;vus</strong></span> 
     </span>
    </p>
   </div>
   <div class='ocr_carea' id='block_1_88' title="bbox 2004 2907 3610 2980">
    <p class='ocr_par' dir='ltr' id='par_1_88' title="bbox 2004 2907 3610 2980">
     <span class='ocr_line' id='line_1_88' title="bbox 2004 2907 3610 2980; baseline 0.001 -16"><span class='ocrx_word' id='word_1_720' title='bbox 2004 2926 2160 2980; x_wconf 87' lang='lat' dir='ltr'><strong>super</strong></span> <span class='ocrx_word' id='word_1_721' title='bbox 2189 2919 2399 2977; x_wconf 89' lang='lat' dir='ltr'><strong>terram,</strong></span> <span class='ocrx_word' id='word_1_722' title='bbox 2428 2925 2582 2980; x_wconf 89' lang='lat' dir='ltr'><strong>quam</strong></span> <span class='ocrx_word' id='word_1_723' title='bbox 2607 2907 2861 2962; x_wconf 88' lang='lat' dir='ltr'><strong>Dominus</strong></span> <span class='ocrx_word' id='word_1_724' title='bbox 2893 2907 3030 2963; x_wconf 84' lang='lat' dir='ltr'><strong>Deus</strong></span> <span class='ocrx_word' id='word_1_725' title='bbox 3051 2916 3173 2964; x_wconf 84' lang='lat' dir='ltr'><strong>tuus</strong></span> <span class='ocrx_word' id='word_1_726' title='bbox 3195 2908 3338 2963; x_wconf 84' lang='lat' dir='ltr'><strong>dabit</strong></span> <span class='ocrx_word' id='word_1_727' title='bbox 3365 2910 3475 2976; x_wconf 88' lang='lat' dir='ltr'><strong>tibi,</strong></span> <span class='ocrx_word' id='word_1_728' title='bbox 3504 2925 3610 2965; x_wconf 88' lang='lat' dir='ltr'><strong>non</strong></span> 
     </span>
    </p>
   </div>
   <div class='ocr_carea' id='block_1_89' title="bbox 2007 3000 3613 3072">
    <p class='ocr_par' dir='ltr' id='par_1_89' title="bbox 2007 3000 3613 3072">
     <span class='ocr_line' id='line_1_89' title="bbox 2007 3000 3613 3072; baseline 0.001 -15"><span class='ocrx_word' id='word_1_729' title='bbox 2007 3001 2182 3057; x_wconf 89' lang='lat' dir='ltr'><strong>solum</strong></span> <span class='ocrx_word' id='word_1_730' title='bbox 2211 3001 2279 3056; x_wconf 88' lang='lat' dir='ltr'><strong>ad</strong></span> <span class='ocrx_word' id='word_1_731' title='bbox 2309 3016 2407 3057; x_wconf 91' lang='lat' dir='ltr'><strong>eos</strong></span> <span class='ocrx_word' id='word_1_732' title='bbox 2442 3001 2718 3072; x_wconf 82' lang='lat' dir='ltr'><strong>pertinere</strong></span> <span class='ocrx_word' id='word_1_733' title='bbox 2745 3000 3097 3066; x_wconf 88' lang='lat' dir='ltr'><strong>monstrabit,</strong></span> <span class='ocrx_word' id='word_1_734' title='bbox 3142 3000 3239 3071; x_wconf 90' lang='lat' dir='ltr'><strong>qui</strong></span> <span class='ocrx_word' id='word_1_735' title='bbox 3288 3001 3613 3070; x_wconf 82' lang='lat' dir='ltr'><strong>parentibus</strong></span> 
     </span>
    </p>
   </div>
   <div class='ocr_carea' id='block_1_90' title="bbox 2006 3094 3603 3168">
    <p class='ocr_par' dir='ltr' id='par_1_90' title="bbox 2006 3094 3603 3168">
     <span class='ocr_line' id='line_1_90' title="bbox 2006 3094 3603 3168; baseline -0.001 -18"><span class='ocrx_word' id='word_1_736' title='bbox 2006 3095 2379 3168; x_wconf 89' lang='lat' dir='ltr'><strong>obsequantur</strong></span> <span class='ocrx_word' id='word_1_737' title='bbox 2409 3113 2423 3152; x_wconf 86' lang='lat'><strong>:</strong></span> <span class='ocrx_word' id='word_1_738' title='bbox 2454 3094 2552 3150; x_wconf 87' lang='lat' dir='ltr'><strong>sed</strong></span> <span class='ocrx_word' id='word_1_739' title='bbox 2574 3094 2736 3150; x_wconf 86' lang='lat' dir='ltr'><strong>etiam</strong></span> <span class='ocrx_word' id='word_1_740' title='bbox 2765 3094 2831 3148; x_wconf 89' lang='lat' dir='ltr'><strong>ad</strong></span> <span class='ocrx_word' id='word_1_741' title='bbox 2855 3094 2960 3148; x_wconf 86' lang='lat' dir='ltr'><strong>alia</strong></span> <span class='ocrx_word' id='word_1_742' title='bbox 2997 3094 3424 3150; x_wconf 84' lang='lat' dir='ltr'><strong>innumerabilia</strong></span> <span class='ocrx_word' id='word_1_743' title='bbox 3460 3109 3603 3166; x_wconf 77' lang='lat' dir='ltr'><strong>prte-</strong></span> 
     </span>
    </p>
   </div>
   <div class='ocr_carea' id='block_1_91' title="bbox 2002 3182 3604 3256">
    <p class='ocr_par' dir='ltr' id='par_1_91' title="bbox 2002 3182 3604 3256">
     <span class='ocr_line' id='line_1_91' title="bbox 2002 3182 3604 3256; baseline -0.001 -15"><span class='ocrx_word' id='word_1_744' title='bbox 2002 3193 2188 3256; x_wconf 87' lang='lat' dir='ltr'><strong>cepta;</strong></span> <span class='ocrx_word' id='word_1_745' title='bbox 2221 3196 2274 3240; x_wconf 90' lang='lat' dir='ltr'><strong>et</strong></span> <span class='ocrx_word' id='word_1_746' title='bbox 2303 3199 2534 3240; x_wconf 81' lang='lat' dir='ltr'><strong>necesse</strong></span> <span class='ocrx_word' id='word_1_747' title='bbox 2557 3182 2776 3239; x_wconf 87' lang='lat' dir='ltr'><strong>habebit</strong></span> <span class='ocrx_word' id='word_1_748' title='bbox 2795 3192 2992 3238; x_wconf 89' lang='lat' dir='ltr'><strong>cuncta</strong></span> <span class='ocrx_word' id='word_1_749' title='bbox 3023 3184 3293 3253; x_wconf 76' lang='lat' dir='ltr'><strong>replicare</strong></span> <span class='ocrx_word' id='word_1_750' title='bbox 3322 3184 3604 3252; x_wconf 88' lang='lat' dir='ltr'><strong>mandata,</strong></span> 
     </span>
    </p>
   </div>
   <div class='ocr_carea' id='block_1_92' title="bbox 2005 3276 3610 3350">
    <p class='ocr_par' dir='ltr' id='par_1_92' title="bbox 2005 3276 3610 3350">
     <span class='ocr_line' id='line_1_92' title="bbox 2005 3276 3610 3350; baseline -0.001 -17"><span class='ocrx_word' id='word_1_751' title='bbox 2005 3280 2056 3335; x_wconf 89' lang='lat' dir='ltr'><strong>in</strong></span> <span class='ocrx_word' id='word_1_752' title='bbox 2089 3279 2289 3350; x_wconf 85' lang='lat' dir='ltr'><strong>quibus</strong></span> <span class='ocrx_word' id='word_1_753' title='bbox 2334 3292 2551 3333; x_wconf 89' lang='lat' dir='ltr'><strong>merces</strong></span> <span class='ocrx_word' id='word_1_754' title='bbox 2597 3282 2716 3332; x_wconf 67' lang='lat' dir='ltr'><strong>haec</strong></span> <span class='ocrx_word' id='word_1_755' title='bbox 2757 3287 2811 3331; x_wconf 88' lang='lat' dir='ltr'><strong>et</strong></span> <span class='ocrx_word' id='word_1_756' title='bbox 2859 3277 3146 3345; x_wconf 65' lang='lat' dir='ltr'><strong>pra‘tnium</strong></span> <span class='ocrx_word' id='word_1_757' title='bbox 3197 3276 3610 3345; x_wconf 70' lang='lat' dir='ltr'><strong>promittuntur,</strong></span> 
     </span>
    </p>
   </div>
   <div class='ocr_carea' id='block_1_93' title="bbox 2004 3367 3611 3442">
    <p class='ocr_par' dir='ltr' id='par_1_93' title="bbox 2004 3367 3611 3442">
     <span class='ocr_line' id='line_1_93' title="bbox 2004 3367 3611 3442; baseline -0.001 -17"><span class='ocrx_word' id='word_1_758' title='bbox 2004 3379 2064 3425; x_wconf 90' lang='lat' dir='ltr'><strong>ut</strong></span> <span class='ocrx_word' id='word_1_759' title='bbox 2094 3372 2202 3427; x_wconf 86' lang='lat' dir='ltr'><strong>sint</strong></span> <span class='ocrx_word' id='word_1_760' title='bbox 2232 3370 2463 3442; x_wconf 70' lang='lat' dir='ltr'><strong>longtcvi</strong></span> <span class='ocrx_word' id='word_1_761' title='bbox 2494 3384 2659 3440; x_wconf 73' lang='lat' dir='ltr'><strong>super</strong></span> <span class='ocrx_word' id='word_1_762' title='bbox 2689 3378 2923 3430; x_wconf 87' lang='lat' dir='ltr'><strong>terram,</strong></span> <span class='ocrx_word' id='word_1_763' title='bbox 2972 3382 3136 3439; x_wconf 86' lang='lat' dir='ltr'><strong>quam</strong></span> <span class='ocrx_word' id='word_1_764' title='bbox 3171 3367 3438 3422; x_wconf 89' lang='lat' dir='ltr'><strong>Dominus</strong></span> <span class='ocrx_word' id='word_1_765' title='bbox 3467 3367 3611 3425; x_wconf 81' lang='lat' dir='ltr'><strong>Deus</strong></span> 
     </span>
    </p>
   </div>
   <div class='ocr_carea' id='block_1_94' title="bbox 2003 3460 3593 3532">
    <p class='ocr_par' dir='ltr' id='par_1_94' title="bbox 2003 3460 3593 3532">
     <span class='ocr_line' id='line_1_94' title="bbox 2003 3460 3593 3532; baseline 0 -14"><span class='ocrx_word' id='word_1_766' title='bbox 2003 3479 2133 3519; x_wconf 80' lang='lat' dir='ltr'><strong>suus</strong></span> <span class='ocrx_word' id='word_1_767' title='bbox 2158 3462 2371 3517; x_wconf 81' lang='lat' dir='ltr'><strong>dederit</strong></span> <span class='ocrx_word' id='word_1_768' title='bbox 2392 3462 2493 3518; x_wconf 78' lang='lat' dir='ltr'><strong>eis.</strong></span> <span class='ocrx_word' id='word_1_769' title='bbox 2515 3463 2563 3518; x_wconf 77' lang='grc' dir='ltr'>Α</span> <span class='ocrx_word' id='word_1_770' title='bbox 2587 3475 2693 3532; x_wconf 91' lang='lat' dir='ltr'><strong>quo</strong></span> <span class='ocrx_word' id='word_1_771' title='bbox 2715 3461 2966 3516; x_wconf 82' lang='lat' dir='ltr'><strong>divorsus</strong></span> <span class='ocrx_word' id='word_1_772' title='bbox 2991 3460 3086 3515; x_wconf 89' lang='lat' dir='ltr'><strong>ille</strong></span> <span class='ocrx_word' id='word_1_773' title='bbox 3117 3460 3340 3529; x_wconf 77' lang='lat' dir='ltr'><strong>exigere</strong></span> <span class='ocrx_word' id='word_1_774' title='bbox 3365 3460 3593 3518; x_wconf 82' lang='lat' dir='ltr'><strong>debebit</strong></span> 
     </span>
    </p>
   </div>
   <div class='ocr_carea' id='block_1_95' title="bbox 2005 3553 3609 3628">
    <p class='ocr_par' dir='ltr' id='par_1_95' title="bbox 2005 3553 3609 3628">
     <span class='ocr_line' id='line_1_95' title="bbox 2005 3553 3609 3628; baseline -0.004 -15"><span class='ocrx_word' id='word_1_775' title='bbox 2005 3559 2294 3628; x_wconf 74' lang='lat' dir='ltr'><strong>interpres,</strong></span> <span class='ocrx_word' id='word_1_776' title='bbox 2326 3567 2382 3611; x_wconf 92' lang='lat' dir='ltr'><strong>ut</strong></span> <span class='ocrx_word' id='word_1_777' title='bbox 2403 3557 2599 3612; x_wconf 83' lang='lat' dir='ltr'><strong>doceat</strong></span> <span class='ocrx_word' id='word_1_778' title='bbox 2644 3566 2771 3611; x_wconf 89' lang='lat' dir='ltr'><strong>ante</strong></span> <span class='ocrx_word' id='word_1_779' title='bbox 2811 3554 2916 3610; x_wconf 89' lang='lat' dir='ltr'><strong>hoc</strong></span> <span class='ocrx_word' id='word_1_780' title='bbox 2946 3553 3292 3618; x_wconf 88' lang='lat' dir='ltr'><strong>mandatum,</strong></span> <span class='ocrx_word' id='word_1_781' title='bbox 3346 3553 3439 3606; x_wconf 89' lang='lat' dir='ltr'><strong>illa</strong></span> <span class='ocrx_word' id='word_1_782' title='bbox 3484 3568 3609 3622; x_wconf 76' lang='lat' dir='ltr'><strong>qua:</strong></span> 
     </span>
    </p>
   </div>
   <div class='ocr_carea' id='block_1_96' title="bbox 2002 3643 3606 3716">
    <p class='ocr_par' dir='ltr' id='par_1_96' title="bbox 2002 3643 3606 3716">
     <span class='ocr_line' id='line_1_96' title="bbox 2002 3643 3606 3716; baseline -0.002 -13"><span class='ocrx_word' id='word_1_783' title='bbox 2002 3649 2072 3703; x_wconf 90' lang='lat' dir='ltr'><strong>ab</strong></span> <span class='ocrx_word' id='word_1_784' title='bbox 2096 3663 2162 3703; x_wconf 85' lang='lat' dir='ltr'><strong>eo</strong></span> <span class='ocrx_word' id='word_1_785' title='bbox 2188 3650 2398 3714; x_wconf 84' lang='lat' dir='ltr'><strong>prolata</strong></span> <span class='ocrx_word' id='word_1_786' title='bbox 2438 3657 2583 3710; x_wconf 85' lang='lat' dir='ltr'><strong>sunt,</strong></span> <span class='ocrx_word' id='word_1_787' title='bbox 2616 3646 2822 3716; x_wconf 88' lang='lat' dir='ltr'><strong>scripta</strong></span> <span class='ocrx_word' id='word_1_788' title='bbox 2863 3659 2989 3701; x_wconf 88' lang='lat' dir='ltr'><strong>esse</strong></span> <span class='ocrx_word' id='word_1_789' title='bbox 3028 3644 3308 3699; x_wconf 87' lang='lat' dir='ltr'><strong>mandata.</strong></span> <span class='ocrx_word' id='word_1_790' title='bbox 3354 3643 3512 3711; x_wconf 82' lang='lat' dir='ltr'><strong>Quod</strong></span> <span class='ocrx_word' id='word_1_791' title='bbox 3555 3645 3606 3700; x_wconf 85' lang='lat' dir='ltr'><strong>sl</strong></span> 
     </span>
    </p>
   </div>
   <div class='ocr_carea' id='block_1_97' title="bbox 2003 3736 3604 3812">
    <p class='ocr_par' dir='ltr' id='par_1_97' title="bbox 2003 3736 3604 3812">
     <span class='ocr_line' id='line_1_97' title="bbox 2003 3736 3604 3812; baseline -0.002 -16"><span class='ocrx_word' id='word_1_792' title='bbox 2003 3758 2111 3796; x_wconf 90' lang='lat' dir='ltr'><strong>non</strong></span> <span class='ocrx_word' id='word_1_793' title='bbox 2143 3741 2382 3812; x_wconf 80' lang='lat' dir='ltr'><strong>potuerit</strong></span> <span class='ocrx_word' id='word_1_794' title='bbox 2419 3739 2752 3811; x_wconf 78' lang='lat' dir='ltr'><strong>approbare,</strong></span> <span class='ocrx_word' id='word_1_795' title='bbox 2799 3737 3001 3793; x_wconf 60' lang='lat' dir='ltr'><strong>frustra</strong></span> <span class='ocrx_word' id='word_1_796' title='bbox 3031 3746 3087 3791; x_wconf 91' lang='lat' dir='ltr'><strong>et</strong></span> <span class='ocrx_word' id='word_1_797' title='bbox 3120 3737 3174 3792; x_wconf 91' lang='lat' dir='ltr'><strong>in</strong></span> <span class='ocrx_word' id='word_1_798' title='bbox 3205 3736 3328 3791; x_wconf 84' lang='lat' dir='ltr'><strong>aliis</strong></span> <span class='ocrx_word' id='word_1_799' title='bbox 3356 3751 3604 3808; x_wconf 82' lang='lat' dir='ltr'><strong>pra-cep-</strong></span> 
     </span>
    </p>
   </div>
   <div class='ocr_carea' id='block_1_98' title="bbox 2007 3829 3610 3903">
    <p class='ocr_par' dir='ltr' id='par_1_98' title="bbox 2007 3829 3610 3903">
     <span class='ocr_line' id='line_1_98' title="bbox 2007 3829 3610 3903; baseline -0.002 -16"><span class='ocrx_word' id='word_1_800' title='bbox 2007 3833 2076 3888; x_wconf 89' lang='lat' dir='ltr'><strong>tis</strong></span> <span class='ocrx_word' id='word_1_801' title='bbox 2106 3835 2243 3885; x_wconf 88' lang='lat' dir='ltr'><strong>hanc</strong></span> <span class='ocrx_word' id='word_1_802' title='bbox 2274 3830 2767 3903; x_wconf 85' lang='lat' dir='ltr'><strong>rcpromissioncm</strong></span> <span class='ocrx_word' id='word_1_803' title='bbox 2807 3829 3124 3896; x_wconf 85' lang='lat' dir='ltr'><strong>adjunctam</strong></span> <span class='ocrx_word' id='word_1_804' title='bbox 3159 3843 3284 3884; x_wconf 89' lang='lat' dir='ltr'><strong>esse</strong></span> <span class='ocrx_word' id='word_1_805' title='bbox 3328 3843 3610 3884; x_wconf 82' lang='lat' dir='ltr'><strong>memora-</strong></span> 
     </span>
    </p>
   </div>
   <div class='ocr_carea' id='block_1_99' title="bbox 2005 3921 3695 3993">
    <p class='ocr_par' dir='ltr' id='par_1_99' title="bbox 2005 3921 3695 3993">
     <span class='ocr_line' id='line_1_99' title="bbox 2005 3921 3695 3993; baseline -0.001 -13"><span class='ocrx_word' id='word_1_806' title='bbox 2005 3924 2101 3980; x_wconf 89' lang='lat' dir='ltr'><strong>bit.</strong></span> <span class='ocrx_word' id='word_1_807' title='bbox 2133 3925 2261 3980; x_wconf 78' lang='lat' dir='ltr'><strong>Post</strong></span> <span class='ocrx_word' id='word_1_808' title='bbox 2305 3924 2423 3980; x_wconf 83' lang='lat' dir='ltr'><strong>h-t-c</strong></span> <span class='ocrx_word' id='word_1_809' title='bbox 2455 3922 2890 3993; x_wconf 87' lang='lat' dir='ltr'><strong>retractandum,</strong></span> <span class='ocrx_word' id='word_1_810' title='bbox 2947 3937 3047 3992; x_wconf 91' lang='lat' dir='ltr'><strong>pro</strong></span> <span class='ocrx_word' id='word_1_811' title='bbox 3097 3921 3310 3980; x_wconf 86' lang='lat' dir='ltr'><strong>honore</strong></span> <span class='ocrx_word' id='word_1_812' title='bbox 3354 3922 3525 3993; x_wconf 88' lang='lat' dir='ltr'><strong>patris</strong></span> <span class='ocrx_word' id='word_1_813' title='bbox 3553 3931 3614 3980; x_wconf 85' lang='lat' dir='ltr'><strong>et.</strong></span> <span class='ocrx_word' id='word_1_814' title='bbox 3679 3938 3695 3952; x_wconf 74' lang='grc' dir='ltr'><strong>ο</strong></span> 
     </span>
    </p>
   </div>
   <div class='ocr_carea' id='block_1_100' title="bbox 2006 4016 3600 4088">
    <p class='ocr_par' dir='ltr' id='par_1_100' title="bbox 2006 4016 3600 4088">
     <span class='ocr_line' id='line_1_100' title="bbox 2006 4016 3600 4088; baseline -0.001 -13"><span class='ocrx_word' id='word_1_815' title='bbox 2006 4021 2214 4088; x_wconf 86' lang='lat' dir='ltr'><strong>matris,</strong></span> <span class='ocrx_word' id='word_1_816' title='bbox 2247 4035 2351 4076; x_wconf 90' lang='lat' dir='ltr'><strong>non</strong></span> <span class='ocrx_word' id='word_1_817' title='bbox 2373 4019 2659 4075; x_wconf 85' lang='lat' dir='ltr'><strong>.ludaicum</strong></span> <span class='ocrx_word' id='word_1_818' title='bbox 2679 4026 2738 4074; x_wconf 91' lang='lat' dir='ltr'><strong>et</strong></span> <span class='ocrx_word' id='word_1_819' title='bbox 2757 4018 2976 4074; x_wconf 85' lang='lat' dir='ltr'><strong>carnale</strong></span> <span class='ocrx_word' id='word_1_820' title='bbox 3005 4032 3127 4073; x_wconf 87' lang='lat' dir='ltr'><strong>esse</strong></span> <span class='ocrx_word' id='word_1_821' title='bbox 3157 4016 3506 4087; x_wconf 86' lang='lat' dir='ltr'><strong>promissum,</strong></span> <span class='ocrx_word' id='word_1_822' title='bbox 3537 4025 3600 4074; x_wconf 82' lang='lat' dir='ltr'><strong>ut</strong></span> 
     </span>
    </p>
   </div>
   <div class='ocr_carea' id='block_1_101' title="bbox 2003 4109 3604 4184">
    <p class='ocr_par' dir='ltr' id='par_1_101' title="bbox 2003 4109 3604 4184">
     <span class='ocr_line' id='line_1_101' title="bbox 2003 4109 3604 4184; baseline -0.001 -16"><span class='ocrx_word' id='word_1_823' title='bbox 2003 4113 2233 4184; x_wconf 74' lang='lat' dir='ltr'><strong>longrevi</strong></span> <span class='ocrx_word' id='word_1_824' title='bbox 2259 4113 2368 4169; x_wconf 89' lang='lat' dir='ltr'><strong>sint</strong></span> <span class='ocrx_word' id='word_1_825' title='bbox 2394 4112 2489 4167; x_wconf 84' lang='lat' dir='ltr'><strong>ﬁlii</strong></span> <span class='ocrx_word' id='word_1_826' title='bbox 2520 4127 2688 4180; x_wconf 89' lang='lat' dir='ltr'><strong>super</strong></span> <span class='ocrx_word' id='word_1_827' title='bbox 2718 4121 2944 4176; x_wconf 88' lang='lat' dir='ltr'><strong>terram,</strong></span> <span class='ocrx_word' id='word_1_828' title='bbox 2976 4125 3140 4180; x_wconf 86' lang='lat' dir='ltr'><strong>quam</strong></span> <span class='ocrx_word' id='word_1_829' title='bbox 3172 4110 3437 4165; x_wconf 88' lang='lat' dir='ltr'><strong>Dominus</strong></span> <span class='ocrx_word' id='word_1_830' title='bbox 3454 4109 3604 4167; x_wconf 84' lang='lat' dir='ltr'><strong>Deus</strong></span> 
     </span>
    </p>
   </div>
   <div class='ocr_carea' id='block_1_102' title="bbox 2003 4202 3610 4272">
    <p class='ocr_par' dir='ltr' id='par_1_102' title="bbox 2003 4202 3610 4272">
     <span class='ocr_line' id='line_1_102' title="bbox 2003 4202 3610 4272; baseline 0 -12"><span class='ocrx_word' id='word_1_831' title='bbox 2003 4221 2134 4261; x_wconf 85' lang='lat' dir='ltr'><strong>suns</strong></span> <span class='ocrx_word' id='word_1_832' title='bbox 2159 4205 2376 4261; x_wconf 84' lang='lat' dir='ltr'><strong>dederit</strong></span> <span class='ocrx_word' id='word_1_833' title='bbox 2398 4206 2498 4260; x_wconf 90' lang='lat' dir='ltr'><strong>cis.</strong></span> <span class='ocrx_word' id='word_1_834' title='bbox 2523 4205 2722 4260; x_wconf 81' lang='lat' dir='ltr'><strong>Multos</strong></span> <span class='ocrx_word' id='word_1_835' title='bbox 2746 4205 2894 4260; x_wconf 90' lang='lat' dir='ltr'><strong>enim</strong></span> <span class='ocrx_word' id='word_1_836' title='bbox 2926 4202 3098 4260; x_wconf 82' lang='lat' dir='ltr'><strong>fuisse</strong></span> <span class='ocrx_word' id='word_1_837' title='bbox 3119 4202 3480 4267; x_wconf 88' lang='lat' dir='ltr'><strong>credendum,</strong></span> <span class='ocrx_word' id='word_1_838' title='bbox 3513 4202 3610 4272; x_wconf 89' lang='lat' dir='ltr'><strong>qui</strong></span> 
     </span>
    </p>
   </div>
   <div class='ocr_carea' id='block_1_103' title="bbox 2003 4296 3608 4370">
    <p class='ocr_par' dir='ltr' id='par_1_103' title="bbox 2003 4296 3608 4370">
     <span class='ocr_line' id='line_1_103' title="bbox 2003 4296 3608 4370; baseline -0.002 -17"><span class='ocrx_word' id='word_1_839' title='bbox 2003 4309 2058 4354; x_wconf 87' lang='lat' dir='ltr'><strong>et</strong></span> <span class='ocrx_word' id='word_1_840' title='bbox 2085 4301 2396 4368; x_wconf 82' lang='lat' dir='ltr'><strong>parentibus</strong></span> <span class='ocrx_word' id='word_1_841' title='bbox 2422 4299 2795 4370; x_wconf 88' lang='lat' dir='ltr'><strong>obsequentes</strong></span> <span class='ocrx_word' id='word_1_842' title='bbox 2823 4299 2934 4355; x_wconf 90' lang='lat' dir='ltr'><strong>cito</strong></span> <span class='ocrx_word' id='word_1_843' title='bbox 2957 4298 3159 4353; x_wconf 87' lang='lat' dir='ltr'><strong>mortui</strong></span> <span class='ocrx_word' id='word_1_844' title='bbox 3182 4296 3318 4365; x_wconf 87' lang='lat' dir='ltr'><strong>sint,</strong></span> <span class='ocrx_word' id='word_1_845' title='bbox 3345 4306 3400 4353; x_wconf 88' lang='lat' dir='ltr'><strong>et</strong></span> <span class='ocrx_word' id='word_1_846' title='bbox 3423 4299 3475 4352; x_wconf 91' lang='lat' dir='ltr'><strong>in</strong></span> <span class='ocrx_word' id='word_1_847' title='bbox 3504 4313 3608 4368; x_wconf 79' lang='lat' dir='ltr'><strong>pa-</strong></span> 
     </span>
    </p>
   </div>
   <div class='ocr_carea' id='block_1_104' title="bbox 2003 4390 3608 4462">
    <p class='ocr_par' dir='ltr' id='par_1_104' title="bbox 2003 4390 3608 4462">
     <span class='ocr_line' id='line_1_104' title="bbox 2003 4390 3608 4462; baseline 0 -16"><span class='ocrx_word' id='word_1_848' title='bbox 2003 4401 2189 4447; x_wconf 88' lang='lat' dir='ltr'><strong>rentes</strong></span> <span class='ocrx_word' id='word_1_849' title='bbox 2217 4392 2370 4460; x_wconf 87' lang='lat' dir='ltr'><strong>impii</strong></span> <span class='ocrx_word' id='word_1_850' title='bbox 2419 4407 2591 4462; x_wconf 90' lang='lat' dir='ltr'><strong>usque</strong></span> <span class='ocrx_word' id='word_1_851' title='bbox 2628 4390 2695 4445; x_wconf 80' lang='lat' dir='ltr'><strong>ad</strong></span> <span class='ocrx_word' id='word_1_852' title='bbox 2735 4399 3036 4446; x_wconf 84' lang='lat' dir='ltr'><strong>extremam</strong></span> <span class='ocrx_word' id='word_1_853' title='bbox 3068 4391 3322 4446; x_wconf 72' lang='lat' dir='ltr'><strong>venerint</strong></span> <span class='ocrx_word' id='word_1_854' title='bbox 3351 4401 3608 4446; x_wconf 82' lang='lat' dir='ltr'><strong>senectu-</strong></span> 
     </span>
    </p>
   </div>
   <div class='ocr_carea' id='block_1_105' title="bbox 2007 4483 3604 4554">
    <p class='ocr_par' dir='ltr' id='par_1_105' title="bbox 2007 4483 3604 4554">
     <span class='ocr_line' id='line_1_105' title="bbox 2007 4483 3604 4554; baseline 0.001 -17"><span class='ocrx_word' id='word_1_855' title='bbox 2007 4495 2136 4541; x_wconf 90' lang='lat' dir='ltr'><strong>tem.</strong></span> <span class='ocrx_word' id='word_1_856' title='bbox 2167 4485 2555 4554; x_wconf 66' lang='lat' dir='ltr'><strong>Bespondeaut</strong></span> <span class='ocrx_word' id='word_1_857' title='bbox 2575 4485 2720 4539; x_wconf 91' lang='lat' dir='ltr'><strong>enim</strong></span> <span class='ocrx_word' id='word_1_858' title='bbox 2751 4483 2928 4539; x_wconf 73' lang='lat' dir='ltr'><strong>Jndtei</strong></span> <span class='ocrx_word' id='word_1_859' title='bbox 2957 4493 3010 4539; x_wconf 86' lang='lat' dir='ltr'><strong>et</strong></span> <span class='ocrx_word' id='word_1_860' title='bbox 3034 4483 3244 4540; x_wconf 88' lang='lat' dir='ltr'><strong>similes</strong></span> <span class='ocrx_word' id='word_1_861' title='bbox 3265 4483 3604 4550; x_wconf 74' lang='lat' dir='ltr'><strong>Judtrorum,</strong></span> 
     </span>
    </p>
   </div>
   <div class='ocr_carea' id='block_1_106' title="bbox 2001 4575 3603 4647">
    <p class='ocr_par' dir='ltr' id='par_1_106' title="bbox 2001 4575 3603 4647">
     <span class='ocr_line' id='line_1_106' title="bbox 2001 4575 3603 4647; baseline 0 -16"><span class='ocrx_word' id='word_1_862' title='bbox 2001 4577 2045 4631; x_wconf 86' lang='lat' dir='ltr'><strong>si</strong></span> <span class='ocrx_word' id='word_1_863' title='bbox 2081 4576 2203 4630; x_wconf 67' lang='lat' dir='ltr'><strong>vitae</strong></span> <span class='ocrx_word' id='word_1_864' title='bbox 2231 4575 2391 4630; x_wconf 90' lang='lat' dir='ltr'><strong>istius</strong></span> <span class='ocrx_word' id='word_1_865' title='bbox 2421 4576 2704 4647; x_wconf 76' lang='lat' dir='ltr'><strong>longitudo</strong></span> <span class='ocrx_word' id='word_1_866' title='bbox 2734 4584 2820 4630; x_wconf 87' lang='lat' dir='ltr'><strong>est</strong></span> <span class='ocrx_word' id='word_1_867' title='bbox 2851 4579 2905 4632; x_wconf 90' lang='lat' dir='ltr'><strong>in</strong></span> <span class='ocrx_word' id='word_1_868' title='bbox 2937 4576 3312 4645; x_wconf 71' lang='lat' dir='ltr'><strong>reproniis~is,</strong></span> <span class='ocrx_word' id='word_1_869' title='bbox 3337 4586 3395 4632; x_wconf 89' lang='lat' dir='ltr'><strong>et</strong></span> <span class='ocrx_word' id='word_1_870' title='bbox 3418 4575 3511 4631; x_wconf 86' lang='lat' dir='ltr'><strong>diu</strong></span> <span class='ocrx_word' id='word_1_871' title='bbox 3545 4577 3603 4633; x_wconf 85' lang='lat' dir='ltr'><strong>in</strong></span> 
     </span>
    </p>
   </div>
   <div class='ocr_carea' id='block_1_107' title="bbox 2001 4666 3597 4738">
    <p class='ocr_par' dir='ltr' id='par_1_107' title="bbox 2001 4666 3597 4738">
     <span class='ocr_line' id='line_1_107' title="bbox 2001 4666 3597 4738; baseline 0 -15"><span class='ocrx_word' id='word_1_872' title='bbox 2001 4683 2232 4726; x_wconf 72' lang='lat' dir='ltr'><strong>corpore</strong></span> <span class='ocrx_word' id='word_1_873' title='bbox 2263 4681 2589 4729; x_wconf 83' lang='lat' dir='ltr'><strong>permanere</strong></span> <span class='ocrx_word' id='word_1_874' title='bbox 2620 4666 2856 4723; x_wconf 78' lang='lat' dir='ltr'><strong>felicitas</strong></span> <span class='ocrx_word' id='word_1_875' title='bbox 2891 4675 3001 4733; x_wconf 91' lang='lat' dir='ltr'><strong>est,</strong></span> <span class='ocrx_word' id='word_1_876' title='bbox 3041 4667 3167 4738; x_wconf 89' lang='lat' dir='ltr'><strong>quid</strong></span> <span class='ocrx_word' id='word_1_877' title='bbox 3191 4667 3293 4721; x_wconf 79' lang='lat' dir='ltr'><strong>sibi</strong></span> <span class='ocrx_word' id='word_1_878' title='bbox 3315 4668 3436 4722; x_wconf 83' lang='lat' dir='ltr'><strong>vult</strong></span> <span class='ocrx_word' id='word_1_879' title='bbox 3462 4667 3597 4723; x_wconf 88' lang='lat' dir='ltr'><strong>illud</strong></span> 
     </span>
    </p>
   </div>
   <div class='ocr_carea' id='block_1_108' title="bbox 2003 4758 3608 4829">
    <p class='ocr_par' dir='ltr' id='par_1_108' title="bbox 2003 4758 3608 4829">
     <span class='ocr_line' id='line_1_108' title="bbox 2003 4758 3608 4829; baseline -0.002 -13"><span class='ocrx_word' id='word_1_880' title='bbox 2003 4761 2055 4816; x_wconf 88' lang='lat' dir='ltr'><strong>in</strong></span> <span class='ocrx_word' id='word_1_881' title='bbox 2084 4761 2314 4816; x_wconf 81' lang='lat' dir='ltr'><strong>Psalmis</strong></span> <span class='ocrx_word' id='word_1_882' title='bbox 2345 4777 2359 4812; x_wconf 85' lang='lat'><strong>:</strong></span> <span class='ocrx_word' id='word_1_883' title='bbox 2395 4758 2511 4813; x_wconf 83' lang='lat' dir='ltr'><strong>Heu</strong></span> <span class='ocrx_word' id='word_1_884' title='bbox 2542 4759 2690 4824; x_wconf 83' lang='lat' dir='ltr'><strong>mihi,</strong></span> <span class='ocrx_word' id='word_1_885' title='bbox 2732 4761 2856 4829; x_wconf 89' lang='lat' dir='ltr'><strong>quia</strong></span> <span class='ocrx_word' id='word_1_886' title='bbox 2882 4759 3140 4812; x_wconf 78' lang='lat' dir='ltr'><strong>incolatus</strong></span> <span class='ocrx_word' id='word_1_887' title='bbox 3196 4774 3339 4813; x_wconf 90' lang='lat' dir='ltr'><strong>meus</strong></span> <span class='ocrx_word' id='word_1_888' title='bbox 3391 4759 3608 4828; x_wconf 83' lang='lat' dir='ltr'><strong>prolon-</strong></span> 
     </span>
    </p>
   </div>
   <div class='ocr_carea' id='block_1_109' title="bbox 2001 4850 3597 4926">
    <p class='ocr_par' dir='ltr' id='par_1_109' title="bbox 2001 4850 3597 4926">
     <span class='ocr_line' id='line_1_109' title="bbox 2001 4850 3597 4926; baseline 0 -19"><span class='ocrx_word' id='word_1_889' title='bbox 2001 4863 2157 4926; x_wconf 84' lang='lat' dir='ltr'><strong>gatus</strong></span> <span class='ocrx_word' id='word_1_890' title='bbox 2208 4853 2326 4908; x_wconf 85' lang='lat' dir='ltr'><strong>est!</strong></span> <span class='ocrx_word' id='word_1_891' title='bbox 2385 4851 2612 4906; x_wconf 77' lang='lat' dir='ltr'><strong>habitavi</strong></span> <span class='ocrx_word' id='word_1_892' title='bbox 2670 4867 2788 4905; x_wconf 77' lang='lat' dir='ltr'><strong>cum</strong></span> <span class='ocrx_word' id='word_1_893' title='bbox 2839 4852 3194 4906; x_wconf 83' lang='lat' dir='ltr'><strong>habitantibus</strong></span> <span class='ocrx_word' id='word_1_894' title='bbox 3255 4850 3424 4906; x_wconf 87' lang='lat' dir='ltr'><strong>Cedar</strong></span> <span class='ocrx_word' id='word_1_895' title='bbox 3473 4851 3597 4919; x_wconf 84' lang='lat' dir='ltr'><strong>(Ps.</strong></span> 
     </span>
    </p>
   </div>
   <div class='ocr_carea' id='block_1_110' title="bbox 2000 4942 3601 5016">
    <p class='ocr_par' dir='ltr' id='par_1_110' title="bbox 2000 4942 3601 5016">
     <span class='ocr_line' id='line_1_110' title="bbox 2000 4942 3601 5016; baseline -0.002 -15"><span class='ocrx_word' id='word_1_896' title='bbox 2000 4963 2154 5011; x_wconf 71' lang='lat' dir='ltr'><strong>crux,</strong></span> <span class='ocrx_word' id='word_1_897' title='bbox 2194 4946 2274 5016; x_wconf 87' lang='lat'><strong>7).</strong></span> <span class='ocrx_word' id='word_1_898' title='bbox 2323 4947 2387 5000; x_wconf 82' lang='lat' dir='ltr'><strong>Et</strong></span> <span class='ocrx_word' id='word_1_899' title='bbox 2417 4945 2518 5000; x_wconf 89' lang='lat' dir='ltr'><strong>hoc</strong></span> <span class='ocrx_word' id='word_1_900' title='bbox 2565 4943 2878 4999; x_wconf 61' lang='lat' dir='ltr'><strong>Salomonis</strong></span> <span class='ocrx_word' id='word_1_901' title='bbox 2906 4945 2958 4998; x_wconf 93' lang='lat' dir='ltr'><strong>in</strong></span> <span class='ocrx_word' id='word_1_902' title='bbox 3026 4943 3404 4998; x_wconf 80' lang='lat' dir='ltr'><strong>Ecclesiaste:</strong></span> <span class='ocrx_word' id='word_1_903' title='bbox 3457 4942 3601 4998; x_wconf 82' lang='lat' dir='ltr'><strong>Lau-</strong></span> 
     </span>
    </p>
   </div>
   <div class='ocr_carea' id='block_1_111' title="bbox 2000 5034 3596 5112">
    <p class='ocr_par' dir='ltr' id='par_1_111' title="bbox 2000 5034 3596 5112">
     <span class='ocr_line' id='line_1_111' title="bbox 2000 5034 3596 5112; baseline -0.001 -21"><span class='ocrx_word' id='word_1_904' title='bbox 2000 5038 2119 5092; x_wconf 87' lang='lat' dir='ltr'><strong>davi</strong></span> <span class='ocrx_word' id='word_1_905' title='bbox 2159 5055 2250 5112; x_wconf 83' lang='lat' dir='ltr'><strong>ego</strong></span> <span class='ocrx_word' id='word_1_906' title='bbox 2282 5048 2308 5074; x_wconf 72' lang='grc' dir='ltr'><strong><em>λ</em></strong></span> <span class='ocrx_word' id='word_1_907' title='bbox 2361 5054 2537 5093; x_wconf 87' lang='lat' dir='ltr'><strong>omnes</strong></span> <span class='ocrx_word' id='word_1_908' title='bbox 2588 5046 2818 5090; x_wconf 89' lang='lat' dir='ltr'><strong>mortuos</strong></span> <span class='ocrx_word' id='word_1_909' title='bbox 2868 5037 2958 5108; x_wconf 89' lang='lat' dir='ltr'><strong>qui</strong></span> <span class='ocrx_word' id='word_1_910' title='bbox 3009 5035 3138 5090; x_wconf 88' lang='lat' dir='ltr'><strong>olim</strong></span> <span class='ocrx_word' id='word_1_911' title='bbox 3183 5034 3375 5089; x_wconf 85' lang='lat' dir='ltr'><strong>mortui</strong></span> <span class='ocrx_word' id='word_1_912' title='bbox 3430 5045 3596 5104; x_wconf 87' lang='lat' dir='ltr'><strong>sunt,</strong></span> 
     </span>
    </p>
   </div>
   <div class='ocr_carea' id='block_1_112' title="bbox 1996 5125 3608 5202">
    <p class='ocr_par' dir='ltr' id='par_1_112' title="bbox 1996 5125 3608 5202">
     <span class='ocr_line' id='line_1_112' title="bbox 1996 5125 3608 5202; baseline 0 -20"><span class='ocrx_word' id='word_1_913' title='bbox 1996 5146 2150 5202; x_wconf 81' lang='lat' dir='ltr'><strong>super</strong></span> <span class='ocrx_word' id='word_1_914' title='bbox 2219 5130 2441 5184; x_wconf 77' lang='lat' dir='ltr'><strong>virentes</strong></span> <span class='ocrx_word' id='word_1_915' title='bbox 2508 5128 2597 5198; x_wconf 70' lang='lat' dir='ltr'><strong>q&#39;i</strong></span> <span class='ocrx_word' id='word_1_916' title='bbox 2679 5127 2854 5181; x_wconf 78' lang='lat' dir='ltr'><strong>vivunt</strong></span> <span class='ocrx_word' id='word_1_917' title='bbox 2935 5142 3102 5198; x_wconf 88' lang='lat' dir='ltr'><strong>usque</strong></span> <span class='ocrx_word' id='word_1_918' title='bbox 3176 5125 3232 5178; x_wconf 87' lang='lat' dir='ltr'><strong>in</strong></span> <span class='ocrx_word' id='word_1_919' title='bbox 3305 5140 3534 5197; x_wconf 67' lang='lat' dir='ltr'><strong>presens</strong></span> <span class='ocrx_word' id='word_1_920' title='bbox 3585 5140 3608 5182; x_wconf 87' lang='lat'><strong><em>:</em></strong></span> 
     </span>
    </p>
   </div>
   <div class='ocr_carea' id='block_1_113' title="bbox 1995 5217 3601 5294">
    <p class='ocr_par' dir='ltr' id='par_1_113' title="bbox 1995 5217 3601 5294">
     <span class='ocr_line' id='line_1_113' title="bbox 1995 5217 3601 5294; baseline -0.003 -17"><span class='ocrx_word' id='word_1_921' title='bbox 1995 5221 2158 5294; x_wconf 77' lang='lat'><strong>635</strong></span> <span class='ocrx_word' id='word_1_922' title='bbox 2185 5229 2229 5276; x_wconf 90' lang='lat' dir='ltr'><strong>et</strong></span> <span class='ocrx_word' id='word_1_923' title='bbox 2258 5222 2438 5276; x_wconf 89' lang='lat' dir='ltr'><strong>melior</strong></span> <span class='ocrx_word' id='word_1_924' title='bbox 2458 5230 2532 5276; x_wconf 84' lang='lat' dir='ltr'><strong>est</strong></span> <span class='ocrx_word' id='word_1_925' title='bbox 2570 5235 2726 5291; x_wconf 87' lang='lat' dir='ltr'><strong>super</strong></span> <span class='ocrx_word' id='word_1_926' title='bbox 2753 5219 2844 5273; x_wconf 85' lang='lat' dir='ltr'><strong>ltos</strong></span> <span class='ocrx_word' id='word_1_927' title='bbox 2875 5218 3028 5280; x_wconf 88' lang='lat' dir='ltr'><strong>duos,</strong></span> <span class='ocrx_word' id='word_1_928' title='bbox 3058 5219 3150 5290; x_wconf 89' lang='lat' dir='ltr'><strong>qui</strong></span> <span class='ocrx_word' id='word_1_929' title='bbox 3195 5217 3414 5272; x_wconf 83' lang='lat' dir='ltr'><strong>necdum</strong></span> <span class='ocrx_word' id='word_1_930' title='bbox 3440 5225 3601 5272; x_wconf 89' lang='lat' dir='ltr'><strong>natus</strong></span> 
     </span>
    </p>
   </div>
   <div class='ocr_carea' id='block_1_114' title="bbox 1997 5311 3605 5384">
    <p class='ocr_par' dir='ltr' id='par_1_114' title="bbox 1997 5311 3605 5384">
     <span class='ocr_line' id='line_1_114' title="bbox 1997 5311 3605 5384; baseline -0.002 -13"><span class='ocrx_word' id='word_1_931' title='bbox 1997 5324 2090 5380; x_wconf 80' lang='lat' dir='ltr'><strong>est,</strong></span> <span class='ocrx_word' id='word_1_932' title='bbox 2118 5325 2295 5370; x_wconf 81' lang='lat' dir='ltr'><strong>etnon</strong></span> <span class='ocrx_word' id='word_1_933' title='bbox 2326 5316 2451 5370; x_wconf 82' lang='lat' dir='ltr'><strong>vidit</strong></span> <span class='ocrx_word' id='word_1_934' title='bbox 2492 5332 2644 5370; x_wconf 83' lang='lat' dir='ltr'><strong>omne</strong></span> <span class='ocrx_word' id='word_1_935' title='bbox 2692 5330 2822 5384; x_wconf 87' lang='lat' dir='ltr'><strong>opus</strong></span> <span class='ocrx_word' id='word_1_936' title='bbox 2867 5313 3062 5367; x_wconf 85' lang='lat' dir='ltr'><strong>malum</strong></span> <span class='ocrx_word' id='word_1_937' title='bbox 3098 5311 3239 5382; x_wconf 88' lang='lat' dir='ltr'><strong>quod</strong></span> <span class='ocrx_word' id='word_1_938' title='bbox 3285 5311 3482 5380; x_wconf 77' lang='lat' dir='ltr'><strong>factum</strong></span> <span class='ocrx_word' id='word_1_939' title='bbox 3527 5319 3605 5366; x_wconf 80' lang='lat' dir='ltr'><strong>est</strong></span> 
     </span>
    </p>
   </div>
   <div class='ocr_carea' id='block_1_115' title="bbox 1997 5403 3602 5482">
    <p class='ocr_par' dir='ltr' id='par_1_115' title="bbox 1997 5403 3602 5482">
     <span class='ocr_line' id='line_1_115' title="bbox 1997 5403 3602 5482; baseline -0.004 -18"><span class='ocrx_word' id='word_1_940' title='bbox 1997 5409 2091 5465; x_wconf 86' lang='lat' dir='ltr'><strong>sub</strong></span> <span class='ocrx_word' id='word_1_941' title='bbox 2133 5410 2240 5465; x_wconf 81' lang='lat' dir='ltr'><strong>sole</strong></span> <span class='ocrx_word' id='word_1_942' title='bbox 2278 5409 2507 5482; x_wconf 71' lang='lat' dir='ltr'><strong>(Ecclcs.</strong></span> <span class='ocrx_word' id='word_1_943' title='bbox 2549 5425 2622 5470; x_wconf 86' lang='lat' dir='ltr'><strong>tv,</strong></span> <span class='ocrx_word' id='word_1_944' title='bbox 2656 5409 2714 5472; x_wconf 77' lang='lat'><strong>9.,</strong></span> <span class='ocrx_word' id='word_1_945' title='bbox 2751 5407 2836 5477; x_wconf 77' lang='lat'><strong>3);</strong></span> <span class='ocrx_word' id='word_1_946' title='bbox 2893 5415 2946 5462; x_wconf 87' lang='lat' dir='ltr'><strong>et</strong></span> <span class='ocrx_word' id='word_1_947' title='bbox 2987 5415 3110 5476; x_wconf 86' lang='lat' dir='ltr'><strong>post</strong></span> <span class='ocrx_word' id='word_1_948' title='bbox 3163 5403 3485 5475; x_wconf 85' lang='lat' dir='ltr'><strong>paululum:</strong></span> <span class='ocrx_word' id='word_1_949' title='bbox 3538 5403 3602 5460; x_wconf 88' lang='lat' dir='ltr'><strong>Si</strong></span> 
     </span>
    </p>
   </div>
   <div class='ocr_carea' id='block_1_116' title="bbox 2001 5558 3598 5635">
    <p class='ocr_par' dir='ltr' id='par_1_116' title="bbox 2001 5558 3598 5635">
     <span class='ocr_line' id='line_1_116' title="bbox 2001 5558 3598 5635; baseline -0.005 -15"><span class='ocrx_word' id='word_1_950' title='bbox 2001 5584 2083 5628; x_wconf 79' lang='lat' dir='ltr'><strong>ro,</strong></span> <span class='ocrx_word' id='word_1_951' title='bbox 2120 5565 2261 5635; x_wconf 87' lang='lat' dir='ltr'><strong>quod</strong></span> <span class='ocrx_word' id='word_1_952' title='bbox 2310 5568 2361 5620; x_wconf 93' lang='lat' dir='ltr'><strong>in</strong></span> <span class='ocrx_word' id='word_1_953' title='bbox 2393 5565 2661 5620; x_wconf 81' lang='lat' dir='ltr'><strong>Vaticano</strong></span> <span class='ocrx_word' id='word_1_954' title='bbox 2693 5564 2814 5633; x_wconf 85' lang='lat' dir='ltr'><strong>cjus</strong></span> <span class='ocrx_word' id='word_1_955' title='bbox 2842 5561 3112 5618; x_wconf 56' lang='lat' dir='ltr'><strong>versionis</strong></span> <span class='ocrx_word' id='word_1_956' title='bbox 3158 5558 3456 5635; x_wconf 76' lang='lat' dir='ltr'><strong>exemplari</strong></span> <span class='ocrx_word' id='word_1_957' title='bbox 3505 5559 3598 5612; x_wconf 70' lang='lat' dir='ltr'><strong>sit.</strong></span> 
     </span>
    </p>
   </div>
   <div class='ocr_carea' id='block_1_117' title="bbox 2001 5629 3602 5703">
    <p class='ocr_par' dir='ltr' id='par_1_117' title="bbox 2001 5629 3602 5703">
     <span class='ocr_line' id='line_1_117' title="bbox 2001 5629 3602 5703; baseline -0.005 -9"><span class='ocrx_word' id='word_1_958' title='bbox 2001 5629 2197 5694; x_wconf 72' lang='lat' dir='ltr'><strong>Frattili</strong></span> <span class='ocrx_word' id='word_1_959' title='bbox 2249 5650 2429 5694; x_wconf 87' lang='lat' dir='ltr'><strong>autem</strong></span> <span class='ocrx_word' id='word_1_960' title='bbox 2486 5638 2647 5690; x_wconf 78' lang='lat' dir='ltr'><strong>luerit</strong></span> <span class='ocrx_word' id='word_1_961' title='bbox 2678 5629 2883 5703; x_wconf 71' lang='grc' dir='ltr'><em>Λῖιηίιςιι</em></span> <span class='ocrx_word' id='word_1_962' title='bbox 2916 5636 3116 5696; x_wconf 71' lang='lat' dir='ltr'><strong>versio,</strong></span> <span class='ocrx_word' id='word_1_963' title='bbox 3159 5629 3251 5703; x_wconf 87' lang='lat' dir='ltr'><strong>qui</strong></span> <span class='ocrx_word' id='word_1_964' title='bbox 3286 5646 3417 5703; x_wconf 77' lang='lat' dir='ltr'><strong>cum</strong></span> <span class='ocrx_word' id='word_1_965' title='bbox 3448 5652 3602 5686; x_wconf 78' lang='grc' dir='ltr'><strong>κακο-</strong></span> 
     </span>
    </p>
   </div>
   <div class='ocr_carea' id='block_1_118' title="bbox 1999 5701 3601 5774">
    <p class='ocr_par' dir='ltr' id='par_1_118' title="bbox 1999 5701 3601 5774">
     <span class='ocr_line' id='line_1_118' title="bbox 1999 5701 3601 5774; baseline -0.003 -13"><span class='ocrx_word' id='word_1_966' title='bbox 1999 5714 2160 5774; x_wconf 80' lang='grc' dir='ltr'><strong>ζή).ως</strong></span> <span class='ocrx_word' id='word_1_967' title='bbox 2189 5709 2474 5765; x_wconf 68' lang='lat' dir='ltr'><strong>lichnrum</strong></span> <span class='ocrx_word' id='word_1_968' title='bbox 2506 5701 2795 5762; x_wconf 86' lang='lat' dir='ltr'><strong>articulum</strong></span> <span class='ocrx_word' id='word_1_969' title='bbox 2837 5717 2880 5764; x_wconf 73' lang='grc' dir='ltr'><strong>Π</strong></span> <span class='ocrx_word' id='word_1_970' title='bbox 2900 5721 2952 5770; x_wconf 61' lang='grc' dir='ltr'><strong>ξ,</strong></span> <span class='ocrx_word' id='word_1_971' title='bbox 2983 5701 3461 5760; x_wconf 25' lang='lat' dir='ltr'><strong>Grzecc‘reddet&#39;ct</strong></span> <span class='ocrx_word' id='word_1_972' title='bbox 3501 5705 3601 5774; x_wconf 56' lang='grc' dir='ltr'><strong>σὺν</strong></span> 
     </span>
    </p>
   </div>
   <div class='ocr_carea' id='block_1_119' title="bbox 1995 5772 3603 5853">
    <p class='ocr_par' dir='ltr' id='par_1_119' title="bbox 1995 5772 3603 5853">
     <span class='ocr_line' id='line_1_119' title="bbox 1995 5772 3603 5853; baseline -0.004 -19"><span class='ocrx_word' id='word_1_973' title='bbox 1995 5772 2263 5853; x_wconf 73' lang='lat' dir='ltr'><strong>adeoque,</strong></span> <span class='ocrx_word' id='word_1_974' title='bbox 2295 5785 2390 5838; x_wconf 76' lang='grc' dir='ltr'><strong>σὺν</strong></span> <span class='ocrx_word' id='word_1_975' title='bbox 2431 5783 2552 5844; x_wconf 64' lang='grc' dir='ltr'><strong>τοὺς</strong></span> <span class='ocrx_word' id='word_1_976' title='bbox 2581 5777 2901 5844; x_wconf 74' lang='grc' dir='ltr'><strong>τεθνηκότας,</strong></span> <span class='ocrx_word' id='word_1_977' title='bbox 2937 5773 3222 5841; x_wconf 78' lang='lat' dir='ltr'><strong>rcfuderil,</strong></span> <span class='ocrx_word' id='word_1_978' title='bbox 3266 5783 3326 5852; x_wconf 85' lang='lat' dir='ltr'><strong>ut</strong></span> <span class='ocrx_word' id='word_1_979' title='bbox 3370 5773 3426 5826; x_wconf 92' lang='lat' dir='ltr'><strong>in</strong></span> <span class='ocrx_word' id='word_1_980' title='bbox 3471 5772 3603 5830; x_wconf 81' lang='lat' dir='ltr'><strong>Ale-</strong></span> 
     </span>
    </p>
   </div>
  </div>
