4046 6344
500 234 610 311 ass

1708 276 1714 281 .
1744 230 1807 289 8.
1844 228 2137 287 EUSEBll
2159 227 2543 284 HlEllONYMl

3692 223 3797 291 δια

502 354 741 428 genuerit
769 353 849 410 vir
866 334 1071 412 centum
1093 359 1143 418 ιι,
1167 359 1215 406 et
1238 366 1403 405 annos
1434 350 1612 421 plures
1639 348 1846 414 vixerit,
1877 356 1923 403 et
1950 346 2099 401 multi
2124 345 2181 408 Α
2207 354 2344 414 tum,
2367 345 2533 418 666
2559 345 2813 417 parvulos
2840 345 2986 402 ﬁlios
3009 352 3171 417 atque
3201 345 3463 402 lactentes
3489 341 3558 400 ad
3588 342 3801 399 iracun-

497 446 695 519 fuerint
740 446 848 501 dies
870 458 1129 499 annorum
1173 446 1312 517 ejus,
1352 450 1402 496 et
1440 441 1620 496 anima
1649 442 1794 495 illius
1843 440 2102 511 repleatur

500 540 672 607 bonis,
705 547 754 593 et
782 538 1047 611 sepultura
1075 551 1178 589 non
1208 534 1275 588 sit
1303 534 1391 589 ei:
1438 534 1551 588 dixi
1592 532 1777 587 melius
1822 538 1896 586 est
1949 545 2103 598 super

504 650 622 689 eum
648 630 959 697 abortivum,
987 628 1112 700 quia
1138 627 1192 681 in
1222 626 1453 682 vanitate
1494 629 1656 692 venit,
1706 634 1755 678 et
1791 624 1847 677 in
1882 620 2103 676 tenebris

505 739 692 780 nomen
744 724 857 794 ejus
906 719 1170 792 aperietur
1218 734 1238 773 :
1292 729 1339 773 et
1368 718 1577 788 quidem
1621 717 1781 770 solem
1826 730 1931 769 non
1962 712 2105 793 bvidit

505 812 699 889 (Ibid,
722 812 801 884 6),
831 820 885 867 et
909 819 1132 867 caetera.
1172 810 1230 867 Si
1276 810 1421 865 enim
1448 808 1737 863 laudantur
1763 822 1927 876 super
1952 804 2107 859 vivos

508 905 708 961 mortui
732 902 980 975 (etjuxta
1009 901 1272 973 quosde
1302 902 1416 972 qui,
1443 910 1737 969 antequam
1778 896 1832 951 in
1876 911 2104 965 corpora

511 1000 615 1057 ista
644 997 1003 1063 descendant,
1037 995 1248 1052 animas
1271 995 1468 1065 degere
1510 994 1561 1047 in
1610 990 1929 1047 coelestibus
1959 990 2103 1044 arbi-

510 1097 747 1157 trantur,
793 1089 985 1144 melior
1027 1102 1151 1144 esse
1198 1087 1401 1142 dicitur
1448 1084 1683 1153 duobus,
1727 1084 1819 1155 qui
1876 1084 2106 1138 necdum

514 1192 675 1240 natus
702 1192 810 1248 est,
838 1194 894 1237 et
923 1181 1100 1237 omnis
1134 1181 1242 1236 ista
1262 1179 1370 1234 vita
1401 1181 1628 1234 tentatio
1654 1187 1764 1244 est;
1796 1189 1851 1232 et
1870 1177 2110 1232 secundo

510 1277 618 1334 Job
651 1295 666 1331 :
701 1273 850 1331 Mors
887 1275 985 1329 viri
1024 1272 1136 1348 [AL
1183 1272 1317 1348 uiro]
1361 1274 1562 1346 requies
1606 1271 1733 1344 (Job
1763 1288 1843 1339 ιιι,
1888 1270 1978 1342 15)
2010 1286 2025 1327 :
2057 1277 2114 1326 et

510 1368 668 1440 juxta
713 1366 964 1423 eumdem
1009 1375 1064 1421 et
1092 1364 1411 1432 Jercmiam,
1443 1363 1724 1419 Maledicta
1757 1371 1842 1417 est
1886 1361 2007 1418 dies
2057 1362 2111 1416 in

516 1474 621 1530 qua
667 1458 941 1513 nascimur
992 1456 1213 1529 (Jerem.
1245 1472 1349 1522 xx,
1382 1458 1497 1529 ii),
1531 1455 1804 1527 quomodo
1836 1470 1981 1510 nunc
2028 1470 2115 1509 re-

516 1548 853 1625 promittitur
903 1550 1294 1607 honorantibus
1341 1562 1548 1622 patrem
1599 1561 1654 1604 et
1702 1558 1927 1604 matrem
1970 1547 2113 1619 quod

514 1642 743 1713 longaevi
801 1643 914 1698 sint
957 1658 1121 1713 super
1166 1649 1398 1712 terram,
1449 1656 1613 1712 quam
1663 1639 1921 1695 Dominus
1973 1640 2116 1694 Deus

2205 440 2346 495 diam
2400 455 2719 509 provocare,
2763 448 2859 495 aut
2909 452 3058 495 certe
3100 440 3212 511 jam
3262 438 3703 495 adolescentibus
3746 445 3802 493 et

2206 534 2518 588 maturioris
2576 535 2774 597 anatis,
2821 548 2888 588 ea
2932 533 3201 604 imperare
3257 547 3377 601 quae
3422 531 3606 602 gravia
3653 536 3797 585 sunt.

2206 626 2363 683 Sicut
2388 626 2552 697 igitur
2579 626 2635 681 in
2664 626 2790 681 liliis
2811 626 3165 697 obsequium,
3198 635 3251 681 et
3274 622 3630 693 subiectionis
3656 636 3799 677 mer-

2206 736 2299 776 ces
2328 731 2413 777 est
2437 720 2807 777 demonstrata
2843 737 2857 774 :
2889 719 2958 774 ita
2994 719 3314 790 parentibus
3341 717 3681 773 moderatum
3719 714 3802 783 ju-

2207 814 2366 870 hetnr
2389 813 2698 883 imperium,
2730 820 2789 866 ut
2813 829 2917 866 non
2947 812 3097 882 quasi
3130 811 3327 875 servis,
3361 811 3457 866 sed
3492 806 3650 879 quasi
3681 805 3802 860 filiis

2210 919 2451 977 praeesse
2472 919 2532 959 se
2563 902 2836 959 noverint.
2880 901 2989 958 Nec
3020 902 3125 958 hoc
3158 903 3413 972 przeeepti
3446 901 3552 955 line
3578 905 3804 954 conten-

2212 1007 2301 1053 tus
2328 1006 2442 1064 est;
2468 996 2562 1053 sed
2587 1006 2643 1051 et
2670 996 2805 1053 illttd
2837 996 3084 1066 adjunin
3111 1013 3125 1051 :
3161 993 3399 1050 Educate
3427 993 3547 1049 illos
3572 992 3627 1046 in
3651 989 3804 1045 disci-

2210 1090 2354 1160 plina
2383 1100 2429 1144 et
2451 1090 2771 1159 correptione
2794 1088 3020 1144 Domini.
3064 1089 3235 1155 Quam
3259 1086 3663 1157 correptionem
3709 1095 3806 1137 nos

2213 1184 2468 1255 legimus,
2500 1186 2694 1239 melius
2722 1184 2773 1238 in
2805 1183 2999 1238 Graeco
3026 1183 3223 1237 dicitur
3258 1183 3520 1244 νουθεσία,
3553 1192 3674 1248 quae
3705 1175 3808 1229 ad-

2214 1279 2547 1334 monitionem
2581 1277 2747 1347 magis
2778 1284 2832 1329 ct
2872 1275 3213 1329 eruditionem
3241 1288 3403 1342 quam
3451 1269 3811 1325 austeritatem

2213 1380 2390 1428 Sonat.
2426 1371 2631 1440 Legant
2673 1368 2912 1439 episcopi
2960 1378 3124 1436 atque
3172 1364 3496 1434 presbyteri,
3530 1359 3813 1431 quitilios

2217 1478 2345 1516 suos
2391 1462 2744 1515 sarcularibus
2791 1461 2986 1515 litteris
3036 1458 3311 1521 erudiunt,
3366 1466 3422 1510 et
3466 1453 3672 1508 faciunt
3718 1467 3816 1504 co-

2219 1554 2447 1609 mmdias
2476 1553 2661 1623 legere
2684 1551 2736 1618 ι’,
2784 1560 2838 1606 et
2884 1553 3175 1605 mimorum
3223 1547 3400 1618 turpia
3448 1546 3649 1615 scripta
3678 1558 3815 1598 can-

2221 1654 2364 1713 tare,
2394 1646 2464 1701 de
2495 1644 2898 1699 Ecclesiasticis
2934 1642 3163 1697 forsitan
3192 1639 3498 1709 sumptibus
3532 1634 3817 1692 eruditus:

520 1751 650 1794 suus
676 1728 893 1792 dederit
936 1735 1052 1791 eis?
1101 1734 1402 1804 Quaerenda
1446 1744 1533 1791 est
1575 1748 1709 1807 ergo
1741 1743 1920 1801 terra,
1949 1748 2109 1803 quam
2142 1729 2191 1792 Β
2221 1746 2278 1797 et
2324 1739 2468 1811 quod
2513 1738 2566 1794 in
2613 1737 2912 1793 corbonam
2951 1750 3052 1806 pro
3082 1744 3310 1805 peccato
3338 1733 3493 1803 virgo
3521 1729 3609 1785 vel
3634 1727 3818 1793 vidua,

518 1829 785 1886 Dominus
822 1830 1152 1901 repromittit
1189 1837 1245 1885 et
1289 1829 1482 1883 tribuit
1524 1828 1607 1882 his
1639 1827 1732 1900 qui
1770 1827 2112 1897 spiritualem

520 1920 812 1995 ngyptum
844 1921 1190 1993 reliquerint,
1230 1930 1285 1976 et
1330 1936 1454 1977 cum
1506 1922 1652 1976 omni
1695 1921 1974 1990 patientia,
2010 1934 2124 1973 ma-

520 2030 626 2089 gna
656 2028 712 2074 et
742 2016 1007 2074 terribilia
1037 2016 1165 2073 vitm
1210 2016 1369 2074 iStius
1413 2014 1630 2075 deserta
1677 2016 2021 2084 transierint,
2070 2024 2123 2070 et

522 2110 756 2166 vicerint
799 2124 961 2181 reges
1002 2125 1251 2182 magnos,
1281 2126 1418 2183 quos
1449 2112 1686 2181 percutit
1729 2111 1991 2166 Dominus
2024 2126 2037 2163 :
2068 2118 2125 2166 et

525 2203 843 2257 transierint
884 2204 938 2258 in
978 2201 1223 2258 Iudaeam
1272 2218 1395 2273 quae
1437 2203 1578 2258 lacte
1610 2213 1666 2257 et
1710 2202 1874 2257 melle
1900 2200 2040 2267 linit,
2071 2208 2127 2255 et

522 2295 628 2351 sub
672 2294 800 2351 Jesu
851 2294 1012 2359 duce,
1075 2293 1299 2350 Jericho
1342 2304 1658 2358 corruente,
1707 2305 1871 2363 atque
1916 2299 2123 2347 vastata

524 2387 646 2453 ilai,
680 2403 802 2457 qua:
832 2386 1240 2455 interpretatur,
1272 2385 1571 2455 abruptum,
1617 2384 1919 2439 Jerusalem
1962 2397 2127 2439 vene-

526 2476 657 2550 rint,
709 2494 764 2540 et
804 2483 1108 2540 {ediﬁcetttr
1138 2485 1217 2540 eis
1248 2486 1506 2555 templum
1536 2484 1638 2540 sub
1667 2484 1958 2541 Salomone
1999 2498 2127 2554 rege

529 2566 757 2658 pacilico
781 2583 921 2656 (Jos.
945 2600 1019 2652 v1,
1042 2586 1122 2656 8),
1154 2593 1210 2642 et
1234 2585 1549 2656 possideant
1577 2595 1800 2651 terram,
1826 2599 1947 2655 qua:
1970 2600 2126 2640 man-

529 2688 703 2745 suetis
731 2694 815 2742 est
838 2695 1136 2758 praeparata
1177 2702 1195 2743 :
1225 2687 1373 2743 Beati
1414 2688 1619 2760 quippe
1660 2688 1807 2742 mites
1837 2703 1855 2740 :
1881 2687 2129 2758 quoniam

528 2788 630 2862 ipsi
677 2787 1015 2859 possidebunt
1050 2798 1248 2845 terram
1281 2789 1499 2861 (Matth.
1529 2806 1585 2856 v,
1612 2786 1696 2859 4),
1727 2803 1850 2859 qua
1878 2802 2007 2844 vere
2045 2796 2131 2843 est

530 2896 677 2946 terra
701 2890 1027 2957 viventium,
1067 2889 1359 2945 Psalmista
1394 2905 1619 2960 quoque
1643 2889 1861 2945 dicente
1904 2906 1919 2943 :
1963 2887 2131 2943 Credo

528 2990 704 3046 uidere
742 2991 878 3047 bona
926 2990 1137 3046 Domini
1178 2992 1233 3045 in
1279 2992 1489 3065 regione
1524 2990 1796 3045 viventium
1833 2989 1954 3064 (Ps.
1977 3003 2129 3056 xxvr,

535 3091 651 3164 15).
679 3091 850 3163 Hujus
896 3095 1022 3149 vita:
1068 3093 1460 3164 longitudinem
1491 3102 1546 3149 et
1582 3095 1849 3164 sapientia
1881 3095 2045 3151 habet
2076 3099 2130 3153 in

532 3206 698 3249 manu
750 3193 1005 3265 dextera,
1039 3194 1092 3251 in
1129 3194 1347 3253 sinistra
1402 3204 1594 3252 tenens
1635 3194 1851 3252 divitias
1897 3207 1955 3254 et
2006 3198 2125 3271 glo-

533 3289 692 3348 riam.

608 3390 788 3466 (Vera.
813 3392 894 3466 4.)
923 3390 993 3448 Et
1015 3402 1187 3466 patres
1212 3395 1373 3450 nolite
1401 3395 1470 3450 ad
1514 3395 1838 3451 iracundiam
1859 3412 2138 3467 prouocare

531 3482 673 3554 ﬁlios
694 3496 887 3541 vestros
912 3501 932 3540 :
983 3485 1090 3543 Sed
1117 3487 1329 3541 educate
1362 3488 1481 3542 illos
1518 3486 1573 3540 in
1618 3487 1891 3559 disciplina
1929 3498 1979 3544 et
2007 3506 2128 3545 con-

534 3589 822 3645 versatione
843 3588 1074 3647 Domini.
1101 3590 1391 3646 Peccatum
1411 3589 1644 3645 ﬁliorum
1668 3598 1753 3645 est
1781 3605 1887 3646 non
1910 3591 2134 3649 obedire

534 3684 877 3751 parentibus,
897 3692 952 3740 et
968 3683 1089 3754 quia
1103 3692 1357 3755 poterant
1370 3692 1625 3753 parentes
1643 3682 1843 3753 aliquid
1861 3685 2132 3755 imperare

534 3789 877 3857 perversum,
892 3776 958 3832 ad
956 3777 1162 3847 junxit,
1176 3775 1781 3850 iniDaminoPeccatum
1803 3792 1934 3834 vero
1944 3793 2134 3850 paren-

536 3930 808 4005 xandrino
844 3940 928 3987 est
977 3932 1188 4005 codice,
1220 3932 1491 4005 Vaticani
1535 3933 1840 4003 exscriptor
1896 3952 1995 4005 pro
2036 3940 2133 3997 σὺν

539 4004 683 4064 τοὺς,
714 4016 851 4070 quas
894 4017 1055 4058 voces
1096 4004 1233 4057 nihil
1281 4018 1405 4060 esse
1456 4006 1751 4059 arbitratus
1781 4004 1907 4068 est,
1944 4008 2135 4066 fecerit

536 4075 869 4145 σύμπαντας.
914 4073 1147 4145 indeque
1170 4075 1433 4130 derivata}
1465 4077 1949 4145 interpretationes
1990 4079 2140 4136 Lati-

541 4144 649 4227 nas,
682 4158 879 4227 omnes.
924 4144 1198 4227 pecteruni
1247 4162 1351 4204 nec
1405 4144 1691 4216 Hebraeus,
1726 4162 1825 4205 nec
1870 4149 2138 4222 Vulgatus

544 4214 821 4285 interpres
846 4214 1076 4285 habent.

618 4293 647 4355 9
679 4286 907 4354 Supplet
935 4284 1226 4351 Victorius,
1259 4287 1420 4355 ﬁlios.

554 4408 567 4417 .
598 4354 645 4430 Ab
675 4355 853 4430 Aliter
881 4358 1012 4429 legit
1039 4359 1167 4415 olim
1196 4359 1514 4415 Abaelardus
1543 4361 1595 4416 in
1622 4360 1934 4430 'l‘beologiae
1970 4360 2135 4420 Chri-

543 4428 736 4513 stiana:
762 4427 1018 4513 libris_,'et
1057 4447 1292 4486 amorum
1310 4432 1491 4505 turpia
1515 4434 1731 4498 scripta,
1780 4427 1914 4500 διὸ..
1958 4449 2056 4505 pro
2086 4444 2135 4490 et

542 4509 818 4555 mimorum
833 4540 847 4564 ,
880 4509 986 4556 etc.

621 4581 645 4609 ο
666 4571 830 4653 tione
857 4571 1034 4653 lycum
1065 4584 1172 4653 n_on
1202 4573 1335 4628 satis
1380 4572 2046 4653 intelligenteslj'irasmus
2077 4588 2133 4634 et

548 4640 819 4699 Mat-ianus
836 4641 1058 4699 diverse
1079 4643 1408 4713 depravaiit;
1432 4640 1687 4701 Erasinus
1713 4646 1963 4703 addendo
1988 4665 2129 4713 prm-

550 4713 874 4784 positionetn
905 4715 959 4769 in
991 4723 1117 4769 ante
1143 4713 1503 4771 kalendarium
1531 4727 1788 4782 strenuus,
1841 4729 1895 4773 et
1937 4721 2131 4776 Maria-

549 4799 649 4859 nus
678 4787 960 4859 mutando,
1001 4796 1090 4839 aut
1134 4788 1191 4859 in
1222 4786 1397 4859 templi
1435 4789 1633 4859 stipes:
1668 4790 1795 4859 legit
1824 4790 1992 4848 enim.
2039 4801 2128 4844 aut

546 4856 602 4910 in
638 4866 880 4929 suntptus
925 4857 1256 4929 domesticos,
1305 4856 1485 4928 templi
1507 4856 1879 4929 ﬁstipessts.
1913 4862 2130 4916 codices

547 4926 789 4982 r-clinent
836 4942 1024 4997 puram
1072 4927 1358 4985 lectionem
1389 4926 1548 4996 quam
1579 4926 1680 4985 nos
1707 4930 2001 4997 edidimus,
2033 4947 2130 4986 cit-

542 4997 872 5073 jus_bic‘e_st_
896 5013 1091 5055 sensus
1117 4998 1376 5073 :_Le;:ar_it
1402 5003 1504 5055 ista
1532 5002 1777 5070 episcopi
1806 5012 1877 5073 et
1904 5004 2130 5073 presby-

549 5069 649 5145 teri
682 5070 769 5138 qui
803 5067 939 5145 titius
971 5085 1103 5123 suos
1132 5071 1198 5145 de
1223 5067 1625 5145 ecclesiasticis
1662 5067 1971 5145 sumptibus
2020 5067 2130 5129 for-

548 5137 690 5212 sitan
731 5137 977 5194 eruditos
1030 5139 1249 5212 trudunt
1294 5142 1659 5208 grammaticis
1707 5137 2022 5212 gentilibus,
2074 5154 2130 5200 et

547 5211 767 5282 videant
794 5224 864 5265 ne
902 5209 1047 5280 quod
1092 5216 1246 5281 virgo
1292 5213 1477 5276 vidua,
1521 5214 1610 5267 vel
1660 5209 1863 5282 pa'tiper
1909 5215 2126 5280 obtulit,

549 5280 653 5336 hoc
675 5284 1068 5350 grammaticus
1097 5291 1154 5335 et
1179 5280 1365 5335 oratur
1390 5280 1671 5351 accipiens
1696 5280 1790 5350 pro
1811 5284 2125 5340 kalendaria

549 5363 755 5416 strena,
789 5365 843 5405 et
889 5352 1237 5408 Saturnalitia
1286 5356 1554 5418 sportula,
1588 5365 1719 5419 etc.,
1753 5368 2034 5412 convertat
2074 5358 2128 5410 in

548 5435 797 5497 sumptus
838 5423 1290 5497 doniesticosaut
1316 5424 1367 5477 in
1388 5426 1621 5497 deorum
1669 5441 1890 5481 suorum
1945 5428 2131 5497 templi

549 5495 738 5562 stipes,
790 5502 847 5549 et
891 5494 1127 5562 denique
1176 5495 1229 5548 in
1278 5493 1501 5550 sordida
1551 5505 1756 5553 scorta.
1804 5493 2131 5552 Kalendaria

552 5574 953 5636 porrostrena,
984 5576 1071 5617 ant
1103 5563 1453 5636 saturnalitia
1484 5568 1748 5636 sportula,
1783 5576 1923 5623 sicut
1953 5578 2007 5622 et
2037 5568 2134 5622 Mi-

553 5634 777 5706 nervale
802 5649 1021 5706 munus,
1053 5635 1350 5706 antiquitus
1384 5634 1604 5692 munera
1647 5648 1802 5692 erant
1841 5640 1964 5693 data
1997 5653 2134 5706 prat-

553 5653 776 5687 llBl‘VﬂlC
802 5653 1021 5696 munus,
1053 5653 1180 5688 :llllll
1206 5653 1350 5691 llllllS
1384 5654 1604 5692 munera
1647 5653 1802 5692 erant
1841 5653 1964 5693 uata
1997 5653 2134 5706 pra:-

550 5704 884 5772 oeptoribus,
918 5706 970 5758 in
1001 5653 1248 5760 kalendis
1285 5706 1550 5776 Januarii,
1582 5717 1638 5763 et
1675 5709 1730 5762 in
1766 5711 1916 5764 festis
1943 5710 2135 5765 diebus

570 5846 627 5885 ὶ,

2226 1832 2317 1888 vel
2346 1840 2514 1887 totam
2546 1828 2907 1896 substantiam
2937 1841 3089 1881 suam
3125 1822 3412 1891 ellundens
3438 1819 3666 1893 quilibet
3692 1832 3824 1888 pau-

2223 1939 2318 1996 per
2362 1922 2657 1987 obtulerat,
2706 1920 2808 1975 hoc
2844 1930 2867 1958 ο
2901 1916 3280 1974 kalendariam
3326 1923 3594 1977 strenani,
3634 1919 3691 1965 et
3718 1908 3821 1966 Sa-

2224 2016 2558 2072 turnalitiam
2609 2013 2911 2084 Sportulam
2955 2021 3012 2067 et
3063 2010 3356 2067 Minervale
3401 2020 3597 2063 munus
3634 2005 3827 2062 Gram-

2222 2117 2476 2182 maticus,
2508 2123 2564 2170 et
2590 2115 2812 2180 Orator,
2848 2120 2946 2167 aut
2974 2111 3030 2167 in
3052 2121 3300 2180 sumptus
3328 2107 3689 2173 domesticos,
3734 2111 3828 2160 aut

2225 2220 2281 2275 in
2330 2216 2522 2289 templi
2566 2216 2761 2286 stipes,
2810 2224 2906 2269 aut
2953 2214 3006 2269 in
3052 2212 3275 2269 sordida
3322 2219 3502 2268 scorta
3533 2207 3825 2266 convertit.

2227 2322 2307 2377 Eli
2339 2320 2594 2377 sacerdos
2622 2320 2741 2389 ipse
2771 2327 2992 2373 sanctus
3019 2317 3144 2381 fuit,
3190 2315 3288 2372 sed
3334 2314 3464 2387 quia
3510 2314 3655 2370 filios
3700 2327 3828 2367 suos

2229 2442 2334 2482 non
2378 2423 2615 2481 erudivit
2642 2422 2698 2476 in
2722 2422 2866 2476 omni
2912 2420 3200 2492 disciplina
3232 2429 3287 2477 et
3320 2419 3691 2490 correptione,
3741 2431 3831 2471 su-

2228 2528 2387 2599 pinus
2417 2523 2638 2589 cecidit,
2668 2532 2726 2578 et
2770 2530 3018 2577 mortuus
3048 2530 3135 2577 est
3181 2520 3224 2591 (l
3257 2521 3385 2594 Reg.
3421 2520 3507 2591 ιι).
3537 2516 3659 2575 Νοιι
3683 2518 3827 2574 enim

2231 2635 2445 2697 poterat
2474 2624 2540 2680 ad
2586 2624 2767 2694 priora
2814 2620 3059 2687 extendi,
3114 2620 3207 2675 sed
3246 2632 3544 2676 retrorsum
3603 2620 3736 2689 ruit,
3775 2626 3833 2675 et

2228 2730 2256 2770 (ι
2278 2730 2632 2802 opisthomno
2662 2723 2954 2781 insanabili
2995 2722 3181 2794 lapsus
3212 2724 3266 2778 in
3301 2734 3534 2794 tergum,
3567 2721 3633 2777 ad
3658 2720 3834 2780 Sodo-

2231 2851 2372 2890 mam
2401 2848 2523 2888 cum
2554 2831 2658 2887 Lot
2688 2843 2860 2884 uxore
2889 2828 3151 2896 reSpexit.
3199 2826 3268 2882 Et
3297 2836 3446 2883 certe
3488 2826 3833 2896 corripuerat

2234 2938 2375 2994 ﬁlios
2404 2949 2558 3004 suos,
2581 2933 2770 2989 dicens
2797 2949 2810 2984 :
2850 2929 3024 2996 Quare
3055 2930 3227 3002 facitis
3260 2932 3413 2984 verba
3447 2933 3559 2986 hinc
3595 2945 3714 2999 quae
3739 2946 3833 3000 ego

2232 3038 2391 3094 audio
2421 3036 2484 3091 de
2518 3035 2658 3091 vobis
2704 3031 2847 3087 mala
2893 3031 2960 3085 ab
3006 3031 3147 3085 omni
3199 3030 3438 3101 populo?
3488 3030 3689 3094 Nolite.
3734 3033 3834 3101 lilii

2231 3140 2333 3193 mei
2359 3154 2378 3194 :
2406 3136 2653 3209 quoniam
2682 3150 2783 3187 non
2806 3142 2878 3185 est
2904 3130 3036 3185 bona
3066 3132 3233 3202 fama,
3270 3148 3426 3200 quam
3453 3147 3547 3203 ego
3575 3132 3737 3188 audio
3767 3132 3837 3187 de

2156 3254 2204 3319 ο
2236 3230 2374 3286 vobis
2399 3228 2447 3300 (l
2475 3227 2604 3297 Reg.
2629 3223 2810 3319 152?,
2841 3222 2956 3292 94).
3008 3221 3081 3277 De
3130 3223 3436 3319 istiusmodi
3486 3223 3737 3319 patribus
3777 3232 3839 3279 et

2234 3322 2401 3378 Isaias
2453 3315 2795 3387 lacrymabili
2831 3328 2964 3369 voce
2992 3324 3272 3379 causatur,
3321 3315 3514 3372 dicetis
3551 3334 3565 3372 :
3622 3314 3692 3371 Et
3731 3316 3838 3386 ﬁlii

2232 3412 2644 3485 alienigenarum
2689 3408 2800 3462 nati
2838 3414 2957 3460 sunt
3004 3406 3078 3459 eis
3120 3405 3282 3477 (Isai.
3325 3405 3411 3479 ιι).
3445 3406 3599 3474 Quod
3643 3408 3688 3461 si
3726 3405 3840 3463 hoc

2234 3503 2488 3571 Ephesiis
2516 3501 2688 3569 laicis,
2719 3510 2773 3555 et
2805 3500 3103 3573 plerisque,
3129 3506 3192 3555 ut
3217 3499 3274 3554 in
3300 3499 3503 3571 popqu
3519 3500 3679 3566 solet,
3706 3499 3838 3555 vitae

2235 3596 2394 3663 hujus
2443 3592 2680 3663 negotiis
2726 3593 3031 3663 occupatis,
3080 3593 3360 3662 praecepit,
3408 3601 3467 3648 ut
3514 3592 3658 3648 tilias
3702 3606 3838 3648 suos

2232 3686 2487 3744 erudiant
2506 3687 2558 3741 in
2587 3685 2735 3738 omni
2759 3684 3074 3756 disciplina,
3097 3692 3155 3741 et
3179 3683 3554 3741 admonitione
3575 3684 3791 3741 Domini
3816 3703 3835 3741 :

2231 3781 2360 3854 quid
2408 3780 2479 3837 de
2521 3777 2901 3835 sacerdotibus
2928 3777 3309 3834 aestimandum
3338 3786 3449 3844 est,
3491 3777 3562 3834 de
3601 3793 3836 3849 quorum

2244 3937 2461 3997 Saturni
2509 3946 2566 3994 et
2596 3933 2879 3990 Minervae.
2929 3932 3185 3988 Tiberius
3228 3933 3527 4003 imperator
3552 3930 3837 4003 prohibuit

2241 4011 2420 4066 edicto
2460 4018 2763 4064 strenarum
2811 4004 3224 4063 commercium,
3276 4001 3343 4059 ne
3384 4004 3523 4059 ultra
3568 4001 3834 4058 kalendas

2240 4081 2526 4137 Januarias
2582 4086 2990 4133 exercerentur.
3028 4074 3166 4131 Vide
3210 4075 3436 4132 Sueten.
3483 4074 3539 4128 in
3587 4073 3830 4130 Tiberio.

2240 4154 2423 4210 ΜΑιιτ.

2312 4224 2529 4288 Netum,
2577 4217 2956 4274 kalendarium
3004 4224 3241 4272 strenam
3282 4216 3414 4272 illud
3441 4230 3563 4272 esse
3606 4231 3831 4288 mulius,

2238 4294 2383 4367 quod
2416 4286 2775 4367 b_oni_o_minis
2801 4289 2978 4367 gratia
3007 4289 3180 4367 [uitio
3216 4286 3643 4367 dabatur_anni.
3695 4286 3834 4342 Sue-

2238 4358 2418 4421 tonius
2448 4365 2501 4417 in
2528 4362 2682 4428 Caio,
2713 4358 2833 4430 cap.
2864 4360 2936 4414 Η
2967 4377 2982 4413 :
3017 4358 3202 4415 Edixit
3232 4369 3436 4430 strenas
3457 4359 3666 4430 ineunte
3693 4373 3831 4430 anno

2237 4453 2292 4491 se
2319 4444 2671 4503 recepturum,
2722 4428 2963 4499 stetitque
3005 4431 3059 4503 in
3086 4429 3339 4503 vestibulo
3376 4430 3564 4503 aedium
3596 4428 3832 4503 kalendis

2238 4501 2510 4571 Januarii,
2549 4502 2618 4559 ad
2650 4503 2937 4573 captandas
2981 4501 3157 4570 stipes.
3210 4501 3530 4573 Hujusmodi
3562 4513 3611 4554 et
3645 4501 3834 4573 S_atur-

2241 4578 2425 4633 nalltia
2474 4570 2598 4631 erat
2643 4570 2912 4644 sportula,
2946 4586 3084 4644 qua:
3130 4570 3310 4627 tamen
3357 4572 3423 4626 ad
3479 4570 3829 4644 Decembrem

2238 4664 2482 4705 mensem
2515 4640 2824 4715 pertinebat
2854 4661 2867 4697 :
2914 4643 3212 4715 Minervale
3237 4654 3417 4715 autem
3448 4640 3829 4715 proprieillud

2236 4730 2355 4776 erat
2382 4712 2600 4781 munus,
2633 4716 2777 4785 quod
2809 4714 3081 4785 magisttis
3126 4714 3380 4783 discipuli
3414 4712 3820 4778 persolvebant.

2161 4816 2211 4875 ι)
2236 4791 2344 4875 Ero
2371 4805 2437 4875 eo
2467 4784 2769 4875 quodlnip'x
2795 4784 3076 4875 Iseqnitnr,
3122 4794 3214 4875 aut
3254 4787 3309 4839 in
3359 4784 3536 4875 templi
3556 4785 3762 4875 ἔρρεε,-
3780 4792 3831 4838 et

2236 4854 2583 4917 Μιιιιίιιιιίὲιιε
2602 4857 2670 4911 de
2698 4854 2972 4912 idolorum
3010 4855 3230 4923 templis
3260 4856 3518 4923 explicat,
3556 4854 3830 4909 Victorius

2236 4942 2387 4987 ratus
2417 4932 2484 4987 de
2516 4929 2734 4998 templis
2782 4928 2889 4982 dici
2943 4926 3401 4989 Christianorum,
3451 4926 3685 4998 vnculis.
3741 4937 3833 4980 aut

2231 5007 2305 5070 in,
2336 5002 2587 5067 sublatis,
2628 4994 2963 5054 commodius
3013 5013 3166 5065 sane,
3215 4998 3260 5051 si
3292 5012 3426 5051 mss.
3468 4994 3832 5070 snlfragaren-

2232 5066 2341 5133 tur.
2390 5066 2871 5139 locum’restituit,
2931 5080 2988 5123 ut
3037 5083 3233 5123 sensus
3280 5079 3448 5139 esset,
3495 5066 3830 5139 presbyteris

2232 5144 2419 5212 templi
2456 5144 2628 5212 stipes
2657 5140 2788 5196 dare
2823 5139 3194 5212 grammaticis
3223 5138 3492 5212 ethnicis,
3533 5138 3621 5208 qui
3655 5138 3748 5192 aut
3780 5140 3827 5193 in

2231 5210 2480 5281 sumptus
2511 5210 2844 5267 domesticos
2864 5253 2878 5276 ,
2914 5219 3007 5264 aut
3039 5210 3093 5264 in
3130 5210 3353 5265 sordida
3391 5218 3568 5264 scorta
3601 5224 3830 5263 com-er-

2234 5294 2431 5340 terent.

2305 5353 2330 5393 ἀ
2371 5355 2429 5410 ln
2470 5354 2630 5420 epist.
2670 5352 2770 5407 M7
2810 5351 2874 5406 ad
2921 5351 3309 5411 Sabinianum.
3334 5351 3424 5405 ubi
3467 5351 3608 5407 hanc
3642 5366 3827 5405 vocem

2236 5442 2332 5482 nos
2364 5427 2595 5493 primum
2628 5423 2967 5478 restituinius
3001 5440 3013 5474 :
3055 5421 3174 5475 Heli
3202 5421 3330 5475 dum
3354 5423 3568 5475 nimium
3599 5434 3676 5477 est
3707 5422 3829 5477 lenis

2231 5498 2284 5551 in
2310 5498 2467 5564 ﬁlios,
2498 5494 2715 5561 offendit
2747 5493 2947 5557 Deum;
2976 5503 3275 5562 tantumque
3301 5493 3441 5547 abest
3461 5535 3474 5556 ,
3506 5504 3559 5547 ut
3590 5503 3637 5547 te
3665 5496 3829 5547 ualeat

2233 5563 2458 5639 episcopi
2490 5565 2792 5639 tui__i_usti!ia
2821 5563 3058 5627 liberare,
3100 5576 3155 5639 ut
3182 5565 3465 5639 timendum
3486 5566 3551 5618 sit
3573 5603 3589 5630 ,
3620 5580 3686 5639 ne
3716 5578 3830 5634 pro-

2235 5634 2345 5709 pter
2361 5634 2416 5690 ιε’
2431 5639 2495 5691 de
2522 5634 2652 5688 solio
2672 5651 2769 5689 suo
2797 5652 3060 5709 corruens,
3092 5636 3828 5709 iacebas-bac»,perratinsana-

2231 5704 2345 5765 bili.
2383 5708 2513 5763 Vide
2540 5722 2661 5776 quas
2695 5722 2793 5761 nos
2828 5708 2898 5761 ibi
2932 5704 3351 5759 annotavinius.
