4046 6350
231 278 349 339 δυ’

705 281 1352 347 COMMENTARIORUM
1391 289 1459 347 IN
1498 275 1801 350 ErisToL;

1930 294 2025 352 AD
2069 276 2405 361 EPHESlOS
2442 302 2574 361 LIB.
2611 304 2702 363 tu.
2742 307 2899 366 CAP.
2942 310 3067 394 vr.)

3419 266 3547 403 m7

228 394 422 452 ordine
444 396 517 453 ad
548 396 895 456 Timotheum
920 401 1135 471 scribit,
1176 399 1369 461 dicens
1398 425 1411 461 :
1447 409 1610 483 667
1657 409 1910 474 FiliosA
1934 413 2160 482 spiritus
2205 417 2421 475 diversa
2453 438 2562 478 non
2609 422 2863 497 imperet.
2916 428 3031 486 Hoc
3074 439 3159 488 est
3188 434 3334 492 cnim
3378 416 3523 509 quod

227 487 501 545 habentem
547 491 601 544 in
654 492 924 563 obsequio,
974 512 1089 549 cum
1147 499 1288 552 omni
1321 498 1587 556 honestate
1614 504 1657 573 (Ι
1689 505 1825 561 Tim.

226 594 310 647 tu,
355 580 436 653 4).
489 582 557 640 Et
604 583 842 655 idipsum
886 586 953 640 ad
981 586 1160 645 Titum
1205 589 1444 647 inculcat
1484 602 1543 650 et
1586 580 1827 666 repetit:

222 670 393 730 Filios
420 674 689 731 habentem
719 677 900 747 ﬁdeles
926 695 945 733 :
983 696 1086 735 non
1114 682 1171 737 in
1207 686 1542 742 accusatione
1578 690 1825 757 lusui-ite,

224 774 316 819 aut
343 784 449 821 non
476 767 710 824 subditos
756 769 887 840 (Tit.
917 787 958 836 ι,
987 774 1042 839 6,
1072 774 1129 845 7)
1164 791 1177 829 :
1221 786 1279 832 et
1321 779 1477 848 quasi
1509 781 1639 859 vitia
1687 782 1828 839 ﬁlio-

221 874 343 914 rum
375 862 691 927 parentibus
742 863 1100 936 imputentor,
1148 870 1590 940 conjunctionem
1634 890 1825 933 causa-

220 950 329 1007 lcm
363 952 714 1020 interserens,
751 957 826 1010 ait
865 973 880 1014 :
927 956 1142 1028 Oportet
1187 963 1325 1016 enim
1367 964 1665 1036 episcOpam
1689 970 1827 1022 sine

218 1043 440 1098 crimine
463 1062 595 1112 esse,
626 1056 891 1119 tamquam
924 1048 1023 1104 Dei
1046 1052 1456 1123 dispensatorem
1478 1056 1522 1127 (Ι
1552 1057 1681 1112 Tim.
1714 1060 1820 1130 tu).

217 1133 344 1193 Non
390 1148 473 1193 est
517 1153 646 1209 ergo
691 1142 813 1196 sine
854 1143 1087 1199 crimine
1131 1147 1441 1215 episcopus,
1473 1150 1629 1221 cujus
1676 1152 1822 1209 ﬁlius

219 1243 329 1285 non
358 1228 520 1286 luerit
547 1232 821 1299 subditus,
851 1245 907 1292 et
933 1236 987 1292 in
1018 1241 1375 1297 accusatione
1399 1242 1649 1299 luxuria.

289 1320 562 1409 (Vers.5,
593 1326 771 1396 seqq.)
804 1328 973 1394 Servi,
1005 1328 1207 1384 obedite
1243 1334 1470 1389 dominis
1496 1336 1817 1409 carna’ibus,

213 1426 331 1465 cum
364 1408 551 1470 timore
590 1427 640 1469 et
680 1425 924 1483 tremore,
976 1428 1023 1473 et
1060 1422 1397 1494 simplicitate
1419 1428 1595 1482 cordis
1638 1408 1816 1499 vestri,

207 1504 344 1559 sicut
373 1505 581 1565 Christo
610 1524 629 1564 :
659 1527 760 1565 non
790 1513 863 1566 ad
892 1515 1099 1570 oculum
1127 1518 1425 1585 servientes,
1455 1524 1607 1593 quasi
1645 1526 1819 1580 omni-

207 1596 305 1651 bus
334 1599 599 1668 placentes
622 1618 642 1658 :
669 1605 761 1659 sed
790 1615 845 1660 ut
868 1609 1004 1661 servi
1024 1606 1236 1678 Christi,
1284 1613 1529 1682 facientes
1573 1616 1813 1673 volunta-

205 1696 311 1742 tem
360 1689 457 1745 Dei
503 1709 568 1747 ea:
614 1695 790 1750 animo
830 1713 851 1752 :
896 1714 1014 1752 cum
1060 1701 1317 1769 fidelitate
1359 1708 1636 1763 servientes
1679 1710 1816 1764 sicut

199 1780 462 1852 Domino,
491 1796 541 1841 et
565 1804 668 1842 non
692 1788 983 1847 hominibus
1009 1809 1030 1847 :
1055 1796 1273 1851 scientes
1294 1798 1433 1867 quod
1460 1802 1812 1872 mtusquisqae
1840 1791 1886 1851 Β

198 1879 350 1949 quod
380 1881 559 1951 fecerit
584 1882 727 1948 boni,
754 1883 855 1939 hoc
885 1888 1097 1959 recipiet
1121 1907 1153 1942 a
1190 1889 1444 1958 Domino,
1471 1894 1576 1948 sive
1611 1909 1810 1964 smvus,

198 1972 311 2026 sive
339 1973 487 2027 liber.
523 1973 791 2045 Propheta
823 1978 1081 2049 loquente
1117 1981 1185 2036 ad
1225 1983 1528 2039 Jerusalem
1561 2004 1574 2040 :
1626 1986 1837 2053 Qualis

202 2072 263 2119 tu
294 2063 520 2119 timuisti
536 2066 603 2120 ab
628 2066 837 2123 homine
856 2072 1091 2138 mortali,
1122 2082 1170 2128 et
1195 2090 1227 2127 a
1256 2074 1370 2145 filio
1398 2075 1625 2131 hominis
1651 2076 1806 2148 (Isai.

202 2153 326 2225 LI)?
366 2166 423 2211 et
468 2157 630 2213 Petro
673 2160 726 2213 in
758 2161 997 2226 Epislola
1026 2180 1124 2221 sua
1159 2184 1173 2221 :
1223 2166 1483 2223 Timorem
1526 2186 1706 2225 eorum
1746 2188 1811 2225 ne

199 2249 432 2304 timentis
466 2268 485 2307 :
513 2252 603 2306 sed
633 2252 910 2310 Dominum
953 2255 1137 2313 Iesum
1185 2258 1447 2316 Christum
1489 2264 1812 2333 sanctiﬁcata

198 2345 259 2395 in
289 2343 533 2407 cordibus
564 2347 745 2401 uestris
778 2348 819 2418 (Ι
850 2347 1000 2404 Petr.
1032 2367 1112 2418 ut,
1147 2353 1237 2417 Η,
1271 2352 1363 2423 l5)
1394 2370 1408 2407 :
1434 2364 1491 2410 et
1523 2354 1810 2412 Salvatore

200 2434 399 2490 eadem
450 2436 783 2494 concinente
827 2440 1056 2496 :Nolite
1103 2443 1285 2497 timere
1333 2460 1419 2499 eos
1468 2446 1560 2515 qui
1592 2455 1809 2517 possunt

200 2528 438 2583 occidere
462 2546 670 2603 corpus,
713 2539 761 2584 et
813 2533 929 2601 plus
970 2549 1074 2589 non
1122 2534 1312 2590 habent
1352 2537 1490 2605 quod
1536 2538 1676 2592 vobis
1728 2538 1812 2606 fa—

201 2620 346 2676 ciant
390 2636 412 2677 :
456 2624 549 2676 sed
597 2624 768 2680 timete
799 2642 912 2679 eum
942 2627 1032 2695 qui
1073 2636 1239 2697 potest
1270 2637 1319 2680 et
1363 2628 1593 2682 animam
1618 2638 1665 2683 et
1694 2645 1811 2683 cor-

200 2728 303 2782 pus
344 2713 579 2769 occidere
617 2716 668 2769 in
695 2715 982 2787 gehennam
1008 2717 1226 2785 (Matth.
1255 2735 1311 2782 χ,
1344 2719 1439 2789 28)
1472 2740 1486 2775 :
1515 2719 1809 2776 Salomone

198 2820 424 2875 quoque
450 2806 599 2876 paria
631 2816 868 2864 testante
913 2848 926 2862 .
982 2807 1115 2876 Fili,
1171 2812 1370 2866 honora
1411 2811 1713 2877 Dominum,
1759 2820 1809 2866 et

197 2897 629 2968 confortaberis:
659 2910 851 2969 prtcter
888 2900 1041 2955 illum
1090 2912 1259 2957 autem
1306 2920 1371 2958 ne
1415 2904 1598 2958 timeas
1644 2906 1838 2958 alium.

196 2984 389 3060 (Prov.
427 2987 568 3059 vn):
606 2989 822 3045 videtur
864 2992 1166 3060 Apostolus
1210 2994 1429 3049 diversa
1498 2998 1811 3065 precipere

193 3086 258 3133 ut
309 3080 456 3134 servi
509 3097 630 3137 cum
683 3083 882 3139 timore
912 3095 967 3139 et
1000 3094 1242 3143 tremore
1270 3087 1538 3142 obcdiant
1567 3088 1808 3143 dominis

192 3171 533 3241 carnalibus,
568 3183 623 3230 et
652 3191 791 3230 uxor
831 3176 935 3249 [Αι.
966 3178 1144 3253 uxori]
1174 3190 1230 3234 ut
1262 3180 1452 3234 timeat
1476 3180 1675 3236 virum.
1703 3183 1797 3235 ΑΙ·
1820 3176 1870 3240 C

190 3278 305 3334 que
347 3264 442 3333 qui
483 3266 788 3338 simplicius
837 3271 1210 3339 respondebit,
1262 3271 1382 3328 haec
1431 3272 1578 3327 dicet
1620 3290 1633 3325 ;
1682 3288 1790 3328 non

192 3357 455 3428 perlectis
476 3360 650 3416 servis
679 3370 737 3418 et
760 3362 841 3418 eis
868 3364 959 3434 qui
1002 3365 1286 3435 sapientia:
1332 3376 1539 3422 srcreta
1592 3381 1797 3437 cogno-

188 3452 377 3508 verint
406 3450 524 3506 hare
552 3464 820 3525 praecepta
853 3456 1155 3522 constituti,
1185 3458 1284 3512 sed
1333 3458 1417 3512 his
1454 3458 1543 3529 qui
1591 3457 1792 3528 princi-

185 3542 282 3613 pia
314 3542 592 3598 habebant
617 3544 768 3613 ﬁdei,
802 3557 859 3603 et
910 3548 1176 3604 doctrinis
1221 3548 1603 3607 humilioribus
1650 3550 1790 3605 indi-

185 3637 413 3706 gebunt.
466 3637 622 3693 Alius
676 3656 809 3694 vere
862 3651 1075 3697 asserat
1131 3660 1256 3698 cum
1313 3644 1405 3713 qui
1448 3662 1557 3699 non
1592 3645 1790 3701 habent

184 3727 440 3796 spiritum
497 3730 780 3788 servitutis
826 3733 1024 3789 iterum
1077 3737 1130 3789 in
1182 3736 1398 3805 timore,
1449 3754 1788 3811 nequaquam

183 3819 312 3876 huic
337 3822 625 3893 subiacere
658 3828 971 3891 sementim,
999 3840 1059 3882 ut
1084 3846 1207 3885 cum
1239 3832 1435 3889 timore
1463 3843 1523 3889 et
1553 3844 1792 3889 tremore

183 3911 406 3969 obcdiat
454 3915 697 3973 dominis
739 3918 1075 3983 carnalibus,
1114 3920 1220 3985 hoc
1268 3922 1409 3978 idem
1439 3934 1495 3981 et
1520 3924 1591 3980 de
1617 3940 1792 3982 uxore

182 4006 460 4072 dieturus,
508 4026 629 4080 qua:
671 4010 897 4081 jubetur
924 4022 985 4069 ut
1022 4016 1217 4071 timeat
1243 4018 1442 4072 virum.
1479 4018 1655 4075 Porro
1683 4033 1794 4076 ter-

182 4101 293 4157 tius
320 4103 375 4157 in
404 4102 510 4160 hoc
537 4121 754 4178 quoque
783 4108 927 4177 loco,
973 4112 1115 4166 sicut
1160 4113 1212 4168 in
1239 4115 1489 4178 muliere.
1538 4123 1786 4175 timorem

180 4208 285 4264 pro
313 4201 623 4254 reverentia
656 4200 858 4255 dictum
895 4204 1105 4271 putabit
1148 4221 1162 4257 :
1215 4207 1311 4260 sed
1365 4210 1677 4265 arctabitur
1720 4226 1787 4267 ex

179 4304 247 4344 eo
295 4288 439 4359 quod
487 4290 706 4345 additus
749 4301 833 4346 est
889 4294 1076 4349 timori
1128 4306 1355 4352 tremor.
1407 4297 1595 4355 Potest
1638 4303 1786 4357 enim

177 4384 339 4439 uxori
377 4386 691 4442 reverentia
723 4390 1044 4457 convenire,
1093 4399 1152 4445 ut
1190 4407 1448 4449 reverens
1489 4395 1673 4451 timeat
1702 4399 1786 4451 vi-

175 4490 321 4532 rum.
381 4476 481 4534 Ubi
527 4488 711 4535 autem
766 4489 973 4537 tremor
1010 4493 1115 4549 est,
1173 4495 1352 4539 motus
1407 4502 1517 4541 non
1572 4488 1788 4543 sonabit

1930 508 2004 561 ait
2031 525 2047 562 :
2080 508 2203 566 Non
2227 515 2298 567 ad
2323 516 2529 571 oculum
2555 522 2849 588 seruientes,
2882 533 2937 579 ut
2965 523 3262 583 hominibus
3313 508 3527 599 placen-

1930 610 2024 667 tes,
2076 604 2166 657 sed
2209 616 2265 659 ut
2304 609 2438 662 servi
2486 608 2700 681 Christi,
2751 614 3001 682 facientes
3044 619 3363 675 voluntatem
3401 620 3524 679 Dei.

1928 695 2035 751 Sed
2080 706 2137 754 et
2184 700 2358 770 ipsam
2402 704 2721 763 lidelitatem
2768 725 2875 764 non
2907 724 3155 769 coactam
3201 730 3393 772 servus
3419 717 3522 774 ba.

1925 787 2074 854 beat,
2129 791 2226 846 sed
2272 804 2629 863 spontaneam
2680 811 2735 854 et
2783 816 2851 856 ex
2900 804 3131 859 animo:
3172 807 3252 864 sic
3281 810 3525 868 serviens

1925 881 2149 938 domino
2178 898 2279 939 suo
2322 886 2466 943 sicut
2497 888 2743 957 Christo,
2784 909 2811 946 a
2844 910 2953 965 quo
2993 906 3314 967 recepturus
3344 910 3429 956 est
3457 903 3523 957 ﬁ-

1924 975 2066 1030 delis
2091 979 2372 1047 praemium
2420 982 2725 1049 servitutis,
2755 1001 2861 1039 non
2894 989 3073 1044 minus
3098 1006 3258 1060 quam
3293 993 3343 1049 si
3384 995 3524 1051 liber

1926 1068 2200 1122 voluntate
2230 1072 2518 1128 servisset.
2551 1075 2723 1131 Simul
2756 1091 2809 1133 et
2852 1080 2954 1135 hoc
3008 1085 3327 1155 notandum,
3374 1089 3519 1159 quod

1922 1159 2250 1217 ohedientiae
2296 1161 2537 1219 ﬁliorum
2578 1175 2739 1239 atque
2792 1184 3077 1228 servorum
3124 1175 3340 1233 diversa
3387 1179 3518 1236 sub-

1917 1252 2184 1321 junxct'it.
2238 1255 2320 1310 Ad
2356 1255 2498 1312 ﬁlios
2538 1260 2683 1312 enim
2717 1259 2848 1315 dicit
2891 1280 2905 1316 :
2939 1263 3173 1321 'Obedite
3215 1262 3519 1339 parentibus

1920 1346 2101 1400 vestris
2150 1348 2205 1401 in
2234 1345 2456 1403 Domino
2479 1367 2499 1404 :
2529 1350 2595 1406 ad
2629 1367 2819 1408 servos
2846 1370 2997 1422 vero,
3031 1355 3248 1415 Obedite
3290 1362 3517 1421 dominis

1921 1440 2214 1494 carnalibus
2242 1458 2360 1495 cum
2391 1445 2575 1499 timore
2603 1455 2651 1500 et
2683 1453 2923 1504 tremore.
2961 1450 3029 1504 [ἰ
3063 1451 3203 1506 sicut
3226 1453 3370 1510 inter
3400 1436 3544 1529 ser-1

1918 1549 2041 1588 vom
2073 1545 2125 1591 et
2159 1550 2381 1592 uxorem
2426 1537 2591 1594 habet
2640 1550 2818 1597 metus
2863 1541 3237 1599 diversitatem
3286 1562 3300 1600 :
3344 1547 3415 1613 ita
3458 1540 3520 1604 et

1919 1626 2060 1682 inter
2089 1627 2232 1683 ﬁlios
2260 1640 2313 1684 et
2339 1645 2526 1685 servos
2554 1631 2866 1687 obedientia
2896 1632 3257 1704 discreparet.
3302 1634 3518 1709 Et'pul—

1917 1717 2048 1775 chre
2096 1719 2373 1791 imperans
2404 1723 2580 1780 servis
2606 1733 2668 1779 ut
2697 1725 2956 1782 obcdiant
2983 1727 3244 1800 dominis,
3290 1731 3517 1803 adjecit,

1913 1811 2062 1880 quasi
2089 1808 2296 1867 Christo
2337 1829 2356 1869 :
2388 1823 2443 1868 et
2472 1814 2695 1881 iterum,
2729 1828 2784 1872 ut
2823 1819 2959 1873 servi
3005 1817 3222 1890 Christi,
3273 1823 3520 1895 facientes

1915 1902 2232 1957 voluntatem
2259 1900 2358 1958 Dei
2382 1919 2402 1960 :
2431 1915 2487 1960 ut
2521 1907 2728 1962 scilicet
2756 1924 2864 1963 non
2896 1909 3081 1965 audiat
3102 1927 3294 1968 servus
3319 1910 3540 1971 carna-'

1914 1994 2018 2049 lem
2051 1997 2358 2062 dominum,
2389 2002 2435 2054 si
2475 2000 2747 2055 contraria
2797 2001 2911 2057 Deo
2957 2005 3246 2077 prazceptis
3278 2007 3540 2064 voluerit.

1915 2089 2207 2159 imperare.
2236 2090 2526 2158 Quomodo
2553 2103 2735 2147 autem
2766 2094 2830 2147 ad
2862 2094 3181 2152 Corinthios
3207 2097 3504 2154 secundum
3528 2095 3539 2104 ’

1918 2189 2135 2252 tempus
2164 2186 2529 2255 rescripserat
2559 2184 2601 2257 (Ι
2632 2185 2756 2242 Cor.
2789 2187 2914 2259 vti),
2942 2205 3011 2243 ne
3042 2205 3139 2258 per
3166 2192 3508 2247 occasionem

1915 2272 2039 2329 ﬁdei
2085 2275 2137 2329 in
2183 2275 2462 2330 Christum
2494 2278 2639 2332 inter
2669 2280 2916 2345 maritos,
2945 2289 3000 2333 ct
3028 2296 3226 2335 uxores
3274 2281 3508 2338 divortia

1912 2366 2130 2432 ﬁerent,
2174 2367 2220 2422 si
2249 2383 2280 2421 e
2312 2368 2530 2422 duobus
2574 2384 2717 2424 unus
2747 2369 2976 2424 credere
3005 2370 3304 2426 voluisset:
3339 2373 3408 2425 ita
3436 2372 3505 2428 ad

1912 2456 2178 2526 Ephesios
2206 2469 2260 2515 et
2289 2459 2355 2513 ad
2385 2460 2765 2525 Colossenses,
2795 2463 2918 2533 quia
2951 2461 3167 2532 plurimi
3213 2462 3353 2519 inter
3399 2464 3504 2518 ini-

1912 2550 1984 2602 tia
2019 2550 2143 2605 ﬁdei
2176 2552 2439 2620 putabant
2484 2551 2730 2608 Gentiles
2760 2554 3012 2608 dominos
3056 2554 3507 2622 contemnendos,

1913 2656 2054 2696 nunc
2100 2642 2478 2699 conditiohum
2533 2644 2814 2701 moderate
2865 2657 3134 2716 praecepta
3177 2649 3503 2704 constituit:

1911 2744 2053 2791 utet
2082 2737 2301 2790 servitia
2352 2751 2460 2792 non
2508 2738 2758 2793 videatur
2805 2751 2995 2794 contra
3027 2740 3277 2795 dominos
3318 2740 3504 2795 conci-

1914 2840 2029 2884 tare
2078 2845 2093 2884 :
2137 2837 2193 2884 et
2236 2845 2453 2885 rursum
2501 2846 2843 2903 nequaquam
2891 2832 3146 2888 dominos
3185 2834 3378 2889 doceat
3412 2849 3509 2891 au-

1909 2922 2158 2991 diendos,
2191 2925 2235 2979 si
2266 2923 2458 2979 vitiosa
2490 2934 2547 2980 et
2575 2925 2807 2981 nefanda
2835 2927 3174 2997 przecipiant.
3469 2913 3482 2927 ’

1984 3014 2164 3085 (Vera.
2193 3015 2276 3089 9.)
2308 3015 2376 3070 Et
2404 3017 2622 3087 domini,
2657 3020 2835 3074 eadem
2876 3020 3034 3087 facite
3057 3021 3127 3075 ad
3155 3020 3299 3088 illos,
3327 3021 3505 3076 remit-

1909 3116 2073 3162 tentes
2097 3108 2266 3162 minas
2290 3126 2309 3164 :
2332 3109 2548 3182 scientes
2593 3113 2717 3183 quia
2746 3122 2793 3165 et
2824 3114 3082 3181 ipsorum,
3126 3124 3175 3168 et
3205 3124 3366 3171 vester
3392 3114 3503 3170 Do-

1904 3204 2075 3257 minus
2101 3213 2178 3258 est
2216 3203 2271 3258 in
2302 3205 2465 3269 caelis,
2506 3212 2553 3259 et
2604 3221 2945 3276 personarum
2991 3223 3095 3261 non
3143 3217 3217 3261 est
3263 3211 3497 3278 acceptio

1895 3298 2039 3367 apud
2100 3314 2240 3352 enni.
2314 3298 2582 3366 Quaenam
2654 3306 2785 3355 sunt
2844 3299 2960 3355 lucc
3007 3315 3128 3368 qua:
3178 3300 3354 3356 servis
3408 3315 3504 3355 su-

1904 3391 2090 3460 perius
2138 3390 2454 3460 imperavit,
2507 3398 2570 3445 ut
2620 3389 2828 3447 diceret
2882 3389 3119 3446 dominis
3180 3391 3375 3446 eadem
3423 3388 3501 3444 fa—

1894 3481 2085 3535 cienda
2135 3496 2258 3549 qua
2284 3482 2501 3537 servis?
2548 3481 2689 3538 Puto
2732 3482 2821 3537 illa
2861 3497 2983 3554 qua:
3013 3482 3247 3547 dixerat,
3290 3482 3345 3535 in
3379 3482 3502 3536 sim-

1894 3573 2130 3644 plicitate
2177 3575 2376 3643 cordis,
2421 3586 2500 3642 et,
2552 3577 2799 3643 facientes
2848 3577 3161 3630 voluntatem
3222 3574 3317 3629 Dei
3357 3590 3379 3630 :
3415 3583 3491 3642 ct,

1894 3682 1961 3721 ea:
2007 3667 2229 3723 animo:
2274 3678 2353 3731 et,
2404 3684 2520 3721 cum
2567 3666 2821 3737 ﬁdelitate
2857 3668 2972 3722 sive
3010 3666 3396 3723 benevolentia
3445 3667 3500 3723 in

1895 3772 2085 3812 servos
2115 3801 2130 3826 ,
2197 3756 2322 3829 quia
2392 3755 2570 3815 εὔνοια
2650 3766 2944 3828 utrumque
3008 3766 3210 3813 sonare
3287 3766 3486 3827 potest.

1892 3841 2060 3913 669
2091 3843 2474 3913 Unusquisque
2501 3843 2645 3899 cutim
2672 3842 2821 3912 quod
2856 3842 3053 3900 fecerit
3082 3843 3237 3911 boni,
3272 3843 3379 3898 hoc
3406 3858 3498 3899 re-

1892 3938 2058 4005 cipiet
2097 3950 2126 3990 ι
2155 3935 2405 4001 Domino,
2454 3936 2574 3992 sive
2628 3935 2871 3991 famulus
2912 3936 3198 4005 servierit,
3232 3936 3372 3991 sicut
3402 3935 3490 3991 di-

1892 4036 2042 4082 ctum
2075 4038 2183 4095 est,
2215 4029 2334 4083 sive
2373 4030 2514 4084 liber
2539 4007 2858 4085 dominatus
2888 4029 3080 4095 fuerit,
3113 4039 3172 4084 ut
3214 4038 3439 4101 Oportet
3470 4046 3484 4084 :

1892 4129 1953 4176 ut
1980 4136 2090 4177 non
2123 4124 2196 4177 sit
2240 4122 2528 4191 terribilis,
2567 4137 2674 4178 non
2723 4130 3010 4193 promptus
3037 4122 3105 4178 ad
3141 4130 3168 4160 ⁸
3203 4123 3437 4179 verbera
3472 4139 3487 4176 :

1891 4213 2075 4269 sciens
2105 4215 2232 4284 quia
2261 4225 2317 4270 et
2340 4215 2457 4285 ipsc
2492 4215 2693 4271 habeat
2718 4215 3010 4270 Dominum
3060 4215 3117 4269 in
3146 4216 3323 4281 cmlis,
3343 4214 3486 4285 apud

1890 4294 2053 4373 quem
2109 4321 2216 4361 non
2271 4316 2357 4362 est
2406 4308 2654 4377 acceptio
2684 4321 3068 4377 personarum,
3117 4315 3175 4362 et
3214 4308 3307 4376 qui
3334 4308 3486 4363 solus

1892 4404 2097 4451 tantum
2138 4397 2347 4466 judicet
2388 4400 2722 4463 voluntates,
2778 4408 2835 4454 et
2883 4399 3043 4470 juxta
3075 4413 3174 4455 eas
3221 4398 3483 4456 deteriori

1897 4487 2145 4555 pra-ferat
2174 4488 2481 4555 meliorem,
2510 4490 2720 4559 eligens
2751 4491 2922 4557 facta,
2962 4505 3071 4546 non
3100 4490 3373 4548 homines.

174 4568 564 4635 reverentiam,
634 4571 733 4628 sed
799 4572 1073 4629 timorem.
1123 4573 1449 4631 Necessario
1496 4578 1681 4649 itaque
1726 4559 1860 4635 inD
1957 4578 2139 4651 (Vers.
2173 4578 2288 4651 lli.)
2321 4580 2397 4635 De
2447 4592 2631 4637 caetero
2675 4583 3050 4653 confortamini
3076 4584 3135 4637 in
3157 4583 3403 4648 marino,
3433 4582 3484 4638 tl
3532 4579 3545 4633 ῗ

172 4660 356 4715 servis
405 4659 801 4732 additum-est,
851 4676 909 4720 ut
953 4677 1079 4737 post
1126 4668 1382 4723 timorem
1438 4669 1653 4726 Domini
1688 4672 1795 4741 has

170 4751 344 4807 beant
390 4760 448 4807 et
497 4762 814 4820 tremorem,
879 4769 934 4814 et
981 4760 1049 4814 ad
1096 4760 1513 4818 distinctionem
1568 4764 1778 4822 Domini

171 4844 504 4915 spiritualis,
537 4862 681 4902 nunc
709 4852 1127 4925 carnalisees
1147 4853 1405 4911 dominus
1431 4859 1776 4928 appellatur:

171 4935 244 4992 ita
273 4944 333 4993 ut
364 4951 528 4992 servo
557 4940 884 5011 quicumque
913 4945 1209 5001 crediderit
1255 4948 1307 5002 in
1347 4949 1539 5017 Deum,
1567 4963 1623 5008 et
1648 4967 1780 5008 nce-

170 5029 294 5086 dum
323 5030 392 5087 ad
415 5032 664 5087 scientia:
691 5048 961 5091 summam
992 5045 1339 5110 pervenerit,
1371 5057 1480 5099 non
1515 5043 1777 5101 indecens

168 5124 238 5179 sit
269 5124 496 5179 domino
525 5127 739 5183 servire
769 5129 977 5184 carnali
1012 5146 1137 5187 cum
1181 5131 1377 5190 timore
1404 5142 1464 5190 et
1511 5146 1773 5205 tremore,

164 5218 221 5272 in
254 5217 607 5286 simplicitate
649 5220 833 5276 cordis
872 5223 979 5288 sui,
1014 5232 1071 5279 et
1096 5224 1175 5280 sic
1196 5225 1246 5280 ei
1291 5227 1508 5283 servire
1538 5228 1775 5284 ﬁdeliter

162 5318 223 5366 ut
242 5309 491 5382 Christo.
539 5310 658 5367 Non
690 5312 758 5368 ad
808 5314 1026 5368 oculum
1066 5316 1337 5384 serviens,
1375 5328 1435 5375 ut
1464 5319 1521 5376 hi
1566 5320 1772 5381 faciunt

159 5403 249 5475 qui
280 5404 598 5462 hominibus
627 5407 842 5475 placere
872 5407 1214 5478 desiderant,
1247 5412 1341 5467 sed
1375 5422 1434 5468 ut
1474 5417 1769 5470 necessita-

158 5501 270 5550 tem
328 5496 381 5549 in
427 5496 765 5551 voluntatem
817 5510 1019 5567 vertat,
1074 5510 1132 5556 et
1184 5503 1347 5558 faciat
1392 5505 1460 5560 de
1508 5507 1768 5565 servitute

156 5586 474 5667 mercedem
508 5604 522 5641 :
554 5588 794 5645 maxime
820 5605 944 5645 cum
977 5590 1227 5649 dominus
1266 5597 1447 5650 carnis
1473 5611 1502 5649 a
1538 5595 1766 5654 Domino

153 5835 157 5840 _
229 5775 259 5807 ι
294 5746 503 5821 Vitiosa
534 5780 699 5836 penes
728 5766 1128 5836 Martianzeum,
1171 5780 1440 5840 promptus
1481 5771 1551 5826 ad
1581 5771 1753 5831 verba.

1883 4672 1934 4725 in
1962 4672 2193 4743 potentia
2238 4671 2446 4727 uirtutis
2494 4673 2627 4742 ejus.
2653 4673 2781 4729 Scio
2809 4674 2865 4729 in
2892 4674 3089 4731 (ἕνωεο
3115 4690 3220 4746 pro
3249 4678 3475 4741 virtute,

1883 4763 2255 4817 fortitudinem
2312 4766 2571 4833 positum,
2624 4763 2679 4819 id
2743 4773 2849 4831 est,
2884 4768 3088 4839 ἰσχύνε
3130 4768 3256 4838 quia
3308 4767 3480 4821 virtus

1881 4857 2023 4926 apud
2047 4871 2141 4912 eos
2171 4859 2326 4934 ἀρα-ἠ
2351 4856 2676 4926 appellatur.
2709 4856 2817 4912 Sed
2847 4857 2969 4915 lucc
3010 4858 3154 4929 apud
3202 4873 3302 4913 nos
3345 4873 3481 4914 con.

1879 4950 2112 5006 suctudo
2143 4960 2228 5006 est
2259 4951 2692 5020 Scripturarum,
2725 4958 2784 5003 nt
2838 4949 3213 5006 indiﬁ‘orenter
3236 4954 3402 5023 ἰσχὺν
3421 4958 3478 5005 et

1876 5048 2083 5121 ἀρετὴν,
2130 5046 2370 5099 virtutem
2411 5043 2699 5100 nominent
2738 5060 2750 5097 :
2787 5046 3024 5099 maxime
3052 5044 3179 5114 quia
3211 5042 3477 5099 fortitudo

1874 5138 2124 5207 Corporis
2157 5138 2329 5193 virtus
2376 5138 2547 5192 animi
2605 5137 2977 5192 existimatur.
3028 5135 3369 5207 Quamquam
3413 5145 3475 5193 et

1872 5232 2016 5300 apud
2068 5230 2426 5301 pbiIOSophos
2475 5231 2617 5286 inter
2653 5238 2885 5300 quatuor
2923 5229 3159 5284 virtutes
3207 5228 3468 5285 fortitudo

1874 5325 1946 5379 sit
1977 5324 2153 5393 posita
2187 5339 2203 5390 ;
2233 5338 2394 5393 quam
2419 5322 2606 5392 utique
2630 5321 2821 5387 animi,
2843 5329 2901 5378 et
2930 5337 3037 5377 non
3068 5321 3320 5390 corporis
3341 5335 3466 5378 esse

1874 5415 2230 5472 manifestum
2261 5424 2369 5470 est.
2418 5416 2568 5482 Quod
2621 5412 2790 5483 igitur
2833 5415 2952 5469 ait:
2998 5411 3381 5485 Confortantini
3408 5416 3464 5470 in

1871 5507 2120 5572 Domino,
2150 5517 2196 5562 et
2225 5508 2277 5561 in
2301 5507 2533 5576 potentia
2556 5507 2759 5561 virtutis
2789 5508 2921 5575 ejus,
2954 5516 3127 5560 totum
3150 5508 3388 5562 sentitur
3408 5506 3464 5564 in

1871 5601 2115 5672 Christo,
2147 5610 2207 5657 ut
2232 5601 2286 5654 in
2315 5599 2570 5656 omnibus
2611 5600 2902 5654 virtutibus
2934 5616 3055 5670 quat:
3082 5614 3250 5669 super
3277 5616 3345 5656 eo
3379 5602 3465 5657 in-
