4046 6336
513 267 625 333 313

1743 260 1804 320 S.
1845 259 2123 320 EUSEBll
2160 259 2541 322 lllERONYMI

3702 265 3809 326 5H

511 385 857 457 telliguntur,
911 378 1005 454 qui
1034 377 1373 438 crediderint
1421 377 1825 434 confortentur.
1872 378 1938 434 Et
1979 395 2113 450 pru-
2139 380 2362 446 Axime
2405 393 2722 452 oppugnare
2767 379 2984 436 urbium
3037 380 3158 438 loca
3199 395 3322 454 qua:
3368 395 3557 452 parum
3604 384 3811 441 munita

513 477 709 532 denter
743 484 865 546 post
897 472 1156 544 specialia
1209 470 1488 539 mamlata,
1530 471 1658 542 quid
1687 471 1818 526 viris
1840 484 1892 528 et
1934 474 2118 529 uxori-

515 571 638 638 bus,
671 568 914 640 patribus
962 577 1018 620 et
1067 565 1218 632 liiiis,
1248 565 1486 618 dominis
1535 573 1592 618 ct
1620 565 1795 618 servis
1823 566 2122 621 obsenau-

515 663 643 718 dum
665 661 756 726 sit,
777 673 918 712 nunc
935 657 1269 729 generaliter
1295 655 1548 710 omnibus
1580 656 1632 711 in
1663 673 1952 712 commune
1983 674 2123 726 prauo

521 753 678 822 cipit,
714 758 771 802 ut
815 747 868 801 iu
899 746 1127 802 Dou-ino
1158 755 1215 802 et
1258 745 1313 800 in
1358 746 1477 815 ejus
1521 752 1761 816 potentia
1795 748 2116 817 confortati,

520 849 830 915 prteparcnt
858 853 918 896 se
947 840 1241 894 adversum
1270 838 1573 907 diabolum,
1606 839 1676 894 de
1702 855 1810 910 quo
1846 840 1898 896 in
1930 855 2119 896 conse-

512 934 810 1009 quentibus
835 932 1055 988 scribit.

589 1029 770 1102 (Vers.
840 1030 951 1094 ll.)
992 1026 1208 1083 Induite
1255 1030 1434 1083 omnia
1469 1044 1617 1083 arma
1665 1027 1782 1096 Dei,
1851 1040 1907 1084 ut
1954 1031 2124 1102 possi-

518 1123 585 1178 tis
622 1130 759 1176 stare
821 1130 1003 1176 contra
1043 1121 1294 1175 uersutias
1327 1119 1540 1176 diaboli.
1612 1121 1691 1177 Ex
1738 1121 1823 1176 his
1862 1138 1982 1192 qua:
2042 1123 2121 1175 iu-

523 1214 604 1270 fi-a
647 1214 901 1284 legimus,
967 1222 1022 1268 et
1079 1213 1163 1267 bis
1199 1227 1322 1281 qua)
1387 1215 1439 1268 in
1508 1215 1810 1283 Scripturis
1871 1215 2125 1270 munibus

520 1306 589 1362 de
680 1306 908 1362 Domino
977 1305 1266 1363 Salvatore
1328 1305 1608 1374 dicuntur,
1684 1308 2125 1365 ntanife~tissime

524 1399 958 1466 comprobatur,
1001 1398 1185 1455 omnia
1234 1414 1387 1454 arma
1447 1399 1540 1454 Dei
1591 1402 1790 1472 quibus
1828 1415 1972 1456 nunc
2035 1403 2124 1456 in-

521 1492 615 1550 dui
679 1493 938 1564 jubemur
1003 1491 1138 1565 [ΑΙ.
1204 1492 1473 1566 jubcturj
1515 1534 1530 1562 ,
1599 1493 1827 1566 intelligi
1885 1495 2127 1552 Salvato-

531 1604 649 1645 rem
677 1604 694 1655 ;
735 1597 796 1642 ut
849 1603 1017 1642 umim
1060 1598 1226 1659 atque
1259 1587 1400 1643 idem
1432 1587 1505 1642 sit
1535 1587 1761 1654 dixisse,
1793 1589 2004 1644 induite
2031 1603 2130 1644 vos

535 1681 720 1736 omnia
774 1695 929 1735 arma
968 1679 1103 1746 Dei;
1149 1681 1304 1752 quasi
1344 1679 1566 1742 dixerit.
1597 1679 1810 1736 luduite
1839 1681 2129 1737 Dominum

2223 485 2374 536 sunt,
2404 483 2613 527 utrum
2661 487 2760 542 per
2785 473 2878 528 illa
2932 475 3246 542 irruperint,
3283 473 3441 530 facile
3489 475 3694 528 munita
3719 491 3814 529 ca-

2225 565 2447 636 piantur
2474 582 2490 630 ;
2516 565 2593 620 ita
2638 574 2693 621 et
2737 565 2989 621 diabolus
3022 581 3119 636 per
3149 581 3216 622 ea
3253 582 3375 636 qua:
3406 574 3598 636 patere
3629 567 3810 632 videt,

2223 667 2317 714 aut
2351 671 2509 716 certe
2537 677 2642 716 non
2677 662 2911 716 firmiter
2939 662 3147 732 clausa,
3169 662 3368 733 qua-rit
3397 663 3722 732 irrumpere,
3756 669 3816 716 et

2221 753 2288 807 ad
2316 753 2485 823 ipsam
2515 769 2698 809 arcem
2730 755 2914 810 cordis
2938 765 2994 811 et
3031 758 3226 811 animae
3259 756 3569 826 pervenire.
3592 757 3660 810 lit
3685 755 3816 828 quid

2223 863 2312 902 me
2341 863 2567 904 necesse
2589 857 2673 903 est
2696 847 2762 902 de
2796 848 3040 919 pluribus
3064 851 3184 920 ejus
3207 848 3424 904 insidiis
3450 849 3657 911 dicere,
3688 862 3813 903 cum

2223 956 2287 996 ex
2323 940 2408 996 his
2437 952 2493 997 et
2532 953 2753 997 caetera:
2803 943 3166 997 versutiarum
3219 943 3338 1010 ejus
3369 942 3583 1011 Species
3613 956 3819 1012 cogno-

2223 1045 2448 1089 scantur
2465 1020 2775 1106 lmiabolus
2803 1043 3007 1104 autem,
3035 1051 3232 1091 nomen
3262 1035 3510 1092 Grzccum
3539 1047 3644 1104 est,
3667 1032 3818 1106 quod

2225 1129 2661 1201 interpretaturb
2683 1129 3099 1210 “intinctam/lu
3111 1139 3196 1186 xta
3212 1129 3428 1185 llebra:i
3455 1145 3586 1186 vero
3606 1143 3829 1185 sermo-

2225 1221 2312 1276 nis
2345 1221 2757 1291 proprietatem,
2792 1218 2914 1292 quia
2941 1230 2996 1277 et
3027 1223 3199 1276 tribus
3226 1221 3476 1277 Zabulon
3521 1220 3826 1292 quamdam

2228 1313 2638 1370 similitudinem
2683 1313 2842 1384 hujus
2899 1314 3158 1370 vocabuli
3214 1313 3396 1380 habet,
3439 1317 3730 1390 καταρύων,
3763 1310 3828 1366 id

2229 1417 2337 1468 est.
2368 1410 2610 1463 deorsum
2634 1412 2801 1480 ﬂuens
2831 1409 2941 1464 dici
2970 1417 3172 1480 potest,
3205 1407 3349 1480 quod
3395 1408 3608 1464 scilicet
3627 1406 3831 1478 paula-

2232 1499 2324 1552 tim
2351 1499 2418 1552 de
2448 1499 2651 1553 virtute
2673 1499 2742 1553 ad
2766 1499 2953 1554 vitium
2975 1499 3213 1566 ﬂuxerit,
3230 1507 3287 1554 et
3307 1497 3376 1554 de
3403 1498 3724 1554 coalestibus
3751 1495 3831 1549 ad

2233 1598 2447 1646 terrena
2478 1590 2774 1646 corruerit.

2307 1683 2569 1750 Quoniam
2600 1701 2702 1740 non
2750 1693 2825 1739 est
2863 1683 3012 1739 nobis
3043 1684 3342 1739 colluctatio
3380 1683 3626 1739 adversus
3664 1681 3835 1754 671

525 1774 714 1828 .lesum
756 1773 1061 1828 Christum.
1089 1772 1144 1827 Si
1199 1773 1346 1827 enim
1387 1774 1663 1844 cingulum
1684 1775 1892 1830 veritas
1938 1786 2047 1843 est,
2077 1783 2134 1830 et
2164 1790 2210 1850 Β
2236 1779 2542 1851 sanguinem
2569 1789 2618 1832 et
2641 1777 2981 1844 carnem;sed
3003 1777 3247 1832 adversus
3276 1776 3622 1848 principatus,
3647 1775 3839 1830 adver-

527 1867 698 1924 lorica
722 1864 929 1936 justitia
974 1873 1096 1920 est:
1127 1864 1383 1920 dentor
1423 1874 1607 1921 autem
1634 1875 1690 1922 et
1713 1868 1940 1933 veritas,
1966 1875 2023 1923 et
2047 1867 2136 1937 ju-

529 1960 682 2015 stitia
716 1959 1060 2025 nominatur,
1102 1959 1244 2014 nulli
1278 1959 1502 2015 dubium
1534 1961 1667 2033 quin
1711 1962 1830 2031 ipse
1858 1970 1914 2017 et
1942 1961 2134 2032 cingu-

529 2051 644 2110 lum
674 2051 747 2106 sit
787 2062 841 2107 et
876 2051 1070 2108 lorica.
1121 2051 1309 2121 itaque
1353 2052 1512 2122 juxta
1564 2052 1713 2121 haec,
1759 2056 1876 2125 ipse
1933 2057 2038 2110 erit
2079 2065 2137 2110 et

537 2143 866 2216 praeparatio
900 2143 1181 2214 Evzingelii
1213 2146 1388 2216 pacis,
1436 2153 1494 2199 et
1518 2158 1732 2201 scutum
1767 2147 1912 2211 fidei,
1936 2157 1994 2202 et
2042 2161 2137 2217 ga-

533 2239 620 2296 lea
662 2240 946 2306 salutaris,
979 2249 1034 2295 et
1061 2240 1276 2309 gladius
1305 2241 1554 2309 spiritus,
1586 2241 1730 2311 quod
1776 2251 1860 2296 est
1905 2240 2134 2297 verbum

538 2333 659 2398 Dei,
687 2342 746 2388 et
775 2333 962 2388 vivens
985 2346 1170 2386 sermo
1200 2339 1257 2385 et
1285 2331 1502 2396 efticax,
1528 2341 1581 2386 et
1604 2341 1794 2386 acutus
1823 2347 1994 2401 super
2023 2347 2139 2387 om-

537 2441 662 2482 nem
692 2425 938 2496 gladium
968 2440 1033 2481 ex
1067 2437 1300 2493 utraque
1325 2431 1479 2493 parte
1521 2435 1763 2479 acutum.
1788 2425 1920 2493 Qua:
1946 2436 2129 2480 autem

535 2518 647 2572 alia
677 2532 827 2572 arma
864 2517 956 2571 lici
991 2531 1284 2585 possumus
1309 2516 1651 2581 existimare,
1686 2519 1882 2586 quibus
1913 2517 2136 2574 induen-

539 2609 641 2665 dus
671 2618 756 2663 est
783 2607 876 2678 qui
907 2607 1073 2663 habet
1101 2607 1392 2662 adversum
1421 2607 1622 2662 diaboli
1653 2609 1915 2664 dimicare
1942 2624 2136 2664 versu-

543 2701 648 2755 tias
670 2707 897 2768 excepta
926 2699 1147 2761 virtute,
1174 2715 1295 2770 qua:
1327 2697 1580 2754 Christus
1605 2707 1707 2756 est.
1732 2700 1899 2772 67o
1925 2710 1951 2737 ι
1986 2701 2138 2757 Iluuc

541 2798 687 2853 enim
718 2798 810 2866 qui
838 2797 993 2866 juxta
1022 2796 1204 2851 omnia
1235 2811 1356 2867 qua:
1395 2811 1562 2865 super
1606 2811 1674 2852 eo
1732 2797 2133 2868 intelliguntur,

539 2889 705 2945 fuerit
735 2889 978 2952 indutus,
1010 2898 1208 2960 puteus
1234 2889 1338 2945 erit
1368 2901 1559 2945 contra
1598 2891 1890 2946 universas
1912 2891 2139 2947 insidias

540 2982 752 3039 diaboli
777 2997 1105 3050 repugnare,
1135 2991 1191 3035 et
1219 2980 1521 3037 secundum
1553 2981 1609 3037 id
1639 2983 1858 3053 quidem
1881 2983 2023 3052 quod
2051 2998 2139 3038 ve-

538 3077 698 3132 ritate
750 3075 1079 3147 praecinctus
1121 3085 1226 3144 est,
1262 3093 1374 3130 non
1427 3075 1589 3132 facile
1637 3076 1705 3130 ad
1753 3077 2010 3132 falsitatis
2041 3075 2142 3132 do-

2235 1887 2323 1924 sus
2363 1880 2659 1941 potestates,
2711 1871 2954 1926 adversus
2999 1870 3182 1925 mundi
3225 1881 3447 1925 rectores
3500 1870 3833 1924 tenebrarum

2235 1963 2421 2016 harum
2461 2003 2477 2028 ,
2535 1963 2782 2017 adversus
2829 1963 3130 2034 spiritualia
3176 1961 3419 2034 nequitiae
3473 1961 3528 2015 in
3600 1960 3830 2016 caelesti.

2238 2056 2351 2111 bus.
2380 2055 2497 2112 Non
2519 2065 2649 2127 puto
2687 2055 2908 2110 Paulum
2957 2055 3283 2111 scribentem
3318 2054 3386 2108 ad
3411 2050 3724 2108 Corinthios
3745 2051 3835 2107 div

2237 2165 2363 2206 cere
2405 2150 2646 2220 potuisse
2678 2167 2692 2204 :
2721 2150 2836 2204 Non
2868 2157 2956 2205 est
3006 2147 3164 2205 vobis
3210 2145 3529 2204 colluctatio
3571 2144 3841 2200 adversus

2237 2259 2457 2299 carnem
2487 2253 2542 2298 et
2566 2243 2911 2314 sanguinem,
2938 2240 3136 2312 quibus
3185 2240 3260 2296 ait
3289 2257 3303 2293 :
3336 2238 3580 2295 Teutatio
3615 2254 3701 2292 vos
3730 2253 3839 2291 non

2239 2333 2596 2407 apprehendat
2641 2334 2743 2387 nisi
2785 2332 3037 2386 humana.
3093 2329 3325 2385 Fidelis
3355 2338 3529 2383 autem
3560 2328 3724 2393 Deus,
3751 2326 3842 2398 qui

2237 2443 2341 2481 non
2365 2427 2620 2498 permittet
2643 2423 2754 2498 [Αι.
2785 2421 3056 2496 permittit]
3084 2437 3173 2475 uos
3199 2420 3399 2476 tentari
3425 2435 3589 2489 supra
3616 2417 3670 2471 id
3697 2416 3840 2486 quod

2241 2519 2452 2590 potestis
2495 2518 2538 2589 (l
2591 2517 2711 2572 Cor.
2764 2533 2822 2584 x,
2857 2515 2971 2583 l3).
3003 2514 3282 2570 Existimo
3314 2513 3521 2582 quippe
3571 2511 3844 2566 adversus

2240 2627 2464 2667 carnem
2494 2622 2549 2666 et
2577 2609 2905 2680 sanguinem
2937 2622 3061 2663 esse
3101 2607 3431 2672 certamina,
3461 2621 3581 2675 qua:
3617 2603 3692 2659 ibi
3722 2615 3844 2660 tcu-

2243 2705 2473 2758 tationes
2499 2703 2838 2772 appellantur
2877 2701 3128 2753 humana:
3153 2739 3169 2764 ,
3222 2697 3440 2768 quando
3469 2711 3602 2751 caro
3631 2710 3844 2751 concu-

2243 2795 2398 2863 piscit
2412 2794 2677 2850 adversus
2694 2791 2964 2856 spiritum,
2983 2800 3035 2845 et
3065 2799 3322 2861 provocat
3347 2805 3446 2844 nos
3472 2788 3653 2844 facere
3673 2801 3842 2856 opera

2242 2902 2362 2955 sua,
2392 2885 2826 2949 fornicationem,
2853 2882 3273 2945 immunditiam,
3300 2881 3587 2945 luxuriam,
3612 2879 3845 2934 idolola-

2244 2982 2424 3050 triam,
2459 2980 2790 3047 inimicitias,
2829 2978 3234 3042 contentiones,
3271 2975 3670 3036 aemulationes,
3705 2973 3842 3040 iras,

2242 3079 2415 3141 rixas,
2456 3073 2865 3134 dissensiones,
2898 3071 3136 3126 bzereses
3157 3113 3172 3137 ,
3206 3067 3456 3133 insidias,
3505 3066 3831 3129 ebrietates,

542 3177 724 3237 gniata
754 3167 1079 3224 deducetur.
1115 3167 1277 3223 Juxta
1325 3169 1430 3223 hoc
1459 3183 1589 3223 vero
1612 3167 1756 3238 quod
1791 3169 2016 3226 loricam
2047 3168 2137 3224 in-
2168 3176 2214 3240 ο
2243 3169 2673 3224 comessationes
2696 3164 2965 3238 (Galat.v)
2993 3177 3045 3220 et
3078 3163 3284 3234 reliqua
3307 3163 3389 3216 his
3417 3161 3636 3215 similia.
3671 3160 3847 3216 Porro

543 3269 711 3325 dutus
755 3278 841 3326 est
879 3268 1130 3339 iustitiae,
1189 3269 1491 3339 iniquitatis
1527 3269 1726 3340 jaculis
1778 3286 1889 3326 non
1940 3271 2145 3342 poterit

542 3371 836 3442 perforari.
867 3370 978 3428 Nec
1009 3387 1114 3428 non
1155 3385 1278 3427 cum
1309 3371 1582 3427 calciatus
1626 3371 1788 3427 fuerit
1813 3369 2144 3428 calciamen-

548 3472 620 3526 tis
651 3471 1034 3543 pulcherrimis
1083 3470 1137 3526 iu
1173 3472 1576 3541 prmparatione
1630 3472 1914 3544 Evangelii
1967 3475 2141 3541 pacis,

547 3567 704 3636 quasi
734 3564 781 3620 is
811 3564 903 3633 qui
935 3564 1259 3633 praeparavit
1287 3564 1339 3616 in
1367 3563 1476 3617 line
1503 3577 1670 3632 opt-ra
1708 3579 1829 3626 sua,
1863 3575 1916 3620 et
1941 3565 2144 3622 idcirco

558 3658 708 3726 pacis
744 3656 912 3712 homo
937 3655 1117 3710 factus
1143 3664 1251 3720 est,
1277 3671 1377 3709 nec
1407 3656 1663 3711 bellicum
1710 3656 1941 3727 aliquid,
1976 3666 2034 3714 et
2063 3671 2142 3713 tu-

547 3748 883 3803 multuosum
911 3747 1045 3816 agit.
1076 3760 1175 3800 nec
1203 3760 1326 3800 cum
1352 3746 1434 3800 his
1465 3747 1557 3816 qui
1587 3746 1968 3818 imprreparati
1996 3758 2144 3818 sunt,

553 3838 1023 3896 condemnabitur.
1063 3836 1362 3892 lalidelitas
1388 3853 1626 3908 quoque,
1658 3854 1778 3909 qua:
1817 3840 2040 3894 inimica
2065 3849 2152 3896 est

557 3931 722 3996 fidei,
783 3930 874 3985 ubi
935 3939 1148 3985 scutum
1199 3939 1285 3984 est
1330 3930 1453 3986 lidei
1485 3975 1498 3999 ,
1533 3930 1668 3986 nihil
1719 3932 1944 3987 Valebit.
1973 3933 2153 3999 Caput

549 4025 718 4078 etiam
747 4033 800 4076 et
827 4021 1128 4091 principale
1169 4022 1376 4087 cordis,
1407 4033 1462 4077 et
1503 4023 1700 4078 anima:
1727 4023 1778 4077 in
1808 4040 1916 4093 quo
1942 4039 2140 4080 sensus

550 4126 744 4170 omnes
783 4113 945 4169 locati
994 4121 1146 4178 sunt,
1174 4114 1370 4168 salutis
1410 4116 1563 4185 galea
1604 4116 2006 4172 circumdatum
2039 4132 2147 4172 non

551 4207 932 4280 quassabitur.
963 4208 1043 4262 Ad
1074 4219 1382 4264 extremum
1411 4210 1567 4281 quasi
1592 4211 1675 4266 vir
1696 4211 1928 4267 bellator
1958 4221 2014 4267 et
2043 4210 2154 4266 for-

553 4302 645 4368 tis,
663 4316 856 4356 omnes
883 4311 1072 4356 sectas
1099 4303 1408 4358 contrarias
1432 4304 1650 4358 veritati
1677 4304 1952 4371 concidet,
1987 4305 2153 4359 inter-

558 4393 896 4464 ficiet,jugul
918 4394 1298 4463 nbit,g|adium
1311 4397 1555 4466 Spiritus,
1583 4399 1635 4452 id
1660 4409 1767 4463 est,
1783 4399 2009 4455 verbtnn
2027 4399 2149 4469 Dci,

559 4503 724 4542 manu
749 4499 966 4542 tenens.
997 4486 1202 4544 Voleus
1223 4503 1354 4560 ergo
1376 4491 1660 4558 apostolus
1689 4490 2008 4545 multimoda
2030 4492 2150 4546 dia-

550 4576 664 4636 boli
695 4578 914 4650 ingenia
944 4580 1263 4645 ostendere,
1293 4582 1490 4652 quibus
1537 4597 1637 4638 nos
1686 4597 1887 4652 capere
1942 4584 2150 4638 nitatur

553 4669 666 4744 [AL
693 4669 930 4744 nititur],
953 4687 1052 4743 per
1071 4687 1136 4727 ea
1167 4674 1284 4728 loc:t
1307 4673 1360 4728 iu
1386 4673 1581 4742 quibus
1612 4691 1723 4730 non
1771 4675 1920 4730 omni
1969 4686 2153 4731 custo-

555 4766 645 4822 dia
693 4781 982 4822 servemus
1021 4783 1118 4822 cor
1157 4780 1427 4832 nostrum,
1469 4769 1740 4842 μετοδιίας
1769 4770 1910 4839 ejus,
1951 4769 2002 4824 id
2039 4776 2146 4838 est,

554 4861 976 4917 adiuventiunes
999 4861 1082 4916 vel
1125 4863 1393 4917 versutias
1439 4867 1764 4919 nominavit.
1796 4863 1853 4920 Si
1885 4862 2030 4918 enim
2053 4861 2149 4916 ab-

553 4955 912 5011 stinuerimus
957 4969 1058 5012 nos
1091 4972 1120 5010 a
1146 4971 1437 5027 corporum
1465 4957 1767 5029 voluptate,
1796 4973 1987 5028 parum
2020 4973 2149 5013 cau-

556 5057 644 5104 tos
675 5049 730 5104 in
759 5051 988 5104 avaritia
1039 5053 1209 5120 capit.
1241 5051 1395 5119 Quod
1421 5051 1468 5106 si
1512 5063 1566 5105 et
1591 5053 1878 5106 avaritiam
1921 5067 2043 5106 eum
2069 5066 2156 5103 vo-

465 5195 470 5202 _
558 5143 770 5214 luptate
796 5145 1227 5213 contemnimus,
1254 5159 1353 5214 per
1393 5145 1657 5200 luxuriam
1692 5146 1910 5214 irrepit,
1943 5142 2156 5198 etfacit

558 5233 719 5289 nobis
758 5243 1006 5295 ventrem
1049 5250 1173 5291 esse
1202 5236 1394 5300 deum,
1431 5247 1485 5292 et
1523 5253 1620 5308 per
1650 5238 1798 5293 hanc
1843 5237 2006 5291 etiam
2059 5235 2152 5290 illa

558 5341 682 5396 qua
707 5325 873 5382 fortia
903 5342 1026 5383 esse
1056 5329 1400 5393 videbantur,
1453 5341 1744 5399 expugnat.
1781 5330 1846 5384 Et
1876 5329 2154 5400 quomodo

562 5420 740 5476 solent
769 5422 1046 5492 sapientes
1073 5423 1414 5478 exercituum
1475 5424 1770 5494 principes,
1803 5439 1864 5478 ea
1917 5422 2004 5478 vel
2041 5435 2152 5475 ma-

633 5625 659 5654 ⁸
698 5618 898 5693 lterum
944 5631 1201 5690 corrupte
1251 5624 1390 5693 apud
1425 5624 1819 5693 Illartiaairum,
1859 5623 1960 5678 Hic
1991 5621 2154 5688 enim,

567 5688 878 5758 protllunc
898 5696 1056 5756 enim,
1096 5688 1146 5746 id
1178 5688 1596 5758 est,'CIiristum.

637 5755 664 5803 δ
704 5757 838 5828 Vide
865 5777 987 5830 qua:
1026 5755 1130 5824 hoc
1158 5764 1226 5819 de
1252 5755 1470 5823 nomine
1501 5769 1857 5824 observamus
1884 5765 1994 5823 col.
2025 5762 2159 5834 6'39,

2247 3268 2451 3317 nonest
2477 3258 2711 3313 humana
2731 3257 2977 3324 tentatio,
2999 3271 3097 3311 nec
3118 3255 3376 3310 adversus
3389 3269 3609 3309 carnem
3637 3261 3692 3308 et
3717 3267 3847 3309 san-

2246 3355 2464 3424 guinem
2496 3368 2698 3423 pugna,
2722 3352 2943 3421 quando
2961 3360 3059 3405 aut
3089 3350 3207 3419 ipse
3229 3349 3467 3406 Satanas
3498 3346 3848 3418 transfigura-

2247 3445 2415 3501 tusiu
2471 3445 2738 3517 Angelqu
2771 3443 2934 3507 lucis,
2986 3440 3321 3514 persuadere
3361 3439 3577 3505 nititur,
3607 3446 3670 3494 ut
3723 3453 3850 3492 cum

2250 3538 2516 3607 Angelum
2543 3537 2681 3591 lucis
2704 3537 3068 3598 arbitremur,
3089 3543 3181 3587 aut
3213 3531 3419 3603 aliquid
3452 3531 3644 3586 horum
3671 3528 3851 3584 simile

2251 3628 2403 3694 facit,
2431 3629 2484 3684 in
2531 3628 2682 3684 omni
2720 3631 2946 3692 virtute,
2983 3625 3154 3693 signis
3184 3635 3240 3680 et
3269 3624 3538 3696 portentis
3569 3621 3851 3677 mendaci-

2251 3722 2374 3787 bus,
2400 3722 2452 3776 in
2501 3722 2649 3776 omni
2682 3720 3011 3790 deceptione
3043 3717 3366 3784 iniquitatis.
3399 3715 3534 3771 Nam
3575 3730 3702 3770 cum
3751 3714 3852 3767 ali—

2251 3828 2416 3882 quem
2450 3811 2762 3882 illaqucarit
2807 3810 3064 3866 inimicus
3094 3820 3150 3863 ut
3189 3808 3421 3877 recipiat
3449 3822 3530 3868 se,
3579 3815 3635 3861 ct
3665 3807 3854 3876 loqua-

2254 3914 2340 3959 tur
2365 3905 2418 3959 in
2441 3918 2532 3968 eo,
2556 3903 2665 3958 haec
2695 3902 2819 3957 dicit
2849 3900 3134 3965 Dominus,
3168 3915 3275 3954 non
3305 3897 3461 3968 quasi
3493 3912 3624 3953 caro
3648 3905 3705 3952 et
3729 3911 3852 3950 san-

2253 3996 2372 4067 guis
2423 4011 2547 4050 eum
2578 3993 2808 4063 decipit,
2839 4001 2934 4047 aut
2979 3991 3138 4061 quasi
3173 3991 3408 4045 humana
3459 3989 3714 4052 tentatio,
3761 3984 3853 4042 sed

2253 4087 2405 4157 quasi
2438 4085 2773 4156 principatus
2803 4095 2858 4140 et
2892 4091 3159 4152 potestas,
3193 4091 3375 4138 rector
3425 4080 3778 4137 tenebrarum
3801 4085 3853 4132 rt

2254 4180 2494 4248 nequitia
2521 4178 2824 4249 Spiritualis
2849 4175 3077 4249 (Epltes.
3113 4173 3210 4244 iv).
3231 4173 3601 4243 Quamobrem
3631 4187 3742 4226 non
3764 4169 3854 4225 (ιθ-

2254 4287 2378 4328 mus
2425 4271 2601 4326 locum
2633 4269 2887 4329 diabolo.
2926 4268 3022 4324 sed
3055 4277 3111 4322 et
3167 4267 3210 4320 si
3251 4266 3474 4337 spiritus
3529 4273 3851 4333 potestatem

2260 4365 2511 4421 habentis
2541 4362 2853 4418 ascenderit
2884 4377 3050 4432 super
3080 4375 3199 4425 nos,
3226 4359 3383 4427 juxta
3415 4357 3558 4428 quod
3587 4357 3846 4426 scriptum

2254 4470 2361 4524 est,
2388 4458 2564 4512 locum
2595 4471 2700 4511 nou
2759 4455 2956 4508 demus
2979 4452 3050 4508 ei.
3089 4451 3240 4506 Dicat
3268 4449 3542 4520 quispiam
3570 4447 3672 4502 hoc
3713 4443 3850 4518 quod

2179 4549 2224 4609 D
2253 4554 2327 4606 ait
2358 4569 2372 4605 :
2407 4550 2528 4606 Non
2557 4560 2630 4604 est
2659 4547 2807 4602 nobis
2844 4545 3148 4601 colluctatio
3194 4546 3442 4598 adversus
3481 4541 3790 4612 sanguinem
3809 4545 3853 4592 et

2259 4659 2488 4709 carnem,
2514 4640 2607 4696 sed
2638 4641 2910 4694 adversum
2938 4637 3266 4711 principatus
3293 4643 3342 4689 et
3369 4642 3656 4707 potestates
3685 4631 3852 4705 (Eccl.

2261 4752 2315 4801 κ,
2337 4735 2394 4806 4)
2420 4777 2435 4800 ,
2462 4745 2517 4790 et
2537 4744 2732 4790 c:cter-i
2769 4749 2889 4800 quzr
2911 4738 3236 4801 sequuntur,
3269 4726 3392 4782 ideo
3415 4727 3546 4789 dici,
3575 4735 3634 4780 ut
3653 4725 3851 4782 docea-

2261 4845 2404 4895 mur,
2427 4845 2494 4883 ne
2513 4843 2577 4883 ea
2607 4825 2827 4896 quidem
2854 4839 2976 4895 qua!
3010 4821 3169 4876 nobis
3197 4819 3504 4876 ministrari
3537 4818 3666 4872 vitia
3705 4827 3852 4882 puta-

2261 4945 2382 4987 mus
2407 4945 2472 4986 ex
2498 4942 2684 4990 carne,
2717 4925 2900 4980 carnis
2928 4937 3052 4979 esse
3100 4920 3186 4976 vel
3231 4919 3535 4990 sanguinis,
3567 4916 3663 4971 sed
3695 4931 3726 4970 a
3753 4913 3857 4986 qui-

2258 5033 2482 5090 busdam
2515 5027 2884 5098 Spiritualibus
2923 5023 3189 5086 nequitiis
3237 5021 3479 5091 suggeri.
3529 5019 3671 5076 Sunt
3715 5014 3850 5073 enim

2253 5137 2470 5209 quidam
2518 5133 2802 5190 demones
2848 5128 3125 5184 amoribus
3183 5133 3240 5180 et
3289 5121 3577 5178 amatoriis
3623 5117 3844 5174 canticis

2255 5230 2578 5292 servientes,
2593 5233 2654 5280 ut
2673 5223 2948 5291 Propheta
2975 5231 3189 5286 quitque
3211 5219 3618 5270 commemorat
3635 5209 3845 5264 dicens:

2259 5323 2464 5393 Spiritu
2491 5305 2862 5388 fornicationis
2881 5313 3044 5385 672
3068 5309 3267 5366 seducti
3297 5317 3416 5363 sunt
3447 5305 3596 5377 (Ose.
3629 5318 3704 5367 ιν,
3743 5299 3848 5366 2i).

2254 5417 2388 5472 Nam
2414 5426 2468 5472 ct
2494 5413 2723 5469 barbara
2751 5407 2997 5481 quaedam
3033 5404 3254 5460 nomina
3286 5415 3481 5458 eorum
3509 5411 3636 5453 esse
3663 5395 3851 5451 dicun-

2266 5627 2384 5674 not.
2428 5617 2475 5668 ὁ.
2511 5614 2758 5667 Diximus
2789 5621 2841 5665 et
2878 5609 3025 5673 alibi,
3055 5607 3207 5676 juxta
3239 5603 3510 5676 Eolicam
3531 5595 3852 5676 pronuntia-

2264 5671 2466 5744 tione-Au
2502 5683 2763 5738 Zubulum
2793 5699 2821 5738 a
2857 5671 3139 5738 Veteribus
3166 5677 3270 5732 dici
3305 5692 3402 5747 pro
3431 5671 3678 5750 Diabilo.
