4046 6430
189 369 291 432 8111

624 362 1281 428 CUMMENTARIORUM
1322 366 1390 426 IN
1429 361 1820 428 EPISTOLAM
1863 369 1954 426 AI)
1994 361 2326 429 EPHESlOS
2367 367 2501 430 LIB.
2541 367 2633 429 111.
2672 367 2827 430 CAP.
2874 366 2961 431 \‘i.

3333 328 3439 436 at

194 499 289 556 tur,
322 493 374 541 ut
397 496 532 554 sa‘pe
566 484 801 539 confessi
835 494 966 540 sunt
994 484 1048 540 lii
1077 501 1217 556 quos
1245 502 1375 543 vere
1406 488 1596 557 vu'gtts
1626 503 1740 540 ma-
1766 490 1814 548 Α
1842 486 2011 558 673
2037 503 2199 542 causa
2220 532 2233 549 .
2272 489 2439 544 David
2485 490 2778 545 adversum
2821 489 3031 544 Goliam
3057 534 3071 556 ,
3109 500 3163 547 et
3205 491 3439 550 ﬁliorum

191 579 356 636 lelicos
384 587 549 639 vocat,
575 583 630 630 et
655 574 1084 645 incantationes,
1113 586 1170 633 ct
1192 594 1403 649 preces,
1446 588 1501 634 et
1522 579 1740 635 colores

189 670 327 737 varii,
353 675 403 723 ct
443 665 648 722 ditersa
680 668 762 722 vel
814 670 1161 725 metallorum
1208 685 1436 741 genera,
1469 671 1553 727 vel
1592 670 1743 725 cilio-

186 778 310 827 rum,
334 760 396 815 ad
426 776 539 830 ιιιιιε
568 760 804 815 invocati
843 762 1103 818 assistere
1130 761 1412 818 tl.etnoues
1433 804 1449 823 .
1479 772 1534 817 et
1565 760 1741 818 infeli-

187 870 268 911 ces
303 851 500 907 animas
535 866 737 922 capere
784 863 1180 908 memorantur.
1214 853 1321 909 Alii
1359 869 1492 911 vero
1522 853 1741 910 iracun-

185 945 307 1008 dias.
333 954 383 999 et
409 942 641 1006 furores.
687 952 744 999 et
780 943 924 999 bella
950 946 1297 1003 committere
1331 961 1346 1001 :
1376 945 1467 1001 alii
1503 962 1739 1016 praeesse

184 1036 484 1103 inimicitiis,
511 1044 566 1091 et
603 1035 749 1093 inter
797 1036 1051 1095 homines
1103 1039 1228 1094 odia
1267 1041 1565 1097 concitare.
1603 1042 1739 1110 Quia

182 1131 284 1185 vult
307 1144 449 1198 ergo,
468 1129 645 1199 aiunt,
675 1131 972 1201 Apostolus
998 1146 1099 1188 nos
1130 1132 1333 1190 docere
1365 1152 1378 1189 :
1413 1148 1521 1190 non
1555 1151 1621 1191 ex
1655 1152 1743 1190 ua-

182 1228 287 1277 tura
321 1219 584 1289 corporis,
617 1230 674 1277 et
711 1221 781 1278 de
821 1224 1051 1280 materia
1099 1226 1283 1282 carnis
1317 1235 1375 1281 et
1423 1229 1736 1299 sanguinis,

180 1310 285 1367 lucc
303 1311 537 1366 vitiorum
561 1327 762 1383 genera
793 1314 1093 1385 procreari,
1121 1316 1218 1372 sed
1249 1315 1511 1375 instinctu
1537 1319 1740 1375 daemo-

179 1418 325 1468 num;
361 1413 644 1474 propterea
680 1406 757 1461 ait
789 1423 803 1461 :
839 1406 963 1463 Non
999 1416 1078 1463 est
1121 1409 1270 1465 nobis
1307 1410 1607 1467 colluctatio
1637 1414 1739 1469 ud-

178 1475 331 1553 cersus
357 1500 662 1569 sanguinem
689 1509 739 1553 et
760 1516 1003 1572 carnem,
1035 1503 1130 1559 sed
1149 1503 1391 1560 adversus
1415 1506 1741 1579 principatus

173 1600 217 1645 et
237 1599 514 1662 potestates,
543 1603 600 1647 et
624 1590 857 1664 reliqua.
887 1592 1017 1650 Ideo
1043 1604 1226 1651 autem
1249 1611 1394 1652 nunc
1430 1612 1619 1653 eorum
1645 1598 1738 1667 qui

172 1682 371 1753 magicis
417 1680 669 1740 infelices
719 1684 932 1741 artibus
982 1689 1251 1753 serviunt,
1306 1696 1364 1745 et
1405 1687 1586 1745 facere
1632 1690 1739 1745 ista

170 1775 536 1846 perhibentur,
594 1778 648 1832 in
726 1778 965 1834 medium
1041 1781 1297 1850 exempla
1369 1781 1732 1853 protulimus,

1844 578 2014 634 Israel
2038 589 2228 635 contra
2259 582 2619 653 alienigenas,
2647 593 2703 638 et
2734 593 2963 639 crateras
2990 591 3205 655 gentes,
3237 585 3444 655 scripta

1840 678 1965 725 sunt
1992 671 2043 727 iu
2085 672 2252 738 Lege,
2281 682 2336 727 et
2364 674 2519 743 Jesu,
2559 684 2613 728 el
2644 673 2787 729 libro
2817 673 3070 730 Jtttlicttttt
3095 716 3111 741 ,
3140 685 3199 731 ct
3222 675 3442 745 Regno-

1841 778 1985 831 rum,
2016 772 2072 818 cl
2101 764 2564 834 Paralipomenon
2584 808 2600 830 ,
2633 767 2797 822 altius
2838 767 3179 823 intellexisse
3204 768 3444 838 Aposto-

1842 852 1951 909 ltttu
1988 855 2008 929 (
2035 856 2050 910 Ι
2082 855 2214 926 Περ.
2248 859 2387 928 xvtt)
2420 869 2438 914 ε
2469 870 2522 914 ει
2552 858 2835 928 spirituale
2866 858 3073 914 bellum
3105 859 3351 915 sensisse
3372 862 3442 916 de

1841 960 2069 1012 carneo,
2098 962 2209 1018 quo
2240 958 2550 1018 pugnantes
2582 951 2712 1006 victi
2736 950 2867 1015 sint,
2895 953 3008 1005 sive
3033 953 3362 1021 superarint,
3386 961 3444 1008 et

1841 1048 2094 1108 satrapas
2132 1038 2350 1106 quidem
2395 1042 2825 1111 uniuscujusqu:
2876 1041 2981 1097 loci
3010 1085 3026 1110 ,
3075 1057 3438 1114 Supernarum

1843 1129 2013 1186 fuisse
2043 1129 2242 1186 indicia
2274 1129 2383 1203 [AL
2407 1133 2636 1206 judicia]
2658 1144 2992 1205 potestatum
3027 1153 3043 1193 :
3076 1152 3235 1209 reges
3255 1152 3439 1195 autem

1841 1222 2080 1294 gentium
2115 1223 2459 1293 singularum
2482 1266 2499 1292 ,
2533 1225 2799 1294 imagines
2827 1243 3016 1283 eorum
3043 1227 3133 1299 qui
3166 1245 3307 1286 nunc
3349 1245 3441 1286 re-

1840 1325 2027 1372 ctores
2055 1317 2268 1383 mundi,
2293 1318 2762 1388 tenebrarumque
2791 1320 3045 1375 dicuntur
3071 1337 3087 1375 :
3115 1322 3291 1377 malus
3312 1337 3445 1380 vero

1843 1406 2095 1464 homines
2126 1409 2450 1479 spirituales
2480 1410 2753 1480 nequitias
2785 1413 2838 1467 in
2867 1411 3186 1468 caelestibus
3212 1412 3443 1470 dctnon-

1843 1507 2075 1554 strasse.
2100 1498 2164 1554 Et
2186 1498 2406 1556 videtur
2437 1501 2600 1555 nobis
2629 1502 2929 1569 Apostolus
2957 1502 3078 1557 aliis
3098 1503 3280 1559 verbis
3323 1503 3441 1561 haec

1841 1590 2031 1647 dicere
2057 1607 2073 1646 :
2099 1591 2145 1648 0
2170 1592 2414 1661 Ephesii,
2441 1609 2562 1664 quae
2588 1593 2658 1649 de
2680 1594 2887 1664 pradiis
2910 1593 3127 1650 lsraelis
3149 1594 3438 1651 adversum

1843 1686 2096 1742 nationes
2126 1687 2329 1759 legitis,
2354 1688 2614 1745 videntur
2636 1689 2857 1759 quidem
2884 1703 3109 1745 carnem
3137 1705 3337 1746 sonare
3357 1690 3444 1746 vel

1840 1779 2187 1848 sanguinem,
2210 1780 2366 1834 verbi
2391 1781 2589 1851 gratia,
2620 1780 3027 1853 Egyptiorum,
3050 1780 3441 1853 lduma'orum,

168 1879 217 1924 ut
269 1869 618 1925 retundamus
691 1885 884 1927 eorum
954 1873 1310 1943 opinionem,
1385 1876 1476 1946 qui
1544 1870 3442 1947 putantBAmmonitarum,Moabitarum,etgentiumcmterarum:

162 1963 322 2019 omnia
378 1964 506 2018 vitia
539 1976 668 2019 esse
712 1963 897 2020 carnis
951 1976 1009 2022 et
1066 1966 1381 2038 sanguinis,
1423 1977 1481 2024 et
1529 1970 1730 2025 nullam

159 2051 343 2109 habere
393 2052 677 2111 daemones
731 2064 1088 2128 potestatem,
1128 2067 1188 2114 ut
1244 2075 1345 2116 nos
1392 2061 1623 2118 incitent
1664 2063 1734 2119 ad

156 2155 437 2216 peccatum.
487 2146 681 2204 Talem
742 2149 1096 2207 luctationem
1147 2160 1176 2191 ι
1225 2162 1284 2208 et
1346 2152 1517 2211 Jacob
1580 2168 1736 2225 puta-

154 2251 263 2293 mus
289 2235 455 2295 fuisse
475 2278 494 2308 ,
536 2239 687 2309 quod
734 2240 947 2297 scilicet
977 2258 1085 2299 non
1115 2244 1406 2301 adversum
1436 2262 1656 2304 carnem
1680 2259 1736 2305 et

153 2329 453 2400 sanguinem
501 2332 854 2388 contenderit
891 2331 1106 2406 (Cenes.
1152 2336 1335 2410 xxxi),
1384 2340 1604 2410 quando
1641 2355 1733 2396 re-

154 2422 339 2478 mansit
363 2423 537 2491 solus,
563 2432 623 2479 et
651 2422 965 2481 luctabatur
991 2439 1113 2483 cum
1142 2442 1211 2483 eo
1233 2430 1397 2484 homo
1414 2474 1428 2499 ,
1463 2429 1735 2502 adiuvans

151 2528 282 2579 eum,
307 2527 359 2571 et
383 2516 759 2573 corroborans
788 2518 1086 2574 adversum
1114 2519 1300 2589 alium,
1330 2523 1533 2579 sudore
1565 2523 1737 2579 nimio

152 2607 503 2667 dimicantem.
555 2610 628 2667 Et
678 2611 843 2667 simul
879 2612 1004 2668 vide
1030 2654 1046 2679 ,
1089 2629 1158 2670 ne
1200 2613 1340 2671 forte
1373 2617 1592 2673 ridiculi
1627 2620 1739 2674 sint

151 2700 231 2772 qui
260 2702 601 2759 arbitrantur
632 2702 687 2758 in
712 2704 875 2760 ritum
903 2704 1223 2761 luctantium
1247 2746 1265 2775 ,
1297 2716 1408 2762 tota
1436 2708 1610 2765 Jaeob
1638 2725 1738 2765 no-

152 2802 229 2849 cte
269 2793 555 2852 luctatum.
600 2794 741 2863 Quid
782 2797 928 2853 enim
960 2797 1189 2869 grande,
1233 2799 1301 2868 si,
1352 2809 1416 2856 ut
1448 2802 1526 2857 illi
1557 2802 1735 2872 aiunt,

152 2886 347 2945 luctans
367 2896 465 2944 aut
489 2891 815 2962 superarit,
857 2900 951 2946 aut
978 2891 1154 2947 victus
1184 2892 1289 2947 sit!
1330 2892 1438 2950 Sed
1464 2894 1617 2964 juxta
1651 2912 1737 2951 ra-

152 2982 446 3041 tionabilem
477 2995 536 3041 et
572 2986 998 3042 convenientem
1027 2987 1351 3058 patriarcha:
1380 2989 1577 3046 luctam
1598 3032 1615 3059 ,
1658 3002 1739 3048 ta-

148 3076 241 3132 lem
264 3078 336 3133 illi
363 3078 814 3135 eolluctationetn
845 3078 1014 3135 fuisse
1034 3081 1371 3137 credendum
1395 3093 1501 3149 est,
1525 3083 1738 3154 qualem

149 3165 200 3222 lii
212 3167 408 3225 habent
425 3172 519 3240 qui
545 3178 779 3244 possent
797 3169 1010 3228 dicere:
1032 3170 1159 3227 Non
1173 3182 1250 3227 est
1271 3174 1417 3228 nobis
1437 3175 1740 3230 colluctatio

1840 1966 1933 2021 sed
1963 1965 2009 2021 si
2035 1982 2163 2022 vere
2191 1965 2355 2021 vultis
2383 1967 2553 2034 scire,
2585 1967 2897 2038 cognoscite
2920 1971 3044 2037 quia
3068 1966 3160 2022 illa
3186 1966 3444 2024 universa

1840 2057 2140 2128 ﬁguraliter
2166 2047 2568 2127 contingebant
2597 2058 2706 2113 illis
2729 2057 2785 2132 (l
2815 2056 2939 2113 Cor.
2962 2058 3049 2129 ι).
3075 2058 3291 2130 Scripta
3314 2066 3447 2116 sunt

1838 2160 2023 2207 autem
2051 2160 2276 2223 propter
2306 2166 2427 2217 nos,
2459 2150 2514 2206 in
2542 2166 2681 2223 quos
2723 2150 2863 2207 lines
2889 2151 3218 2208 saeculorum
3247 2150 3443 2208 decur-

1838 2257 2054 2312 rerunt,
2087 2255 2141 2300 ut
2174 2244 2549 2315 intelligamus
2576 2262 2647 2301 ex
2668 2245 2801 2310 illis,
2833 2261 2941 2301 non
2968 2260 3094 2302 esse
3141 2246 3301 2303 nobis
3343 2263 3442 2319 pu-

1837 2355 1997 2412 gnam
2025 2338 2320 2395 adversum
2352 2354 2572 2395 carnem
2601 2348 2656 2395 et
2686 2339 3028 2409 sanguinem,
3063 2337 3157 2394 sed
3184 2340 3444 2396 adversus

1839 2431 2153 2503 spirituales
2178 2431 2437 2503 quasdam
2453 2439 2508 2487 et
2524 2431 2824 2488 invisibiles
2839 2438 3163 2502 potestates,
3177 2430 3444 2488 adversus

1839 2535 2082 2583 rectores
2110 2541 2301 2583 earum
2334 2525 2684 2581 tenebrarum
2710 2566 2726 2592 ,
2759 2540 2880 2595 qua:
2909 2523 3034 2579 huic
3060 2523 3265 2579 nutudo
3293 2524 3448 2580 iucu-

1840 2621 1992 2692 bant,
2022 2629 2079 2677 et
2106 2636 2352 2677 errorem
2378 2620 2693 2676 hominibus
2724 2618 3123 2674 incredulitatis
3145 2617 3447 2687 oﬂa-ndunt,

1840 2725 1895 2771 et
1925 2715 2211 2771 adversum
2253 2714 2559 2786 spiritualia
2605 2711 2886 2784 ηιιιιιιίιίιε,
2941 2726 3062 2783 quae
3111 2710 3357 2768 habitant
3394 2713 3448 2768 in

1840 2808 2195 2866 cmlestibus:
2228 2823 2333 2861 non
2382 2822 2494 2876 quo
2540 2805 2825 2861 daemones
2852 2806 2906 2860 in
2937 2804 3258 2862 cmleStilms
3291 2819 3447 2861 coni-

1843 2910 2147 2968 morentur,
2181 2899 2277 2955 sed
2305 2916 2415 2970 quo
2441 2913 2602 2966 supra
2634 2914 2733 2954 nos
2772 2914 2889 2967 aer,
2931 2898 3038 2955 hoc
3067 2914 3266 2955 nomen
3291 2915 3448 2957 acce-

1844 2994 2005 3065 perit.
2034 2992 2185 3049 Unde
2206 3002 2261 3047 et
2287 3007 2415 3046 aves
2442 3006 2562 3057 qua:
2583 2989 2817 3047 volitant
2846 3006 2941 3060 per
2958 3006 3166 3061 aerem,
3199 2993 3449 3048 volucres

1843 3088 1969 3143 coeli
1992 3102 2117 3143 esse
2133 3086 2408 3142 dicuntur.
2435 3083 2569 3140 Nam
2587 3092 2642 3139 et
2666 3085 2717 3139 in
2737 3086 2845 3138 alio
2870 3083 2995 3139 loco
3010 3082 3080 3139 de
3104 3084 3449 3141 daemonibus

1842 3177 1986 3251 quod
2017 3179 2067 3232 in
2095 3193 2221 3233 aere
2251 3176 2357 3231 isto
2379 3184 2666 3246 vagentur,
2710 3175 3002 3244 Apostolus
3029 3176 3104 3230 ait
3131 3173 3240 3245 {In
3266 3175 3451 3248 quibus

146 3259 383 3314 adversus
404 3277 622 3317 carnem
643 3271 691 3318 et
706 3263 1031 3336 sanguinem.
1065 3262 1184 3320 Non
1210 3280 1439 3321 necesse
1462 3276 1546 3322 est
1567 3275 1739 3323 totum
1769 3262 1815 3324 C
1845 3270 2150 3326 ambulastis
2180 3266 2464 3341 aliquando
2488 3268 2649 3338 juxta
2677 3267 2925 3322 steculum
2951 3266 3138 3320 mundi
3167 3266 3341 3331 istius,
3369 3283 3450 3322 se-

147 3365 281 3407 nunc
292 3350 396 3408 loci
412 3352 566 3410 illius
580 3364 837 3412 excutere
850 3365 1402 3426 sacramentum,cum
1417 3358 1471 3413 in
1486 3375 1585 3414 suo
1599 3360 1744 3429 loco,

147 3442 191 3496 si
219 3443 430 3511 vixero,
454 3446 682 3515 plenius
708 3445 1090 3502 disserendum
1113 3447 1205 3502 sit.
1230 3445 1539 3515 Quaerimus
1564 3460 1746 3508 autem

144 3534 387 3605 (Consule
400 3539 736 3609 Quwstioues
750 3539 1033 3597 Hebroicas
1049 3543 1104 3597 in
1123 3540 1382 3616 Genesim)
1398 3542 1486 3599 ubi
1506 3544 1560 3599 in
1574 3545 1747 3601 veteri

141 3628 494 3690 Testamento
524 3634 737 3691 Paulus
764 3635 881 3692 haec
910 3635 1139 3708 legerit,
1167 3647 1262 3692 aut
1281 3652 1387 3707 qua
1421 3640 1746 3696 auctoritate

140 3739 254 3797 quze
280 3728 513 3786 minime
551 3729 764 3800 scripta
786 3739 941 3797 sunt,
968 3729 1281 3800 publicarit.
1320 3730 1391 3788 Et
1422 3731 1743 3803 conjicimus

138 3832 208 3875 ex
248 3820 334 3877 liis
372 3837 504 3894 qua:
526 3820 605 3879 de
629 3821 834 3893 praeliis
857 3828 914 3879 et
943 3821 1209 3893 singulari
1246 3822 1566 3891 certamine,
1589 3825 1743 3883 verbi

205 4037 233 4068 ι
272 4027 424 4087 Cave
473 4045 550 4087 ne
608 4045 676 4086 ex
725 4029 832 4088 hoc
880 4030 1006 4087 loco
1052 4044 1268 4088 asseras
1314 4045 1436 4086 cum
1490 4029 1746 4099 imperito

139 4097 423 4175 Scriptore
451 4116 678 4175 nupero
710 4101 1101 4175 Hieronymum
1151 4103 1391 4175 sensisse
1416 4097 1614 4175 738001!
1662 4102 1744 4157 lu-

137 4180 342 4242 c_tatum
396 4171 586 4229 fuisse
630 4188 754 4229 cum
800 4171 1084 4241 daemone,
1133 4184 1185 4229 et
1225 4174 1347 4229 vide
1400 4171 1745 4242 Quaestiunc-s

138 4239 443 4299 Bebraicas
471 4245 532 4299 in
555 4241 843 4308 Genesim,
869 4246 957 4301 ubi
988 4239 1384 4301 de'lttctatione
1414 4239 1499 4298 illa
1535 4246 1747 4312 plenius

139 4312 410 4370 dissent-t
432 4323 665 4371 sanctus
698 4316 916 4371 Doctor.
947 4315 1412 4371 Manu—Auctor
1442 4326 1525 4369 est
1554 4314 1746 4370 Proco-

138 4387 262 4501 pius
290 4386 365 4441 ad
399 4387 555 4442 ltune
600 4386 834 4443 Genesis
879 4387 1092 4449 locum,
1139 4400 1459 4457 persuasum
1493 4386 1747 4441 habuisse

166 4454 377 4501 ἐιη-εις
432 4458 761 4501 nnnnnllne
810 4457 1118 4501 dmmnnnm
1167 4457 1472 4501 exstitisse-
1524 4460 1615 4501 nni
1647 4458 1747 4501 snh

166 4454 377 4526 fetert-s
432 4458 764 4518 nonnullos,
810 4454 1475 4522 daemonem'exsdtisse,
1524 4460 1615 4526 qui
1647 4458 1749 4512 sub

138 4522 285 4599 Esau
340 4526 522 4598 ﬁgura
583 4543 647 4582 ac
700 4528 893 4599 spoliis
943 4545 1064 4582 eum
1117 4527 1321 4584 Jacubo
1367 4522 1609 4599 luctatus
1641 4538 1747 4580 t-st.

134 4594 317 4667 Quam
373 4594 877 4654 sententiam-cum
926 4615 988 4652 cx
1028 4600 1355 4663 Hieronymo
1395 4597 1612 4667 probari
1666 4599 1751 4651 1ιίι;

137 4666 263 4739 loci,
292 4684 555 4738 nuperos
601 4671 786 4724 nescio
831 4670 955 4739 quis
984 4671 1231 4739 Seriptor
1275 4666 1626 4735 existimarit,
1660 4670 1762 4721 im-

137 4737 710 4810 peritiaz’aecusatur
736 4756 765 4794 a
797 4737 1134 4809 hlartiauteo,
1166 4741 1236 4795 ab
1266 4755 1442 4810 eoque
1473 4742 1607 4810 plus
1627 4740 1759 4810 satis

132 4812 393 4880 vapu'at.
432 4809 502 4865 Et
542 4820 729 4890 tamen
762 4812 824 4890 si
840 4812 1002 4865 modo
1032 4809 1364 4890 l_lictonyiui
1395 4809 1757 4890 t-yieudenda

137 4893 306 4936 mens
357 4889 486 4947 est,
542 4880 698 4937 illum
748 4881 916 4936 alium
960 4883 1153 4937 sudore
1198 4880 1358 4936 tumin
1407 4880 1762 4943 dimicantem,

131 4960 288 5007 totus
321 4963 642 5008 coiitextus
666 4954 822 5022 quasi
864 4955 1169 5009 dminouem
1201 4964 1577 5013 repra-sentat,
1606 4967 1763 5017 quem

130 5032 331 5077 contra
385 5022 571 5094 homo
606 5025 862 5094 adjuvmts
903 5041 1019 5078 eum
1046 5033 1095 5079 et
1125 5024 1493 5085 corroborans,
1524 5022 1762 5094 Angelus

132 5106 202 5149 ex
240 5101 369 5149 toto
414 5092 707 5150 orationis
752 5109 918 5150 sensu
962 5095 1301 5165 intelligitur,
1334 5097 1422 5163 qui
1458 5096 1643 5148 tulerit
1676 5092 1762 5148 Ja-

133 5165 286 5219 Cobo
318 5165 618 5218 laboranti
649 5170 950 5236 suppetias.
984 5165 1127 5232 Quin
1156 5166 1315 5220 etiam
1351 5168 1392 5219 si
1425 5182 1490 5221 ex
1536 5165 1767 5219 aliorum

133 5238 451 5307 sententiis
484 5239 731 5300 putamla
774 5252 863 5291 res
906 5239 998 5305 sit,
1029 5238 1280 5307 proxime
1309 5237 1375 5289 ad
1404 5253 1525 5290 eam
1554 5236 1767 5307 exposi-

129 5306 348 5362 tionem
385 5307 658 5374 plerique
689 5307 963 5360 accedunt
1000 5305 1115 5363 {et
1139 5322 1262 5362 cum
1296 5308 1487 5375 primis
1512 5305 1769 5369 Rabbini,

127 5380 229 5441 qui
285 5378 577 5443 angulum
617 5377 903 5444 ipsiusmet
935 5378 1074 5432 Esau
1104 5394 1228 5432 cum
1272 5378 1476 5433 Jacobo
1513 5381 1771 5430 Iuctatum

128 5448 316 5503 fuisse
371 5448 592 5524 dietmt
632 5466 653 5524 :_
679 5459 743 5524 _t:t
785 5452 1077 5524 Qrigettcs,
1103 5451 1197 5524 qui
1232 5450 1329 5505 lili.
1358 5464 1413 5504 ttt
1442 5451 1563 5524 περὶ
1588 5454 1777 5523 Αρχῶν

124 5535 264 5575 cum
299 5517 524 5589 angelo
558 5518 781 5589 quidem
809 5517 1070 5576 .laéobum
1101 5517 1364 5575 luctatqu
1397 5517 1570 5588 putat,
1604 5517 1769 5589 quem

126 5599 334 5645 tamen
383 5588 507 5642 ium
546 5588 924 5644 adversarium
964 5600 1225 5653 espertus
1255 5591 1355 5656 sit;
1386 5590 1486 5644 sed
1516 5588 1771 5645 econtra-

125 5660 221 5717 rio
276 5661 630 5729 adjutorent
681 5658 932 5714 habuerit
983 5676 1174 5716 contra
1225 5662 1552 5728 dmuonem,
1598 5676 1628 5714 a
1670 5674 1779 5729 quo

128 5728 474 5803 petebatur.
503 5728 925 5803 Alltticgpressius
944 5733 1232 5786 sententia:
1256 5732 1479 5787 inh:eret
1508 5732 1569 5787 S.
1592 5728 1779 5785 Pater.

202 5802 235 5843 δ
287 5800 605 5873 Victorius
631 5801 734 5873 ait,
759 5806 942 5872 vagari
972 5803 1252 5858 daemones
1281 5818 1378 5873 per
1404 5804 1548 5873 hunc
1571 5816 1781 5873 aerem,

126 5870 202 5943 ad
234 5873 573 5937 tentandos
587 5868 1041 5950 bomioeﬁsupra
1061 5868 1417 5955 quoque'cap.
1437 5888 1476 5935 tt
1493 5872 1578 5933 bis
1598 5870 1784 5932 verbis

1782 4563 1835 4623 D

1851 3361 2081 3418 cundum
2109 3358 2276 3433 674
2305 3359 2593 3429 principem
2622 3356 2891 3431 potestatis
2920 3358 3056 3412 aeris
3080 3357 3297 3429 spiritus
3316 3397 3332 3423 ,
3360 3356 3453 3429 qui

1851 3470 1990 3509 nunc
2013 3462 2257 3526 operatur
2278 3452 2335 3507 in
2361 3449 2500 3522 ﬁlios
2522 3449 2838 3519 difﬁdenti]:
2866 3445 3088 3521 (Ephes.
3116 3463 3178 3516 tt,
3212 3446 3292 3519 2).
3326 3448 3452 3505 Herc

1851 3556 2034 3605 autem
2063 3546 2308 3603 omnium
2331 3542 2358 3583 δ
2387 3544 2675 3599 doctorum
2703 3543 2895 3612 opinio
2916 3552 3023 3607 est,
3056 3540 3203 3613 quod
3230 3556 3328 3597 aer
3350 3541 3454 3598 iste

1856 3641 1950 3713 qui
1979 3640 2180 3696 coelum
2213 3647 2268 3693 ct
2300 3645 2501 3693 terram
2539 3635 2753 3693 medius
2781 3634 3054 3700 dividens,
3079 3636 3244 3691 inane
3269 3635 3457 3706 appel-

1854 3732 2020 3799 latur,
2048 3730 2243 3802 plenus
2267 3730 2339 3786 sit
2368 3729 2663 3785 contrariis
2705 3726 3136 3783 iortitudinibus.
3163 3724 3295 3783 Post
3333 3725 3455 3783 bare

1856 3822 2300 3891 retractandum,
2334 3838 2365 3879 a
2393 3838 2499 3895 quo
2527 3821 2870 3895 principatus
2891 3858 2910 3888 ,
2947 3830 3005 3878 ει
3033 3828 3355 3894 potestates,
3401 3826 3461 3881 et

1854 4028 2058 4087 clarius
2088 4028 2260 4099 aperit
2292 4046 2305 4082 :
2335 4024 2593 4098 Princeps
2640 4026 2830 4100 quippe
2855 4024 3003 4100 aeris
3031 4034 3082 4080 et
3107 4025 3321 4100 spiritus
3362 4042 3460 4100 pag

1855 4103 2076 4163 tcstatis,
2106 4096 2194 4170 qui
2232 4100 2287 4153 in
2315 4113 2439 4170 aere
2462 4096 2560 4151 isto
2585 4096 2695 4170 est,
2723 4096 2967 4170 diabolus
2986 4097 3298 4170 intelligitur
3322 4115 3342 4153 :

1854 4188 1993 4241 nunc
2035 4165 2285 4241 operatur
2323 4172 2376 4224 in
2407 4169 2536 4239 [iliis
2578 4165 3006 4241 difﬁdrtttinu
3034 4166 3117 4221 ltis
3155 4165 3327 4235 enim,
3373 4165 3464 4240 qui

1855 4239 2084 4297 Domino
2122 4243 2357 4304 credunt,
2388 4257 2491 4295 non
2522 4249 2690 4309 potest
2719 4240 2947 4298 onerari.
2982 4240 3054 4293 lle
3082 4253 3195 4309 quo
3221 4254 3277 4296 et
3324 4239 3462 4295 intra

1856 4316 1934 4368 ait
1961 4333 1976 4369 :
2006 4312 2131 4369 Non
2151 4324 2225 4367 est
2257 4312 2404 4367 nobis
2440 4328 2617 4382 pugna
2646 4312 2894 4365 adversus
2914 4325 3119 4364 carmm
3160 4321 3207 4364 et
3250 4312 3467 4384 sangui-

1857 4385 2131 4451 nem;sed
2157 4384 2402 4438 adversus
2447 4386 2768 4453 principatus
2806 4391 2853 4434 et
2899 4392 3193 4446 potes'a‘es.
3222 4383 3470 4437 adversus

1856 4466 2077 4509 rectores
2108 4452 2682 4508 teucbrarum’tsturum
2702 4493 2717 4514 ,
2761 4452 3013 4507 adversus
3051 4453 3352 4519 spiritantia
3379 4470 3472 4507 nc-

1857 4527 2035 4596 qm‘tite
2082 4526 2137 4577 in
2183 4523 2489 4578 ctelrstibus.
2527 4522 2659 4577 Non
2702 4540 2801 4593 quo
2853 4521 3091 4578 diabolus
3129 4536 3178 4576 et
3222 4525 3474 4596 satellites

1867 4595 2009 4669 ejus,
2031 4596 2120 4669 qui
2152 4612 2241 4661 per
2278 4595 2525 4669 nttmdtttn
2557 4596 2711 4647 istum
2736 4608 2984 4669 vagantes
3008 4606 3219 4669 peccata
3250 4595 3476 4669 homini-

1868 4663 1960 4721 bus
1992 4663 2281 4726 insinuant,
2315 4665 2369 4716 in
2400 4664 2523 4717 caelo
2552 4663 2748 4717 uersari
2775 4663 2965 4735 queant
3000 4663 3018 4718 ἐ
3049 4665 3115 4718 tle
3140 4682 3240 4733 quo
3267 4665 3330 4719 ob
3377 4684 3474 4722 sua

1868 4738 2051 4791 merita
2078 4743 2385 4790 corruerunt
2410 4735 2545 4806 εξειί
2577 4735 2757 4806 (telum
2790 4736 2983 4806 dicitur
3003 4751 3092 4806 aer
3119 4738 3358 4806 istetqui
3388 4755 3478 4792 su-

1868 4825 1965 4878 prtt
1992 4815 2202 4878 uosgest,
2224 4806 2387 4878 juxta
2408 4802 2544 4858 iilutl
2576 4804 2866 4878 Saivatoris
2891 4801 3152 4873 eloquium
3175 4822 3195 4860 :
3221 4801 3477 4862 conside-

1869 4876 1982 4931 rate
2010 4876 2249 4932 volatilia
2275 4877 2411 4939 caeli,
2443 4882 2491 4927 et
2530 4885 2738 4928 rwtera.
2768 4876 3033 4941 Quamvis
3060 4889 3243 4931 autent
3274 4877 3479 4931 ἀδικηιο-

1873 4966 1971 5004 nes
1995 4950 2185 5018 aliqui,
2206 4963 2269 5001 es
2304 4946 2520 5018 inferno
2548 4944 2613 4998 ad
2648 4946 2938 5000 lentandus
2967 4945 3215 5018 homines
3240 4951 3501 5017 egrt~ssi,.

1871 5016 2165 5075 VchPtII—ut'
2190 5018 2243 5073 in
2277 5032 2407 5071 aure
2435 5016 2453 5085 (
2480 5019 2569 5086 qui
2600 5018 2920 5086 tenebrosus
2943 5027 3000 5069 et
3025 5017 3255 5086 caligine
3283 5016 3477 5086 plenus

1873 5096 1939 5144 ad
1972 5091 2077 5145 hoc
2118 5092 2292 5157 ipsum
2326 5083 2740 5157 illis‘dcbetur),
2787 5087 2989 5141 habent
3033 5083 3215 5141 tanien
3262 5083 3473 5155 secum,

1874 5177 2215 5232 quocumque
2245 5159 2610 5232 perroserint,
2638 5158 2834 5212 interni
2863 5171 3049 5225 lamnas
3081 5175 3094 5210 :
3120 5158 3322 5229 quippe
3350 5176 3473 5215 cuni

1878 5231 2124 5288 internus
2157 5232 2227 5286 ob
2257 5248 2352 5284 sua
2378 5231 2645 5284 demerita
2676 5244 2929 5299 proprius
2969 5244 3161 5283 eorum
3202 5231 3355 5286 locus
3375 5273 3391 5296 ,
3421 5243 3478 5287 et

1877 5319 2069 5359 carcer
2103 5305 2173 5357 sit
2207 5320 2220 5356 :
2254 5302 2409 5357 Sicut
2452 5314 2507 5354 et
2558 5301 2716 5355 bonis
2755 5301 2966 5370 angelis
3008 5316 3115 5353 non
3157 5299 3486 5359 ditninuitur

1879 5376 2073 5443 gloria,
2110 5387 2398 5441 propterea
2423 5372 2566 5440 quod
2601 5371 3048 5443 itrntittisteriutu
3081 5383 3135 5425 et
3157 5373 3418 5428 auxilium
3449 5392 3483 5430 ε

1881 5441 2023 5501 coelo
2054 5449 2119 5499 ad
2154 5459 2254 5499 nos
2278 5446 2562 5498 mittantur
2595 5459 2611 5496 :
2641 5441 2908 5512 siquidem
2931 5441 3193 5512 scripturn
3225 5456 3306 5499 est
3332 5463 3346 5498 :
3375 5447 3485 5499 Att-

1882 5515 1985 5589 geli
2014 5529 2425 5589 eorunt_scmper
2451 5512 2624 5567 uident
2652 5511 2840 5589 [aciem
2875 5511 3058 5589 Patris
3105 5514 3234 5589 tttet',
3270 5517 3380 5589 qui
3422 5518 3479 5589 in

1883 5582 2022 5643 I-telis
2048 5599 2145 5643 est;
2178 5585 2291 5640 lloc
2322 5582 2504 5638 autem
2535 5583 2751 5638 eveniet
2784 5598 2956 5652 usque
2979 5582 3047 5637 ad
3089 5584 3233 5637 diem
3261 5582 3481 5653 iudicii.

1885 5658 2015 5714 Post
2054 5658 2179 5711 illud
2212 5656 2355 5710 enim
2397 5663 2610 5723 trtnpus
2658 5667 2766 5708 tant
2810 5653 2935 5708 lieni
2977 5654 3154 5723 angeli
3201 5671 3395 5712 (llltnes
3428 5662 3481 5714 in

1884 5732 2061 5798 caelo,
2106 5744 2266 5799 quam
2298 5726 2477 5782 cuncti
2532 5725 2657 5779 tuali
2704 5724 2754 5780 in
2796 5724 3015 5799 interno
3047 5729 3113 5799 in
3162 5742 3481 5799 perpetuum

1887 5795 2064 5856 erunt.
2100 5795 2165 5854 Et
2196 5798 2300 5875 hoc
2331 5799 2491 5875 modo
2521 5796 2878 5875 espouendus
2919 5805 3003 5875 est
3028 5795 3187 5850 divus
3218 5795 3486 5875 Hierony-

1887 5887 2035 5944 mus,
2058 5870 2278 5953 quando
2298 5868 2426 5929 alibi
2450 5865 2553 5927 sub
2569 5865 2765 5945 juditii
2781 5866 2952 5939 diem,
2971 5865 3249 5929 daemones
3266 5885 3336 5932 es
3358 5865 3486 5940 aere
