4034 6340
563 251 675 317 547

1878 244 1940 301 S.
1984 241 2248 302 EUSEBII
2285 241 2670 300 HIERONYMI

3753 223 3850 302 sui

568 377 814 422 rectores
839 364 1186 421 tenebrarum
1216 358 1441 429 mundi,
1490 367 1548 415 et
1576 357 1874 430 spiritualia
1910 357 2163 425 nequitia:
2193 361 2242 419 Α
2269 356 2468 425 veteri,
2497 372 2600 412 nec
2640 355 2693 410 in
2735 371 2880 413 novo
2907 353 3290 424 Testamento,
3323 358 3778 434 κοσμοκράτορας,
3803 359 3851 416 id

569 460 622 514 in
652 459 987 522 cmlestibus,
1024 469 1078 510 ul
1105 457 1207 510 lIoc
1231 455 1363 521 sint,
1389 452 1703 522 acceperint
1729 459 2071 518 potestatem.
2102 449 2170 502 Et

569 552 786 618 quidem
819 549 967 601 dii-at
997 548 1157 614 alius,
1201 555 1508 615 apostatam
1539 542 1812 596 diabolum
1847 541 2170 596 satelltibus

571 640 686 696 suis
710 640 926 694 diversa
962 638 1143 693 oflicia
1172 637 1517 692 commisisse
1537 679 1552 703 ,
1597 647 1650 690 et
1690 649 1798 688 non
1825 647 1944 689 esse
1977 632 2166 686 harmn

569 729 1018 786 distributionum
1055 737 1337 784 auctorem
1372 728 1560 781 Deum.
1595 723 1694 779 Cui
1725 733 1905 795 potest
1930 723 2060 778 illud
2091 723 2168 777 di-

567 817 742 892 ligens
769 820 943 876 lector
971 835 1249 890 Opponere
1269 861 1283 884 ,
1330 828 1387 872 et
1427 816 1700 887 quomodo
1742 817 2009 886 scriptum
2038 823 2122 869 est
2153 833 2164 866 :

570 913 693 969 Non
737 925 810 969 est
837 916 978 970 enim
1012 923 1270 984 potestas,
1314 912 1413 965 nisi
1443 930 1470 962 ιι
1502 908 1610 964 Deo
1655 911 1672 980 (
1702 909 1857 965 Rom.
1905 923 2020 974 χιιι,
2059 911 2079 962 l
2110 906 2167 977 )?

566 1007 720 1078 Quod
751 1009 794 1061 si
819 1007 888 1063 de
916 1007 1228 1063 hominibus
1251 1004 1474 1070 dicitur,
1516 1011 1720 1074 quanto
1762 1001 1934 1072 magis
1968 1001 2038 1055 de
2085 1000 2168 1053 his

564 1102 656 1173 qui
684 1114 812 1158 sunt
842 1101 1146 1156 subtilioris
1178 1099 1528 1166 meliorisque
1556 1095 1809 1150 naturae?
1838 1093 1951 1149 Nec
1980 1095 2164 1148 statim

565 1196 659 1265 qui
687 1196 789 1250 hoc
820 1195 1042 1258 sentiat,
1069 1191 1426 1262 blasphemia:
1450 1206 1570 1245 eum
1602 1188 1808 1245 Crimen
1837 1189 2118 1243 incurrere
2153 1204 2164 1238 :

565 1287 692 1358 quia
709 1286 1083 1356 unusquisque
1109 1286 1261 1355 iusta
1294 1300 1448 1337 suam
1469 1283 1803 1338 voluntatem
1834 1279 2047 1336 diversa
2070 1279 2168 1334 tui-

573 1381 801 1436 nisteria
833 1378 1059 1433 sortitus
1085 1378 1176 1432 sit.
1206 1375 1492 1445 Quomodo
1527 1375 1668 1431 enim
1717 1374 1770 1428 in
1814 1373 2038 1428 urbibus
2070 1387 2166 1426 eos

572 1471 666 1544 qui
697 1471 903 1543 aliquid
951 1473 1278 1525 commisere
1307 1468 1492 1538 ﬂagitii
1517 1508 1530 1531 ,
1565 1465 1815 1520 videmus
1840 1464 1924 1520 vel
1966 1463 2168 1518 bestias

565 1565 744 1630 alere,
777 1563 860 1618 vel
893 1577 1085 1620 secare
1115 1575 1422 1626 marmora,
1457 1558 1543 1613 vel
1577 1559 1837 1613 mundare
1878 1557 2166 1624 sourcitias

563 1657 878 1713 cloacarum
904 1700 918 1724 ,
950 1658 1035 1710 vel
1073 1668 1310 1724 pra-esse
1351 1650 1778 1722 gladiatoribus,
1807 1660 1861 1703 et
1893 1648 2168 1702 fundendo

565 1765 784 1807 reorum
817 1750 1066 1820 sanguini
1097 1747 1362 1802 destinari
1399 1761 1412 1796 :
1447 1745 1520 1799 ita
1555 1753 1611 1799 et
1641 1745 1920 1798 daemones
1947 1758 2015 1797 ex
2042 1756 2163 1811 pro-
2205 1739 2248 1796 Β

567 1845 672 1918 prii
701 1843 916 1899 arbitrii
957 1842 1244 1905 libertate,
1280 1841 1636 1902 insidiarum,
1669 1837 1944 1902 fraudum,
1990 1837 2167 1891 scele-

569 1958 713 2009 rum,
748 1952 910 2010 atque
960 1938 1222 2010 periurii,
1258 1952 1311 1992 et
1356 1937 1624 2003 reliquam
1656 1933 1913 1988 vitiorqu
1957 1933 2171 1999 provin-

567 2038 705 2093 ciam
730 2051 852 2091 eSse
881 2035 1127 2097 sortitos,
1161 2042 1217 2086 ut
1240 2034 1348 2084 sint
1377 2040 1620 2084 rectores
1652 2025 2022 2089 tenebrarum,
2045 2022 2168 2091 quia

568 2115 692 2184 esse
746 2128 880 2183 lucis
935 2124 1206 2197 principes
1265 2124 1580 2177 uoluerunt.
1637 2118 1700 2171 lli
1742 2132 1874 2185 ergo
1931 2122 2170 2167 rectores

569 2220 758 2277 mundi
791 2230 952 2289 atque
1002 2216 1387 2275 tenebrarum,
1433 2227 1555 2265 cum
1604 2209 1894 2260 adversum
1934 2205 2170 2272 aliquem

566 2313 928 2368 colluctantes
971 2304 1443 2374 supplantavcriut
1490 2317 1636 2362 eum,
1677 2297 2015 2364 fecerintque
2047 2309 2170 2350 cor-

571 2421 754 2466 ruere,
788 2401 970 2455 statim
1007 2400 1158 2452 illum
1191 2411 1290 2448 suo
1322 2395 1527 2449 mundo
1559 2402 1614 2447 et
1641 2393 1756 2445 suis
1787 2389 2028 2445 tenebris
2057 2388 2175 2458 qui-

569 2485 673 2551 bus
701 2490 1099 2563 principantur,
1121 2495 1442 2541 annectunt.
1459 2482 1540 2539 0b
1560 2499 1720 2552 quam
1740 2496 1956 2536 causam
1982 2481 2173 2534 fortius

573 2585 934 2642 laborandum
955 2623 970 2646 ,
998 2593 1056 2636 ut
1083 2581 1174 2652 qui
1204 2583 1372 2633 semel
1404 2576 1708 2630 audivimus
1741 2590 1756 2630 :
1789 2571 1903 2644 Ego
1929 2573 2059 2645 elegi
2088 2587 2174 2624 vos

572 2682 634 2735 de
660 2680 762 2734 isto
795 2677 988 2731 mundo
1019 2677 1178 2748 :jam
1207 2689 1310 2726 non
1333 2671 1455 2724 estis
1499 2669 1663 2742 675
1704 2669 1768 2722 de
1807 2669 1906 2721 isto
1933 2667 2126 2719 mundo
2157 2683 2174 2719 :

575 2776 620 2828 si
652 2775 786 2828 enim
818 2771 996 2826 essetis
1039 2770 1103 2823 de
1132 2768 1358 2832 mundo,
1388 2769 1614 2818 mundus
1659 2765 1798 2832 quod
1829 2777 1982 2815 suum
2021 2771 2173 2827 esset,

577 2876 775 2923 amaret
806 2863 990 2940 (Ioan.
1019 2878 1120 2929 xv,
1155 2861 1274 2929 l9),
1305 2874 1414 2913 non
1457 2859 1742 2912 redeamus
1773 2856 1840 2908 ad
1873 2855 2131 2908 tnundum
2160 2895 2174 2917 ,

581 2973 683 3014 nec
709 2956 1064 3027 subiiciantur
1087 2953 1136 3008 ei
1172 2968 1187 3006 :
1217 2951 1312 3006 sed
1346 2949 1698 3018 crucifigatur
1730 2945 1887 3001 nobis
1919 2945 2175 3010 mundus,

581 3062 638 3108 et
667 3066 767 3106 nos
801 3051 875 3120 ei,
907 3060 958 3104 ut
985 3054 1170 3103 rector
1199 3045 1362 3109 lucis,
1388 3042 1545 3097 .lesus
1588 3039 1809 3111 proprio
1837 3037 2038 3092 mundo
2078 3053 2176 3092 nos

2274 461 2355 504 est
2384 449 2568 502 mundi
2596 458 2843 513 rectores,
2865 465 3118 516 umquam
3137 449 3427 518 legerimus
3456 470 3467 503 :
3495 451 3634 519 quod
3667 466 3852 506 nomen

2268 541 2477 598 idcirCo
2508 541 2709 595 Paulus
2737 543 3019 610 aposwlus
3063 543 3215 595 finxit
3245 556 3258 594 :
3293 543 3416 610 quia
3450 557 3668 595 recesse
3698 543 3852 598 habe.

2271 636 2361 689 bat
2389 637 2454 688 ad
2488 635 2760 704 Ephesios
2792 635 3103 704 disputans,
3137 635 3298 689 rebus
3331 634 3486 689 novis
3527 647 3581 689 et
3622 635 3854 692 invisibi-

2271 728 2413 781 lilius
2461 744 2597 782 nova
2653 727 2872 781 nomina
2915 735 3190 796 coaptare.
3243 726 3438 780 Adhuc
3496 738 3723 796 propter
3765 729 3857 782 hoc

2270 821 2412 890 quod
2453 823 2533 874 ait
2573 821 2625 873 in
2658 819 2976 886 caelestibus,
3019 819 3142 886 quia
3173 819 3389 873 videtur
3421 819 3756 887 ambiguum,
3783 819 3858 872 di-

2269 914 2526 979 cendum,
2561 913 2839 969 subaudiri
2871 929 3033 983 posse
3064 915 3199 968 illud
3232 914 3298 967 ad
3323 914 3526 978 omnia,
3559 921 3617 968 ut
3646 916 3714 968 sit
3748 929 3860 968 sen-

2269 1022 2364 1070 sus
2398 1024 2412 1060 :
2443 1007 2558 1061 Non
2597 1015 2684 1062 est
2710 1007 2868 1062 nobis
2914 1007 3230 1062 colluctatio
3273 1007 3534 1062 adversus
3575 1017 3860 1078 potestates

2269 1097 2324 1152 in
2371 1098 2724 1162 cmlestibus,
2757 1110 2810 1161 et
2864 1109 3110 1154 rectores
3149 1102 3494 1155 tenebrarum
3547 1101 3772 1156 istarum
3817 1102 3862 1154 in

2270 1191 2612 1258 cmlestibus,
2644 1202 2698 1245 et
2724 1193 3026 1260 spiritualia
3057 1193 3308 1260 nequitia:
3351 1193 3404 1246 in
3449 1192 3792 1260 ('mlestibus;
3819 1203 3867 1249 et

2272 1295 2296 1324 ⁸
2341 1304 2446 1342 IIou
2478 1296 2713 1352 laututu,
2738 1288 3005 1339 adversum
3033 1285 3333 1358 spiritualia
3365 1288 3608 1355 nequitia:
3642 1289 3694 1342 in
3725 1288 3868 1344 caele-

2274 1381 2460 1435 stibus.
2494 1379 2726 1434 Maxime
2753 1378 2798 1433 si
2828 1379 3186 1448 intelligimus
3217 1382 3294 1448 (ut
3320 1381 3430 1447 iam
3463 1396 3620 1450 supra
3653 1381 3870 1451 exposi-

2277 1485 2386 1527 tum
2431 1482 2535 1534 est)
2568 1472 2845 1536 quomodo
2875 1471 3118 1526 cmlestia
3154 1473 3504 1527 nominentur
3527 1484 3751 1543 propter
3781 1490 3872 1527 vo-

2276 1566 2452 1619 lucres
2483 1563 2629 1625 caeli.
2661 1574 2714 1620 ct
2756 1565 2897 1633 quod
2944 1565 2995 1618 in
3029 1581 3128 1619 usu
3167 1566 3386 1627 dicitur,
3424 1567 3654 1636 pluviam
3684 1566 3871 1622 venire

2272 1659 2340 1711 de
2364 1660 2503 1712 ctelo
2534 1677 2546 1712 :
2578 1677 2683 1712 non
2735 1675 2844 1728 quo
2881 1659 3062 1726 pluvia
3087 1676 3116 1714 e
3143 1661 3287 1713 caelo
3314 1662 3518 1714 veniat.
3560 1659 3872 1726 Pliilosoiihi

2276 1754 2474 1821 quippe
2504 1753 2686 1816 aiunt,
2731 1769 2840 1806 non
2868 1752 3125 1824 amplius,
3172 1769 3334 1819 quam
3379 1754 3590 1807 duobus
3632 1754 3870 1808 millibus

2275 1861 2531 1916 passuum
2563 1862 2593 1900 a
2625 1856 2768 1900 terra
2799 1847 3010 1902 distare
3036 1848 3229 1910 nubes,
3260 1864 3323 1902 ex
3356 1847 3551 1916 quibus
3583 1847 3873 1902 fundantur

2274 1939 2499 2008 pluviae,
2530 1948 2582 1992 et
2615 1937 2787 1992 imber
2817 1939 3033 1993 irroret.
3077 1939 3241 1994 Juxta
3284 1956 3444 2008 quem
3478 1956 3700 1996 sensum
3735 1948 3873 1995 cata-

2274 2039 2438 2084 racta:
2466 2044 2682 2098 quoque
2721 2029 2845 2084 cali
2877 2031 2929 2083 in
2976 2031 3180 2084 diluvio
3212 2041 3415 2098 aperta:
3441 2047 3566 2086 esse
3608 2035 3874 2088 feruntur.

2280 2120 2662 2174 Verumtamen
2697 2131 2902 2188 quanto
2922 2121 3045 2190 quis
3074 2123 3230 2190 pejor
3257 2121 3440 2187 fuerit,
3474 2133 3626 2179 tanto
3648 2123 3876 2178 vicinior

2273 2215 2380 2268 erit
2413 2224 2573 2268 terra:
2604 2213 2735 2268 locis
2757 2258 2771 2281 ,
2805 2224 2859 2268 et
2903 2213 3177 2284 pinguiori
3209 2215 3548 2270 substantiae.
3593 2215 3874 2285 Siquidem

2275 2319 2332 2362 et
2365 2320 2526 2369 terra,
2554 2317 2607 2359 et
2634 2306 3002 2361 circumdatus
3035 2307 3194 2360 nobis
3216 2305 3382 2379 676
3405 2323 3500 2362 aer
3528 2308 3737 2362 habent
3770 2309 3876 2377 pin-

2275 2397 2564 2466 gui-dinem
2595 2413 2746 2450 suam
2777 2398 2978 2452 :Aiunt
3001 2399 3216 2466 quidam
3242 2408 3296 2451 ct
3319 2400 3525 2451 animas
3551 2400 3876 2466 corporibus

2278 2491 2536 2546 lilwratas
2561 2531 2576 2555 ,
2623 2491 2666 2544 si
2698 2499 2991 2544 attenuata:
3031 2491 3233 2545 fuerint
3277 2492 3328 2544 in
3360 2490 3618 2561 praesenti
3652 2493 3763 2546 vita
3786 2536 3799 2556 ,
3830 2503 3878 2546 et

2276 2584 2424 2650 lima,
2461 2593 2520 2637 ιιι
2549 2583 2616 2637 ita
2645 2583 2844 2645 dicam,
2870 2586 3141 2645 ἀσκήσεως
3163 2596 3328 2653 atque
3347 2585 3637 2648 virtutum;
3668 2585 3724 2638 in
3758 2587 3878 2639 Sllll-

2279 2675 2369 2740 tile
2396 2690 2596 2746 corpus
2625 2677 2826 2730 attritae
2848 2717 2862 2739 ,
2897 2691 3002 2730 non
3035 2675 3372 2730 habitaturas
3399 2676 3451 2730 in
3503 2678 3876 2746 pinguioribus

2278 2770 2414 2826 locis
2444 2787 2458 2821 :
2491 2769 2588 2824 sed
2617 2770 2749 2829 Deo.
2783 2771 2872 2835 qui
2897 2770 3260 2838 incorporeus
3281 2780 3387 2832 est,
3421 2771 3628 2824 vicinas
3661 2771 3799 2826 fore.
3827 2771 3875 2827 Si

2279 2881 2408 2920 vero
2434 2863 2572 2918 tales
2595 2861 2822 2928 fuerint,
2849 2864 2919 2917 de
2949 2863 3153 2931 quibus
3182 2864 3288 2916 dici
3317 2865 3488 2934 possit
3515 2881 3528 2928 ;
3564 2863 3696 2918 Filii
3719 2864 3877 2918 homi-

2280 2973 2426 3020 num,
2459 2972 2720 3025 usquequo
2756 2958 2922 3025 gravi,
2957 2956 3075 3009 sive
3118 2956 3300 3025 pingui
3339 2955 3495 3009 corde
3521 2954 3639 3026 (Ps.
3669 2972 3745 3025 Iv,
3777 2956 3874 3026 5),

2281 3046 2586 3102 secundum
2615 3045 2998 3100 crassitudinis
3046 3060 3158 3099 sua:
3195 3044 3406 3113 pondus
3452 3045 3516 3096 ad
3547 3045 3735 3098 intima
3788 3046 3875 3099 dc-

581 3143 824 3215 copulet,
854 3117 908 3198 et
933 3139 1036 3195 sub
1066 3137 1246 3193 Patris
1268 3150 1389 3191 esse
1434 3131 1822 3188 faciatditinne
1845 3172 1860 3196 ,
1883 3140 2074 3184 erutos
2112 3130 2178 3184 de
2207 3117 2249 3178 C
2285 3139 2427 3194 “alii
2448 3181 2462 3201 ,
2489 3146 2546 3193 et
2587 3137 2916 3208 pinguedine
2955 3138 3307 3207 pra'gravari.
3355 3135 3484 3191 Post
3517 3136 3621 3190 hoc
3667 3148 3724 3192 et
3752 3135 3880 3192 illttd

582 3237 884 3314 spiritualis
905 3234 1164 3306 nequitia:
1187 3240 1477 3300 potestate,
1495 3240 1546 3284 et
1573 3230 1640 3284 ile
1663 3230 2006 3283 caeloeorum
2034 3225 2180 3297 quod

582 3330 938 3388 transiturum
973 3338 1076 3394 est,
1110 3341 1210 3381 nec
1242 3325 1334 3378 Dei
1363 3321 1524 3379 sedes
1552 3319 1815 3392 appellari
1850 3328 2050 3388 potest.
2080 3317 2184 3372 lm-

581 3423 728 3496 pitun
751 3419 952 3492 quippe
971 3428 1077 3482 est,
1093 3415 1471 3485 utspiritualia
1497 3411 1748 3482 nequitiac
1770 3409 1820 3464 in
1842 3407 2182 3470 ccelestibus,

583 3532 709 3571 cum
741 3513 937 3569 coelum
966 3522 1152 3566 tenere
1173 3508 1486 3574 credantur,
1507 3506 1575 3560 de
1604 3519 1711 3574 quo
1741 3505 1982 3575 loquitur
2009 3503 2186 3559 Deus:

591 3609 788 3663 Caelum
812 3604 938 3660 mihi
964 3603 1178 3656 thronus
1206 3611 1279 3654 est
1305 3599 1462 3672 (Isai.
1491 3616 1634 3665 LXVI,
1667 3602 1740 3671 l).
1763 3599 1948 3670 Itaque
1988 3599 2078 3668 qui
2105 3599 2186 3653 in-

588 3703 785 3773 telligit
810 3708 1013 3768 quanta
1043 3701 1093 3752 in
1125 3698 1230 3750 isto
1278 3695 1502 3759 mundo,
1534 3694 1690 3748 nobis
1720 3703 1770 3747 ct
1807 3693 2183 3760 praesentibus,

588 3809 644 3855 et
675 3795 991 3853 absentibus
1039 3793 1166 3848 fiant
1200 3809 1213 3844 :
1247 3791 1371 3844 dum
1410 3804 1472 3844 ea
1503 3787 1688 3842 videre
1720 3801 1827 3840 nou
1867 3801 2182 3856 possumus,

591 3894 708 3947 sive
758 3899 985 3957 propter
1010 3899 1207 3953 corpus
1247 3880 1572 3936 humilitatis
1621 3888 1819 3933 nostra:
1862 3879 1964 3932 hoc
1997 3877 2189 3949 fragile

592 3991 756 4054 atque
786 3990 1210 4048 terrenum,quo
1238 3976 1416 4030 anima
1441 3974 1757 4041 involvitur,
1779 3973 1894 4028 sive
1925 3973 2049 4044 quia
2073 3989 2192 4028 car-

594 4075 806 4132 nalibus
835 4071 1016 4128 oculis
1037 4068 1290 4126 subtilior
1317 4078 1510 4122 natura
1546 4081 1650 4119 non
1681 4066 1934 4134 panditur
1964 4084 1977 4120 :
2011 4064 2100 4120 hic
2115 4067 2190 4119 vi-

591 4169 746 4226 debit
767 4182 886 4239 qua:
917 4165 1027 4220 sint
1050 4163 1290 4218 tenebra:
1320 4177 1439 4232 quae
1469 4162 1536 4214 ab
1562 4160 1820 4229 Apostolo
1843 4174 1986 4214 nunc
2007 4159 2192 4214 dican-

594 4271 685 4318 tur
716 4278 730 4316 :
761 4259 904 4332 quod
938 4257 1146 4311 scilicet
1174 4263 1268 4309 aut
1293 4262 1403 4310 tota
1428 4253 1532 4307 vita
1559 4252 1657 4307 ista
1684 4261 1920 4317 terrena,
1953 4253 2192 4306 tenebrae

594 4359 983 4422 nuncupentur
1012 4349 1127 4420 (lus
1161 4346 1360 4416 quippe
1394 4344 1537 4400 lucet
1581 4343 1633 4397 in
1663 4343 1922 4408 tenebris,
1955 4353 2007 4397 et
2038 4353 2191 4397 lem:-

597 4447 712 4504 bra:
752 4461 872 4500 eant
921 4457 1032 4497 nou
1078 4439 1614 4510 coIIIprehentlcrunt
1647 4433 1854 4508 (Joan.
1883 4450 1927 4500 ι,
1963 4435 2052 4505 5).
2098 4444 2189 4488 aut

596 4537 793 4592 animat:
821 4534 1006 4589 lumen
1034 4540 1090 4586 et
1115 4545 1329 4595 sensus,
1363 4537 1636 4583 terrenum
1669 4542 1888 4595 corpus,
1913 4537 1966 4578 et
1991 4539 2187 4595 corpus

599 4629 820 4696 mortis,
850 4635 906 4682 et
932 4625 1250 4680 humilitatis
1276 4622 1585 4691 obumbret,
1617 4620 1826 4690 cperiat
1849 4630 1902 4674 et
1928 4619 2184 4674 obeaccet.

589 4724 837 4782 Sciamus
865 4728 1048 4776 autem
1071 4719 1239 4790 quod,
1274 4727 1510 4788 excepto
1538 4715 1790 4788 prazsenli
1822 4717 1962 4781 loco,
1995 4731 2092 4770 nec
2135 4716 2186 4769 in

593 4947 649 5003 iu
673 4945 946 5024 infernum
983 4941 1070 5011 (ad
1100 4950 1417 5024 perpetuam
1458 4942 1661 5023 scilicet
1698 4941 2063 5024 mansionem)
2096 4942 2190 4998 dc-

591 5018 898 5074 trudendos
943 5013 1141 5068 asserit
1171 5032 1182 5065 :
1217 5013 1361 5067 sicut
1397 5014 1721 5076 verissime,
1767 5013 2191 5084 doctissimeque

597 5091 700 5144 hoc
732 5089 907 5158 ipsum
950 5086 1001 5140 in
1037 5085 1335 5153 Augustino
1367 5087 1759 5158 interpretatur
1785 5086 2068 5158 Catholica:
2095 5102 2188 5139 ve-

595 5155 780 5217 ritatis
813 5166 1084 5216 assertor,
1118 5166 1170 5206 ιιι
1197 5155 1518 5209 orthodoxae
1560 5157 1686 5209 fidei
1729 5155 2034 5209 acerrimus
2070 5174 2191 5225 ιιιο-

634 5237 882 5301 uguator_
907 5226 1421 5301 divtIs_TlI0Ittas_in
1453 5227 1622 5301 prima
1669 5236 1823 5295 parte
1860 5227 2096 5282 Summa,-
2129 5245 2184 5298 q.

634 5247 870 5301 uguator
907 5247 1069 5282 OIVllS
1107 5247 1332 5279 IIIOIIHIS
1365 5247 1418 5279 Ill
1453 5247 1622 5290 ιιιιιιιιι
1669 5247 1823 5295 parte
1861 5247 2096 5282 Dllﬂlllla,‘
2129 5247 2184 5298 (1.

594 5247 687 5368 gi,
713 5309 822 5356 art.
855 5297 912 5362 ι,
941 5309 997 5353 et
1036 5297 1165 5352 alibi
1195 5298 1381 5352 multis
1413 5298 1463 5350 in
1488 5298 1622 5351 locis
1651 5315 1663 5352 :
1691 5313 1889 5367 praeter
1926 5302 2070 5368 quod
2102 5315 2185 5353 re—

593 5385 810 5442 ceptum
840 5385 1012 5442 penes
1043 5369 1116 5422 tln
1140 5371 1331 5442 ologns
1356 5377 1482 5442 est,
1519 5384 1690 5432 tISque
1725 5370 1790 5442 ad
1826 5370 1971 5421 illurn
2013 5371 2181 5435 diem,

595 5440 1038 5514 pmnam,'quam
1066 5440 1460 5514 acciilentalem
1494 5448 1719 5501 vocant,
1745 5441 1814 5514 ob
1856 5442 1994 5492 mala
2017 5482 2030 5501 ,
2064 5458 2185 5509 qua:

590 5511 841 5583 quotidie
864 5511 1181 5580 operantur,
1208 5513 1550 5564 daetuonibus
1576 5511 1808 5583 augeri;
1845 5520 1902 5563 ut
1924 5518 2054 5564 satis
2086 5515 2132 5564 In
2157 5526 2188 5566 c

593 5581 771 5651 ipsum
806 5594 1058 5637 constare
1097 5593 1282 5651 potest
1312 5598 1375 5636 es
1409 5584 1603 5637 eodem
1639 5581 1700 5634 ι).
1745 5581 1948 5635 ’l‘lmma
1972 5622 1985 5643 ,
2020 5596 2188 5652 super

594 5666 848 5724 quartum
894 5653 1088 5706 librum
1136 5657 1542 5710 Sententiarum
1585 5651 1713 5724 dist.
1767 5652 1836 5706 ἒμο
1875 5669 1928 5706 et
1960 5651 2103 5707 aliis
2134 5657 2185 5708 iu

598 5722 761 5785 locis.
784 5723 939 5780 Hunc
973 5733 1162 5779 autem
1208 5726 1544 5799 praecipuum
1585 5722 1852 5783 Ecclesia:
1882 5724 2188 5796 doctorem,

2217 4497 2267 4556 D

2285 3233 2488 3302 pariter
2526 3230 2945 3294 disserendum,
2979 3246 3047 3284 au
3093 3231 3190 3283 hac
3221 3236 3366 3282 terra
3418 3239 3472 3282 et
3511 3242 3640 3282 aere
3691 3230 3880 3299 aliquis

2287 3323 2538 3394 pinguior
2568 3323 2721 3378 locus
2750 3323 2856 3386 sit,
2902 3322 2995 3392 qui
3023 3337 3051 3376 a
3085 3320 3356 3391 plerisque
3384 3321 3690 3390 appellatur
3717 3321 3881 3376 lufer-

2286 3432 2424 3482 nus,
2468 3415 2520 3470 in
2562 3431 2670 3485 quo
2708 3416 2758 3468 lii
2809 3415 3183 3480 qui’dicuutur
3222 3412 3412 3474 inferi.
3450 3424 3878 3471 ciimmorentur.

2285 3509 2518 3575 Quinam
2546 3523 2677 3562 vero
2705 3507 2794 3561 isti
2818 3509 2946 3567 siut,
2979 3517 3034 3561 et
3055 3523 3218 3576 quam
3248 3507 3332 3561 vel
3366 3506 3776 3577 cognationem,
3803 3506 3881 3560 vcl

2287 3603 2666 3658 diversitatem
2699 3600 3042 3662 habeant,ad
3065 3617 3160 3655 eos
3185 3604 3273 3669 qui
3294 3602 3594 3670 δειὶιίιυξιΙίΩ
3625 3601 3880 3673 nequitiac

2288 3696 2343 3749 in
2361 3695 2682 3752 caelestibus
2703 3695 3074 3765 appellantur,
3096 3711 3202 3749 non
3219 3709 3302 3751 est
3329 3696 3882 3768 prai‘sentistetnporis

2287 3788 2586 3858 diSputare.
2606 3787 2895 3856 Reliquum
2926 3797 3100 3852 cst,ut
3121 3789 3248 3859 quid
3279 3790 3417 3844 inter
3442 3791 3878 3846 colluctationem

2287 3881 2470 3936 carnis
2497 3891 2554 3937 et
2581 3881 2882 3952 sanguinis,
2911 3895 2963 3938 et
2988 3883 3130 3937 inter
3173 3894 3416 3939 rectores
3446 3886 3792 3941 tenebrarum
3817 3885 3880 3937 is-

2291 3982 2490 4038 tarum,
2515 3974 2884 4043 etapiritualia
2910 3976 3164 4044 nequitia:
3181 3976 3231 4030 in
3256 3976 3739 4044 cmlestibussitjn
3757 3977 3876 4032 dno-

2291 4065 2390 4120 bus
2403 4065 2544 4134 apud
2568 4066 2882 4134 Apostolutu
2915 4066 3253 4122 manifCStius
3271 4068 3542 4122 discamus
3557 4068 3874 4139 agminibus.

2291 4158 2522 4223 Quando
2550 4159 2692 4212 enim
2715 4159 2826 4212 vult
2851 4159 3118 4214 humanas
3147 4158 3498 4225 tcutatioues,
3529 4163 3631 4216 lioc
3657 4172 3762 4225 est,
3784 4160 3878 4215 col-

2291 4253 2641 4308 luctationem
2667 4255 2856 4308 Carnis
2888 4263 2941 4307 et
2965 4253 3247 4324 sanguinis
3279 4254 3544 4318 iudicare,
3580 4253 3876 4324 despiciens

2294 4363 2386 4400 cas
2412 4356 2575 4415 atque
2603 4357 2961 4400 contemnens
2987 4346 3263 4413 loquitur:
3291 4346 3420 4410 Quis
3452 4364 3546 4399 nos
3572 4346 3824 4415 separabit
3849 4361 3876 4396 a

2293 4441 2548 4494 citur-itaita
2587 4438 2684 4493 Dei
2710 4455 2726 4492 :
2753 4440 3046 4507 tribulatio,
3079 4457 3148 4492 an
3184 4440 3419 4511 angustia
3439 4483 3454 4506 ,
3484 4457 3550 4492 an
3578 4441 3874 4508 persecutio,

2293 4551 2360 4586 an
2399 4533 2560 4597 fauces
2587 4541 2632 4584 et
2658 4533 2867 4584 auditas
2887 4572 2902 4595 ,
2943 4542 2993 4585 et
3026 4532 3334 4600 periculum,
3366 4540 3412 4584 et
3449 4533 3655 4601 gladius
3673 4532 3700 4587 .’
3727 4531 3876 4586 Jnar'a

2296 4626 2434 4697 quod
2458 4627 2708 4697 scriptum
2735 4634 2808 4678 est
2838 4622 2958 4694 (Ps.
2990 4641 3144 4692 XLIII,
3175 4624 3269 4695 ‘22)
3296 4644 3308 4676 :
3339 4623 3564 4694 Propter
3594 4637 3641 4682 te
3669 4625 3877 4694 mortifi-

2300 4735 2479 4773 camur
2501 4728 2607 4772 tota
2631 4718 2734 4785 die,
2761 4719 2986 4791 reputati
3013 4735 3190 4773 sumus
3223 4727 3279 4772 ut
3305 4735 3421 4774 oves
3447 4719 3737 4776 occisionis.
3780 4718 3876 4774 Sed

2297 4943 2378 5018 Pii
2405 4944 2445 4996 V
2471 4945 2748 5018 pontificis
2777 4957 2893 5018 opt.
2929 4963 3075 5002 max.
3113 4947 3390 5012 mandato,
3423 4948 3701 5003 illustriss.
3735 4943 3872 5002 card.

2297 5016 2617 5071 Vincentius
2648 5016 3016 5084 Justinianus,
3062 5020 3170 5072 divi
3218 5020 3480 5075 Dominici
3523 5020 3736 5074 ordinis
3777 5017 3878 5086 pri-

2297 5103 2433 5148 mas,
2466 5095 2521 5141 t-t
2549 5090 2956 5144 eruditissimus
2982 5091 3161 5155 simul,
3193 5106 3256 5144 ac
3287 5105 3581 5157 numquam
3613 5094 3747 5143 satis
3773 5095 3876 5140 Iau-

2295 5159 2456 5213 datus
2491 5159 2549 5214 F.
2585 5159 2824 5214 Thomas
2868 5163 3185 5228 llarriquvs,
3219 5166 3356 5215 sacri
3398 5161 3586 5214 Palatii
3635 5161 3877 5230 magister

2295 5230 2430 5300 (qui
2476 5233 2526 5284 in
2559 5232 2900 5286 restituendo
2929 5234 3262 5302 Hieronymo
3296 5235 3502 5303 primus
3537 5248 3624 5288 me
3650 5231 3872 5303 impulit,

2295 5298 2348 5355 et
2371 5316 2518 5369 saepe
2550 5306 2737 5371 operis
2773 5307 3013 5371 pondere
3043 5298 3382 5359 fatiscentem
3423 5298 3752 5364 sublevavit,
3772 5298 3878 5354 aui-

2299 5374 2621 5446 mavitque),
2656 5375 2808 5431 omni
2837 5392 2901 5430 ex
2935 5388 3088 5446 parte
3111 5376 3645 5442 emendatissimum,
3680 5375 3874 5440 integre

2297 5441 2496 5515 Batnae
2536 5441 2861 5514 impressum
2893 5489 2904 5508 ,
2937 5441 3149 5515 'ntagua
3195 5446 3592 5500 eatliolicnrum
3633 5441 3873 5499 omnium

2300 5513 2570 5588 utilitate,
2601 5513 2774 5588 nuper
2800 5518 3001 5573 Chriin
3046 5513 3303 5572 Ecclesia:
3328 5517 3701 5571 reddiderunt.

2370 5584 2388 5605 ⁸
2422 5590 2556 5653 Qua:
2590 5583 3002 5655 subsequuntur
3037 5589 3202 5643 verba
3239 5607 3252 5646 :
3287 5588 3352 5642 Et
3399 5604 3499 5640 non
3539 5599 3765 5648 tantum,
3791 5583 3877 5637 ati-

2295 5674 2491 5711 t‘ersunt
2538 5659 2837 5726 spiritualia
2885 5662 3127 5729 nequitia:
3179 5661 3231 5714 in
3284 5657 3611 5728 coelestibus,
3659 5658 3712 5716 iit
3741 5655 3875 5715 Vict.

2297 5730 2540 5788 editione
2561 5731 2778 5790 desunt.
