4034 6362
496 361 1139 422 COMMENTARIORUM
1179 364 1246 420 IN
1288 363 1679 422 EPISTULAI
1718 366 1812 422 AD
1852 366 2190 428 EPHESIOS
2230 370 2362 428 LIB.
2403 372 2495 430 Ill.
2534 372 2691 432 CAP.
2736 374 2825 431 Vl.

3200 346 3315 441 sse

243 482 445 537 omnibus
466 500 792 554 superamus,
811 494 1021 555 propter
1040 502 1157 538 eum
1177 488 1266 556 qui
1304 485 1483 541 dilexit
1509 502 1600 540 nos
1631 493 1671 546 Α
1704 497 1835 540 (τι-ιη
1860 489 2017 555 pectes
2048 508 2189 545 meos
2215 491 2391 562 (Psnl.
2434 510 2630 561 ιιῐις,
2660 496 2739 566 5).
2791 495 2973 552 Tertia
3013 512 3230 569 quoque
3274 514 3304 555 a

261 591 361 640 vut,
383 574 464 641 55,
489 576 600 645 56).
622 575 851 644 Quando
877 593 1004 631 vero
1035 577 1233 630 docere
1263 591 1360 631 nos
1394 584 1501 630 vult
1534 579 1601 632 de

243 668 365 721 ariis
390 671 761 738 potestatibus,
791 679 845 724 et
884 672 1189 724 rectoribus
1217 670 1597 733 tenebrarum,

244 760 473 816 itualibus
496 763 754 833 nequitia:
778 764 828 816 itt
855 764 1189 829 cmlcstibtts,
1213 765 1282 820 ab
1307 765 1421 818 alio
1446 767 1599 833 quasi

260 856 409 909 sumit
438 856 714 910 exordium
736 898 752 920 ,
794 869 849 911 et
877 857 1007 912 dicit
1038 877 1051 913 :
1087 858 1271 913 Certus
1298 875 1413 913 sunt
1438 860 1595 924 enim,

243 964 329 1017 que
348 963 490 1012 mars,
516 964 679 1017 neque
705 948 829 1014 uita,
860 966 1023 1020 neque
1046 951 1241 1024 angeli,
1270 967 1430 1020 neque
1456 952 1606 1021 prin-

246 1078 259 1101 ,
289 1053 436 1107 neque
460 1042 752 1109 puemitia,
796 1056 960 1112 neque
994 1046 1210 1114 futura,
1256 1060 1418 1115 neque
1444 1046 1600 1112 {orti-

243 1146 387 1200 neque
407 1131 659 1198 altitudo,
693 1149 856 1203 neque
897 1136 1253 1206 profundunt,
1291 1152 1455 1202 neque
1491 1134 1601 1190 alia

243 1237 273 1280 et
292 1216 509 1282 creuiuru
534 1230 719 1299 poterit
741 1247 834 1283 nos
854 1247 1097 1299 separare
1121 1249 1154 1284 a
1180 1232 1436 1285 cltoritate
1475 1230 1593 1297 Dei,

269 1320 319 1372 in
338 1318 527 1376 Christo
552 1319 681 1375 Jesn
707 1319 936 1376 Domino
958 1337 1155 1377 nostra.
1186 1324 1459 1379 Prolixius
1488 1323 1601 1381 for-

243 1428 353 1466 uam
382 1413 552 1469 lector
579 1415 835 1480 voluerit,
867 1419 936 1469 de
966 1419 1068 1471 hoc
1095 1418 1334 1485 capitulo
1356 1416 1600 1487 disputa—

243 1517 255 1558 t
279 1524 292 1560 :
313 1506 403 1561 sed
425 1552 439 1575 ,
467 1514 681 1577 quaeso,
712 1508 805 1564 det
832 1511 1044 1564 veniam
1085 1510 1389 1564 difﬁcultati
1428 1510 1598 1580 ipsius

243 1615 466 1668 persona:
495 1600 878 1671 Ephesiorum,
912 1603 1002 1670 qui
1030 1614 1155 1672 post
1184 1614 1332 1659 artes
1362 1608 1599 1675 magicas

243 1691 546 1758 lehuerant,
591 1709 623 1747 a
658 1694 855 1764 quibus
906 1694 1139 1749 fuissent
1180 1694 1476 1765 aliquando
1502 1695 1597 1752 de-

1703 581 2025 648 qutbu.dam
2071 582 2446 654 interpretatio
2497 587 2902 657 subinducitur,
2948 588 3302 648 dicentibus:

1703 686 1812 725 non
1835 689 1995 729 omne
2024 675 2314 731 adversum
2338 678 2611 735 diabolum
2644 682 2895 749 praelium
2919 696 3097 739 morte
3126 683 3301 751 finiri;

1700 763 1795 819 sed
1813 779 1936 820 cum
1959 766 2027 820 de
2059 769 2160 821 isto
2184 772 2386 826 saeculo
2407 774 2725 843 exietimus,
2764 783 2893 830 tunc
2924 774 3081 831 nobis
3107 774 3302 832 fortius

1701 863 1757 910 et
1778 862 2045 926 apertius,
2094 862 2455 930 praesentibus
2483 874 2672 921 contra
2717 874 3014 936 praesentes
3062 868 3299 925 futurum

1700 962 1825 1002 esse
1848 959 2128 1006 certamen
2159 970 2175 1007 :
2205 962 2260 1007 et
2294 952 2376 1010 sic
2403 954 2535 1010 illud
2562 957 2708 1027 quod
2757 957 2918 1028 paulo
2943 971 3074 1016 ante
3118 962 3304 1030 posui-

1703 1054 1843 1105 mus,
1882 1052 2181 1111 exponent,
2233 1060 2411 1116 neque
2445 1051 2759 1117 przesentia,
2794 1050 2963 1125 678
2992 1068 3168 1123 neque
3219 1052 3305 1109 fu-

1702 1138 1858 1185 tura:
1912 1142 1971 1186 ut
2015 1132 2192 1190 futura
2248 1135 2364 1193 haec
2408 1139 2593 1195 dicant
2620 1156 2768 1208 esse,
2795 1158 2916 1214 qua:
2967 1156 3088 1216 post
3135 1146 3301 1203 vitam

1701 1223 1861 1279 istam
1881 1226 1993 1282 sint
2021 1228 2253 1283 ineunda
2281 1232 2602 1287 certamina.
2632 1233 2853 1290 Necnon
2880 1246 2934 1291 et
2956 1237 3085 1295 illud
3112 1258 3125 1293 :
3153 1240 3299 1305 Qua—

1700 1329 1911 1387 propter
1930 1320 2314 1390 contendimus,
2346 1324 2452 1379 sive
2470 1326 2526 1379 in
2558 1329 2824 1397 prtesenti,
2852 1331 2958 1384 sive
3000 1333 3053 1385 in
3099 1334 3303 1405 futuro,

1698 1410 1899 1480 placere
1940 1410 2023 1465 illi
2065 1411 2133 1484 (ll
2173 1413 2294 1468 Cor.
2321 1431 2377 1484 v,
2402 1416 2484 1486 9),
2510 1426 2570 1473 ut
2599 1435 2845 1491 praesens
2868 1432 3100 1494 tempus,
3160 1427 3303 1485 hanc

1702 1507 1887 1573 vitam,
1914 1503 2322 1577 futurum,post
2348 1523 2579 1567 mortem
2602 1514 2894 1587 signiﬁcari
2929 1529 3136 1587 putent.
3190 1521 3303 1579 Hoc

1698 1609 1914 1661 quoque
1943 1598 2085 1665 quod
2113 1615 2257 1655 nunc
2276 1601 2514 1657 dicitur:
2560 1603 2630 1659 Et
2672 1608 2849 1663 omnia
2876 1612 3100 1681 operati,
3143 1621 3301 1683 stare,

1696 1687 1763 1738 ad
1793 1689 2047 1744 eumdem
2085 1704 2304 1746 sensum
2328 1695 2567 1751 referent
2599 1714 2611 1749 :
2647 1699 2801 1768 quasi
2847 1716 2954 1755 non
2999 1704 3173 1773 possit
3198 1706 3301 1760 ali-

1698 1778 1825 1845 quis
1850 1780 2032 1834 omnia
2057 1780 2109 1835 in
2134 1785 2387 1851 prtesenti
2412 1786 2519 1841 vita
2541 1789 2776 1857 operari,
2795 1792 2891 1848 sed
2912 1809 2979 1848 ex
2999 1804 3151 1863 parte
3172 1797 3301 1867 quid

243 1913 269 1931 ο.
300 1879 411 1950 13.)
437 1878 569 1935 Ideo
586 1881 777 1935 sumite
800 1882 977 1935 omnia
994 1896 1143 1936 arma
1166 1880 1285 1947 Dei,
1312 1890 1368 1936 ut
1388 1882 1595 1953 possitis
1626 1883 1673 1942 Β
1701 1871 1832 1964 “(Eia

1710 1871 1859 1964 iaciat
1892 1873 2075 1929 :sicut
2095 1891 2159 1931 es
2191 1887 2342 1944 parte
2372 1877 2576 1945 videat,
2619 1889 2674 1936 et
2693 1898 2757 1937 ex
2791 1895 2947 1954 parte
2970 1887 3259 1958 prophetet
3287 1906 3303 1945 :

243 1989 249 2019 ξ
272 1973 324 2024 in
349 1973 432 2026 die
453 1975 588 2026 malo
613 1990 631 2027 :
661 1983 709 2026 et
746 1975 988 2027 uniuersa
1008 1974 1231 2045 operati,
1252 1983 1411 2028 stare.
1444 1974 1593 2028 Diem

243 2105 253 2130 ,
305 2074 395 2119 aut
449 2080 692 2135 prazsens
746 2080 958 2136 tempus
1022 2067 1313 2133 ostendit,
1365 2067 1435 2121 de
1486 2082 1597 2136 quo

243 2158 468 2213 literal:
518 2157 846 2213 Redimetues
891 2169 1121 2229 tempus,
1164 2158 1289 2224 quia
1327 2157 1438 2212 dies
1471 2155 1599 2210 mali

243 2261 351 2317 unt,
396 2259 613 2322 propter
658 2251 962 2320 angustiam
984 2259 1044 2305 et
1084 2250 1211 2305 vitae
1238 2249 1400 2320 hujus
1439 2250 1594 2305 labo-

243 2359 265 2396 a
293 2358 398 2397 non
428 2344 634 2414 absque
674 2344 879 2399 sudore
918 2353 974 2398 et
1008 2344 1313 2398 certamine
1344 2342 1596 2412 perveni-

245 2433 513 2504 palmam:
556 2444 652 2489 aut
699 2445 855 2490 certe
893 2434 1379 2489 consummationis
1427 2446 1592 2502 atque

243 2528 458 2596 quando
484 2527 758 2589 diabolus,
786 2528 1040 2583 inimicus
1071 2538 1129 2582 et
1150 2529 1370 2593 vindex,
1414 2532 1464 2582 in
1496 2543 1593 2582 sua

246 2630 303 2676 et
329 2631 478 2688 parte
504 2623 770 2687 retinere,
798 2622 868 2677 de
885 2639 993 2693 qua
1021 2623 1365 2691 liberabitur,
1393 2624 1485 2692 qni
1511 2624 1597 2677 in-

243 2728 391 2782 super
410 2728 638 2783 egenum
657 2723 714 2767 ct
740 2730 1030 2781 pauperem
1057 2728 1075 2767 .'
1104 2712 1171 2767 In
1193 2712 1276 2767 die
1294 2713 1431 2767 enim
1456 2714 1596 2765 mola

250 2822 367 2859 eunt
388 2803 648 2860 Dominus
679 2803 802 2877 (Ps.
833 2821 924 2871 ιι,
961 2804 1037 2876 1).
1078 2804 1204 2859 Hinc
1224 2816 1307 2860 est
1333 2804 1473 2868 dies.
1526 2805 1596 2860 tie

244 2899 558 2954 talioloco
594 2898 861 2967 scriptum
909 2906 1035 2952 est:
1092 2896 1225 2951 Ecce
1280 2899 1433 2961 venit,
1485 2898 1594 2951 dies

243 2993 335 3045 lini
386 2991 549 3061 (Isai.
594 3006 711 3057 aut,
739 2992 835 3060 9);
873 3002 929 3046 et
953 2990 1086 3047 alibi
1118 3008 1132 3045 :
1163 2990 1286 3045 Dies
1311 2993 1450 3045 enim
1484 2990 1593 3045 Do-

243 3083 446 3139 mabilis
472 3084 655 3152 vestiet,
682 3083 937 3155 {uroriset
956 3083 1050 3139 ira:
1080 3081 1237 3153 (Isai.
1271 3098 1406 3149 uti,
1429 3081 1508 3152 6);
1539 3092 1595 3138 et

243 3193 255 3231 :
293 3176 384 3232 i'te
404 3175 827 3232 desiderantibus
862 3178 1002 3231 diem
1044 3173 1299 3230 Domini:
1351 3174 1419 3231 Ut
1463 3173 1590 3247 quid

1700 1972 1755 2017 et
1784 1974 1916 2020 tunc
1946 1968 2185 2033 perfecte
2232 1978 2381 2024 stare
2425 1971 2629 2039 valeat,
2676 1988 2799 2028 cum
2838 1979 3092 2034 universa
3142 1982 3309 2038 fuerit

1698 2065 1975 2121 Operatus.
2008 2057 2162 2112 Alius
2183 2073 2314 2114 vero
2334 2060 2634 2128 simplicius
2675 2063 2791 2121 haec
2818 2071 3046 2138 exponit
3090 2071 3299 2137 dicens,

1700 2144 1970 2216 Ephesios
2020 2147 2089 2203 ad
2138 2149 2351 2206 futuras
2399 2155 2746 2220 tentationes,
2802 2170 2858 2214 et
2888 2163 3297 2231 persecutiones

1697 2257 1834 2306 quas
1848 2241 1929 2298 eis
1958 2242 2161 2299 Paulus
2185 2248 2466 2314 apostolus
2510 2258 2634 2320 post
2671 2250 2812 2308 hanc
2840 2254 3127 2323 epistolam
3168 2273 3298 2328 pro-

1698 2332 1915 2403 phetico
1940 2334 2158 2392 videbat
2186 2340 2379 2407 spiritu
2426 2342 2734 2413 provenire,
2775 2347 3051 2403 cohortari
3100 2363 3152 2405 et
3186 2368 3305 2406 mo-

1698 2426 1841 2489 neri.
1874 2436 1929 2480 ut
1950 2429 2131 2483 omnia
2164 2429 2382 2498 faciant,
2416 2449 2516 2505 per
2539 2450 2660 2505 quae
2682 2438 2887 2506 possint
2931 2438 2986 2495 in
3015 2440 3122 2496 fide
3152 2451 3299 2500 stare

1701 2517 1999 2588 Evangelii,
2025 2536 2125 2575 nec
2149 2521 2204 2575 in
2229 2526 2606 2591 persecutione
2633 2542 2913 2585 corruere.
2939 2529 3092 2587 Diem
3115 2543 3298 2591 autem

1698 2609 1920 2673 malam,
1956 2612 2173 2681 proprie
2198 2613 2268 2669 de
2295 2616 2711 2687 quadragesimo
2740 2630 2934 2677 octavo
2958 2624 3170 2691 psalmo
3212 2642 3304 2680 ar-

1698 2699 1965 2757 bitramur
1993 2720 2116 2759 cSSe
2143 2721 2286 2760 nunc
2315 2716 2607 2778 sumptam.

1772 2794 1960 2866 (Vers.
2002 2795 2115 2866 14.)
2156 2800 2307 2852 State
2351 2816 2474 2873 ergo
2504 2804 2757 2858 succincti
2793 2806 2991 2861 lumbos
3019 2816 3211 2865 vestros
3246 2808 3302 2864 in

1696 2891 1922 2942 raritate.
1950 2889 2104 2953 Quod
2121 2888 2274 2957 juxta
2305 2892 2546 2948 membra
2573 2897 2756 2951 carnis
2793 2908 2849 2953 et
2878 2902 3146 2968 corporis,
3175 2916 3297 2957 oin-

1697 2980 1785 3035 nia
1816 2980 2057 3036 membra
2080 2985 2277 3037 anima:
2301 2983 2354 3037 in
2381 2983 2682 3056 Scripturis
2707 3000 2995 3061 vocentur,
3031 2993 3168 3047 nulli
3198 2994 3300 3048 du-

1696 3072 1844 3127 bium
1868 3081 1973 3142 est,
2007 3074 2076 3130 de
2096 3076 2291 3144 quibus
2320 3093 2485 3132 unum
2511 3092 2641 3148 puto
2656 3096 2780 3138 esse
2802 3099 2944 3139 nunc
2966 3087 3295 3154 membrum,

1698 3166 1918 3233 lumbos,
1974 3183 2112 3238 quos
2166 3178 2223 3223 ut
2274 3172 2622 3241 accingamus
2658 3175 2911 3240 veritate,
2965 3177 3299 3249 praecipitur.

243 3290 255 3324 ς
290 3270 509 3324 Domini
532 3271 557 3323 7
594 3279 644 3324 et
690 3270 800 3324 licet:
843 3279 916 3324 est
956 3270 1195 3335 tenebrte,
1237 3279 1283 3322 et
1326 3285 1429 3323 non
1476 3270 1587 3323 lux.
1621 3263 1666 3325 C
1696 3256 1836 3328 δοτίι

1711 3257 1974 3328 Scriptum
2005 3267 2324 3331 estquoque
2354 3261 2409 3316 in
2442 3263 2735 3333 Evangelio
2759 3267 2890 3320 κατὰ
2912 3275 3150 3324 Λουκᾶνε
3181 3268 3304 3325 Sint

243 3362 438 3415 nodum
469 3361 515 3414 si
539 3361 709 3431 fugiat
739 3361 892 3415 Itonia
916 3377 949 3412 n
971 3361 1105 3429 facie
1140 3359 1323 3421 leonis,
1345 3368 1394 3413 et
1416 3357 1593 3413 incur-

247 3472 363 3509 sum
388 3470 408 3509 :
430 3465 483 3510 et
507 3456 727 3508 introeat
755 3454 810 3507 in
847 3453 1056 3506 domum
1078 3468 1246 3519 suam,
1291 3462 1341 3506 et
1383 3451 1595 3505 reclinet

243 3566 319 3603 tas
348 3562 511 3617 super
533 3548 782 3617 parietem
805 3562 825 3600 :
870 3556 920 3599 et
957 3546 1189 3599 mordeat
1218 3560 1336 3599 eum
1360 3542 1591 3598 coluber.

243 3642 444 3698 ruebrc
464 3641 577 3694 dies
607 3640 836 3701 Domini.
869 3656 970 3692 non
1002 3638 1098 3693 lux
1124 3654 1141 3692 :
1188 3647 1236 3692 et
1279 3638 1451 3710 caligo
1492 3653 1597 3691 non

243 3732 545 3788 oleadarent
575 3733 757 3805 (Aruns
786 3748 837 3799 ν,
864 3730 986 3802 18)ἱ⁸
1007 3730 1293 3797 Quomodo
1322 3733 1468 3787 enim
1488 3745 1595 3784 non

250 3827 372 3881 hac
386 3828 537 3893 dies,
550 3842 669 3896 qua:
685 3825 927 3881 tenebris
946 3833 1002 3880 et
1014 3826 1244 3894 caligine
1273 3823 1597 3879 involvitur?

243 3919 349 3974 [uel
376 3933 607 3989 quoque
635 3918 901 3987 propheta
939 3927 1334 3973 commemorat
1362 3915 1550 3971 dicens
1580 3934 1595 3970 :

243 4013 308 4066 ba
332 4013 389 4067 in
415 4011 553 4067 Sion
576 4027 596 4066 :
626 4011 904 4082 pratdicate
945 4011 1001 4064 in
1029 4022 1201 4064 monte
1238 4018 1418 4064 sancto
1446 4024 1557 4065 meo
1579 4024 1599 4063 :

243 4108 441 4160 duntur
472 4120 653 4160 omnes
692 4105 784 4174 qui
825 4102 1058 4159 habitant
1102 4103 1598 4175 terram;quoniam

243 4217 269 4252 δ
304 4196 533 4251 Domini
556 4212 574 4250 :
602 4199 725 4265 quia
759 4214 920 4268 prope
947 4206 1022 4252 est
1050 4197 1159 4251 dies
1186 4196 1509 4251 tenebrarum
1551 4206 1600 4248 et

251 4292 369 4343 dies
393 4288 602 4342 nebula:
645 4296 691 4341 et
736 4287 976 4359 caliginis
998 4285 1156 4359 (1οεί.
1189 4304 1245 4347 tt.
1284 4289 1360 4356 1).
1400 4290 1460 4340 lit
1502 4287 1603 4342 So-

243 4384 305 4438 de
329 4381 533 4449 eadem
565 4382 652 4436 die
682 4381 916 4451 loquitur
939 4382 1127 4437 dicens
1152 4398 1168 4438 :
1194 4379 1366 4450 Prope
1392 4391 1467 4435 est
1491 4382 1601 4434 dies

243 4491 449 4545 nagna,
480 4488 644 4543 prope
670 4483 719 4527 et
746 4473 895 4527 uelox
909 4474 1087 4527 nimis.
1126 4470 1243 4526 Vox
1264 4473 1367 4525 diei
1390 4470 1603 4525 Domini

244 4580 246 4591 '
270 4572 440 4634 dura,
472 4575 522 4620 et
545 4566 698 4636 [ortis
719 4582 738 4620 :
767 4566 876 4619 dies
921 4565 1034 4632 ine,
1067 4564 1177 4617 dies
1206 4563 1325 4628 illa,
1352 4562 1462 4616 dies
1508 4578 1604 4614 an-

1696 3350 1857 3404 luntbi
1886 3351 2036 3405 vestri
2063 3353 2354 3423 prtecincti,
2385 3362 2435 3407 et
2463 3354 2689 3410 lucerna
2727 3359 2966 3411 ardentes
2986 3359 3041 3411 in
3065 3359 3302 3414 manibus

1697 3443 1877 3499 vestris
1923 3442 2079 3513 (Luc.
2120 3460 2214 3508 sit,
2247 3444 2363 3515 55).
2393 3444 2530 3514 Quia
2564 3447 2726 3518 igitur
2757 3450 2924 3504 lmnbi
2966 3452 3018 3503 in
3073 3465 3302 3520 genera-

1700 3535 1849 3591 tione
1878 3551 2096 3606 semper
2121 3536 2469 3605 accipiuntur
2486 3549 2542 3594 et
2559 3541 2788 3609 semine,
2814 3539 3113 3596 secundum
3138 3541 3305 3597 illud:

1701 3624 1779 3682 De
1801 3626 1976 3699 [ructu
2002 3628 2164 3683 lumbi
2192 3629 2268 3683 tui
2307 3646 2499 3701 ponant
2522 3648 2685 3701 super
2719 3631 2968 3687 thronum
2994 3643 3137 3688 tuum
3183 3632 3303 3706 (I’s.

1700 3736 1881 3785 (LXXXI,
1916 3722 2031 3791 11).
2060 3721 2133 3777 Et
2161 3722 2288 3778 alibi
2315 3741 2328 3777 :
2361 3724 2545 3778 Adhuc
2565 3723 2620 3780 in
2649 3726 2839 3781 lumbis
2861 3738 2968 3781 erat
2994 3726 3117 3782 Levi
3136 3730 3301 3800 patris

1699 3813 1784 3866 sui
1801 3813 2084 3881 Abraham,
2108 3816 2320 3886 quando
2356 3816 2576 3871 obuiauit
2632 3819 2682 3874 ei
2721 3817 3069 3875 Helchisedec
3109 3820 3307 3892 (Hebr.

1699 3919 1818 3972 vni,
1854 3907 1969 3976 l0),
1993 3908 2207 3963 videtur
2228 3908 2387 3965 nobis
2419 3910 2727 3967 accinxisse
2777 3914 2988 3971 lumbos
3031 3929 3182 3986 suos,
3211 3916 3305 3987 qui

1702 4016 2046 4071 nequaquam
2074 4004 2232 4059 uxori
2251 4002 2494 4059 debitum
2523 4006 2723 4071 reddit,
2758 4023 2859 4063 nec
2878 4007 3046 4063 servit
3066 4009 3306 4064 libidini:

1702 4094 1802 4150 sed
1832 4094 2078 4151 imitatur
2106 4097 2402 4167 ingenitum
2439 4099 2632 4168 Deum,
2664 4102 3038 4172 generationis
3080 4103 3313 4174 negotiis

1706 4204 1811 4242 non
1848 4191 2181 4244 ministratts.
2217 4190 2329 4247 llnc
2359 4190 2525 4253 idem,
2553 4208 2702 4258 reor,
2731 4203 2787 4249 et
2814 4194 2948 4249 illud
2999 4194 3309 4266 signiﬁcare

1704 4282 1849 4349 qttod
1868 4281 2108 4339 Joannes
2128 4300 2322 4340 auitam
2352 4287 2638 4356 pellieeam
2672 4288 3066 4345 habebatcirca
3097 4290 3314 4347 lumbos

1706 4387 1836 4428 suos
1877 4374 2099 4442 (blank.
2154 4378 2261 4445 tu),
2294 4390 2351 4433 et
2399 4394 2505 4435 non
2548 4389 2669 4436 erat
2726 4378 2797 4436 de
2848 4382 3169 4450 immundis,
3220 4385 3313 4453 qui

1707 4476 1927 4535 propter
1958 4466 2163 4522 (luxum
2207 4470 2435 4525 seminis
2474 4478 2630 4529 extra
2676 4482 2854 4528 castra
2885 4474 3137 4544 projecti,
3187 4488 3315 4530 cum

1708 4572 1832 4612 arca
1869 4558 2080 4613 Domini
2126 4559 2377 4617 habitare
2403 4576 2510 4617 non
2544 4574 2770 4632 possunt
2795 4564 2987 4636 (Leuit.
3021 4566 3176 4639 sui):
3213 4584 3319 4625 nec

259 4659 599 4713 necessitatis
622 4656 816 4728 (Soph.
841 4672 883 4723 ι,
910 4655 977 4710 14
1002 4666 1049 4709 et
1074 4653 1263 4726 seqq.),
1286 4660 1342 4707 et
1372 4652 1598 4720 reliqua.
1634 4657 1775 4717 Dex
1796 4649 1881 4704 his
1911 4652 1977 4705 de
2005 4651 2204 4721 quibus
2250 4653 2304 4707 in
2354 4653 2605 4710 Numeris
2631 4656 2889 4713 scribitur
2927 4677 2942 4715 :
2986 4659 3113 4717 Sint
3159 4665 3320 4715 uesti-

243 4777 247 4788 ο
276 4752 490 4807 infert:
523 4751 586 4805 Et
613 4751 835 4822 aﬂligam
880 4751 1137 4813 homines,
1170 4758 1217 4802 et
1263 4746 1599 4802 ambulabunt

248 4847 388 4915 quia
410 4843 646 4899 Domino
671 4854 1004 4903 peccauerunt
1028 4841 1214 4912 (Apoc.
1250 4839 1372 4911 ιιι).
1409 4837 1478 4896 Ut
1507 4838 1605 4909 igi-

245 4951 261 4989 t
296 4936 432 5006 quis
455 4936 514 4990 in
542 4936 643 4990 hac
662 4935 749 4989 die
771 4933 992 4989 diabolo
1018 4936 1274 4987 resistere
1300 4950 1314 4987 :
1336 4929 1462 5001 quia
1489 4929 1604 4999 ipse

243 5038 404 5082 sator
452 5026 687 5081 fratrum
744 5036 1081 5091 nostrorum,
1131 5031 1376 5078 assumat
1423 5024 1603 5076 omnia

279 5121 421 5189 (hoc
442 5120 595 5175 enim
617 5126 780 5174 sonat
799 5119 1069 5182 πανοπλία,
1102 5132 1210 5171 non
1244 5124 1303 5171 ut
1329 5116 1383 5171 in
1413 5114 1605 5170 Latino

243 5231 303 5269 er
328 5231 491 5268 arma
526 5214 786 5269 translata
818 5213 990 5281 sunt),
1021 5218 1078 5266 et
1097 5210 1349 5265 omnibus
1376 5209 1496 5263 telis
1516 5224 1617 5263 ιη’--

244 5307 581 5373 ttcciuctus,
614 5305 684 5361 de
710 5304 907 5374 quibus
952 5305 1006 5359 in
1033 5302 1387 5374 sequentibus
1430 5304 1607 5371 expli-

244 5403 351 5457 :iat
410 5412 550 5457 tunc
587 5415 647 5456 se
688 5410 835 5454 stare
868 5412 1048 5468 posse,
1086 5397 1133 5452 si
1164 5395 1415 5452 universa
1448 5393 1610 5449 fuerit

243 5537 252 5562 ,
286 5505 351 5550 ut
376 5498 588 5565 plenus
608 5493 819 5549 cunctis
851 5490 1156 5557 virtutibus,
1184 5488 1436 5545 stabilem
1482 5488 1610 5558 ligat

259 5598 323 5645 et
356 5604 477 5645 non
512 5599 801 5644 moveatur
827 5587 896 5642 de
920 5584 1060 5654 acie,
1089 5584 1267 5655 sitque
1314 5599 1380 5640 ex
1409 5581 1496 5637 his
1540 5581 1611 5638 de

243 5683 506 5738 Dominus
538 5683 616 5737 ait
645 5699 660 5736 :
692 5681 830 5738 Sunt
858 5679 1075 5751 quidam
1119 5680 1183 5733 de
1232 5678 1315 5732 hic
1361 5674 1618 5731 stantibus

243 5792 359 5843 m,
386 5773 683 5846 28);etin
706 5774 818 5830 alio
844 5774 963 5829 loco
1001 5788 1013 5824 :
1050 5770 1259 5827 Etenim
1313 5769 1421 5841 ﬁde
1469 5769 1618 5827 statis

243 5864 411 5941 ,22);
437 5875 503 5926 et
523 5865 854 5926 Psalmista:
879 5863 1100 5933 Statuit.
1122 5862 1325 5938 inquit,
1346 5876 1510 5936 supra
1529 5875 1619 5939 pe-

1708 4750 1884 4797 menta
1909 4744 2020 4814 ejus
2048 4744 2248 4797 dissuta
2295 4743 2654 4816 (Nummi).
2719 4747 2821 4814 Qui
2867 4759 3048 4805 autem
3096 4751 3320 4808 Christo

1709 4835 1987 4893 accinctus
2014 4847 2097 4890 est
2118 4835 2366 4900 veritate,
2392 4836 2511 4893 haec
2542 4839 2869 4896 vestimenta
2902 4842 2952 4896 in
2984 4843 3156 4899 altum
3206 4848 3324 4901 col-

1713 4929 1851 4999 ligit,
1881 4937 1937 4983 et
1953 4943 2170 4983 sursum
2204 4928 2373 4982 trahit
2401 4946 2414 4982 :
2446 4937 2502 4984 et
2521 4930 2795 4985 nudorum
2822 4932 3052 4987 laterum
3099 4933 3322 4990 foedita-

1714 5029 1823 5078 tem
1847 5021 2030 5077 balteo
2057 5021 2328 5091 spirituali
2360 5021 2529 5089 velat,
2586 5022 2827 5093 stringit,
2885 5031 2940 5078 et
2984 5022 3230 5094 includit,
3263 5035 3323 5081 et

1715 5123 1936 5186 paratus
1963 5116 2032 5172 ad
2071 5117 2320 5188 prmlium
2367 5127 2474 5181 est,
2521 5126 2575 5172 et
2627 5132 2795 5189 opera
2844 5117 3011 5175 habet
3056 5118 3323 5188 lucentia,

1716 5223 1841 5278 qua:
1867 5208 2106 5267 lucerna:
2128 5211 2383 5267 dicuntur
2410 5210 2690 5268 ardentes.

1785 5303 1952 5376 679
1979 5303 2047 5359 Et
2072 5306 2244 5360 induti
2272 5306 2487 5361 loricam
2505 5306 2748 5380 jnstitiae.
2782 5305 2936 5363 Sicut
2959 5304 3180 5361 difficile
3202 5308 3321 5362 vul-

1718 5407 1960 5461 neratur,
1994 5394 2050 5451 in
2072 5395 2157 5453 his
2179 5398 2261 5452 vel
2291 5397 2533 5452 maxime
2565 5397 2699 5453 locis
2745 5414 2866 5469 qua:
2909 5397 3074 5453 vitam
3107 5405 3317 5470 tenent,

1718 5488 1809 5558 qui
1828 5487 2131 5545 confertam
2167 5488 2361 5556 hamis,
2382 5497 2441 5544 et
2469 5488 2666 5545 ferreis
2709 5489 2943 5545 invicem
2989 5489 3208 5546 circulis
3258 5504 3319 5547 se

1721 5589 1995 5636 tenentem
2027 5580 2254 5635 loricam
2281 5580 2495 5636 virtutis
2527 5578 2752 5635 indutus
2801 5589 2925 5636 est:
2982 5580 3054 5635 ita
3098 5580 3190 5651 qui
3238 5590 3327 5636 est

1720 5670 2087 5728 circumdatus
2117 5671 2403 5743 multiplici
2427 5680 2580 5728 veste
2605 5671 2852 5742 iustitiae,
2898 5687 3001 5729 nec
3029 5670 3099 5728 ad
3129 5672 3328 5729 simili-

1722 5763 1969 5823 tudinem
1998 5763 2146 5821 cervi
2173 5764 2229 5820 in
2255 5764 2412 5835 jecur
2439 5763 2673 5838 accipiet
2701 5763 2978 5837 sagittam,
3010 5779 3115 5823 nec
3139 5765 3192 5822 in
3224 5765 3325 5824 de-

1724 5855 1924 5919 sideria
1952 5867 2181 5925 corruet
2202 5866 2262 5920 et
2282 5858 2502 5929 furores
2521 5900 2540 5932 .
2586 5857 2685 5918 sed
2720 5858 2837 5921 erit
2867 5858 3315 5941 meum,
