4046 6336
521 303 621 374 331

1763 317 1820 372 S.
1866 311 2137 375 EUSEBII
2178 309 2554 367 IllERONYill

3610 305 3616 312 '
3716 295 3826 355 £52

521 429 729 487 habens
758 431 1018 486 artiﬁcem
1047 427 1206 497 hujus
1243 427 1429 481 loricae
1459 428 1625 482 Deum
1647 471 1660 493 ,
1695 431 1787 499 qtti
1819 433 2114 504 unicuique
2144 429 2191 488 Δ
2224 443 2364 492 rum,
2406 427 2657 493 loquetur
2693 422 2993 493 intrepidus
3023 441 3035 477 :
3065 416 3129 474 In
3162 413 3384 473 Domino
3416 417 3618 487 conﬁdo
3651 435 3662 470 :
3694 435 3827 488 qu-

525 536 842 582 sanctorum
875 524 1051 580 omnia
1081 537 1228 576 arma
1257 521 1571 585 fabricatur,
1604 535 1658 576 et
1691 540 1796 579 non
1827 527 1960 581 sinit
1991 543 2114 582 cum

519 633 550 672 a
579 619 762 689 jacolo
795 618 1010 671 volante
1033 631 1131 685 per
1171 614 1341 682 diem,
1375 623 1431 669 ct
1483 631 1512 670 a
1546 615 1760 688 sagittis
1794 620 2119 676 ardentibus

531 713 742 782 percuti
776 712 982 780 pariter
1003 719 1050 763 et
1077 708 1258 764 exuri.

595 803 776 873 (Vcrs.
812 802 928 870 15.)
1000 799 1069 854 Et
1127 800 1340 856 calciati
1388 803 1540 872 pedes
1568 843 1585 869 ,
1631 804 1687 858 in
1737 806 2126 877 prwparatione

529 894 811 967 Evangelii
836 895 1002 968 pacis.
1031 893 1350 965 Diligentius
1378 895 1706 963 observate,
1759 897 1905 968 quod
1955 899 2128 953 virtu-

530 997 640 1044 tem
669 987 963 1056 quamdam
1010 987 1209 1043 anima:
1262 989 1625 1059 appellat-erit
1681 991 1879 1061 pedes,
1935 993 2131 1062 quibus

529 1079 870 1151 ingredimur
899 1079 953 1134 in
978 1094 1045 1134 eo
1074 1080 1164 1143 qui
1194 1079 1326 1134 dicit
1359 1098 1373 1135 :
1405 1077 1521 1154 Ego
1547 1098 1663 1136 sum
1693 1088 1776 1138 tn'a
1802 1080 1983 1150 (Joan.
2009 1097 2123 1148 xtv,

531 1174 614 1241 6),
645 1183 700 1228 et
721 1187 858 1243 quos
881 1187 982 1226 nos
1012 1179 1232 1243 oportet
1259 1172 1497 1244 calciare
1524 1176 1924 1244 pra'parutione
1949 1175 2128 1230 Emin-

528 1261 654 1332 gt'iii
688 1261 857 1332 pacis.
889 1260 947 1316 In
1001 1261 1194 1318 horum
1226 1258 1716 1341 calciamentorum
1758 1265 1982 1336 ﬁguram
2013 1308 2029 1331 ,
2079 1275 2137 1322 et

553 1355 642 1410 illa
667 1355 1027 1410 calciamenta
1073 1355 1127 1410 in
1160 1354 1356 1429 Extido
1399 1368 1795 1424 praecesserunt
1821 1400 1838 1422 ,
1867 1373 1987 1428 qua:
2038 1357 2136 1413 ha-

545 1448 675 1504 bere
707 1447 912 1502 Pascha
949 1434 1300 1503 veseetttibus
1337 1448 1641 1518 imperatur
1669 1458 1726 1505 et
1751 1449 1867 1514 his,
1917 1451 2010 1521 qui
2065 1449 2134 1504 ad

535 1539 843 1597 faciendum
884 1541 987 1596 iter
1018 1541 1190 1610 parati
1216 1553 1362 1596 sunt.
1412 1540 1502 1597 Sic
1527 1544 1673 1598 enim
1724 1543 1821 1609 ait,
1851 1544 2140 1598 mandtca-

539 1636 659 1690 bitis
686 1636 822 1690 illud
855 1651 876 1690 :
900 1633 1064 1689 lumbi
1086 1636 1240 1690 vestri
1267 1636 1508 1697 accincti,
1539 1646 1586 1690 et
1615 1636 1951 1690 calciamenta
1974 1647 2140 1692 t‘estra

537 1729 590 1782 in
616 1729 830 1796 pedibus
853 1729 1055 1794 vestris,
1090 1738 1136 1783 et
1165 1727 1335 1782 baculi
1353 1729 1505 1782 vestri
1525 1729 1578 1782 in
1609 1729 1842 1783 manibus
1860 1729 2071 1783 vestris:
2093 1738 2142 1783 et

2225 519 2377 572 modo
2407 517 2576 571 dicitis
2602 516 2792 570 anima:
2813 529 2978 569 mete:
3008 512 3342 583 Transmigra
3365 511 3418 564 in
3446 521 3668 563 montem
3695 511 3828 563 sicut

2229 612 2431 680 passer?
2451 610 2702 676 Quoniam
2727 624 2840 662 ecce
2857 615 3146 679 peccatores
3165 605 3491 656 iuten:.'ertmt
3506 617 3704 665 arcum,
3730 616 3825 668 pa-

2227 714 2465 762 rat-erunt
2481 705 2696 776 sagittas
2709 719 2827 756 suas
2841 701 2893 755 in
2905 699 3183 772 pharetris,
3199 706 3254 750 ut
3272 697 3518 768 sagittent
3539 695 3593 748 in
3611 693 3825 748 obscuro

2229 809 2394 852 rectos
2423 795 2577 851 corde
2613 792 2788 857 (Psal.
2829 808 2886 859 x,
2923 795 2974 858 1,
3009 789 3238 861 Ξ).Οιιιῐι
3276 802 3437 858 ergo,
3463 783 3667 855 inquit,
3697 798 3830 840 con-

2234 893 2396 948 ﬁdent
2435 890 2489 944 in
2534 888 2762 942 Domino
2789 928 2802 953 ,
2835 900 2940 955 qua
2973 882 3104 938 mihi
3130 881 3268 936 datis
3295 881 3502 935 ratione
3527 876 3831 944 consilium,

2244 993 2302 1038 ut
2339 998 2446 1036 non
2491 990 2628 1035 stem
2676 977 2960 1032 adversum
2993 974 3332 1030 inimicorum
3364 973 3595 1042 impetus
3623 1012 3638 1037 ,
3666 980 3718 1026 et
3745 969 3832 1040 ja-

2235 1079 2355 1133 cula
2397 1091 2516 1147 qua:
2560 1082 2748 1130 contra
2799 1086 2887 1126 me
2916 1071 2970 1125 in
3023 1069 3290 1139 pharetris
3316 1074 3706 1139 prcepararunt,
3736 1081 3838 1120 vo-

2245 1169 2422 1226 lentes
2465 1181 2571 1221 non
2608 1165 2780 1220 solum
2819 1178 2906 1219 me
2929 1203 2945 1230 ,
2973 1161 3066 1218 sed
3095 1161 3256 1217 etiam
3297 1175 3489 1217 omnes
3517 1170 3698 1216 rectos
3724 1156 3836 1230 [AL

2244 1265 2417 1341 recto]
2445 1265 2609 1322 corde
2646 1261 2972 1335 percutere?
3011 1260 3152 1316 Ecce
3195 1259 3279 1315 sto
3308 1273 3464 1330 super
3511 1265 3737 1328 petram,
3781 1263 3844 1310 et

2240 1375 2347 1416 non
2383 1357 2708 1427 transmigro
2753 1356 2805 1410 in
2857 1362 3072 1410 montes
3127 1350 3496 1407 tenebricosos
3527 1367 3540 1403 :
3569 1358 3624 1404 et
3651 1347 3843 1403 omnia

2243 1451 2346 1508 tela
2403 1449 2640 1505 hostium
2688 1446 2926 1518 repulsa,
2956 1445 3008 1500 in
3040 1445 3188 1515 ipsos
3207 1442 3297 1514 qui
3327 1441 3584 1513 dirigunt,
3606 1454 3848 1495 conver-

2253 1551 2460 1596 illI'IHII'.

2315 1633 2499 1702 (Vers.
2550 1631 2666 1704 17.)
2722 1631 2784 1686 Et
2827 1629 3032 1704 galeam
3083 1628 3266 1684 salutis
3312 1628 3549 1700 accipite.
3600 1626 3847 1694 Propter

2247 1727 2387 1783 hanc
2424 1727 2630 1797 galeam
2673 1725 2929 1780 salutaris
2955 1767 2969 1791 ,
3004 1738 3196 1779 omnes
3221 1723 3274 1777 in
3299 1719 3478 1792 capite
3504 1730 3690 1776 nostro
3715 1733 3848 1774 sen-

536 1818 960 1874 comedetisillud
972 1835 1086 1873 cum
1100 1818 1685 1882 festinationed’ascha
1697 1833 1768 1874 est
1782 1821 1916 1875 enim
1931 1818 2141 1876 Domini
2171 1812 2222 1872 Β
2248 1835 2340 1874 sus
2365 1819 2555 1888 integri
2586 1827 2935 1885 perseverant
2958 1835 2971 1871 :
2999 1823 3055 1870 et
3074 1815 3309 1870 maxime
3335 1814 3476 1869 oculi
3509 1857 3525 1881 ,
3554 1814 3621 1868 tle
3645 1811 3849 1881 quibus

540 1911 744 1985 (Exod.
773 1927 872 1977 ιιι,
895 1910 1004 1985 11).
1038 1912 1266 1983 Signum
1295 1913 1565 1984 siquidem
1593 1917 2006 1986 prmparationis
2026 1924 2134 1983 est,

545 2024 669 2062 cum
703 2009 1070 2074 festinatione,
1109 2019 1164 2063 et
1191 2008 1434 2064 ealciatis
1461 2010 1686 2080 pedibus
1708 2012 2029 2068 comedere:
2055 2021 2134 2075 ut,

539 2100 877 2156 corroborati
901 2102 1140 2170 paschali
1162 2103 1310 2171 cibo,
1330 2103 1492 2159 latam
1509 2116 1564 2159 et
1583 2104 1902 2161 horribilem
1929 2107 2142 2177 possint

554 2211 800 2251 cremum
835 2198 1195 2266 pertransire.
1225 2197 1324 2264 Qui
1357 2214 1488 2269 ergo
1519 2199 1698 2255 adhuc
1732 2199 1997 2266 ambulat,
2030 2203 2143 2255 cal-

548 2289 727 2342 cietur
766 2304 780 2341 :
833 2288 924 2358 qui
976 2303 1126 2355 vero,
1156 2289 1266 2357 jam
1297 2288 1537 2345 Jordane
1567 2291 1910 2355 transmisso,
1941 2303 2139 2348 terra-.n

561 2380 1007 2448 repromissionis
1030 2380 1293 2445 intravit,
1325 2379 1492 2436 nudet
1537 2383 1748 2451 pedem.
1803 2383 1995 2448 Solve,
2043 2387 2141 2452 ait,

545 2471 943 2523 calciamentum
968 2470 1032 2524 de
1073 2471 1289 2543 pedibus
1319 2473 1420 2527 tuis
1449 2490 1467 2527 :
1513 2475 1654 2529 locus
1694 2475 1828 2530 enim
1868 2477 1922 2530 in
1941 2494 2045 2548 quo
2091 2489 2146 2533 tu

545 2569 676 2627 stas,
701 2569 840 2614 terra
863 2571 1045 2616 sancta
1093 2573 1168 2616 est
1193 2560 1391 2632 (Exod.
1423 2579 1502 2630 ιιι,
1532 2565 1610 2634 5).
1646 2565 1705 2622 Si
1747 2569 1870 2637 quis
1901 2584 2007 2624 non
2059 2578 2145 2625 est

546 2653 713 2712 Jesns
765 2655 915 2711 Nave
945 2654 1096 2728 (Cap.
1122 2658 1202 2726 v),
1229 2672 1328 2713 nt-c
1357 2658 1680 2728 Apostolus.
1731 2661 1924 2717 calciet
1979 2662 2146 2732 pedes

561 2762 690 2802 suos
718 2747 770 2802 in
796 2752 1194 2820 pra-paratione
1231 2750 1509 2822 Evangelii
1541 2751 1707 2823 pacis.
1741 2753 1796 2808 Si
1824 2755 1948 2825 quis
1966 2765 2143 2810 autem

559 2838 856 2910 Apostolus
883 2853 990 2908 est,
1019 2852 1074 2897 et
1103 2843 1244 2898 inter
1270 2841 1558 2899 duodecim
1611 2849 1883 2901 numerari
1937 2855 2141 2918 potest,

561 2951 900 3006 nrqttaquam
951 2935 1106 2991 tollat
1143 2937 1197 2991 in
1229 2937 1312 2992 via
1348 2938 1766 2995 calciamentum
1805 2955 1966 2996 suum
1994 2983 2008 3006 ,
2049 2957 2148 2996 nec

559 3027 626 3084 ad
659 3030 1004 3096 scorpiones.
1036 3039 1092 3085 et
1134 3031 1392 3088 colubros
1419 3031 1777 3090 declinandos
1832 3039 2146 3092 calcaneum

560 3130 706 3191 legat
732 3136 748 3187 ;
776 3120 872 3177 sed
889 3122 1001 3192 jam
1033 3134 1450 3181 consummatus
1486 3141 1649 3198 atque
1678 3127 1953 3197 perlectus
1976 3170 1993 3196 ,
2043 3139 2146 3186 stet

2246 1914 2298 1967 in
2344 1911 2675 1967 Ecclesiaste
2713 1910 2970 1965 Salomon
3013 1908 3089 1964 ait
3123 1926 3137 1962 :
3179 1907 3440 1979 Sapientis
3477 1906 3614 1962 oculi
3652 1907 3706 1960 in
3753 1922 3848 1959 ea.

2242 2006 2346 2077 pite
2381 2007 2496 2077 ejus
2537 2001 2761 2076 (Eccles.
2808 2017 2886 2069 tt,
2928 2001 3042 2067 14).
3083 2001 3302 2057 Sciebat
3343 2002 3488 2057 enim
3526 2000 3671 2071 quod
3701 2007 3851 2057 esset

2242 2098 2345 2152 viri
2374 2106 2536 2166 caput
2560 2139 2574 2162 ,
2609 2106 2664 2152 et
2711 2096 2930 2164 quinam
2959 2095 3046 2152 isti
3083 2096 3230 2151 oculi
3260 2097 3312 2152 in
3355 2095 3456 2151 viri
3481 2095 3656 2168 capite
3678 2095 3853 2152 collo-

2244 2191 2374 2246 cati.
2417 2189 2473 2245 Si
2513 2189 2656 2244 enim
2697 2198 2860 2260 caput
2896 2187 2996 2242 viri
3043 2185 3295 2243 Christus
3335 2199 3419 2244 est
3457 2227 3473 2253 ,
3502 2196 3556 2243 et
3584 2187 3727 2242 oculi
3765 2203 3852 2242 sa-

2247 2283 2445 2354 pientis
2488 2281 2539 2337 itt
2580 2285 2755 2353 capite
2792 2283 2910 2349 ejus
2947 2291 3074 2336 sunt
3105 2298 3120 2334 :
3149 2282 3397 2352 sequitur
3427 2289 3485 2335 ttt
3513 2281 3692 2336 omnis
3751 2295 3852 2334 no-

2247 2386 2361 2432 ster
2397 2391 2592 2432 sensus
2623 2419 2638 2444 ,
2683 2390 2857 2443 mens,
2907 2375 3188 2445 cogita'io,
3227 2389 3429 2441 sermri,
3459 2374 3750 2430 consilium
3782 2375 3851 2441 (si

2250 2486 2433 2530 tamen
2485 2475 2757 2541 sapientes
2788 2471 3072 2543 fuerimus)
3102 2474 3153 2527 in
3185 2469 3407 2526 Christo
3438 2473 3568 2526 sint.
3599 2470 3657 2526 In
3687 2469 3856 2526 Chri-

2257 2581 2342 2626 sto
2369 2579 2548 2625 autem
2575 2567 2778 2634 Verbo,
2811 2567 3038 2634 lumine,
3063 2564 3294 2637 iustitia,
3317 2563 3577 2632 veritate,
3610 2564 3854 2620 eunetis-

2247 2681 2355 2735 que
2380 2661 2688 2718 virtutibus.

2291 2755 2504 2825 ‘(Vers.
2538 2756 2625 2817 18.
2659 2754 2774 2824 19.)
2809 2751 2876 2808 Et
2913 2753 3147 2826 gladium
3173 2753 3408 2823 spiritus,
3439 2754 3580 2822 quod
3621 2759 3701 2805 cst
3723 2767 3836 2805 rer-

2253 2851 2371 2904 bum
2415 2846 2532 2902 Dei.
2585 2847 2688 2902 Per
2725 2863 2926 2901 onmem
2973 2848 3256 2899 orationem
3305 2855 3356 2898 et
3406 2845 3847 2909 obsecrationem,

2252 2953 2460 2997 orantes
2492 2942 2546 2995 in
2590 2941 2729 2994 οηιηὶ
2764 2949 2991 3011 tempore
3026 2939 3079 2992 in
3122 2939 3312 3008 spiritu
3347 2956 3360 2992 :
3399 2946 3448 2992 et
3475 2937 3530 2992 in
3559 2941 3675 3003 ipso
3709 2939 3842 3008 vigi-

2250 3033 2418 3089 lantes
2458 3034 2514 3087 in
2549 3034 2690 3087 omni
2729 3031 2975 3087 instantia
3007 3041 3055 3086 et
3079 3048 3258 3103 prece,
3285 3030 3449 3102 681
3482 3046 3575 3098 pro
3599 3030 3836 3084 omnibus

2253 3129 2444 3182 sanctis
2469 3136 2517 3182 et
2543 3142 2637 3198 pro
2664 3143 2764 3182 me.
2799 3126 2892 3182 Dei
2921 3140 3102 3180 sermo
3124 3123 3193 3178 de
3217 3123 3425 3190 Spiritu
3457 3130 3650 3178 saneto
3681 3121 3796 3177 llttit
3830 3141 3844 3178 :

573 3213 625 3268 in
655 3225 796 3268 terra
827 3227 1044 3282 saneta,
1093 3226 1149 3271 et
1192 3218 1338 3272 vivat
1383 3219 1435 3272 in
1478 3217 1740 3287 Christo,
1788 3230 1844 3276 et
1893 3189 2223 3290 sequaturc
2255 3223 2566 3278 contrarius
2603 3237 2737 3276 vero
2784 3219 2854 3276 de
2902 3232 3046 3275 terra
3091 3218 3367 3288 loquitur,
3415 3226 3472 3274 et
3516 3217 3643 3273 inde
3685 3217 3850 3273 sumit

551 3311 765 3377 Agnutn
800 3325 1149 3382 quocumque
1198 3311 1368 3367 vadit.
1415 3314 1691 3379 Qua-ritur
1720 3328 2028 3370 utrttmn-m
2083 3315 2149 3370 ad

571 3407 978 3463 distinctionem
1007 3405 1288 3475 Evangelii
1311 3407 1578 3472 alterius,
1613 3423 1752 3462 nunc
1792 3407 2024 3471 dist-rit,
2060 3425 2154 3476 pa-

570 3501 650 3553 cis
678 3498 1079 3570 Evangeliunt?
1105 3500 1186 3552 An
1206 3509 1358 3554 certe
1380 3499 1656 3568 proprium
1691 3499 1886 3553 sithoc
1911 3500 2154 3568 Evange-

571 3591 653 3658 lii,
695 3605 752 3647 ιιι
777 3593 930 3662 pacis
965 3591 1316 3660 Evangeliqu
1351 3591 1702 3646 nomint-tur?
1745 3592 1845 3659 Qui
1874 3594 2041 3662 igitur
2063 3593 2156 3646 Ita-

574 3686 668 3740 bet
695 3699 905 3756 pacem,
936 3685 1198 3738 calciatus
1226 3693 1308 3739 est
1337 3681 1542 3737 Clnisd
1575 3683 1872 3753 Evangelia
1903 3702 1914 3738 :
1945 3695 2000 3738 et
2030 3700 2153 3739 eum

566 3777 833 3834 calciatus
859 3774 1043 3842 fuerit,
1075 3788 1414 3844 prteparatus
1437 3783 1562 3829 est:
1593 3785 1649 3829 et
1681 3788 2017 3844 pra-paratus
2046 3790 2154 3831 non

565 3885 623 3924 se
655 3879 808 3940 putet
846 3882 968 3922 esse
1007 3865 1306 3934 terleetttm
1341 3883 1356 3922 :
1408 3867 1502 3922 sed
1534 3866 1600 3920 ad
1631 3865 1733 3921 hoc
1794 3878 2155 3938 praeparetur,

561 3971 620 4016 ut
663 3969 872 4030 pergat.
903 3968 960 4014 et
977 3975 1214 4030 pergo-us
1239 3961 1423 4015 veniat
1447 3960 1512 4014 ad
1539 3961 1720 4016 tinem.

627 4053 796 4125 680
837 4051 1018 4124 (Vers.
1061 4053 1172 4123 16.)
1203 4051 1373 4125 Super
1404 4053 1579 4108 omnia
1614 4055 1927 4124 accipientes
1956 4065 2156 4109 scutum

567 4145 718 4216 ﬁdei,
739 4147 792 4198 in
810 4161 912 4215 quo
936 4145 1141 4213 possitis
1160 4145 1332 4198 omnia
1343 4144 1528 4216 jacula
1551 4147 1761 4218 maligni
1782 4146 1944 4218 ignita
1961 4151 2158 4200 exstin-

562 4252 736 4306 guere.
763 4237 927 4302 ρειτιηί
953 4235 1184 4290 dixerit:
1218 4237 1271 4289 In
1294 4237 1442 4288 omni
1472 4251 1638 4303 operi:
1668 4246 1879 4305 portate
1905 4238 2154 4308 clypeum

569 4329 720 4398 ﬁdei,
749 4337 813 4383 ut
841 4329 1062 4399 possitis
1092 4328 1216 4383 tecti
1251 4337 1412 4395 atque
1440 4328 1631 4382 muniti
1659 4331 1915 4397 excipere
1943 4331 2160 4385 venien-

565 4429 649 4476 tes
677 4429 926 4490 sagtttas,
959 4429 1013 4473 et
1043 4417 1148 4474 huc
1191 4433 1352 4488 atque
1385 4419 1516 4474 illuc
1552 4435 1668 4474 arte
1703 4436 1797 4474 cas
1843 4421 2034 4476 bellica
2065 4423 2160 4476 de-

561 4513 792 4568 clinare.
835 4513 962 4568 Haec
999 4522 1085 4568 est
1131 4513 1266 4567 lides
1305 4528 1470 4581 snper
1497 4529 1602 4584 qtta
1642 4528 1696 4568 et
1733 4513 2006 4569 Abraham
2039 4525 2160 4586 post

575 4605 746 4660 multa
778 4619 940 4676 Opera
973 4614 1029 4660 at
1052 4622 1136 4672 ,ue
1163 4606 1394 4660 virtutes
1429 4581 1528 4660 vix
1547 4607 1714 4676 potuit
1744 4581 2079 4677 promereri,
2109 4621 2162 4662 ιιι
2190 4581 2245 4642 Ῑ)

568 4697 639 4754 de
679 4712 746 4753 eo
791 4696 1078 4767 Scriptura
1122 4699 1329 4752 diceret
1369 4715 1382 4752 :
1426 4695 1662 4752 Credidit
1692 4710 1864 4754 autem
1904 4699 2164 4754 Abraham

567 4791 703 4859 Deo,
745 4800 794 4846 et
821 4800 1115 4864 reputatum
1147 4802 1222 4846 est
1261 4791 1346 4846 illi
1381 4791 1451 4845 ad
1473 4793 1734 4864 justitiam
1766 4793 1922 4866 (Gen.
1960 4812 2049 4865 xv,
2081 4794 2160 4866 8).

574 4882 874 4954 Perspicua
902 4893 1032 4938 sunt
1060 4894 1244 4939 autem
1271 4883 1449 4956 jacula
1481 4885 1723 4957 maligni,
1758 4903 1878 4958 qua!
1905 4890 2017 4942 vult
2046 4892 2169 4946 mit-

573 4987 689 5032 tere
721 4977 775 5033 in
809 4979 980 5033 corda
1019 4986 1205 5032 nostra
1241 4994 1338 5048 per
1374 4979 1732 5048 Cogitationes
1764 4981 2027 5049 pessimas
2054 4999 2067 5036 :
2096 4981 2166 5037 de

570 5073 768 5142 quibus
792 5087 962 5126 unum
985 5073 1114 5142 )ecit
1140 5071 1194 5127 in
1228 5087 1326 5126 eor
1347 5072 1524 5138 Jud.t-,
1558 5085 1610 5128 ut
1640 5074 1885 5130 traderet
1913 5077 2162 5134 Salvato.

569 5183 707 5223 rem.
753 5167 942 5237 Itaque
979 5182 1048 5221 ne
1088 5166 1410 5236 principium
1457 5166 1678 5237 quidem
1727 5169 1928 5225 habere
1969 5172 2168 5240 poterit

569 5259 823 5317 inimicus
851 5260 1052 5314 anima:
1076 5259 1450 5324 vulnerandaa,
1482 5260 1527 5314 si
1571 5267 1907 5318 tenuerimus
1951 5275 2164 5320 scutum

573 5351 697 5407 lidei
737 5370 748 5405 :
781 5353 834 5407 in
861 5366 972 5422 quo
1001 5366 1108 5406 non
1159 5353 1336 5406 solum
1369 5353 1642 5407 venientia
1673 5354 1775 5409 tela
1823 5358 2163 5426 l'rangnntur,

571 5444 667 5498 sed
693 5444 856 5499 etiam
888 5447 1122 5500 telorum
1154 5444 1272 5514 ipse
1303 5444 1440 5514 ignis
1469 5446 1856 5517 exstinguitur,
1885 5449 1950 5503 de
1980 5464 2090 5518 quo
2114 5457 2169 5503 et

573 5535 840 5604 propheta
891 5537 1197 5607 cotnplorat
1247 5535 1436 5592 dicens
1487 5555 1500 5591 :
1553 5539 1742 5594 Omnes
1789 5540 2166 5609 adulterantes,

571 5625 721 5698 quasi
759 5625 990 5680 clibanus
1018 5628 1176 5680 Ct'l'dtl
1216 5645 1393 5681 eorum
1440 5628 1587 5701 (Ose.
1632 5647 1728 5698 vrt,
1761 5631 1842 5704 4).
1880 5633 1978 5700 Qui
2029 5635 2170 5691 hunc

575 5717 868 5774 umbotiem
917 5720 1039 5774 lldci
1084 5737 1246 5777 manu
1281 5722 1405 5776 forti
1455 5727 1713 5788 tenuerit,
1746 5739 1798 5780 et
1827 5729 2067 5783 conlisus
2117 5731 2168 5785 in

575 5805 828 5882 Domino,
858 5809 1045 5872 scierit
1079 5826 1144 5874 se
1176 5828 1210 5872 a
1238 5813 1579 5876 venientibus
1615 5816 1816 5893 jaculis
1854 5834 1982 5882 esse
2011 5836 2169 5885 secu-

2255 3315 2560 3371 exortlium.
2599 3313 2701 3380 Qui
2738 3313 2874 3368 enim
2907 3315 2970 3364 de
3005 3322 3140 3364 terra
3174 3318 3266 3372 est,
3311 3310 3376 3364 de
3412 3319 3546 3364 terra
3581 3309 3842 3382 loquitur.

2259 3412 2360 3477 Qui
2399 3411 2461 3464 de
2501 3407 2627 3462 caelo
2663 3407 2818 3470 venit,
2842 3420 2998 3473 super
3024 3421 3199 3459 onmes
3224 3412 3298 3459 est
3329 3421 3347 3458 :
3379 3403 3442 3459 Et
3471 3404 3610 3475 quod
3641 3405 3773 3458 vidit
3795 3412 3845 3459 et

2255 3505 2455 3558 audivit
2485 3504 2580 3556 hoc
2608 3508 2820 3555 testatur
2841 3499 3023 3570 (Joan.
3054 3514 3134 3563 ιιι,
3163 3500 3283 3571 5t).
3308 3498 3481 3554 Porro
3509 3512 3697 3554 sermo
3724 3494 3844 3563 Dei,

2255 3596 2468 3666 gladius
2502 3593 2730 3663 spiritus
2769 3602 2871 3655 est,
2907 3591 2975 3646 de
3013 3607 3122 3661 quo
3157 3607 3305 3646 nunc
3341 3587 3539 3646 Paulus
3564 3591 3639 3644 ait
3675 3609 3692 3643 :
3721 3587 3847 3644 Gla-

2257 3688 2374 3741 dius
2401 3685 2636 3754 spiritus,
2663 3685 2800 3756 quod
2828 3693 2901 3738 est
2930 3682 3134 3738 verbum
3160 3681 3254 3736 Dei
3283 3680 3470 3754 (Hebr.
3507 3683 3608 3752 tv).
3647 3680 3848 3737 Vivens

2258 3781 2458 3851 quippe
2485 3792 2669 3832 sermo
2695 3776 2785 3832 Dei
2813 3782 2870 3830 et
2895 3774 3106 3841 ellicax,
3137 3786 3189 3830 et
3215 3786 3405 3830 acutus
3432 3789 3599 3841 super
3620 3787 3840 3829 omnem

2257 3872 2494 3945 gladium
2534 3871 2830 3939 ancipitem
2856 3909 2872 3936 ,
2917 3877 2975 3923 et
3020 3878 3317 3939 penetrans
3359 3883 3535 3937 usque
3579 3866 3645 3921 ad
3699 3877 3846 3922 artus

2261 3964 2477 4029 animm,
2506 3972 2561 4017 et
2585 3962 2809 4025 ossium,
2835 3970 2888 4016 et
2911 3959 3293 4016 medullarum.
3327 3958 3426 4028 Qui
3458 3959 3682 4029 spiritus
3713 3976 3851 4031 pra:-

2259 4059 2393 4113 citlit
2436 4065 2491 4112 et
2526 4054 2746 4122 dividit,
2793 4053 3020 4108 multum
3062 4052 3358 4123 proficiens
3387 4068 3482 4123 per
3508 4052 3834 4120 orationem,

2259 4162 2311 4204 et
2343 4148 2777 4204 obsecrationem
2806 4161 3016 4209 eorum,
3051 4143 3143 4207 qui
3181 4143 3234 4198 in
3263 4144 3410 4198 omni
3454 4151 3707 4210 tempore
3750 4145 3845 4198 llo-

2263 4246 2467 4299 tnittunt
2505 4242 2865 4312 deprecantur
2913 4241 2964 4294 in
3009 4239 3224 4309 spiritu,
3260 4239 3416 4307 juxta
3457 4238 3634 4293 illud:
3685 4237 3852 4292 θνηὺο

2261 4340 2341 4409 spi
2373 4340 2467 4408 itu,
2489 4336 2645 4391 orabo
2662 4345 2707 4389 et
2725 4332 2950 4402 mente(l
2975 4332 3092 4387 Cor.
3115 4347 3224 4398 xlv,
3251 4331 3365 4403 15).
3383 4331 3448 4387 Et
3475 4332 3526 4386 in
3557 4331 3659 4387 hoc
3693 4331 3849 4401 proli.

2260 4433 2432 4494 ciens,
2464 4441 2524 4484 ttt
2549 4445 2642 4498 per
2674 4427 2908 4498 vigilias,
2946 4436 3000 4480 et
3025 4425 3320 4479 inStantem
3351 4439 3565 4493 precem
3603 4427 3836 4494 Aposto-

2269 4527 2351 4579 lus
2378 4527 2428 4578 in
2463 4523 2554 4578 Dei
2587 4524 2753 4578 verbo
2793 4520 3152 4588 doetrinaqne
3181 4519 3404 4571 tlitotur.
3437 4517 3504 4570 Et
3533 4517 3646 4571 haec
3677 4516 3849 4572 amnis

2269 4620 2546 4689 opulentia
2582 4616 2648 4670 ad
2691 4615 2920 4668 aliorum
2969 4611 3212 4680 proliciat
3242 4611 3492 4671 salutem,
3522 4621 3574 4664 ut
3605 4611 3692 4663 eis
3724 4623 3852 4679 quo-

2267 4728 2368 4782 quc
2388 4709 2518 4779 ipsis
2540 4708 2732 4778 prosit,
2749 4707 2838 4776 qtti
2865 4720 2960 4772 pro
2987 4719 3054 4757 eo
3082 4704 3393 4757 obsecrant.
3411 4701 3691 4769 Simulque
3715 4703 3852 4769 Apo-

2267 4805 2386 4858 stoli
2421 4801 2702 4856 humilitas
2729 4796 3067 4863 admiranda,
3096 4796 3329 4866 petentis
3359 4794 3644 4864 Ephesios,
3680 4805 3732 4848 ut
3759 4807 3849 4863 pro

2265 4912 2323 4951 so
2363 4894 2562 4950 faciant
2603 4892 3032 4947 obsecrationes.
3080 4888 3170 4943 Ait
3209 4888 3408 4958 quippe
3450 4905 3463 4942 :
3508 4885 3576 4941 In
3611 4887 3749 4941 omni
3776 4887 3855 4938 in-

2264 4989 2474 5053 s'antia,
2517 4996 2564 5040 et
2604 5001 2751 5057 prece
2790 5000 2884 5056 pro
2922 4982 3158 5037 omnibus
3194 4983 3384 5036 sanctis
3423 4994 3470 5036 et
3510 4999 3605 5053 pro
3649 4995 3747 5034 me.
3789 4975 3855 5032 Ut

2272 5094 2520 5135 seorsum
2549 5089 2886 5143 sanctorum,
2918 5087 2972 5131 et
3002 5089 3252 5131 seorsum
3285 5074 3368 5129 sui
3396 5074 3598 5130 laceret
3627 5071 3853 5128 mentio-

2275 5191 2420 5232 nem.

2347 5267 2532 5341 (Vers.
2564 5267 2636 5322 ΞΟ
2666 5265 2709 5338 .)
2759 5265 2825 5321 Ut
2857 5265 2983 5318 mihi
3009 5265 3161 5319 detur
3189 5281 3354 5318 sermo
3383 5263 3439 5318 in
3467 5265 3732 5328 apertione
3761 5261 3857 5316 oris

2273 5363 2394 5428 mei,
2424 5363 2477 5414 in
2502 5360 2816 5431 conﬁdentia
2837 5370 3014 5414 notum
3045 5364 3213 5430 facere
3247 5359 3549 5429 mysterium
3574 5355 3854 5429 Evangelii,

2275 5469 2368 5525 pro
2389 5469 2489 5522 quo
2518 5452 2774 5524 legatione
2796 5451 2988 5522 fungar
3008 5451 3061 5503 in
3094 5459 3275 5504 catena
3302 5465 3318 5502 :
3347 5450 3420 5502 ita
3442 5459 3494 5502 ut
3521 5449 3574 5503 in
3617 5450 3726 5518 ipso
3763 5463 3854 5501 au-

2275 5546 2422 5598 dcam
2445 5554 2499 5598 ut
2520 5554 2719 5616 Oportet
2741 5561 2819 5598 me
2843 5543 3002 5613 loqui.
3022 5542 3135 5598 lloc
3155 5541 3300 5612 quod
3326 5557 3468 5597 nunc
3495 5545 3571 5597 ait
3599 5540 3696 5597 :ln
3716 5555 3858 5612 aper-

2277 5640 2414 5692 tionc
2437 5637 2542 5692 oris
2568 5639 2690 5700 mei;
2715 5646 2768 5691 ct
2787 5637 2913 5691 alibi
2943 5656 2954 5690 :
2984 5635 3054 5689 Os
3084 5649 3250 5688 meum
3269 5635 3337 5688 ad
3359 5651 3445 5688 vos
3465 5646 3695 5707 apertum
3716 5643 3804 5697 est,
3828 5646 3855 5684 ο

2277 5732 2539 5788 Corinthii
2559 5731 2626 5804 (ll
2655 5730 2778 5785 Cor.
2811 5747 2884 5793 γι,
2914 5730 3024 5798 11);
3050 5740 3102 5784 et
3133 5746 3147 5783 :
3173 5731 3421 5797 Aperiens
3446 5746 3501 5782 os
3523 5747 3690 5794 suum,
3717 5728 3858 5781 doce-

2279 5826 2363 5889 bat
2383 5823 2670 5896 discipulos
2698 5821 3022 5901 suosqdicens
3048 5819 3270 5899 (Matth.
3297 5835 3349 5898 ν,
3374 5818 3456 5899 2);
3479 5829 3536 5880 et
3561 5840 3576 5881 :
3604 5820 3674 5882 0s
3699 5831 3856 5876 meum
