4034 6356
228 443 261 495 ti
305 455 350 498 et
376 451 567 504 attraxi
617 453 860 520 spiritum
905 454 1083 525 (Psal.
1132 473 1329 526 cxvnt,
1377 463 1503 531 15):
1552 478 1606 518 et
1638 481 1653 518 :
1680 466 1830 527 Aim

227 535 317 588 iant
365 537 414 589 in
442 542 704 610 parabolis
733 560 789 598 os
834 562 1000 599 meum
1031 547 1216 617 (Psal.
1248 567 1453 618 uxvu,
1487 553 1567 623 2),
1600 565 1654 610 et

228 642 269 681 'a
317 627 394 685 bis
438 632 655 700 similia,
702 636 782 691 sic
809 638 1184 708 accipiendum
1228 644 1380 710 quasi
1411 645 1651 702 dixerit:

234 733 384 779 antur
411 725 678 796 thesauri,
726 740 781 786 et
806 731 1122 788 abscondita
1165 751 1195 790 a
1225 738 1440 794 saeculis
1467 755 1653 795 sacra-

228 828 257 867 a
280 816 593 888 pandantur,
620 831 679 876 ut
703 820 941 892 Spiritus
966 834 1187 882 sanctus
1231 829 1462 885 introeat
1491 831 1559 886 ad
1590 847 1653 888 ea

232 909 388 964 renda
415 926 533 981 quae
556 913 787 970 latitant.
811 915 944 972 Nam
973 921 1116 991 quod
1148 919 1307 992 hujus
1338 924 1653 988 testimonii,

232 1044 245 1065 ,
272 1011 323 1055 ut
343 1003 488 1058 detur
511 1007 636 1059 mihi
654 997 823 1062 sermo
839 1011 894 1063 in
911 1013 1174 1082 apertione
1197 1015 1301 1068 oris
1322 1017 1443 1080 mei,
1461 1016 1562 1070 iste
1584 1017 1655 1071 sit

228 1105 391 1158 ectus,
411 1101 690 1166 sequentia
717 1103 970 1169 probant.
992 1103 1060 1158 In
1082 1106 1422 1176 conﬁdentia,
1456 1107 1652 1178 inquit,

228 1205 241 1238 t
263 1188 426 1256 facere
453 1193 750 1261 mysterium
777 1193 1064 1266 Evangelii.
1105 1196 1456 1268 Nequaquam
1485 1200 1536 1252 in
1563 1215 1655 1268 pa-

228 1281 267 1334 is
281 1291 333 1336 et
353 1283 677 1351 proverbiis:
704 1288 846 1343 sicut
870 1299 919 1343 et
951 1290 1254 1360 prophette,
1278 1301 1332 1346 et
1346 1292 1458 1361 ipse
1473 1292 1624 1346 Domi
1642 1323 1656 1334 -

228 1373 364 1427 dhuc
385 1377 712 1432 constitutus
740 1379 794 1432 in
825 1391 1065 1450 corpore
1091 1382 1412 1453 loquebatur
1431 1386 1648 1440 dicens:

235 1467 360 1520 hora
371 1469 579 1537 quando
592 1486 912 1542 nequaquam
927 1475 1066 1528 vobis
1078 1477 1131 1528 in
1148 1477 1422 1544 proverbiis
1445 1477 1650 1546 loquar,

227 1564 472 1632 nﬁdenter
481 1566 546 1620 de
558 1564 719 1621 Patre
728 1569 1047 1624 annuutiabo
1061 1571 1200 1625 vobis
1212 1568 1394 1641 (Joan.
1415 1571 1649 1641 “1,25).

235 1656 572 1714 conﬁdenlitc
599 1673 936 1727 sermonem,
967 1663 1115 1717 solus
1141 1666 1335 1733 poterit
1363 1665 1530 1737 682
1557 1665 1654 1719 ob-

227 1766 267 1811 :,
316 1750 405 1819 qui
437 1766 544 1805 non
575 1751 826 1808 habuerit
854 1769 951 1808 cor
994 1770 1056 1810 se
1092 1756 1498 1822 reprehendens
1545 1774 1556 1809 :
1592 1756 1652 1812 Si

3243 381 3348 437 554

1841 471 2000 562 perii,
2052 478 2119 530 de
2165 493 2386 536 carcere
2418 491 2472 537 et
2520 484 2589 540 de
2620 486 2851 542 vinculis
2903 489 3346 562 triumphantem.

1760 557 1858 613 Vel
1886 572 2036 619 certe
2060 566 2130 621 ob
2157 568 2210 623 id
2250 571 2548 642 Tychicum
2582 576 2809 633 missum
2841 595 2983 642 esse.
3013 557 3266 641 ut-vitam
3299 600 3355 644 et

1757 658 2229 716 conversationem
2260 663 2436 732 Pauli,
2469 683 2630 738 quam
2657 670 2822 742 683
2863 672 3208 743 ignorabant,
3255 695 3354 734 an-

1759 744 2035 835 nuntiaret
2078 751 2190 818 eis,
2223 761 2278 808 et
2306 758 2463 824 quasi
2495 759 2768 827 quoddam
2817 766 3100 835 exemplar
3139 767 3354 826 vivendi

1756 833 1912 891 daret
1959 838 2298 898 discentibus
2346 859 2496 918 gesta
2546 848 2796 919 Apostoli
2826 833 2996 924 atque
3017 859 3268 925 virtutes,
3301 872 3356 916 et

1756 939 1882 980 eum
1914 927 2115 986 imitari
2139 935 2464 991 volentibus.
2501 939 2611 995 Nec
2641 957 2806 1012 parva
2830 961 2954 1001 esse
2982 960 3194 1017 poterat
3223 968 3358 1006 con-

1757 1018 1959 1074 solatio
1988 1025 2233 1081 :emulari
2265 1030 2623 1099 cupientium,
2659 1052 2781 1104 quae
2826 1040 3145 1107 Apostolum
3177 1045 3358 1113 egisse

1757 1125 2147 1182 cognoverant.

1832 1206 2015 1275 (Vers.
2049 1209 2167 1280 25.)
2203 1211 2323 1266 Pax
2353 1217 2623 1283 fratribus,
2668 1229 2713 1272 et
2741 1220 2969 1278 Charitas
3001 1244 3115 1279 cum
3147 1231 3278 1297 ﬁde,
3325 1249 3356 1282 (ι

1759 1297 1870 1352 Deo
1893 1299 2056 1358 Patre
2082 1313 2129 1355 et
2156 1302 2386 1360 Domino
2417 1308 2542 1362 Jesu
2568 1309 2794 1368 Christo.
2827 1315 2885 1369 Si
2913 1333 3014 1385 qua
3032 1318 3058 1355 b
3083 1322 3184 1374 alia
3213 1321 3353 1376 dona

1757 1399 1887 1444 sunt
1917 1408 2038 1458 qua:
2071 1395 2388 1452 tribuuntur
2417 1414 2446 1452 a
2480 1398 2594 1455 Deo
2625 1401 2809 1472 Patre,
2858 1415 2914 1460 et
2967 1409 3196 1465 Domino
3225 1411 3354 1465 Jesu

1756 1480 1996 1550 Christo,
2049 1486 2193 1542 inter
2222 1488 2341 1545 haec
2371 1507 2480 1560 pax
2503 1509 2610 1547 non
2645 1493 2924 1551 minimum
2981 1501 3225 1567 possidet
3270 1503 3352 1556 lo-

1756 1589 1899 1642 cum,
1926 1593 2048 1648 qua:
2076 1593 2302 1649 superat
2330 1599 2552 1638 onmem
2582 1601 2832 1656 sensum,
2857 1600 2910 1644 et
2934 1593 3167 1647 custodit
3192 1598 3356 1650 corda

1757 1667 2180 1740 intellectusque
2213 1685 2552 1744 sanctorum,
2584 1681 2856 1735 serenitas
2905 1685 3153 1752 quaedam
3195 1699 3360 1756 atque

1759 1761 2122 1829 tranquillitas
2165 1766 2362 1820 anima:
2389 1769 2749 1836 quiescentis,
2781 1784 2834 1827 et
2868 1776 3177 1832 universam
3213 1789 3352 1834 tem-

228 1860 306 1896 cor
331 1855 562 1898 nostrum
589 1862 681 1900 nos
711 1862 816 1901 non
845 1849 1256 1918 reprehenderit,
1287 1850 1653 1919 confidentiam
1682 1847 1733 1906 B
1761 1861 2026 1920 pestatem
2059 1865 2115 1908 et
2146 1857 2416 1912 turbinem
2453 1862 2924 1927 perturbationum
2955 1866 3166 1936 fugans.
3219 1869 3355 1925 lluic

227 1952 300 1989 tus
326 1935 394 1988 ad
418 1935 605 2003 Deum,
633 1949 680 1992 et
706 1940 1062 2011 quodcumque
1085 1943 1404 2012 petierimus,
1433 1944 1652 2014 accipie-

231 2030 259 2082 b
288 2047 347 2082 eo
374 2031 417 2098 (Ι
442 2029 600 2084 Joan.
636 2033 736 2104 ιιι).
774 2032 948 2088 Rarus
989 2034 1176 2104 itaque
1201 2046 1288 2090 est
1318 2036 1408 2104 qui
1438 2038 1490 2089 in
1523 2050 1654 2090 con-

231 2126 278 2179 ia
320 2134 508 2181 notum
565 2125 730 2182 faciat
785 2131 1106 2199 mysterium
1154 2131 1479 2200 Evangelii:
1529 2130 1652 2199 quia

245 2228 332 2273 est
361 2219 450 2290 qui
481 2219 866 2275 conﬁdentiam
918 2221 1117 2276 habeat
1165 2223 1231 2276 ad
1280 2223 1476 2280 Deum.
1527 2222 1654 2287 Quis

228 2311 522 2378 yloriabitur
542 2322 745 2367 castum
772 2329 827 2367 se
867 2313 1053 2368 habere
1093 2332 1180 2370 cor
1203 2331 1221 2369 :
1247 2325 1336 2368 aut
1362 2316 1475 2386 quis
1501 2316 1655 2370 stabit

256 2403 502 2456 mundum
526 2420 580 2458 se
608 2421 718 2459 esse
744 2422 775 2458 a
821 2408 1043 2475 peccatis
1071 2405 1259 2477 (Prov.
1294 2423 1388 2473 xx,
1420 2406 1500 2478 9).
1525 2408 1656 2464 Post

236 2493 324 2548 uid
357 2495 429 2550 sit
465 2494 569 2551 hoc
595 2496 740 2566 quod
763 2499 840 2552 ait
871 2515 886 2551 :
917 2496 1024 2552 Pro
1047 2515 1148 2569 quo
1180 2499 1437 2572 legatione
1463 2503 1654 2571 fungar

231 2604 358 2653 ena,
411 2597 471 2641 ut
505 2598 694 2643 notum
743 2589 1000 2645 videlicet
1049 2592 1282 2647 facerem
1331 2595 1651 2663 mysterium

227 2679 364 2748 gelii,
398 2679 640 2736 breviter
666 2684 1168 2754 perstringendum.
1223 2685 1288 2740 Et
1313 2687 1531 2756 quidem
1561 2687 1653 2757 qui

228 2773 375 2827 ,citer
444 2772 736 2844 intelligit,
807 2774 950 2829 dicet
1005 2785 1230 2844 prepter
1284 2778 1652 2832 testimonium

227 2866 250 2918 .i
301 2880 428 2919 eum
474 2865 544 2920 de
574 2880 817 2932 carcere,
847 2877 904 2922 et
951 2867 1020 2923 de
1062 2870 1272 2924 catenis
1305 2869 1419 2924 haec
1467 2871 1655 2926 Romze

236 2974 287 3011 m
311 2958 524 3027 scripta
553 2959 790 3016 misisse.
819 2961 974 3016 Alius
1000 2971 1025 2999 η
1051 2978 1180 3018 vero
1210 2973 1435 3031 propter
1455 2979 1656 3033 corpus

230 3052 400 3115 italis,
433 3059 489 3104 et
533 3059 780 3108 catenam
810 3053 970 3108 istam
1009 3069 1113 3125 qua
1142 3055 1569 3120 circumdamur,
1601 3065 1657 3111 et

234 3161 283 3196 ιιι
307 3144 518 3199 scimus
543 3144 842 3200 secundum
865 3148 1010 3218 quod
1040 3156 1260 3217 oportet
1285 3164 1383 3202 nos
1412 3149 1576 3214 seire,
1600 3157 1657 3203 et

228 3237 451 3293 ueculum
477 3237 726 3294 videmus
754 3240 809 3294 in
833 3241 1144 3310 aanigmate,
1169 3242 1274 3296 ista
1302 3258 1428 3298 eum
1449 3243 1654 3299 dixisse

228 3331 364 3396 idet,
396 3339 454 3386 et
472 3343 599 3385 tunc
621 3346 750 3387 vere
772 3347 932 3399 posse
960 3333 1012 3386 in
1035 3333 1372 3388 conlidentia
1401 3334 1651 3404 Evange-

228 3427 390 3481 erire
420 3426 705 3498 mysteria,
727 3441 850 3482 cum
875 3435 1125 3481 catenam
1148 3427 1483 3497 deposuerit,
1513 3435 1567 3480 et
1587 3427 1655 3482 de

228 3533 273 3573 ’θ
304 3517 448 3573 liber
477 3520 675 3573 exierit
703 3536 717 3571 :
747 3519 852 3574 nisi
881 3519 1023 3574 forte
1040 3529 1095 3574 et
1127 3520 1179 3572 in
1199 3519 1434 3574 vinculis
1450 3518 1655 3586 absque

235 3611 283 3664 is
305 3610 710 3679 computandas
731 3620 837 3676 est,
869 3611 959 3680 qui
989 3600 1468 3673 conversationem
1494 3609 1656 3664 habet

235 3706 307 3772 is,
337 3715 394 3760 et
427 3703 497 3758 de
521 3718 630 3774 quo
659 3701 764 3758 dici
797 3711 977 3772 potest
1004 3720 1017 3756 :
1059 3701 1162 3755 Vos
1192 3711 1367 3755 autem
1404 3719 1507 3755 nou
1531 3703 1656 3756 estis

227 3814 310 3863 ne,
351 3795 446 3850 sed
476 3795 531 3848 in
551 3795 739 3866 spiritu
760 3810 779 3849 :
810 3795 856 3848 si
882 3803 1050 3848 tamen
1080 3794 1294 3862 spiritus
1324 3793 1417 3846 Dei
1457 3791 1656 3846 habitat

228 3892 273 3945 is
305 3889 490 3958 (Rom.
521 3906 636 3956 vnt,
668 3889 748 3962 9).

228 3999 305 4039 rs.
339 3982 438 4050 21,
467 3982 586 4051 22.)
613 3980 681 4037 Ut
709 3991 883 4036 autem
901 3981 1078 4035 sciatis
1101 3989 1147 4035 et
1176 3997 1262 4035 vos
1287 3995 1405 4052 qua:
1423 3979 1558 4033 circa
1578 3997 1656 4033 me

227 4077 340 4144 yuid
372 4091 552 4146 agam,
583 4075 760 4128 omnia
787 4085 913 4127 nota
941 4074 1080 4126 vobis
1112 4075 1264 4143 faciet
1289 4071 1549 4142 Tyclticus
1576 4071 1658 4125 di-

235 4170 425 4238 frater,
454 4175 500 4220 et
523 4165 696 4234 ﬁdelis
724 4165 955 4219 minister
994 4165 1048 4218 in
1074 4161 1296 4217 Domino
1325 4179 1344 4216 .'
1367 4180 1514 4233 quem
1544 4162 1659 4216 misi

227 4277 238 4312 ς
269 4260 326 4312 in
348 4258 451 4311 hoc
467 4257 662 4327 ipsum,
693 4267 750 4309 ut
771 4255 1090 4328 cognoscatis
1107 4271 1218 4324 qum
1236 4255 1375 4308 circa
1402 4270 1494 4307 nos
1513 4261 1654 4320 sunt,

231 4351 434 4404 soletur
484 4348 646 4403 corda
698 4357 888 4401 vestra.
923 4347 1224 4416 Dupliciter
1254 4345 1484 4414 accipite
1517 4361 1530 4398 :
1564 4345 1656 4399 Vel

227 4443 513 4514 rychicum
546 4441 772 4495 missum
825 4439 1122 4509 Ephesum,
1166 4446 1224 4492 ut
1260 4437 1534 4491 nuntiaret
1581 4435 1660 4490 eis

227 4538 272 4590 la
315 4533 554 4603 apostoli
587 4532 741 4589 Pauli
769 4543 894 4588 nota
923 4532 1064 4586 faeta
1092 4547 1214 4586 esse
1246 4531 1299 4584 in
1329 4531 1478 4584 omni
1515 4545 1658 4600 prte-

1755 1943 1951 1999 similis
1979 1955 2066 2000 est
2093 1947 2332 2004 Charitas
2359 1966 2480 2005 cum
2529 1953 2658 2018 ﬁde,
2703 1971 2863 2022 quam
2891 1967 2947 2011 et
2990 1960 3162 2029 ipsam
3195 1962 3357 2018 simul

1745 2032 1895 2096 ,Deus
1929 2034 2091 2090 Pater
2120 2038 2285 2093 donat
2317 2049 2372 2095 et
2394 2041 2587 2109 Filius,
2641 2053 2700 2097 ut
2749 2045 3040 2116 diligamus
3084 2051 3250 2106 Deum
3284 2052 3353 2108 de

1757 2133 1869 2178 toto
1915 2128 2104 2194 corde,
2157 2141 2210 2185 et
2243 2133 2523 2200 proximos
2569 2133 2710 2190 sicut
2741 2141 3126 2209 nosmetipsos,
3169 2152 3224 2197 et
3256 2159 3359 2214 pro

1756 2215 1996 2272 inimicis
2036 2223 2238 2275 nostris
2290 2239 2598 2290 precemur.
2637 2228 2782 2282 llaoc
2811 2245 2995 2298 pacem
3027 2243 3082 2287 et
3113 2235 3354 2290 eharita-

1757 2317 1898 2375 tem,
1959 2326 2120 2382 quam
2171 2313 2524 2370 credentibus
2556 2319 2850 2386 Apostolus
2902 2321 3250 2391 imprecetur,
3299 2327 3354 2380 hi

1758 2408 1968 2457 tantum
1992 2402 2218 2472 habent,
2251 2408 2340 2476 qui
2360 2407 2587 2463 fratrum
2610 2410 2832 2466 nomine
2853 2425 3131 2470 merentur
3149 2423 3353 2473 vocari.

1757 2491 1878 2549 Pax
1906 2497 2106 2566 quippe
2135 2499 2401 2567 fratribus,
2434 2511 2482 2556 et
2513 2501 2741 2557 Charitas
2788 2522 2905 2558 cum
2957 2507 3060 2574 ﬁde
3109 2519 3157 2562 et
3207 2528 3352 2580 pace.

1758 2581 1927 2652 Igitur
1954 2595 2008 2641 et
2037 2589 2361 2644 charitatem
2407 2602 2462 2646 et
2508 2593 2671 2648 ﬁdem
2728 2595 2804 2650 sie
2861 2597 3019 2652 Pater
3049 2610 3269 2666 prwstat
3302 2612 3358 2657 ut

1757 2674 1924 2733 Filius
1955 2695 1969 2734 :
2001 2691 2054 2734 et
2087 2681 2310 2738 haeresis
2338 2684 2696 2752 obmutescit,
2726 2707 2849 2760 qua:
2882 2707 2988 2746 non
3020 2695 3133 2748 vult
3163 2697 3355 2752 eadem

1759 2767 1958 2824 Filium
1987 2789 2151 2842 posse
2179 2792 2300 2843 qua:
2328 2774 2566 2833 Patrem.

1830 2862 2012 2934 (Vers.
2059 2864 2179 2936 24.)
2227 2866 2410 2922 Gratia
2453 2885 2570 2924 cum
2610 2875 2845 2928 omnibus
2874 2879 2961 2943 qui
2993 2878 3214 2952 diligunt
3248 2879 3358 2936 Do-

1757 2954 2156 3012 minumlesum
2182 2958 2444 3014 Christum
2469 2962 2522 3014 in
2560 2964 2965 3035 incorruptione.
3004 2973 3185 3025 Amen.
3210 2973 3360 3029 Non-

1759 3048 1890 3101 nulli
1915 3047 2017 3103 hoc
2040 3050 2108 3103 ita
2136 3051 2479 3121 interpretati
2512 3067 2658 3121 sunt,
2686 3068 2741 3110 ιιι
2765 3059 2931 3131 684
2952 3078 3076 3117 eum
3103 3075 3357 3132 putarent

1760 3138 1987 3210 diligere
2018 3139 2306 3195 Dominum
2343 3157 2589 3199 nostrum
2622 3147 2807 3202 .Iesutn
2831 3151 3132 3219 Christum,
3166 3158 3256 3225 qui
3290 3159 3357 3212 ab

1759 3233 2014 3302 operibus
2040 3237 2418 3316 corruptionis
2449 3240 2656 3295 alienus
2678 3243 2770 3305 sit,
2798 3259 2965 3311 Opera
2988 3252 3362 3316 corruptionis

1759 3323 1810 3376 in
1843 3325 1988 3379 coitu
2035 3327 2357 3382 sentientes.
2383 3314 2552 3384 ’Unde
2600 3341 2654 3385 et
2699 3335 3036 3391 consuetudo
3085 3314 3358 3396 etsermo

1758 3419 1996 3489 vulgaris
2026 3421 2396 3490 incorruptos,
2419 3423 2664 3493 virgines
2679 3437 2855 3493 vocat,
2887 3445 3092 3499 eosque
3124 3434 3214 3502 qui
3243 3437 3358 3490 coi-

1761 3519 1870 3564 tum
1901 3513 2147 3568 nesciant
2195 3513 2540 3569 fetnittarttttt.
2589 3515 2888 3590 Corruptos
2938 3537 3068 3576 vero
3095 3539 3212 3591 eos,
3262 3527 3353 3594 qui

1758 3601 2069 3658 istiusmodi
2112 3605 2519 3676 degustaverint
2552 3609 2908 3679 voluptatem.
2951 3613 3091 3668 lllud
3140 3633 3355 3688 quoque

1759 3695 2132 3752 testimonium
2179 3707 2503 3768 coaptantes
2533 3717 2547 3756 :
2595 3701 2657 3756 Si
2692 3704 2806 3772 quis
2837 3707 3084 3775 templum
3117 3708 3213 3762 Dei
3243 3728 3358 3765 cor-

1757 3790 1974 3859 rumpit,
2014 3799 2304 3861 corrumpet
2361 3790 2510 3844 illum
2557 3791 2764 3862 Deus(l
2795 3793 2914 3847 Cor.
2960 3811 3037 3861 ιιι,
3089 3798 3197 3867 17).
3249 3801 3354 3857 Sed

1760 3883 1944 3935 nescio
1996 3898 2064 3935 an
2121 3882 2224 3937 hoc
2275 3883 2492 3937 valeant
2526 3887 2820 3952 explanare
2863 3887 3006 3956 quod
3053 3892 3357 3950 scribitur:

1764 3973 2125 4047 Unusquisque
2153 3977 2417 4046 proprium
2453 3975 2605 4031 habet
2649 3977 2841 4031 donum
2865 3997 2897 4032 a
2920 3979 3027 4033 Deo
3050 3998 3067 4036 :
3089 3983 3222 4037 alius
3246 3986 3362 4053 qui-

1760 4068 1876 4121 dem
1904 4069 1998 4131 sic,
2031 4076 2076 4120 et
2105 4069 2239 4122 alius
2265 4069 2339 4121 sic
2362 4067 2522 4138 (Ibid.
2547 4084 2640 4133 vn,
2677 4071 2754 4138 7).
2782 4071 3073 4126 Videamus
3104 4075 3268 4144 igitur
3293 4093 3359 4131 ne

1761 4159 1902 4215 forte
1925 4161 2119 4214 melius
2147 4161 2218 4213 sit
2247 4175 2409 4214 ontne
2432 4170 2712 4230 peccatum
2735 4166 3138 4232 corruptionem
3163 4168 3360 4222 anima:

1761 4251 2088 4321 intelligere,
2126 4261 2184 4306 et
2219 4265 2314 4305 eos
2344 4253 2434 4321 qui
2463 4266 2492 4304 a
2525 4266 2751 4320 peccato
2783 4251 2938 4306 liberi
2982 4267 3130 4320 sunt,
3181 4260 3360 4312 incor-

1764 4349 1952 4410 ruptos
2001 4341 2184 4396 vocari
2223 4357 2238 4397 :
2272 4343 2342 4396 ita
2391 4349 2450 4395 ut
2497 4343 2788 4412 diligentes
2839 4344 3121 4400 Dominum
3170 4348 3356 4402 Jesnm

1764 4435 2063 4497 Christum,
2081 4435 2134 4487 in
2154 4433 2566 4503 incorruptione
2589 4435 2718 4500 sitit,
2741 4435 2866 4489 dum
2893 4439 3097 4504 peccati
3126 4437 3358 4495 \iuculis

1766 4541 1873 4578 non
1917 4535 2194 4590 tenentur,
2223 4535 2430 4579 etcum
2480 4526 2559 4579 eis
2600 4536 2682 4579 est
2725 4526 2895 4596 gratia
2931 4527 3044 4581 Dei.
3078 4529 3359 4599 Simulque

261 4635 319 4680 et,
355 4595 622 4680 'catetiam
665 4624 814 4679 illius
859 4624 925 4678 ad
955 4623 1114 4677 ﬁdem
1148 4623 1431 4691 Evangelii
1481 4595 1661 4690 profe-
1689 4595 1737 4654 Ῑ)
1765 4615 2004 4668 arbitror
2034 4615 2100 4670 ad
2129 4615 2538 4670 distinctionem
2568 4595 2758 4670 eorum
2790 4619 2884 4688 qui
2915 4621 3139 4690 diligunt
3177 4595 3358 4678 Domi-

256 4733 328 4773 eo
361 4727 609 4786 tempore
640 4732 748 4783 quo
777 4723 832 4770 et
854 4714 922 4768 ad
953 4714 1304 4768 Colossenses
1333 4711 1552 4780 scripsit
1579 4711 1660 4764 di-

227 4811 402 4876 ;Qute
452 4810 591 4862 circa
624 4826 702 4862 me
747 4818 886 4869 sunt,
941 4807 1112 4860 omnia
1160 4813 1280 4856 nota
1328 4803 1466 4856 vobis
1513 4803 1668 4872 faciet

227 4920 317 4957 cus
345 4903 514 4974 frater
540 4903 781 4968 dilectus,
819 4911 866 4954 et
915 4900 1165 4961 minister,
1217 4907 1263 4950 et
1308 4912 1581 4951 conservus
1611 4899 1663 4949 in

228 5012 320 5049 ’lO.‘
344 5012 497 5065 quem
523 4995 639 5048 misi
659 4994 726 5047 ad
738 5011 822 5048 vos
849 4994 909 5046 ob
937 4991 1034 5044 hoc
1061 4993 1250 5056 ipsum,
1272 4999 1325 5043 ut
1348 4991 1664 5060 cognoscatis

228 5088 355 5141 :irca
386 5103 484 5141 nos
528 5095 692 5140 sunt:
721 5094 769 5140 et
805 5084 1098 5138 consoletur
1146 5083 1305 5136 corda
1349 5092 1513 5136 vestra.
1551 5099 1613 5134 cu
1634 5098 1665 5132 ιι

227 5195 308 5231 mo
355 5177 662 5230 charissima
691 5185 740 5228 et
783 5173 924 5241 fideli
951 5173 1138 5242 fratre,
1167 5172 1254 5240 qui
1296 5180 1371 5224 est
1399 5187 1462 5224 ea:
1505 5170 1666 5236 vobis,

228 5270 359 5322 nnia
380 5283 500 5338 qute
524 5267 609 5321 hic
649 5277 894 5340 aguntur,
927 5275 1052 5318 nota
1081 5265 1236 5334 faciet
1277 5262 1413 5317 vobis
1445 5262 1668 5334 (Coloss.

245 5360 443 5432 seqq.).
493 5359 730 5416 Grandis
782 5359 924 5414 enim
967 5357 1270 5412 consolatio
1298 5366 1444 5422 erat,
1480 5355 1670 5411 audire

228 5471 290 5509 tm
314 5453 509 5508 Roma:
540 5452 594 5507 in
625 5451 848 5507 domina
873 5449 1116 5517 urbium,
1137 5459 1191 5504 et
1219 5448 1272 5502 in
1288 5462 1418 5503 arce
1441 5448 1666 5502 Romani

227 5673 356 5726 [unc
398 5685 526 5726 esse
564 5669 878 5739 Origenem,
927 5681 1090 5722 nemo
1118 5681 1226 5721 non
1258 5665 1546 5739 intelliget,
1580 5667 1670 5733 qui

227 5760 269 5796 is
319 5741 547 5808 scriptis
594 5736 858 5808 tantisper
889 5747 1135 5808 versatus
1183 5739 1272 5808 sit.
1307 5736 1671 5804 Quamobrem

227 5829 268 5868 ‘a
298 5821 388 5869 est
417 5807 683 5876 Ruﬁnus,
726 5807 815 5877 qni
850 5809 943 5862 lib.
981 5825 992 5860 ι
1025 5807 1348 5862 lnvectivar.
1398 5821 1546 5860 nunt.
1580 5809 1670 5874 ΛΟ,

399 5908 678 5968 ΡΑτιιυι.
728 5905 958 5967 XXVI.

1767 4707 2088 4762 numJesum
2115 4706 2415 4769 Christum.
2442 4707 2535 4762 sed
2570 4723 2676 4762 non
2701 4710 2754 4761 in
2783 4712 3190 4782 incorruptione
3216 4734 3357 4771 nunc

1768 4801 2026 4871 positum,
2077 4815 2171 4853 eos
2217 4797 2446 4868 gratiam
2496 4799 2703 4854 habere
2748 4800 2968 4867 Christi,
3002 4807 3093 4872 qui
3131 4807 3362 4876 diligant

1767 4909 1890 4948 eum
1927 4893 1977 4947 in
2012 4892 2445 4961 incorruptione.
2493 4893 2690 4957 Quanti
2729 4895 2872 4947 enim
2907 4896 3134 4964 diligunt
3177 4900 3361 4954 Domi-

1771 5002 1922 5051 num,
1957 4984 2126 5052 parati
2156 4982 2363 5046 exsilia,
2393 4985 2565 5048 parati
2592 4985 2870 5053 tnarzytia.
2897 4987 3071 5054 parati
3103 4990 3361 5058 inopiam,

1770 5085 1826 5132 et
1855 5076 2034 5130 omnia
2062 5093 2161 5146 pro
2187 5089 2253 5130 eo
2282 5074 2732 5128 contumeliarmn
2763 5090 2965 5143 genera
2988 5082 3286 5144 sustinete,
3311 5091 3366 5136 et

1771 5169 2122 5222 nihilominus
2143 5167 2324 5221 carnis
2347 5166 2602 5238 passione
2625 5173 2952 5233 superantur
2975 5182 2989 5219 :
3014 5169 3109 5221 sed
3140 5167 3224 5221 his
3257 5187 3362 5224 non

1771 5262 2102 5331 imprecetur
2138 5260 2438 5330 Apostolus
2467 5258 2692 5329 gratiam
2728 5260 2892 5328 :quia
2935 5261 3106 5329 gratia
3155 5262 3366 5316 Domini

1770 5361 1854 5408 est
1899 5367 2020 5406 eum
2072 5350 2328 5407 omnibus
2384 5351 2474 5418 qui
2546 5348 2775 5418 diligunt
2833 5364 2960 5403 eum
3013 5350 3067 5403 in
3125 5350 3372 5406 incorru-

1773 5446 1980 5516 ptione.

1781 5664 1898 5719 htec
1927 5665 2079 5733 quasi
2107 5663 2419 5733 Hieronymi
2451 5666 2664 5733 propria
2693 5662 3081 5716 calumniatur.

1854 5734 1879 5772 δ
1912 5735 2154 5789 Βεῑιιιιιὶι
2188 5735 2548 5803 Martinam-us,
2602 5734 2663 5790 Si
2712 5749 2813 5802 qua
2859 5734 3030 5787 aliena
3071 5736 3232 5803 (fana,
3265 5750 3370 5793 etc.

1779 5806 2008 5862 Leviora
2033 5822 2157 5862 mox
2184 5807 2533 5876 casngamus.

2766 5905 2840 5965 18
