4046 6372
491 322 598 393 559
1796 327 1853 385 s.
1898 325 2167 384 unseen
2205 316 2587 385 lllEltONYMI
3670 330 3785 391 550

489 451 585 521 qui
641 450 843 505 habent
883 446 1102 517 pietatis
1152 457 1339 500 veram
1379 442 1748 513 cognitionem
1784 440 1924 498 :sed
1973 457 2082 497 non
2110 442 2160 503 A
2187 441 2369 497 lorum
2400 442 2568 498 fuisse
2598 441 2933 499 credendum
2965 450 3081 510 est,
3136 442 3332 514 quibus
3384 457 3606 514 semper
3647 459 3772 499 cum

490 545 677 599 statim
706 553 763 597 et
793 550 1113 596 exterarum
1164 535 1361 591 artium
1408 544 1464 590 et
1492 548 1721 598 earum,
1775 532 1843 587 de
1885 531 2084 603 quibus
2185 532 2327 590 Filio
2353 547 2407 590 et
2438 534 2649 605 Spiritu
2679 545 2870 590 sancto
2911 535 3081 591 fuerit
3119 535 3324 591 Pater:
3366 545 3423 591 et
3477 544 3537 591 ut
3579 536 3650 590 ita
3694 535 3779 591 di-

491 648 659 701 supra
691 629 1021 685 mentionem
1075 626 1337 693 fecimus,
1384 624 1694 681 veritatem.
1740 622 1867 678 Hinc
1921 622 2086 693 igitur
2185 642 2331 693 cam,
2354 644 2518 683 unum
2553 638 2773 699 tempus
2795 629 2913 695 Dei,
2946 629 3228 685 estomnis
3249 627 3531 685 :eternitas
3562 646 3576 683 :
3611 629 3777 684 immo

484 725 713 790 veritas,
742 721 896 791 cujus
919 719 1165 790 cognitio
1189 718 1343 789 juxta
1377 719 1637 789 pietatem
1668 726 1777 786 est,
1808 717 1861 772 in
1884 732 1982 788 spe
2004 717 2086 772 vi-
2187 718 2611 776 innumerabilia
2646 728 2895 791 tempora
2918 731 3069 789 sunt,
3093 735 3219 776 cum
3264 719 3514 775 inﬁnitus
3564 719 3640 774 sit
3661 718 3778 788 ipse

488 826 561 871 tzc
589 823 807 870 mternae
837 814 1014 883 posita
1041 820 1128 868 est
1161 830 1173 867 :
1199 812 1326 884 quia
1355 815 1538 867 statim
1563 812 1612 868 ei
1646 813 1739 882 qui
1789 826 1850 866 se
1880 825 2086 882 cogno-
2187 815 2278 884 qui
2312 824 2441 869 ante
2470 821 2711 884 tempora
2737 828 2902 869 omne
2931 821 3145 882 tempus
3169 811 3404 868 excedit.
3435 811 3544 868 Sed
3573 809 3603 851 δ
3628 811 3779 868 mille

486 910 650 977 verit,
676 908 962 979 praemium
990 908 1186 963 tribuit
1209 908 1664 963 immortalitatis.
1715 905 1937 977 Absque
1965 905 2080 975 pie-
2195 906 2428 963 necdum
2469 906 2645 961 nostri
2683 906 2836 962 orbis
2878 906 3175 976 implentur
3210 906 3339 960 anni
3375 922 3389 959 :
3438 916 3495 960 et
3545 913 3779 976 quantas

490 1012 603 1056 tate
650 1017 783 1057 vero
843 1000 1037 1056 notitia
1086 1001 1338 1055 veritatis
1394 1000 1629 1055 delectat
1684 997 1752 1053 ad
1797 1012 2079 1069 praesens:
2188 996 2344 1066 prius
2364 997 2724 1064 teternitates,
2752 1007 2950 1068 quanta
2973 1004 3247 1066 tempora,
3289 1005 3524 1066 quantas
3550 996 3781 1052 saeculo-

484 1095 583 1150 sed
604 1092 975 1149 aeternitatem
1009 1108 1117 1147 non
1145 1092 1310 1148 habet
1335 1092 1708 1163 praemiorum,
1759 1105 1922 1161 quam
1949 1104 2081 1160 pro-
2183 1104 2303 1144 rum
2331 1091 2570 1159 origines
2618 1088 2784 1144 fuisse
2821 1088 3196 1144 arbitrandum
3222 1096 3328 1155 est,
3358 1087 3413 1142 in
3439 1086 3638 1157 quibus
3682 1102 3781 1143 an-

486 1186 638 1242 misit
668 1202 780 1241 non
830 1185 1060 1241 mendax
1117 1185 1263 1239 Deus
1315 1196 1442 1240 ante
1487 1185 1689 1241 saecula
1746 1192 1993 1239 aeterna:
2028 1190 2084 1240 et
2178 1181 2309 1251 geli,
2345 1180 2550 1246 throni,
2580 1180 3014 1247 dominationes,
3046 1187 3370 1250 craterasque
3400 1177 3636 1234 virtutes
3655 1194 3776 1235 ser-

484 1277 854 1335 manifestavit
900 1293 1021 1334 eam
1064 1277 1404 1347 temporibus
1432 1278 1547 1334 suis
1597 1277 1650 1332 in
1676 1275 1898 1332 Christo
1923 1274 2075 1331 Jcsu.
2182 1272 2381 1328 vieriut
2418 1273 2532 1329 Deo
2577 1291 2588 1325 :
2631 1283 2686 1329 et
2735 1273 2941 1343 absque
2992 1281 3298 1343 temporum
3344 1269 3559 1326 vicibus
3612 1282 3778 1342 atque

484 1370 581 1425 Cui
614 1379 795 1424 autem
822 1370 1077 1438 promisit
1103 1380 1252 1435 ante,
1305 1380 1361 1425 et
1385 1377 1575 1441 postea
1622 1368 1753 1424 fecit
1788 1382 1911 1423 esse
1956 1381 2081 1438 per-
2183 1369 2479 1435 mensuris,
2516 1370 2626 1424 Deo
2653 1367 2902 1439 jubente,
2930 1364 3325 1423 substiterint!
3354 1368 3496 1421 Ante
3526 1364 3642 1421 [nec
3672 1366 3779 1422 ita-

480 1461 750 1531 spicuam,
783 1460 884 1515 nisi
917 1461 1201 1531 sapientia:
1232 1477 1366 1526 suae,
1397 1476 1518 1530 quae
1545 1470 1666 1516 erat
1690 1474 1909 1531 semper
1953 1475 2077 1514 cum
2180 1476 2288 1532 que
2315 1461 2497 1516 omnia
2530 1470 2779 1531 tempora
2805 1503 2821 1529 ,
2873 1475 2997 1531 quae
3039 1474 3141 1516 nec
3189 1472 3374 1514 sermo
3400 1459 3578 1529 eloqui
3605 1500 3620 1525 ,
3666 1474 3772 1515 nec

482 1552 672 1618 Patre,
705 1567 827 1607 cum
883 1552 1166 1607 laetaretur
1194 1552 1333 1607 orbc
1364 1552 1610 1622 perfecto
1644 1597 1659 1619 ,
1711 1560 1767 1606 et
1818 1549 2082 1621 gauderet
2181 1570 2335 1612 mens
2358 1555 2852 1626 comprehendere,
2884 1570 2986 1611 nec
3022 1552 3284 1625 cogitatio
3310 1552 3476 1608 tacita
3500 1553 3663 1610 audet
3687 1562 3770 1608 at.

481 1659 651 1715 super
682 1644 808 1698 ﬁliis
830 1643 1136 1710 hominum,
1179 1651 1240 1698 et
1262 1643 1582 1713 repromisit
1620 1657 1717 1698 eos
1745 1643 2076 1714 quicumque

480 1737 537 1792 in
566 1737 661 1792 illa
691 1736 950 1791 credituri
970 1745 1177 1801 essent,
1211 1736 1495 1790 habituros
1544 1749 1668 1790 esse
1697 1734 1863 1789 vitam
1915 1744 2074 1789 aster-

2182 1649 2418 1718 tingere,
2450 1648 2710 1718 promisit
2737 1646 2882 1703 Deus
2909 1645 3071 1703 Pater
3091 1644 3382 1717 sapientia:
3402 1660 3515 1701 sua:
3538 1646 3773 1701 verbum

2179 1753 2364 1807 suum,
2391 1750 2445 1796 et
2482 1743 2657 1810 ipsam
2685 1739 3012 1812 sapientiam
3041 1754 3194 1795 suam
3220 1779 3237 1807 ,
3284 1746 3342 1793 et
3367 1739 3530 1794 vitam
3579 1752 3771 1793 eorum

478 1829 645 1885 nam?
674 1835 982 1898 Antequam
1014 1827 1165 1884 orbis
1208 1827 1419 1897 jaceret
1466 1826 1822 1882 fundamenta
1846 1867 1861 1891 ,
1913 1835 2070 1880 ante-
2103 1814 2153 1876 Β
2179 1833 2552 1902 quicredituri
2578 1831 2984 1901 erant,mundo
3004 1843 3442 1890 esseventuram.
3466 1829 3774 1900 Diligenter

481 1935 642 1992 quam
668 1919 839 1973 maria
866 1917 1223 1987 diffunderet,
1252 1928 1471 1973 montes
1522 1924 1816 1986 statueret,
1873 1916 2074 1993 omium

478 2013 863 2082 suSpenderet,
895 2022 1092 2066 terram
1138 2009 1346 2080 dejecta
1399 2009 1545 2065 mole
1596 2009 1903 2076 solidaret,
1955 2009 2075 2064 haec

476 2104 795 2173 repromisit
848 2104 993 2158 Deus
1015 2144 1030 2169 ,
1081 2104 1135 2157 in
1166 2118 1276 2174 quo
1300 2102 1643 2158 mendacium
1673 2118 1782 2157 non
1814 2111 1920 2157 est.
1952 2100 2073 2157 Non

475 2196 601 2266 quia
627 2196 805 2265 possit
825 2194 1065 2261 mentiri,
1096 2204 1151 2249 et
1182 2194 1319 2249 ttulit
1343 2193 1398 2248 itt
1425 2192 1681 2249 falsitatis
1720 2193 1886 2249 verba
1940 2208 2070 2264 pro-

476 2303 731 2360 rumpere
766 2307 778 2342 :
810 2289 909 2344 sed
935 2290 1058 2358 quia
1090 2286 1185 2359 qui
1217 2295 1374 2358 pater
1404 2287 1476 2342 sit
1514 2285 1764 2341 veritatis
1785 2326 1800 2352 ,
1858 2284 2069 2340 nullum

474 2381 531 2435 ln
561 2397 621 2434 se
649 2380 811 2435 habet
845 2378 1213 2445 mendacium,
1255 2377 1556 2434 secundum
1592 2376 1731 2431 illud
1763 2373 1928 2432 :Fiat
1977 2391 2073 2428 au-

475 2483 578 2530 tem
606 2473 747 2529 Deus
786 2489 940 2528 verax
970 2488 989 2526 :
1032 2474 1199 2527 omnis
1228 2481 1403 2526 autem
1432 2470 1590 2526 homo
1617 2468 1843 2524 mendax
1886 2467 2070 2541 (Rom.

474 2585 559 2639 ιιι,
587 2572 664 2638 Ii).
694 2567 999 2637 Propterea
1026 2575 1208 2622 autem
1236 2582 1343 2621 non
1379 2566 1618 2621 mendax
1644 2565 1791 2620 Deus
1822 2563 2021 2619 dicitur
2056 2581 2068 2617 :

473 2662 677 2718 etenim
700 2659 810 2733 [AL
844 2657 922 2732 et]
953 2674 1077 2715 cum
1132 2657 1499 2729 jurejurando
1547 2656 1796 2729 quanlant
1844 2655 1901 2711 in
1944 2670 2072 2725 pro-

472 2754 655 2825 phetis
690 2756 997 2826 pollicetur,
1055 2763 1116 2808 ut
1148 2768 1251 2808 nos
1303 2752 1616 2807 securiores
1645 2750 1823 2806 elfecti
1850 2791 1864 2815 ,
1896 2747 2070 2819 magis

471 2860 758 2917 speremus
798 2846 981 2899 futura
1018 2859 1144 2899 esse
1174 2859 1295 2914 qua:
1327 2842 1586 2913 przedicta
1624 2850 1753 2897 sunt
1777 2882 1793 2907 ,
1842 2850 1899 2897 et
1952 2848 2067 2895 tota

470 2949 655 2996 mente
676 2938 989 3004 credentes,
1013 2937 1081 2993 ad
1110 2937 1499 3008 consequentia
1547 2952 1612 2993 ea
1661 2952 1783 3007 qua:
1833 2944 2064 2991 ventura

470 3043 617 3097 sunt,
649 3047 1039 3103 praeparemur.

537 3124 653 3180 Neu
677 3126 745 3179 ab
776 3140 835 3181 re
864 3124 1079 3180 videtur
1097 3124 1342 3181 breviter
1369 3125 1765 3195 perstringere,
1791 3139 1895 3181 cur
1921 3124 2064 3182 Dens

470 3217 620 3273 solus
642 3231 830 3284 verax,
853 3225 911 3273 et
932 3216 1114 3272 omnis
1137 3216 1301 3273 homo
1331 3194 1589 3284 mendax,
1626 3194 1898 3287 iApostoli
1929 3230 2065 3272 voce
2094 3194 2143 3261 (ἶ

467 3313 705 3368 dicatur.
735 3312 801 3367 Et
827 3312 933 3366 nisi
960 3310 1157 3380 fallor,
1188 3310 1467 3381 quomodo
1511 3311 1660 3365 solus
1696 3310 1900 3365 habere
1927 3309 2067 3365 dici-

465 3414 555 3459 tur
577 3404 1062 3472 immortalitatem,
1096 3418 1221 3458 cum
1252 3412 1309 3457 et
1332 3403 1560 3474 angelos
1582 3413 1637 3457 et
1663 3403 1864 3458 multas
1890 3402 2055 3458 ratio-

463 3495 674 3551 nabiles
704 3495 901 3551 fecerit
927 3505 1238 3560 creaturas,
1269 3495 1469 3564 quibus
1496 3493 1711 3549 dederit
1741 3494 2063 3550 immortali-

465 3594 632 3640 tatem
667 3602 680 3640 :
715 3586 789 3639 ita
819 3597 874 3640 et
904 3587 1056 3639 solus
1085 3583 1295 3640 dicitur
1327 3598 1452 3640 esse
1494 3584 1658 3656 691
1686 3600 1852 3640 verax
1896 3604 1908 3641 :
1951 3601 2061 3641 non

462 3677 610 3748 quod
638 3687 695 3734 et
720 3676 925 3741 caeteri,
956 3692 1066 3730 non
1116 3676 1494 3741 immortales,
1551 3687 1603 3731 ct
1654 3679 1905 3732 veritatis
1953 3678 2065 3734 sint

465 3778 772 3835 amatores,
804 3768 904 3824 sed
934 3767 1079 3838 quod
1108 3766 1207 3824 ille
1227 3768 1380 3823 solus
1412 3767 1733 3824 naturaliter
1764 3771 1857 3837 sit,
1881 3779 1937 3825 et
1962 3771 2064 3826 im-

461 3863 738 3926 mortalis,
769 3872 827 3916 ct
858 3875 1039 3916 verus.
1069 3858 1271 3916 Crateri
1319 3876 1454 3916 vero
1509 3861 1982 3917 immortalitatem
2009 3872 2065 3918 et

463 3953 748 4008 veritatem
772 3967 837 4006 ex
870 3951 1161 4021 largitione
1189 3952 1336 4006 illius
1357 3961 1788 4023 consequantur,
1837 3962 1893 4009 et
1911 3953 2059 4010 aliud

465 4046 538 4100 sit
562 4058 750 4099 verum
782 4056 930 4106 esse,
963 4050 991 4080 ι
1018 4041 1149 4113 quid
1178 4042 1384 4098 habere
1431 4059 1534 4113 per
1561 4052 1738 4099 semet
1770 4062 1782 4098 :
1832 4044 1980 4100 aliud
2007 4046 2060 4101 in

461 4145 739 4208 potestate
789 4134 1047 4190 donantis
1074 4150 1199 4191 esse
1238 4135 1383 4205 quod
1412 4135 1638 4190 habeas.
1670 4135 1778 4192 Sed
1809 4150 1911 4191 nec
1957 4136 2060 4193 hoc

465 4228 690 4283 silentio
720 4226 1167 4298 praetereundum
1200 4234 1357 4298 puto,
1385 4227 1661 4297 quomodo
1691 4244 1801 4283 non
1826 4228 2059 4286 mendax

464 4317 631 4385 Deus,
661 4326 788 4373 ante
810 4326 1018 4372 mterna
1041 4317 1276 4384 saecula,
1300 4328 1562 4374 aeternam
1589 4318 1953 4390 speponderit
1980 4320 2061 4376 vi-

463 4420 573 4466 tam
609 4428 623 4466 :
654 4426 720 4467 ex
750 4424 863 4481 quo
886 4409 1043 4481 juxta
1072 4410 1358 4467 historiam
1414 4410 1698 4467 Geneseos
1748 4412 1927 4469 factus
1973 4423 2058 4469 est

461 4502 725 4567 mundus,
757 4510 812 4557 et
835 4515 931 4571 per
954 4501 1097 4556 vices
1125 4502 1365 4557 noctium
1390 4517 1455 4558 ac
1486 4502 1720 4572 dierum,
1780 4505 2051 4561 mensium

2178 1925 2447 1981 attendite
2497 1935 2703 1981 textum
2750 1933 2806 1983 et
2849 1926 3098 1981 ordinem
3147 1925 3402 1982 lectionis
3449 1940 3464 1976 :
3511 1920 3772 1993 quoniam

2176 2017 2288 2073 vita
2317 2028 2524 2073 :eterna
2555 2033 2715 2089 quam
2768 2033 2876 2073 non
2906 2017 3140 2074 mendax
3193 2018 3336 2074 Deus
3388 2027 3517 2071 ante
3570 2011 3773 2069 secula

2177 2118 2385 2165 aeterna
2437 2110 2729 2179 promisit,
2785 2125 2896 2164 nun
2942 2109 3045 2165 alia
3091 2110 3161 2164 sit
3204 2108 3412 2180 absque
3441 2106 3617 2163 verbo
3650 2105 3768 2161 Dei.

2175 2203 2543 2259 Manifestavit
2564 2204 2735 2270 enim,
2761 2204 2970 2270 inquit,
3019 2203 3365 2275 temporibus
3394 2201 3512 2257 suis
3541 2199 3770 2256 verbum

2175 2312 2332 2353 suum
2361 2313 2374 2350 :
2404 2295 2550 2366 Ergo
2578 2311 2743 2367 quam
2770 2298 3103 2366 promiserat
3146 2296 3314 2349 vitam
3340 2305 3624 2357 aeternam,
3655 2292 3771 2361 ipsa

2174 2399 2261 2446 est
2289 2389 2527 2446 Verbum
2560 2404 2715 2445 suum
2744 2430 2758 2456 ,
2812 2387 2955 2458 quod
3002 2388 3058 2443 in
3114 2386 3384 2458 principio
3428 2387 3595 2460 692
3642 2394 3763 2441 erat

2173 2481 2317 2552 apud
2369 2481 2714 2537 Patrem:ct
2768 2480 2914 2536 Deus
2963 2489 3083 2536 erat
3130 2478 3395 2545 Verbum,
3427 2488 3484 2534 et
3533 2478 3768 2534 Verbum

2173 2590 2303 2631 caro
2357 2574 2558 2630 factum
2608 2583 2731 2641 est,
2777 2582 2833 2629 et
2874 2573 3137 2629 habitavit
3183 2572 3239 2627 in
3279 2572 3438 2628 nobis
3482 2569 3671 2646 (Joan.
3699 2570 3763 2643 t).

2173 2666 2330 2736 Quod
2360 2676 2541 2723 autem
2580 2665 2819 2722 Verbum
2859 2666 2975 2736 Dei,
3000 2665 3104 2722 hoc
3127 2675 3239 2734 est,
3268 2665 3522 2722 Christus
3549 2666 3669 2736 ipse
3694 2665 3769 2721 sit

2172 2763 2320 2829 vita,
2376 2762 2427 2816 in
2476 2761 2587 2816 alio
2638 2761 2759 2816 loco
2798 2767 3031 2815 testatur
3059 2759 3306 2819 dicens:
3352 2758 3467 2832 Ego
3495 2776 3616 2817 sum
3663 2759 3768 2815 vita

2172 2851 2353 2925 (Joan.
2385 2868 2495 2918 xlv,
2522 2852 2599 2923 6).
2637 2850 2756 2906 Vita
2787 2866 2923 2906 vero
2950 2867 3059 2907 non
3089 2851 3305 2919 brevis,
3356 2869 3462 2908 nou
3491 2853 3766 2925 aliquibus

2171 2943 2586 3013 circumscripta
2610 2942 2991 3012 temporibus;
3025 2942 3121 2999 sed
3150 2952 3432 3015 perpetua,
3461 2944 3559 3001 scd
3601 2955 3766 3002 teter-

2171 3049 2241 3090 na
2274 3052 2431 3105 :qua:
2453 3034 2795 3090 manifestata
2821 3045 2906 3089 est
2942 3035 3002 3090 in
3046 3035 3357 3092 novissimis
3393 3037 3609 3093 saeculis
3631 3078 3648 3105 ,
3707 3038 3763 3095 in

2172 3126 2558 3197 prmdicatione
2578 3141 2701 3197 quae
2720 3125 2925 3182 credita
2955 3134 3042 3181 est
3068 3126 3239 3183 Paulo
3259 3127 3467 3185 doctori
3495 3128 3758 3200 gentium,

2173 3228 2228 3275 et
2257 3220 2519 3288 magistro
2551 3235 2567 3277 :
2599 3226 2662 3274 ut
2696 3218 3116 3275 annuntiaretur
3137 3221 3194 3275 itt
3220 3220 3446 3287 mundo,
3498 3229 3555 3278 et
3582 3221 3758 3279 homi-

2166 3308 2329 3365 nibus
2358 3320 2483 3364 nota
2534 3308 2726 3375 ﬂeret,
2757 3309 2916 3379 juxta
2957 3309 3242 3381 imperium
3295 3310 3595 3368 Salvatoris
3641 3310 3757 3381 Dei,

2163 3402 2255 3472 qui
2285 3416 2385 3455 nos
2416 3400 2596 3455 salvos
2623 3414 2748 3456 esse
2774 3400 2973 3466 voluit,
2999 3400 3050 3456 id
3087 3402 3231 3472 quod
3266 3401 3541 3472 pollicitus
3586 3403 3760 3460 fuerat

2165 3491 2464 3562 implendo.
2486 3491 2690 3547 Scribit
2728 3500 2906 3547 autem
2941 3491 3232 3561 Apostolus
3278 3492 3403 3549 Tito
3448 3495 3758 3551 charissima
3804 3514 3813 3515 ί

2164 3583 2299 3653 ﬁlio,
2332 3582 2475 3651 quod
2506 3582 2697 3638 Graece
2736 3582 2968 3652 dicitur,
3018 3586 3215 3657 γνησίῳ
3248 3586 3444 3657 τέκνῳε
3473 3595 3528 3642 et
3563 3585 3757 3643 Latino

2161 3691 2417 3732 sermone
2447 3691 2555 3730 non
2584 3684 2767 3746 potest
2788 3676 3050 3745 explicari
3076 3695 3089 3730 :
3114 3681 3319 3745 γνήσιος
3349 3678 3494 3733 enim
3526 3678 3631 3736 hoc
3660 3694 3758 3751 po-

2164 3768 2273 3823 tius
2301 3777 2479 3832 sonat,
2510 3783 2631 3823 cum
2662 3769 2783 3839 quis
2813 3767 2986 3839 ﬁdelis
3007 3779 3061 3824 et
3086 3770 3353 3841 proprius,
3382 3777 3440 3825 et
3466 3768 3553 3841 (ut
3578 3769 3651 3826 ita
3677 3770 3761 3827 di-

2162 3858 2305 3929 cam)
2331 3859 2592 3931 legitimus
2621 3859 2737 3914 sive
2783 3875 3059 3932 germanus
3105 3859 3312 3931 absque
3355 3861 3761 3931 comparatione

2162 3950 2389 4006 alterius
2414 3950 2751 4020 appellatur.
2783 3949 2863 4005 Ex
2890 3965 2997 4020 quo
3026 3950 3385 4021 intelligimus
3414 3950 3595 4009 fuisse
3618 3962 3674 4010 et
3703 3952 3757 4009 in

2161 4041 2289 4097 [iliis
2317 4041 2467 4096 Pauli
2499 4043 2788 4112 plurimam
2819 4042 3208 4110 differentiam,
3241 4045 3388 4115 quod
3414 4044 3553 4102 alios
3584 4045 3757 4103 habe-

2160 4142 2247 4189 ret
2273 4135 2539 4208 γνησίους,
2569 4133 2623 4189 id
2650 4142 2755 4199 est,
2778 4134 3234 4206 germanissimus,
3265 4136 3483 4207 sibique
3526 4136 3756 4210 conjun-

2158 4232 2301 4292 ctos,
2326 4236 2380 4281 et
2418 4226 2488 4280 de
2518 4240 2652 4282 vero
2684 4226 3055 4295 matrimonio,
3087 4241 3152 4282 ac
3178 4226 3246 4283 de
3298 4227 3467 4285 libera
3499 4243 3758 4300 procrea-

2162 4325 2245 4371 tos
2275 4333 2289 4370 :
2324 4315 2461 4371 alios
2482 4331 2612 4372 vero
2640 4317 2795 4387 quasi
2825 4332 2896 4373 ex
2919 4317 3118 4374 ancilla
3148 4327 3203 4375 et
3225 4333 3294 4376 ex
3320 4318 3486 4392 Agar,
3517 4322 3614 4394 qui
3642 4337 3752 4380 non

2157 4416 2390 4478 possunt
2418 4407 2791 4464 haereditatem
2818 4409 3067 4479 accipere
3088 4425 3212 4465 cum
3235 4410 3425 4468 libera:
3443 4411 3559 4468 tilio
3582 4412 3751 4469 Isaac.

2158 4498 2357 4555 Sermo
2385 4500 2587 4569 quippe
2607 4506 2665 4556 et
2690 4500 2983 4569 sapientia,
3042 4509 3100 4556 ct
3147 4500 3393 4557 doctrina
3441 4516 3550 4572 qua
3597 4503 3753 4560 Titus

460 4593 670 4662 pariter
696 4568 1060 4660 utan—norum,
1096 4600 1344 4663 tempora
1361 4595 1658 4650 constituta
1689 4568 1835 4651 sunt.
1864 4596 1923 4651 In
1946 4597 2052 4653 hoc
2076 4568 2133 4631 Ῑ)
2158 4586 2363 4645 CllriSli
2398 4568 2671 4645 Ecélresias
2699 4568 3047 4652 instruebat.
3080 4589 3401 4659 efﬁciebant
3436 4568 3564 4649 eum
3625 4607 3752 4665 pro-

461 4684 739 4741 curriculo
750 4693 805 4741 et
826 4694 946 4740 rota
963 4684 1172 4751 mundi,
1187 4693 1433 4754 tempora
1448 4685 1706 4742 labuntur
1727 4697 1781 4743 et
1802 4688 2046 4754 veniunt,

465 4787 521 4831 et
551 4784 647 4832 aut
670 4777 851 4830 futura
880 4785 1031 4845 sunt,
1065 4785 1161 4832 aut
1203 4777 1445 4833 fuerunt.
1481 4778 1639 4834 Unde
1690 4780 1909 4850 quidam
1941 4781 2061 4851 phi-

460 4871 818 4942 losophorum
850 4887 955 4925 non
988 4879 1183 4940 putant
1216 4886 1341 4927 esse
1374 4882 1588 4942 tempus
1624 4887 1872 4942 praesens
1910 4891 1922 4928 :
1954 4874 2051 4930 sed

459 4970 554 5016 aut
584 4962 939 5031 praeteritum,
972 4971 1065 5015 aut
1095 4961 1379 5027 futurum;
1431 4962 1560 5031 quia
1591 4976 1753 5018 omne
1796 4965 1942 5035 quod
1970 4964 2053 5021 lo-

453 5056 694 5124 quimur,
722 5054 953 5123 agimus,
976 5053 1301 5122 cogitamus,
1335 5064 1427 5108 aut
1459 5053 1582 5108 dum
1629 5054 1690 5108 tit
1712 5095 1727 5119 ,
1787 5056 2050 5124 prmterit,

459 5157 555 5201 aut
579 5148 623 5200 si
655 5145 900 5201 nondum
929 5145 1132 5201 factum
1160 5156 1266 5214 est,
1301 5155 1707 5215 exspectamus.
1763 5148 1908 5206 Ante
1934 5150 2052 5208 haac

457 5239 623 5310 igitur
641 5240 830 5296 mundi
861 5248 1133 5310 tempora,
1164 5239 1532 5295 aeternitatem
1562 5240 1856 5309 quamdam
1880 5259 2055 5302 smcu-

529 5388 555 5454 f‘
583 5377 981 5454 Cistercienses
1012 5393 1169 5447 mss.,
1205 5385 1253 5431 et
1270 5376 1421 5431 aliud
1447 5377 1513 5432 sit
1547 5393 1725 5434 verum
1753 5396 1883 5450 esse,
1909 5385 2050 5454 quod

457 5449 650 5504 habeas
677 5465 695 5502 :
726 5449 906 5514 aliud,
927 5457 1035 5504 etc.

526 5518 555 5557 δ
588 5519 745 5573 Paria
769 5519 875 5588 his,
908 5519 1022 5574 sive
1048 5535 1111 5571 ex
1140 5517 1384 5588 propria,
1415 5520 1532 5575 sive
1554 5536 1621 5575 ex
1648 5522 1883 5577 aliorum
1909 5538 2038 5579 sen-

456 5588 626 5661 tentia
684 5587 892 5661 profert
920 5590 979 5643 S.
1011 5587 1213 5643 Doctor
1248 5587 1424 5661 epist.
1457 5591 1546 5655 18,
1602 5590 1671 5645 ad
1729 5592 2040 5661 Damasum,

454 5672 512 5729 tt.
543 5659 598 5721 7,
644 5658 926 5729 exstitisse
976 5674 1172 5726 nempe
1197 5658 1419 5729 angelos
1469 5668 1757 5729 antequam
1810 5658 2041 5719 mundus

454 5727 558 5780 iste
580 5726 938 5790 conderetur,
973 5730 1102 5794 quin
1135 5726 1298 5782 etiam
1332 5739 1385 5782 et
1415 5730 1598 5794 lapsos
1617 5726 1781 5786 antea
1817 5750 1830 5786 :
1864 5733 2040 5788 homi-

454 5809 661 5864 nesijue
687 5797 1036 5860 postmodum
1082 5812 1150 5852 ea
1182 5807 1397 5853 creatos
1433 5801 1504 5854 de
1552 5813 1712 5856 causa
1737 5843 1753 5869 ,
1799 5809 1862 5858 ut
1896 5804 2039 5861 beati

2157 4684 2334 4754 prium
2360 4683 2609 4753 Apostoli
2632 4683 2823 4753 lilium,
2848 4691 2907 4739 et
2932 4683 3003 4738 ab
3030 4684 3180 4740 omni
3206 4685 3437 4741 aliorum
3466 4684 3751 4743 consortio

2156 4784 2491 4844 separatum.
2525 4774 2823 4829 Videamus
2850 4782 2976 4844 post
3005 4774 3124 4830 haec
3151 4776 3296 4846 quod
3327 4776 3577 4847 sequitur
3609 4794 3625 4833 :
3654 4777 3752 4835 Se-

2158 4867 2388 4924 cundum
2414 4882 2739 4921 communem
2768 4865 2964 4935 fidem,
3014 4874 3324 4924 utrumnam
3361 4869 3608 4925 omnium
3657 4870 3749 4941 qui

2158 4960 2212 5015 in
2239 4957 2456 5014 Christo
2484 4957 2801 5025 credebant,
2828 4973 3174 5014 communem
3221 4958 3422 5016 dixerit
3453 4960 3615 5017 ﬁdem
3642 4976 3747 5018 :an

2157 5066 2530 5120 communem,
2563 5065 2718 5107 suam
2764 5058 2974 5107 tantum
3027 5059 3083 5108 et
3127 5051 3274 5107 Titi?
3325 5052 3482 5120 Quod
3524 5054 3744 5125 quidem

2160 5146 2295 5202 mihi
2345 5145 2541 5201 melius
2579 5143 2800 5204 videtur
2845 5145 3075 5214 apostoli
3126 5143 3280 5200 Pauli
3320 5154 3378 5202 et
3416 5146 3523 5202 Titi
3580 5146 3742 5204 ﬁdem

2158 5238 2325 5295 fuisse
2354 5252 2723 5303 communem,
2768 5252 2930 5308 quam
2962 5237 3205 5293 omnium
3248 5237 3629 5308 credentium;
3688 5241 3744 5297 in

2160 5393 2342 5440 coetus
2370 5394 2659 5437 numerum
2689 5377 2999 5449 implerent.
3025 5379 3235 5437 Placuit
3278 5380 3396 5437 haec
3440 5390 3496 5438 et
3523 5379 3744 5437 Tertul-

2155 5454 2307 5510 liano
2331 5452 2628 5517 sententia,
2665 5450 3059 5521 nonnullisque
3085 5451 3211 5506 aliis
3250 5451 3489 5521 antiquis
3510 5468 3526 5514 ;
3551 5466 3739 5507 verum

2153 5534 2210 5579 et
2239 5525 2406 5593 longe
2430 5521 2677 5593 plurium~
2696 5521 2955 5576 Ecclesiae
2988 5523 3208 5593 Patrum
3235 5523 3562 5593 auctoritate
3589 5523 3739 5577 inva-

2153 5591 2597 5663 luitoppositum
2650 5591 2969 5663 dogmaaet
3022 5592 3339 5663 melioribus
3370 5591 3559 5648 nititur
3581 5606 3740 5662 argu-

2150 5662 2375 5730 mentis,
2397 5663 2624 5733 angelos
2648 5676 2773 5718 cum
2796 5662 2959 5729 ccelo,
3003 5671 3147 5719 terra
3184 5679 3250 5720 ac
3279 5662 3422 5734 lure,
3456 5663 3627 5735 prima
3649 5662 3736 5719 die

2150 5735 2343 5791 mundi
2365 5736 2632 5789 conditos.
