  <div class='ocr_page' id='page_1' title='image "/cluster/home/n/w/nwhite01/storage/ocr_20150623/26/uva.x000826568/288.png"; bbox 0 0 4046 6384; ppageno 0'>
   <div class='ocr_carea' id='block_1_1' title="bbox 326 307 418 364">
    <p class='ocr_par' dir='ltr' id='par_1_1' title="bbox 326 307 418 364">
     <span class='ocr_line' id='line_1_1' title="bbox 326 307 418 364; baseline -0.011 0"><span class='ocrx_word' id='word_1_1' title='bbox 326 307 418 364; x_wconf 78' lang='grc'><strong>561</strong></span> 
     </span>
    </p>
   </div>
   <div class='ocr_carea' id='block_1_2' title="bbox 889 312 3023 378">
    <p class='ocr_par' dir='ltr' id='par_1_2' title="bbox 889 312 3023 378">
     <span class='ocr_line' id='line_1_2' title="bbox 889 312 3023 378; baseline 0.002 -9"><span class='ocrx_word' id='word_1_2' title='bbox 889 312 1541 378; x_wconf 78' lang='lat' dir='ltr'><strong>COMMENTARIORUM</strong></span> <span class='ocrx_word' id='word_1_3' title='bbox 1577 321 1646 376; x_wconf 86' lang='lat' dir='ltr'><strong>IN</strong></span> <span class='ocrx_word' id='word_1_4' title='bbox 1687 315 2079 376; x_wconf 76' lang='lat' dir='ltr'><strong>EPISTOLAM</strong></span> <span class='ocrx_word' id='word_1_5' title='bbox 2123 319 2214 374; x_wconf 84' lang='lat' dir='ltr'><strong>AD</strong></span> <span class='ocrx_word' id='word_1_6' title='bbox 2253 318 2471 376; x_wconf 83' lang='lat' dir='ltr'><strong>TITUM</strong></span> <span class='ocrx_word' id='word_1_7' title='bbox 2511 316 2739 374; x_wconf 78' lang='lat' dir='ltr'><strong>LIBER.</strong></span> <span class='ocrx_word' id='word_1_8' title='bbox 2783 317 2937 374; x_wconf 85' lang='lat' dir='ltr'><strong>CAP.</strong></span> <span class='ocrx_word' id='word_1_9' title='bbox 2981 319 3023 374; x_wconf 83' lang='grc' dir='ltr'><strong>Ι.</strong></span> 
     </span>
    </p>
   </div>
   <div class='ocr_carea' id='block_1_3' title="bbox 3500 321 3609 378">
    <p class='ocr_par' dir='ltr' id='par_1_3' title="bbox 3500 321 3609 378">
     <span class='ocr_line' id='line_1_3' title="bbox 3500 321 3609 378; baseline 0.009 -1"><span class='ocrx_word' id='word_1_10' title='bbox 3500 321 3609 378; x_wconf 70' lang='lat'><strong>56?.</strong></span> 
     </span>
    </p>
   </div>
   <div class='ocr_carea' id='block_1_4' title="bbox 324 420 3609 508">
    <p class='ocr_par' dir='ltr' id='par_1_4' title="bbox 324 420 3609 508">
     <span class='ocr_line' id='line_1_4' title="bbox 324 420 3609 508; baseline 0.005 -35"><span class='ocrx_word' id='word_1_11' title='bbox 324 420 517 493; x_wconf 85' lang='lat' dir='ltr'><strong>quibus</strong></span> <span class='ocrx_word' id='word_1_12' title='bbox 540 436 641 493; x_wconf 91' lang='lat' dir='ltr'><strong>pro</strong></span> <span class='ocrx_word' id='word_1_13' title='bbox 667 423 931 480; x_wconf 88' lang='lat' dir='ltr'><strong>varietate</strong></span> <span class='ocrx_word' id='word_1_14' title='bbox 959 429 1220 484; x_wconf 88' lang='lat' dir='ltr'><strong>mentium</strong></span> <span class='ocrx_word' id='word_1_15' title='bbox 1252 472 1265 496; x_wconf 91' lang='lat'><strong>,</strong></span> <span class='ocrx_word' id='word_1_16' title='bbox 1314 432 1450 487; x_wconf 90' lang='lat' dir='ltr'><strong>ﬁdes</strong></span> <span class='ocrx_word' id='word_1_17' title='bbox 1490 448 1705 504; x_wconf 90' lang='lat' dir='ltr'><strong>quoque</strong></span> <span class='ocrx_word' id='word_1_18' title='bbox 1752 447 1906 487; x_wconf 90' lang='lat' dir='ltr'><strong>eom-</strong></span> <span class='ocrx_word' id='word_1_19' title='bbox 1933 429 2197 500; x_wconf 73' lang='lat' dir='ltr'><strong>Ajectio,</strong></span> <span class='ocrx_word' id='word_1_20' title='bbox 2230 447 2330 502; x_wconf 90' lang='lat' dir='ltr'><strong>qua</strong></span> <span class='ocrx_word' id='word_1_21' title='bbox 2361 432 2620 486; x_wconf 89' lang='lat' dir='ltr'><strong>scribitur</strong></span> <span class='ocrx_word' id='word_1_22' title='bbox 2648 429 3012 508; x_wconf 79' lang='grc' dir='ltr'><strong>ἐπιδιορθώσῃ,</strong></span> <span class='ocrx_word' id='word_1_23' title='bbox 3048 450 3154 489; x_wconf 90' lang='lat' dir='ltr'><strong>non</strong></span> <span class='ocrx_word' id='word_1_24' title='bbox 3186 435 3415 507; x_wconf 90' lang='lat' dir='ltr'><strong>idipsum</strong></span> <span class='ocrx_word' id='word_1_25' title='bbox 3449 445 3609 492; x_wconf 90' lang='lat' dir='ltr'><strong>sonat</strong></span> 
     </span>
    </p>
   </div>
   <div class='ocr_carea' id='block_1_5' title="bbox 322 513 1903 585">
    <p class='ocr_par' dir='ltr' id='par_1_5' title="bbox 322 513 1903 585">
     <span class='ocr_line' id='line_1_5' title="bbox 322 513 1903 585; baseline 0.004 -15"><span class='ocrx_word' id='word_1_26' title='bbox 322 513 494 570; x_wconf 78' lang='lat' dir='ltr'><strong>multis</strong></span> <span class='ocrx_word' id='word_1_27' title='bbox 527 529 652 569; x_wconf 82' lang='lat' dir='ltr'><strong>esse</strong></span> <span class='ocrx_word' id='word_1_28' title='bbox 673 530 780 569; x_wconf 89' lang='lat' dir='ltr'><strong>non</strong></span> <span class='ocrx_word' id='word_1_29' title='bbox 817 527 1048 585; x_wconf 89' lang='lat' dir='ltr'><strong>poterat,</strong></span> <span class='ocrx_word' id='word_1_30' title='bbox 1082 520 1180 574; x_wconf 92' lang='lat' dir='ltr'><strong>sed</strong></span> <span class='ocrx_word' id='word_1_31' title='bbox 1208 521 1446 577; x_wconf 86' lang='lat' dir='ltr'><strong>diversa.</strong></span> <span class='ocrx_word' id='word_1_32' title='bbox 1482 522 1565 577; x_wconf 86' lang='lat' dir='ltr'><strong>Ad</strong></span> <span class='ocrx_word' id='word_1_33' title='bbox 1596 534 1903 578; x_wconf 82' lang='lat' dir='ltr'><strong>extremum</strong></span> 
     </span>
    </p>
   </div>
   <div class='ocr_carea' id='block_1_6' title="bbox 319 601 1905 685">
    <p class='ocr_par' dir='ltr' id='par_1_6' title="bbox 319 601 1905 685">
     <span class='ocr_line' id='line_1_6' title="bbox 319 601 1905 685; baseline 0.006 -27"><span class='ocrx_word' id='word_1_34' title='bbox 319 601 569 679; x_wconf 72' lang='lat' dir='ltr'><strong>prail&#39;atio</strong></span> <span class='ocrx_word' id='word_1_35' title='bbox 602 606 878 677; x_wconf 66' lang='lat' dir='ltr'><strong>Epistolas.</strong></span> <span class='ocrx_word' id='word_1_36' title='bbox 911 616 968 664; x_wconf 91' lang='lat' dir='ltr'><strong>et</strong></span> <span class='ocrx_word' id='word_1_37' title='bbox 996 610 1250 667; x_wconf 81' lang='lat' dir='ltr'><strong>salutatio</strong></span> <span class='ocrx_word' id='word_1_38' title='bbox 1281 615 1625 684; x_wconf 80' lang='lat' dir='ltr'><strong>praefatiouis</strong></span> <span class='ocrx_word' id='word_1_39' title='bbox 1652 615 1905 685; x_wconf 88' lang='lat' dir='ltr'><strong>Apostoli</strong></span> 
     </span>
    </p>
   </div>
   <div class='ocr_carea' id='block_1_7' title="bbox 315 701 1904 781">
    <p class='ocr_par' dir='ltr' id='par_1_7' title="bbox 315 701 1904 781">
     <span class='ocr_line' id='line_1_7' title="bbox 315 701 1904 781; baseline 0.004 -25"><span class='ocrx_word' id='word_1_40' title='bbox 315 701 378 756; x_wconf 91' lang='lat' dir='ltr'><strong>ad</strong></span> <span class='ocrx_word' id='word_1_41' title='bbox 406 701 613 764; x_wconf 87' lang='lat' dir='ltr'><strong>Titum,</strong></span> <span class='ocrx_word' id='word_1_42' title='bbox 652 703 741 756; x_wconf 91' lang='lat' dir='ltr'><strong>tali</strong></span> <span class='ocrx_word' id='word_1_43' title='bbox 777 702 885 758; x_wconf 87' lang='lat' dir='ltr'><strong>ﬁne</strong></span> <span class='ocrx_word' id='word_1_44' title='bbox 913 707 1220 775; x_wconf 78' lang='lat' dir='ltr'><strong>completur</strong></span> <span class='ocrx_word' id='word_1_45' title='bbox 1247 727 1258 762; x_wconf 89' lang='lat'><strong>:</strong></span> <span class='ocrx_word' id='word_1_46' title='bbox 1290 707 1479 763; x_wconf 84' lang='lat' dir='ltr'><strong>Gratia</strong></span> <span class='ocrx_word' id='word_1_47' title='bbox 1500 721 1546 764; x_wconf 89' lang='lat' dir='ltr'><strong>et</strong></span> <span class='ocrx_word' id='word_1_48' title='bbox 1575 727 1681 781; x_wconf 81' lang='lat' dir='ltr'><strong>paa:</strong></span> <span class='ocrx_word' id='word_1_49' title='bbox 1719 727 1752 763; x_wconf 92' lang='lat' dir='ltr'><strong>a</strong></span> <span class='ocrx_word' id='word_1_50' title='bbox 1791 709 1904 765; x_wconf 88' lang='lat' dir='ltr'><strong>Deo</strong></span> 
     </span>
    </p>
   </div>
   <div class='ocr_carea' id='block_1_8' title="bbox 316 791 1905 869">
    <p class='ocr_par' dir='ltr' id='par_1_8' title="bbox 316 791 1905 869">
     <span class='ocr_line' id='line_1_8' title="bbox 316 791 1905 869; baseline 0.006 -22"><span class='ocrx_word' id='word_1_51' title='bbox 316 791 474 847; x_wconf 80' lang='lat' dir='ltr'><strong>Patre</strong></span> <span class='ocrx_word' id='word_1_52' title='bbox 494 800 542 846; x_wconf 89' lang='lat' dir='ltr'><strong>et</strong></span> <span class='ocrx_word' id='word_1_53' title='bbox 573 791 782 847; x_wconf 77' lang='lat' dir='ltr'><strong>Christo</strong></span> <span class='ocrx_word' id='word_1_54' title='bbox 810 793 939 850; x_wconf 66' lang='lat' dir='ltr'><strong>Iesu</strong></span> <span class='ocrx_word' id='word_1_55' title='bbox 969 795 1247 852; x_wconf 78' lang='lat' dir='ltr'><strong>Saluatore</strong></span> <span class='ocrx_word' id='word_1_56' title='bbox 1269 811 1468 853; x_wconf 86' lang='lat' dir='ltr'><strong>nostra.</strong></span> <span class='ocrx_word' id='word_1_57' title='bbox 1505 801 1635 856; x_wconf 86' lang='lat' dir='ltr'><strong>Sive</strong></span> <span class='ocrx_word' id='word_1_58' title='bbox 1682 801 1824 869; x_wconf 91' lang='lat' dir='ltr'><strong>quod</strong></span> <span class='ocrx_word' id='word_1_59' title='bbox 1851 810 1905 856; x_wconf 91' lang='lat' dir='ltr'><strong>et</strong></span> 
     </span>
    </p>
   </div>
   <div class='ocr_carea' id='block_1_9' title="bbox 311 885 1907 961">
    <p class='ocr_par' dir='ltr' id='par_1_9' title="bbox 311 885 1907 961">
     <span class='ocr_line' id='line_1_9' title="bbox 311 885 1907 961; baseline 0.004 -24"><span class='ocrx_word' id='word_1_60' title='bbox 311 885 512 954; x_wconf 86' lang='lat' dir='ltr'><strong>gratia,</strong></span> <span class='ocrx_word' id='word_1_61' title='bbox 547 893 604 941; x_wconf 89' lang='lat' dir='ltr'><strong>et</strong></span> <span class='ocrx_word' id='word_1_62' title='bbox 635 899 763 955; x_wconf 86' lang='lat' dir='ltr'><strong>pax,</strong></span> <span class='ocrx_word' id='word_1_63' title='bbox 800 895 907 940; x_wconf 88' lang='lat' dir='ltr'><strong>tam</strong></span> <span class='ocrx_word' id='word_1_64' title='bbox 934 901 963 940; x_wconf 90' lang='lat' dir='ltr'><strong>a</strong></span> <span class='ocrx_word' id='word_1_65' title='bbox 987 888 1100 943; x_wconf 90' lang='lat' dir='ltr'><strong>Deo</strong></span> <span class='ocrx_word' id='word_1_66' title='bbox 1128 889 1292 946; x_wconf 82' lang='lat' dir='ltr'><strong>Patre</strong></span> <span class='ocrx_word' id='word_1_67' title='bbox 1319 891 1388 944; x_wconf 84' lang='lat' dir='ltr'><strong>sit</strong></span> <span class='ocrx_word' id='word_1_68' title='bbox 1415 908 1577 961; x_wconf 92' lang='lat' dir='ltr'><strong>quam</strong></span> <span class='ocrx_word' id='word_1_69' title='bbox 1609 907 1636 944; x_wconf 90' lang='lat' dir='ltr'><strong>a</strong></span> <span class='ocrx_word' id='word_1_70' title='bbox 1687 890 1907 946; x_wconf 81' lang='lat' dir='ltr'><strong>Christo</strong></span> 
     </span>
    </p>
   </div>
   <div class='ocr_carea' id='block_1_10' title="bbox 310 975 1906 1055">
    <p class='ocr_par' dir='ltr' id='par_1_10' title="bbox 310 975 1906 1055">
     <span class='ocr_line' id='line_1_10' title="bbox 310 975 1906 1055; baseline 0.004 -21"><span class='ocrx_word' id='word_1_71' title='bbox 310 975 466 1043; x_wconf 83' lang='lat' dir='ltr'><strong>Jesu,</strong></span> <span class='ocrx_word' id='word_1_72' title='bbox 497 987 554 1032; x_wconf 90' lang='lat' dir='ltr'><strong>et</strong></span> <span class='ocrx_word' id='word_1_73' title='bbox 583 986 872 1049; x_wconf 91' lang='lat' dir='ltr'><strong>utrumque</strong></span> <span class='ocrx_word' id='word_1_74' title='bbox 920 979 988 1034; x_wconf 90' lang='lat' dir='ltr'><strong>ab</strong></span> <span class='ocrx_word' id='word_1_75' title='bbox 1038 991 1269 1053; x_wconf 91' lang='lat' dir='ltr'><strong>utroque</strong></span> <span class='ocrx_word' id='word_1_76' title='bbox 1321 983 1504 1039; x_wconf 90' lang='lat' dir='ltr'><strong>datum</strong></span> <span class='ocrx_word' id='word_1_77' title='bbox 1537 985 1710 1055; x_wconf 85' lang='lat' dir='ltr'><strong>possit</strong></span> <span class='ocrx_word' id='word_1_78' title='bbox 1744 985 1906 1040; x_wconf 56' lang='lat' dir='ltr'><strong>intelo</strong></span> 
     </span>
    </p>
   </div>
   <div class='ocr_carea' id='block_1_11' title="bbox 311 1068 1904 1147">
    <p class='ocr_par' dir='ltr' id='par_1_11' title="bbox 311 1068 1904 1147">
     <span class='ocr_line' id='line_1_11' title="bbox 311 1068 1904 1147; baseline 0.006 -24"><span class='ocrx_word' id='word_1_79' title='bbox 311 1068 401 1139; x_wconf 87' lang='lat' dir='ltr'><strong>ligi</strong></span> <span class='ocrx_word' id='word_1_80' title='bbox 435 1087 448 1123; x_wconf 88' lang='lat'><strong>:</strong></span> <span class='ocrx_word' id='word_1_81' title='bbox 482 1069 600 1129; x_wconf 83' lang='lat' dir='ltr'><strong>sive</strong></span> <span class='ocrx_word' id='word_1_82' title='bbox 627 1069 775 1142; x_wconf 88' lang='lat' dir='ltr'><strong>quod</strong></span> <span class='ocrx_word' id='word_1_83' title='bbox 817 1072 989 1141; x_wconf 85' lang='lat' dir='ltr'><strong>gratia</strong></span> <span class='ocrx_word' id='word_1_84' title='bbox 1020 1073 1087 1128; x_wconf 90' lang='lat' dir='ltr'><strong>ad</strong></span> <span class='ocrx_word' id='word_1_85' title='bbox 1119 1074 1335 1130; x_wconf 89' lang='lat' dir='ltr'><strong>Patrem</strong></span> <span class='ocrx_word' id='word_1_86' title='bbox 1361 1117 1376 1140; x_wconf 92' lang='lat'><strong>,</strong></span> <span class='ocrx_word' id='word_1_87' title='bbox 1410 1086 1464 1131; x_wconf 91' lang='lat' dir='ltr'><strong>et</strong></span> <span class='ocrx_word' id='word_1_88' title='bbox 1494 1093 1596 1147; x_wconf 82' lang='lat' dir='ltr'><strong>pax</strong></span> <span class='ocrx_word' id='word_1_89' title='bbox 1636 1077 1904 1133; x_wconf 84' lang='lat' dir='ltr'><strong>referatur</strong></span> 
     </span>
    </p>
   </div>
   <div class='ocr_carea' id='block_1_12' title="bbox 309 1161 1900 1243">
    <p class='ocr_par' dir='ltr' id='par_1_12' title="bbox 309 1161 1900 1243">
     <span class='ocr_line' id='line_1_12' title="bbox 309 1161 1900 1243; baseline 0.004 -28"><span class='ocrx_word' id='word_1_90' title='bbox 309 1161 375 1215; x_wconf 90' lang='lat' dir='ltr'><strong>ad</strong></span> <span class='ocrx_word' id='word_1_91' title='bbox 410 1161 776 1243; x_wconf 36' lang='lat' dir='ltr'><strong>FiliumaNon</strong></span> <span class='ocrx_word' id='word_1_92' title='bbox 800 1164 1007 1235; x_wconf 89' lang='lat' dir='ltr'><strong>absque</strong></span> <span class='ocrx_word' id='word_1_93' title='bbox 1045 1168 1310 1235; x_wconf 87' lang='lat' dir='ltr'><strong>scrupulo</strong></span> <span class='ocrx_word' id='word_1_94' title='bbox 1354 1170 1744 1224; x_wconf 90' lang='lat' dir='ltr'><strong>transeundum</strong></span> <span class='ocrx_word' id='word_1_95' title='bbox 1795 1179 1900 1234; x_wconf 88' lang='lat' dir='ltr'><strong>est,</strong></span> 
     </span>
    </p>
   </div>
   <div class='ocr_carea' id='block_1_13' title="bbox 309 1252 1904 1330">
    <p class='ocr_par' dir='ltr' id='par_1_13' title="bbox 309 1252 1904 1330">
     <span class='ocr_line' id='line_1_13' title="bbox 309 1252 1904 1330; baseline 0.005 -23"><span class='ocrx_word' id='word_1_96' title='bbox 309 1252 454 1324; x_wconf 89' lang='lat' dir='ltr'><strong>quod</strong></span> <span class='ocrx_word' id='word_1_97' title='bbox 481 1253 806 1323; x_wconf 88' lang='lat' dir='ltr'><strong>quibusdam</strong></span> <span class='ocrx_word' id='word_1_98' title='bbox 830 1256 1127 1324; x_wconf 82' lang='lat' dir='ltr'><strong>Apostolus</strong></span> <span class='ocrx_word' id='word_1_99' title='bbox 1156 1257 1322 1330; x_wconf 78' lang='lat'><strong>693</strong></span> <span class='ocrx_word' id='word_1_100' title='bbox 1355 1259 1691 1330; x_wconf 88' lang='lat' dir='ltr'><strong>imprecatus</strong></span> <span class='ocrx_word' id='word_1_101' title='bbox 1711 1269 1816 1325; x_wconf 90' lang='lat' dir='ltr'><strong>est,</strong></span> <span class='ocrx_word' id='word_1_102' title='bbox 1843 1269 1904 1315; x_wconf 92' lang='lat' dir='ltr'><strong>ut</strong></span> 
     </span>
    </p>
   </div>
   <div class='ocr_carea' id='block_1_14' title="bbox 308 1342 1900 1418">
    <p class='ocr_par' dir='ltr' id='par_1_14' title="bbox 308 1342 1900 1418">
     <span class='ocr_line' id='line_1_14' title="bbox 308 1342 1900 1418; baseline 0.006 -20"><span class='ocrx_word' id='word_1_103' title='bbox 308 1342 391 1399; x_wconf 90' lang='lat' dir='ltr'><strong>eis</strong></span> <span class='ocrx_word' id='word_1_104' title='bbox 417 1344 592 1414; x_wconf 85' lang='lat' dir='ltr'><strong>gratia</strong></span> <span class='ocrx_word' id='word_1_105' title='bbox 631 1353 688 1400; x_wconf 89' lang='lat' dir='ltr'><strong>et</strong></span> <span class='ocrx_word' id='word_1_106' title='bbox 743 1361 843 1416; x_wconf 81' lang='lat' dir='ltr'><strong>pax</strong></span> <span class='ocrx_word' id='word_1_107' title='bbox 875 1347 1370 1418; x_wconf 89' lang='lat' dir='ltr'><strong>multiplicarentur</strong></span> <span class='ocrx_word' id='word_1_108' title='bbox 1402 1369 1414 1404; x_wconf 90' lang='lat'><strong>:</strong></span> <span class='ocrx_word' id='word_1_109' title='bbox 1449 1368 1592 1407; x_wconf 92' lang='lat' dir='ltr'><strong>nunc</strong></span> <span class='ocrx_word' id='word_1_110' title='bbox 1643 1368 1778 1408; x_wconf 91' lang='lat' dir='ltr'><strong>vero</strong></span> <span class='ocrx_word' id='word_1_111' title='bbox 1831 1352 1900 1407; x_wconf 90' lang='lat' dir='ltr'><strong>ad</strong></span> 
     </span>
    </p>
   </div>
   <div class='ocr_carea' id='block_1_15' title="bbox 302 1435 1897 1516">
    <p class='ocr_par' dir='ltr' id='par_1_15' title="bbox 302 1435 1897 1516">
     <span class='ocr_line' id='line_1_15' title="bbox 302 1435 1897 1516; baseline 0.006 -25"><span class='ocrx_word' id='word_1_112' title='bbox 302 1435 489 1491; x_wconf 84' lang='lat' dir='ltr'><strong>Titum</strong></span> <span class='ocrx_word' id='word_1_113' title='bbox 540 1440 642 1506; x_wconf 80' lang='lat' dir='ltr'><strong>pax</strong></span> <span class='ocrx_word' id='word_1_114' title='bbox 668 1447 723 1494; x_wconf 90' lang='lat' dir='ltr'><strong>et</strong></span> <span class='ocrx_word' id='word_1_115' title='bbox 749 1441 942 1509; x_wconf 83' lang='lat' dir='ltr'><strong>gratia,</strong></span> <span class='ocrx_word' id='word_1_116' title='bbox 979 1442 1100 1497; x_wconf 89' lang='lat' dir='ltr'><strong>sine</strong></span> <span class='ocrx_word' id='word_1_117' title='bbox 1128 1443 1587 1514; x_wconf 84' lang='lat' dir='ltr'><strong>multiplicatione</strong></span> <span class='ocrx_word' id='word_1_118' title='bbox 1636 1445 1746 1500; x_wconf 92' lang='lat' dir='ltr'><strong>sint</strong></span> <span class='ocrx_word' id='word_1_119' title='bbox 1796 1461 1897 1516; x_wconf 92' lang='lat' dir='ltr'><strong>po-</strong></span> 
     </span>
    </p>
   </div>
   <div class='ocr_carea' id='block_1_16' title="bbox 298 1527 1900 1605">
    <p class='ocr_par' dir='ltr' id='par_1_16' title="bbox 298 1527 1900 1605">
     <span class='ocr_line' id='line_1_16' title="bbox 298 1527 1900 1605; baseline 0.006 -23"><span class='ocrx_word' id='word_1_120' title='bbox 298 1527 444 1582; x_wconf 63' lang='lat' dir='ltr'><strong>sitae.</strong></span> <span class='ocrx_word' id='word_1_121' title='bbox 476 1529 589 1584; x_wconf 84' lang='lat' dir='ltr'><strong>Noe</strong></span> <span class='ocrx_word' id='word_1_122' title='bbox 621 1529 703 1585; x_wconf 79' lang='lat' dir='ltr'><strong>vir</strong></span> <span class='ocrx_word' id='word_1_123' title='bbox 723 1530 925 1599; x_wconf 88' lang='lat' dir='ltr'><strong>justus,</strong></span> <span class='ocrx_word' id='word_1_124' title='bbox 951 1541 1003 1588; x_wconf 92' lang='lat' dir='ltr'><strong>et</strong></span> <span class='ocrx_word' id='word_1_125' title='bbox 1031 1533 1298 1605; x_wconf 79' lang='lat' dir='ltr'><strong>naufrago</strong></span> <span class='ocrx_word' id='word_1_126' title='bbox 1319 1537 1453 1591; x_wconf 88' lang='lat' dir='ltr'><strong>orbe</strong></span> <span class='ocrx_word' id='word_1_127' title='bbox 1479 1537 1629 1591; x_wconf 85' lang='lat' dir='ltr'><strong>solus</strong></span> <span class='ocrx_word' id='word_1_128' title='bbox 1653 1547 1900 1592; x_wconf 85' lang='lat' dir='ltr'><strong>servatus</strong></span> 
     </span>
    </p>
   </div>
   <div class='ocr_carea' id='block_1_17' title="bbox 297 1620 1899 1696">
    <p class='ocr_par' dir='ltr' id='par_1_17' title="bbox 297 1620 1899 1696">
     <span class='ocr_line' id='line_1_17' title="bbox 297 1620 1899 1696; baseline 0.004 -20"><span class='ocrx_word' id='word_1_129' title='bbox 297 1634 412 1676; x_wconf 89' lang='lat' dir='ltr'><strong>non</strong></span> <span class='ocrx_word' id='word_1_130' title='bbox 443 1620 651 1676; x_wconf 89' lang='lat' dir='ltr'><strong>dicitur</strong></span> <span class='ocrx_word' id='word_1_131' title='bbox 684 1622 868 1692; x_wconf 84' lang='lat' dir='ltr'><strong>plures</strong></span> <span class='ocrx_word' id='word_1_132' title='bbox 892 1624 1124 1694; x_wconf 78' lang='lat' dir='ltr'><strong>gratias,</strong></span> <span class='ocrx_word' id='word_1_133' title='bbox 1154 1627 1249 1681; x_wconf 84' lang='lat' dir='ltr'><strong>sed</strong></span> <span class='ocrx_word' id='word_1_134' title='bbox 1279 1643 1440 1681; x_wconf 89' lang='lat' dir='ltr'><strong>unam</strong></span> <span class='ocrx_word' id='word_1_135' title='bbox 1471 1629 1702 1696; x_wconf 81' lang='lat' dir='ltr'><strong>gratiam</strong></span> <span class='ocrx_word' id='word_1_136' title='bbox 1747 1629 1899 1684; x_wconf 82' lang='lat' dir='ltr'><strong>inve-</strong></span> 
     </span>
    </p>
   </div>
   <div class='ocr_carea' id='block_1_18' title="bbox 297 1715 1894 1792">
    <p class='ocr_par' dir='ltr' id='par_1_18' title="bbox 297 1715 1894 1792">
     <span class='ocr_line' id='line_1_18' title="bbox 297 1715 1894 1792; baseline 0.005 -22"><span class='ocrx_word' id='word_1_137' title='bbox 297 1715 452 1771; x_wconf 90' lang='lat' dir='ltr'><strong>nisse</strong></span> <span class='ocrx_word' id='word_1_138' title='bbox 481 1717 534 1771; x_wconf 90' lang='lat' dir='ltr'><strong>in</strong></span> <span class='ocrx_word' id='word_1_139' title='bbox 557 1724 855 1784; x_wconf 89' lang='lat' dir='ltr'><strong>conspectu</strong></span> <span class='ocrx_word' id='word_1_140' title='bbox 879 1716 997 1774; x_wconf 94' lang='lat' dir='ltr'><strong>Dei.</strong></span> <span class='ocrx_word' id='word_1_141' title='bbox 1051 1717 1120 1773; x_wconf 90' lang='lat' dir='ltr'><strong>Et</strong></span> <span class='ocrx_word' id='word_1_142' title='bbox 1171 1721 1391 1792; x_wconf 84' lang='lat' dir='ltr'><strong>Moyses</strong></span> <span class='ocrx_word' id='word_1_143' title='bbox 1431 1722 1498 1776; x_wconf 88' lang='lat' dir='ltr'><strong>ad</strong></span> <span class='ocrx_word' id='word_1_144' title='bbox 1552 1722 1842 1776; x_wconf 90' lang='lat' dir='ltr'><strong>Dominum</strong></span> <span class='ocrx_word' id='word_1_145' title='bbox 1880 1741 1894 1778; x_wconf 91' lang='lat'><strong>:</strong></span> 
     </span>
    </p>
   </div>
   <div class='ocr_carea' id='block_1_19' title="bbox 1989 1365 2322 1411">
    <p class='ocr_par' dir='ltr' id='par_1_19' title="bbox 1989 1365 2322 1411">
     <span class='ocr_line' id='line_1_19' title="bbox 1989 1365 2322 1411; baseline -0.003 -2"><span class='ocrx_word' id='word_1_146' title='bbox 1989 1365 2252 1411; x_wconf 78' lang='lat' dir='ltr'><strong>teneatur</strong></span> <span class='ocrx_word' id='word_1_147' title='bbox 2310 1373 2322 1408; x_wconf 93' lang='lat'>:</span> 
     </span>
    </p>
   </div>
   <div class='ocr_carea' id='block_1_20' title="bbox 2012 523 3599 601">
    <p class='ocr_par' dir='ltr' id='par_1_20' title="bbox 2012 523 3599 601">
     <span class='ocr_line' id='line_1_20' title="bbox 2012 523 3599 601; baseline 0.003 -25"><span class='ocrx_word' id='word_1_148' title='bbox 2012 523 2152 593; x_wconf 87' lang='lat' dir='ltr'><strong>quod</strong></span> <span class='ocrx_word' id='word_1_149' title='bbox 2184 523 2457 601; x_wconf 72' lang='grc' dir='ltr'><strong>διορθὼσῃ,</strong></span> <span class='ocrx_word' id='word_1_150' title='bbox 2490 523 2541 577; x_wconf 89' lang='lat' dir='ltr'><strong>id</strong></span> <span class='ocrx_word' id='word_1_151' title='bbox 2573 532 2675 590; x_wconf 90' lang='lat' dir='ltr'><strong>est,</strong></span> <span class='ocrx_word' id='word_1_152' title='bbox 2704 526 2990 596; x_wconf 82' lang='lat' dir='ltr'><strong>corrigeres</strong></span> <span class='ocrx_word' id='word_1_153' title='bbox 3024 542 3040 577; x_wconf 93' lang='lat'><em>:</em></span> <span class='ocrx_word' id='word_1_154' title='bbox 3073 526 3166 580; x_wconf 86' lang='lat' dir='ltr'><strong>sed</strong></span> <span class='ocrx_word' id='word_1_155' title='bbox 3197 537 3255 581; x_wconf 90' lang='lat' dir='ltr'><strong>ut</strong></span> <span class='ocrx_word' id='word_1_156' title='bbox 3297 528 3367 581; x_wconf 90' lang='lat' dir='ltr'><strong>ita</strong></span> <span class='ocrx_word' id='word_1_157' title='bbox 3399 526 3599 592; x_wconf 91' lang='lat' dir='ltr'><strong>dicam,</strong></span> 
     </span>
    </p>
   </div>
   <div class='ocr_carea' id='block_1_21' title="bbox 2010 615 3606 685">
    <p class='ocr_par' dir='ltr' id='par_1_21' title="bbox 2010 615 3606 685">
     <span class='ocr_line' id='line_1_21' title="bbox 2010 615 3606 685; baseline 0.003 -17"><span class='ocrx_word' id='word_1_158' title='bbox 2010 617 2444 685; x_wconf 84' lang='lat' dir='ltr'><strong>supercorrigeres</strong></span> <span class='ocrx_word' id='word_1_159' title='bbox 2482 631 2500 669; x_wconf 91' lang='lat'><strong><em>:</em></strong></span> <span class='ocrx_word' id='word_1_160' title='bbox 2541 624 2596 668; x_wconf 92' lang='lat' dir='ltr'><strong>ut</strong></span> <span class='ocrx_word' id='word_1_161' title='bbox 2635 615 2846 670; x_wconf 79' lang='lat' dir='ltr'><strong>scilicet</strong></span> <span class='ocrx_word' id='word_1_162' title='bbox 2891 631 2952 670; x_wconf 86' lang='lat' dir='ltr'><strong>ea</strong></span> <span class='ocrx_word' id='word_1_163' title='bbox 2996 633 3114 685; x_wconf 73' lang='lat' dir='ltr'><strong>qua:</strong></span> <span class='ocrx_word' id='word_1_164' title='bbox 3145 634 3173 670; x_wconf 91' lang='lat' dir='ltr'><strong>a</strong></span> <span class='ocrx_word' id='word_1_165' title='bbox 3226 633 3312 672; x_wconf 89' lang='lat' dir='ltr'><strong>me</strong></span> <span class='ocrx_word' id='word_1_166' title='bbox 3358 627 3606 674; x_wconf 82' lang='lat' dir='ltr'><strong>correcta</strong></span> 
     </span>
    </p>
   </div>
   <div class='ocr_carea' id='block_1_22' title="bbox 2010 708 3604 781">
    <p class='ocr_par' dir='ltr' id='par_1_22' title="bbox 2010 708 3604 781">
     <span class='ocr_line' id='line_1_22' title="bbox 2010 708 3604 781; baseline 0.002 -18"><span class='ocrx_word' id='word_1_167' title='bbox 2010 719 2156 771; x_wconf 86' lang='lat' dir='ltr'><strong>sunt,</strong></span> <span class='ocrx_word' id='word_1_168' title='bbox 2187 708 2354 781; x_wconf 57' lang='lat'><strong>695,</strong></span> <span class='ocrx_word' id='word_1_169' title='bbox 2377 720 2430 764; x_wconf 90' lang='lat' dir='ltr'><strong>et</strong></span> <span class='ocrx_word' id='word_1_170' title='bbox 2478 710 2710 764; x_wconf 87' lang='lat' dir='ltr'><strong>necdum</strong></span> <span class='ocrx_word' id='word_1_171' title='bbox 2741 709 2811 763; x_wconf 90' lang='lat' dir='ltr'><strong>ad</strong></span> <span class='ocrx_word' id='word_1_172' title='bbox 2844 709 3058 778; x_wconf 87' lang='lat' dir='ltr'><strong>plenam</strong></span> <span class='ocrx_word' id='word_1_173' title='bbox 3084 711 3194 765; x_wconf 81' lang='lat' dir='ltr'><strong>veri</strong></span> <span class='ocrx_word' id='word_1_174' title='bbox 3227 711 3425 766; x_wconf 90' lang='lat' dir='ltr'><strong>lineam</strong></span> <span class='ocrx_word' id='word_1_175' title='bbox 3474 720 3604 766; x_wconf 87' lang='lat' dir='ltr'><strong>sunt</strong></span> 
     </span>
    </p>
   </div>
   <div class='ocr_carea' id='block_1_23' title="bbox 2009 803 3611 876">
    <p class='ocr_par' dir='ltr' id='par_1_23' title="bbox 2009 803 3611 876">
     <span class='ocr_line' id='line_1_23' title="bbox 2009 803 3611 876; baseline 0.002 -18"><span class='ocrx_word' id='word_1_176' title='bbox 2009 813 2241 858; x_wconf 89' lang='lat' dir='ltr'><strong>retracta</strong></span> <span class='ocrx_word' id='word_1_177' title='bbox 2274 803 2381 875; x_wconf 71' lang='lat' dir='ltr'><strong>(At.</strong></span> <span class='ocrx_word' id='word_1_178' title='bbox 2415 803 2771 876; x_wconf 88' lang='lat' dir='ltr'><strong>retractata],</strong></span> <span class='ocrx_word' id='word_1_179' title='bbox 2816 818 2844 857; x_wconf 92' lang='lat' dir='ltr'><strong>a</strong></span> <span class='ocrx_word' id='word_1_180' title='bbox 2888 815 2939 859; x_wconf 92' lang='lat' dir='ltr'><strong>te</strong></span> <span class='ocrx_word' id='word_1_181' title='bbox 2980 805 3349 875; x_wconf 74' lang='lat' dir='ltr'><strong>corrigantur,</strong></span> <span class='ocrx_word' id='word_1_182' title='bbox 3399 816 3453 861; x_wconf 90' lang='lat' dir='ltr'><strong>et</strong></span> <span class='ocrx_word' id='word_1_183' title='bbox 3480 821 3611 862; x_wconf 89' lang='lat' dir='ltr'><strong>nor-</strong></span> 
     </span>
    </p>
   </div>
   <div class='ocr_carea' id='block_1_24' title="bbox 2009 894 2813 963">
    <p class='ocr_par' dir='ltr' id='par_1_24' title="bbox 2009 894 2813 963">
     <span class='ocr_line' id='line_1_24' title="bbox 2009 894 2813 963; baseline -0.001 -15"><span class='ocrx_word' id='word_1_184' title='bbox 2009 909 2150 948; x_wconf 91' lang='lat' dir='ltr'><strong>mam</strong></span> <span class='ocrx_word' id='word_1_185' title='bbox 2182 894 2504 963; x_wconf 80' lang='lat' dir='ltr'><strong>:equalitatis</strong></span> <span class='ocrx_word' id='word_1_186' title='bbox 2531 895 2813 959; x_wconf 84' lang='lat' dir='ltr'><strong>accipiant.</strong></span> 
     </span>
    </p>
   </div>
   <div class='ocr_carea' id='block_1_25' title="bbox 2078 983 3599 1059">
    <p class='ocr_par' dir='ltr' id='par_1_25' title="bbox 2078 983 3599 1059">
     <span class='ocr_line' id='line_1_25' title="bbox 2078 983 3599 1059; baseline 0.003 -22"><span class='ocrx_word' id='word_1_187' title='bbox 2078 983 2148 1038; x_wconf 88' lang='lat' dir='ltr'><strong>Et</strong></span> <span class='ocrx_word' id='word_1_188' title='bbox 2190 984 2297 1056; x_wconf 77' lang='lat' dir='ltr'><strong>[AL</strong></span> <span class='ocrx_word' id='word_1_189' title='bbox 2345 984 2435 1057; x_wconf 84' lang='lat' dir='ltr'><strong>Ut]</strong></span> <span class='ocrx_word' id='word_1_190' title='bbox 2494 987 2777 1039; x_wconf 86' lang='lat' dir='ltr'><strong>constituas</strong></span> <span class='ocrx_word' id='word_1_191' title='bbox 2821 1001 2913 1056; x_wconf 90' lang='lat' dir='ltr'><strong>per</strong></span> <span class='ocrx_word' id='word_1_192' title='bbox 2962 986 3189 1041; x_wconf 78' lang='lat' dir='ltr'><strong>civitates</strong></span> <span class='ocrx_word' id='word_1_193' title='bbox 3235 989 3553 1059; x_wconf 73' lang='lat' dir='ltr'><strong>presbyteros</strong></span> <span class='ocrx_word' id='word_1_194' title='bbox 3583 1030 3599 1053; x_wconf 95' lang='lat'><strong>,</strong></span> 
     </span>
    </p>
   </div>
   <div class='ocr_carea' id='block_1_26' title="bbox 2005 1074 3606 1150">
    <p class='ocr_par' dir='ltr' id='par_1_26' title="bbox 2005 1074 3606 1150">
     <span class='ocr_line' id='line_1_26' title="bbox 2005 1074 3606 1150; baseline 0.004 -19"><span class='ocrx_word' id='word_1_195' title='bbox 2005 1078 2143 1131; x_wconf 86' lang='lat' dir='ltr'><strong>sicut</strong></span> <span class='ocrx_word' id='word_1_196' title='bbox 2173 1093 2266 1148; x_wconf 86' lang='lat' dir='ltr'><strong>ego</strong></span> <span class='ocrx_word' id='word_1_197' title='bbox 2299 1077 2391 1130; x_wconf 85' lang='lat' dir='ltr'><strong>tibi</strong></span> <span class='ocrx_word' id='word_1_198' title='bbox 2431 1074 2687 1148; x_wconf 82' lang='lat' dir='ltr'><strong>disposui.</strong></span> <span class='ocrx_word' id='word_1_199' title='bbox 2723 1077 2958 1130; x_wconf 86' lang='lat' dir='ltr'><strong>Audiant</strong></span> <span class='ocrx_word' id='word_1_200' title='bbox 2984 1079 3226 1150; x_wconf 88' lang='lat' dir='ltr'><strong>episcopi</strong></span> <span class='ocrx_word' id='word_1_201' title='bbox 3269 1081 3358 1150; x_wconf 86' lang='lat' dir='ltr'><strong>qui</strong></span> <span class='ocrx_word' id='word_1_202' title='bbox 3404 1081 3606 1137; x_wconf 84' lang='lat' dir='ltr'><strong>habent</strong></span> 
     </span>
    </p>
   </div>
   <div class='ocr_carea' id='block_1_27' title="bbox 2007 1169 3597 1242">
    <p class='ocr_par' dir='ltr' id='par_1_27' title="bbox 2007 1169 3597 1242">
     <span class='ocr_line' id='line_1_27' title="bbox 2007 1169 3597 1242; baseline 0.004 -18"><span class='ocrx_word' id='word_1_203' title='bbox 2007 1169 2372 1224; x_wconf 81' lang='lat' dir='ltr'><strong>constituendi</strong></span> <span class='ocrx_word' id='word_1_204' title='bbox 2403 1170 2754 1240; x_wconf 87' lang='lat' dir='ltr'><strong>presbyteros</strong></span> <span class='ocrx_word' id='word_1_205' title='bbox 2787 1183 2882 1236; x_wconf 85' lang='lat' dir='ltr'><strong>per</strong></span> <span class='ocrx_word' id='word_1_206' title='bbox 2905 1169 3065 1224; x_wconf 90' lang='lat' dir='ltr'><strong>urbes</strong></span> <span class='ocrx_word' id='word_1_207' title='bbox 3091 1173 3329 1240; x_wconf 86' lang='lat' dir='ltr'><strong>singulas</strong></span> <span class='ocrx_word' id='word_1_208' title='bbox 3357 1182 3597 1242; x_wconf 87' lang='lat' dir='ltr'><strong>potesta—</strong></span> 
     </span>
    </p>
   </div>
   <div class='ocr_carea' id='block_1_28' title="bbox 2006 1260 3606 1330">
    <p class='ocr_par' dir='ltr' id='par_1_28' title="bbox 2006 1260 3606 1330">
     <span class='ocr_line' id='line_1_28' title="bbox 2006 1260 3606 1330; baseline 0.003 -14"><span class='ocrx_word' id='word_1_209' title='bbox 2006 1270 2137 1325; x_wconf 88' lang='lat' dir='ltr'><strong>tem,</strong></span> <span class='ocrx_word' id='word_1_210' title='bbox 2161 1261 2262 1316; x_wconf 90' lang='lat' dir='ltr'><strong>sub</strong></span> <span class='ocrx_word' id='word_1_211' title='bbox 2288 1260 2430 1330; x_wconf 83' lang='lat' dir='ltr'><strong>quali</strong></span> <span class='ocrx_word' id='word_1_212' title='bbox 2466 1260 2582 1330; x_wconf 82' lang='lat' dir='ltr'><strong>lege</strong></span> <span class='ocrx_word' id='word_1_213' title='bbox 2611 1260 3010 1316; x_wconf 72' lang='lat' dir='ltr'><strong>Ecclesiastica:</strong></span> <span class='ocrx_word' id='word_1_214' title='bbox 3039 1263 3443 1318; x_wconf 84' lang='lat' dir='ltr'><strong>constitutionis</strong></span> <span class='ocrx_word' id='word_1_215' title='bbox 3470 1265 3606 1321; x_wconf 90' lang='lat' dir='ltr'><strong>ordo</strong></span> 
     </span>
    </p>
   </div>
   <div class='ocr_carea' id='block_1_29' title="bbox 2381 1355 3603 1425">
    <p class='ocr_par' dir='ltr' id='par_1_29' title="bbox 2381 1355 3603 1425">
     <span class='ocr_line' id='line_1_29' title="bbox 2381 1355 3603 1425; baseline 0.003 -17"><span class='ocrx_word' id='word_1_216' title='bbox 2381 1369 2484 1408; x_wconf 91' lang='lat' dir='ltr'><strong>nec</strong></span> <span class='ocrx_word' id='word_1_217' title='bbox 2532 1362 2722 1424; x_wconf 90' lang='lat' dir='ltr'><strong>putent</strong></span> <span class='ocrx_word' id='word_1_218' title='bbox 2773 1355 3006 1423; x_wconf 88' lang='lat' dir='ltr'><strong>apostoli</strong></span> <span class='ocrx_word' id='word_1_219' title='bbox 3062 1355 3227 1410; x_wconf 88' lang='lat' dir='ltr'><strong>verba</strong></span> <span class='ocrx_word' id='word_1_220' title='bbox 3287 1372 3445 1425; x_wconf 90' lang='lat' dir='ltr'><strong>esse,</strong></span> <span class='ocrx_word' id='word_1_221' title='bbox 3503 1358 3603 1414; x_wconf 91' lang='lat' dir='ltr'><strong>sed</strong></span> 
     </span>
    </p>
   </div>
   <div class='ocr_carea' id='block_1_30' title="bbox 2002 1444 3596 1518">
    <p class='ocr_par' dir='ltr' id='par_1_30' title="bbox 2002 1444 3596 1518">
     <span class='ocr_line' id='line_1_30' title="bbox 2002 1444 3596 1518; baseline 0.001 -18"><span class='ocrx_word' id='word_1_222' title='bbox 2002 1445 2226 1510; x_wconf 85' lang='lat' dir='ltr'><strong>Christi,</strong></span> <span class='ocrx_word' id='word_1_223' title='bbox 2255 1446 2342 1516; x_wconf 90' lang='lat' dir='ltr'><strong>qui</strong></span> <span class='ocrx_word' id='word_1_224' title='bbox 2370 1445 2435 1500; x_wconf 87' lang='lat' dir='ltr'><strong>ad</strong></span> <span class='ocrx_word' id='word_1_225' title='bbox 2466 1444 2764 1514; x_wconf 89' lang='lat' dir='ltr'><strong>discipulos</strong></span> <span class='ocrx_word' id='word_1_226' title='bbox 2788 1445 2866 1498; x_wconf 89' lang='lat' dir='ltr'><strong>ait</strong></span> <span class='ocrx_word' id='word_1_227' title='bbox 2908 1462 2921 1498; x_wconf 90' lang='lat'>:</span> <span class='ocrx_word' id='word_1_228' title='bbox 2982 1445 3084 1509; x_wconf 85' lang='lat' dir='ltr'><strong>Qui</strong></span> <span class='ocrx_word' id='word_1_229' title='bbox 3144 1462 3230 1499; x_wconf 83' lang='lat' dir='ltr'><strong>vos</strong></span> <span class='ocrx_word' id='word_1_230' title='bbox 3269 1449 3486 1518; x_wconf 84' lang='lat' dir='ltr'><strong>spernit,</strong></span> <span class='ocrx_word' id='word_1_231' title='bbox 3516 1465 3596 1502; x_wconf 90' lang='lat' dir='ltr'><strong>me</strong></span> 
     </span>
    </p>
   </div>
   <div class='ocr_carea' id='block_1_31' title="bbox 2001 1539 3606 1611">
    <p class='ocr_par' dir='ltr' id='par_1_31' title="bbox 2001 1539 3606 1611">
     <span class='ocr_line' id='line_1_31' title="bbox 2001 1539 3606 1611; baseline -0.001 -18"><span class='ocrx_word' id='word_1_232' title='bbox 2001 1540 2194 1611; x_wconf 77' lang='lat' dir='ltr'><strong>spernit</strong></span> <span class='ocrx_word' id='word_1_233' title='bbox 2237 1555 2253 1591; x_wconf 89' lang='lat'><em>:</em></span> <span class='ocrx_word' id='word_1_234' title='bbox 2297 1539 2385 1609; x_wconf 86' lang='lat' dir='ltr'><strong>qui</strong></span> <span class='ocrx_word' id='word_1_235' title='bbox 2432 1548 2600 1591; x_wconf 87' lang='lat' dir='ltr'><strong>autem</strong></span> <span class='ocrx_word' id='word_1_236' title='bbox 2645 1554 2724 1591; x_wconf 89' lang='lat' dir='ltr'><strong>me</strong></span> <span class='ocrx_word' id='word_1_237' title='bbox 2771 1539 2984 1608; x_wconf 81' lang='lat' dir='ltr'><strong>spernit,</strong></span> <span class='ocrx_word' id='word_1_238' title='bbox 3019 1539 3215 1608; x_wconf 84' lang='lat' dir='ltr'><strong>spernit</strong></span> <span class='ocrx_word' id='word_1_239' title='bbox 3242 1554 3358 1592; x_wconf 91' lang='lat' dir='ltr'><strong>eum</strong></span> <span class='ocrx_word' id='word_1_240' title='bbox 3401 1541 3490 1609; x_wconf 88' lang='lat' dir='ltr'><strong>qui</strong></span> <span class='ocrx_word' id='word_1_241' title='bbox 3524 1556 3606 1593; x_wconf 89' lang='lat' dir='ltr'><strong>me</strong></span> 
     </span>
    </p>
   </div>
   <div class='ocr_carea' id='block_1_32' title="bbox 2001 1630 3606 1702">
    <p class='ocr_par' dir='ltr' id='par_1_32' title="bbox 2001 1630 3606 1702">
     <span class='ocr_line' id='line_1_32' title="bbox 2001 1630 3606 1702; baseline 0.001 -16"><span class='ocrx_word' id='word_1_242' title='bbox 2001 1633 2137 1686; x_wconf 88' lang='lat' dir='ltr'><strong>misit</strong></span> <span class='ocrx_word' id='word_1_243' title='bbox 2168 1633 2319 1702; x_wconf 88' lang='lat' dir='ltr'><strong>(Luc.</strong></span> <span class='ocrx_word' id='word_1_244' title='bbox 2346 1647 2400 1700; x_wconf 77' lang='grc' dir='ltr'><strong>ιι,</strong></span> <span class='ocrx_word' id='word_1_245' title='bbox 2433 1630 2536 1698; x_wconf 78' lang='grc'>16).</span> <span class='ocrx_word' id='word_1_246' title='bbox 2573 1631 2661 1684; x_wconf 91' lang='lat' dir='ltr'><strong>Sic</strong></span> <span class='ocrx_word' id='word_1_247' title='bbox 2690 1640 2745 1685; x_wconf 88' lang='lat' dir='ltr'><strong>ct</strong></span> <span class='ocrx_word' id='word_1_248' title='bbox 2772 1631 2863 1700; x_wconf 91' lang='lat' dir='ltr'><strong>qui</strong></span> <span class='ocrx_word' id='word_1_249' title='bbox 2895 1645 2989 1684; x_wconf 85' lang='lat' dir='ltr'><strong>vos</strong></span> <span class='ocrx_word' id='word_1_250' title='bbox 3010 1631 3282 1693; x_wconf 90' lang='lat' dir='ltr'><strong>audit,me</strong></span> <span class='ocrx_word' id='word_1_251' title='bbox 3312 1631 3494 1686; x_wconf 92' lang='lat' dir='ltr'><strong>audit:</strong></span> <span class='ocrx_word' id='word_1_252' title='bbox 3515 1635 3606 1702; x_wconf 92' lang='lat' dir='ltr'><strong>qui</strong></span> 
     </span>
    </p>
   </div>
   <div class='ocr_carea' id='block_1_33' title="bbox 2000 1721 3601 1792">
    <p class='ocr_par' dir='ltr' id='par_1_33' title="bbox 2000 1721 3601 1792">
     <span class='ocr_line' id='line_1_33' title="bbox 2000 1721 3601 1792; baseline 0.001 -18"><span class='ocrx_word' id='word_1_253' title='bbox 2000 1732 2178 1777; x_wconf 90' lang='lat' dir='ltr'><strong>autem</strong></span> <span class='ocrx_word' id='word_1_254' title='bbox 2217 1739 2302 1777; x_wconf 89' lang='lat' dir='ltr'><strong>me</strong></span> <span class='ocrx_word' id='word_1_255' title='bbox 2353 1724 2521 1787; x_wconf 87' lang='lat' dir='ltr'><strong>audit,</strong></span> <span class='ocrx_word' id='word_1_256' title='bbox 2576 1721 2728 1775; x_wconf 89' lang='lat' dir='ltr'><strong>audit</strong></span> <span class='ocrx_word' id='word_1_257' title='bbox 2764 1736 2886 1774; x_wconf 91' lang='lat' dir='ltr'><strong>eum</strong></span> <span class='ocrx_word' id='word_1_258' title='bbox 2925 1723 3015 1790; x_wconf 88' lang='lat' dir='ltr'><strong>qui</strong></span> <span class='ocrx_word' id='word_1_259' title='bbox 3057 1735 3143 1776; x_wconf 93' lang='lat' dir='ltr'><strong>me</strong></span> <span class='ocrx_word' id='word_1_260' title='bbox 3170 1721 3334 1775; x_wconf 90' lang='lat' dir='ltr'><strong>misit.</strong></span> <span class='ocrx_word' id='word_1_261' title='bbox 3375 1722 3456 1777; x_wconf 82' lang='lat' dir='ltr'><strong>Ex</strong></span> <span class='ocrx_word' id='word_1_262' title='bbox 3491 1737 3601 1792; x_wconf 91' lang='lat' dir='ltr'><strong>quo</strong></span> 
     </span>
    </p>
   </div>
   <div class='ocr_carea' id='block_1_34' title="bbox 296 1805 3602 1886">
    <p class='ocr_par' dir='ltr' id='par_1_34' title="bbox 296 1805 3602 1886">
     <span class='ocr_line' id='line_1_34' title="bbox 296 1805 3602 1886; baseline 0.002 -23"><span class='ocrx_word' id='word_1_263' title='bbox 296 1805 360 1863; x_wconf 91' lang='lat' dir='ltr'><strong>Si</strong></span> <span class='ocrx_word' id='word_1_264' title='bbox 384 1808 580 1872; x_wconf 79' lang='lat' dir='ltr'><strong>inveni,</strong></span> <span class='ocrx_word' id='word_1_265' title='bbox 612 1807 806 1878; x_wconf 85' lang='lat' dir='ltr'><strong>inquit,</strong></span> <span class='ocrx_word' id='word_1_266' title='bbox 836 1809 1059 1878; x_wconf 86' lang='lat' dir='ltr'><strong>gratiam</strong></span> <span class='ocrx_word' id='word_1_267' title='bbox 1080 1811 1223 1882; x_wconf 86' lang='lat' dir='ltr'><strong>apud</strong></span> <span class='ocrx_word' id='word_1_268' title='bbox 1245 1821 1294 1866; x_wconf 89' lang='lat' dir='ltr'><strong>te</strong></span> <span class='ocrx_word' id='word_1_269' title='bbox 1318 1811 1514 1882; x_wconf 69' lang='lat' dir='ltr'><strong>(Exod.</strong></span> <span class='ocrx_word' id='word_1_270' title='bbox 1541 1829 1737 1878; x_wconf 64' lang='grc' dir='ltr'>χχχιιι,</span> <span class='ocrx_word' id='word_1_271' title='bbox 1781 1815 1890 1886; x_wconf 82' lang='grc'><strong>15).</strong></span> <span class='ocrx_word' id='word_1_272' title='bbox 1929 1805 1974 1864; x_wconf 84' lang='grc' dir='ltr'><strong>Β</strong></span> <span class='ocrx_word' id='word_1_273' title='bbox 2003 1813 2346 1869; x_wconf 86' lang='lat' dir='ltr'><strong>manifestum</strong></span> <span class='ocrx_word' id='word_1_274' title='bbox 2395 1821 2498 1880; x_wconf 88' lang='lat' dir='ltr'><strong>est,</strong></span> <span class='ocrx_word' id='word_1_275' title='bbox 2535 1827 2630 1867; x_wconf 91' lang='lat' dir='ltr'><strong>eos</strong></span> <span class='ocrx_word' id='word_1_276' title='bbox 2658 1812 2772 1881; x_wconf 86' lang='lat' dir='ltr'><strong>qui,</strong></span> <span class='ocrx_word' id='word_1_277' title='bbox 2811 1811 3058 1880; x_wconf 84' lang='lat' dir='ltr'><strong>Apostoli</strong></span> <span class='ocrx_word' id='word_1_278' title='bbox 3108 1813 3226 1882; x_wconf 89' lang='lat' dir='ltr'><strong>lege</strong></span> <span class='ocrx_word' id='word_1_279' title='bbox 3264 1822 3602 1883; x_wconf 90' lang='lat' dir='ltr'><strong>contempta,</strong></span> 
     </span>
    </p>
   </div>
   <div class='ocr_carea' id='block_1_35' title="bbox 293 1901 1895 1976">
    <p class='ocr_par' dir='ltr' id='par_1_35' title="bbox 293 1901 1895 1976">
     <span class='ocr_line' id='line_1_35' title="bbox 293 1901 1895 1976; baseline 0.001 -18"><span class='ocrx_word' id='word_1_280' title='bbox 293 1901 367 1958; x_wconf 81' lang='lat' dir='ltr'><strong>Et</strong></span> <span class='ocrx_word' id='word_1_281' title='bbox 389 1903 571 1957; x_wconf 89' lang='lat' dir='ltr'><strong>sicubi</strong></span> <span class='ocrx_word' id='word_1_282' title='bbox 593 1901 722 1957; x_wconf 84' lang='lat' dir='ltr'><strong>alibi</strong></span> <span class='ocrx_word' id='word_1_283' title='bbox 761 1903 812 1956; x_wconf 92' lang='lat' dir='ltr'><strong>in</strong></span> <span class='ocrx_word' id='word_1_284' title='bbox 845 1918 1079 1972; x_wconf 89' lang='lat' dir='ltr'><strong>persona</strong></span> <span class='ocrx_word' id='word_1_285' title='bbox 1131 1913 1444 1958; x_wconf 87' lang='lat' dir='ltr'><strong>sanctorum</strong></span> <span class='ocrx_word' id='word_1_286' title='bbox 1494 1906 1670 1976; x_wconf 88' lang='lat' dir='ltr'><strong>gratia</strong></span> <span class='ocrx_word' id='word_1_287' title='bbox 1724 1907 1895 1975; x_wconf 88' lang='lat' dir='ltr'><strong>posita</strong></span> 
     </span>
    </p>
   </div>
   <div class='ocr_carea' id='block_1_36' title="bbox 291 1995 1896 2070">
    <p class='ocr_par' dir='ltr' id='par_1_36' title="bbox 291 1995 1896 2070">
     <span class='ocr_line' id='line_1_36' title="bbox 291 1995 1896 2070; baseline -0.001 -17"><span class='ocrx_word' id='word_1_288' title='bbox 291 2005 411 2063; x_wconf 91' lang='lat' dir='ltr'><strong>est,</strong></span> <span class='ocrx_word' id='word_1_289' title='bbox 441 2011 626 2067; x_wconf 67' lang='lat' dir='ltr'><strong>quaere</strong></span> <span class='ocrx_word' id='word_1_290' title='bbox 655 2007 711 2052; x_wconf 90' lang='lat' dir='ltr'><strong>et</strong></span> <span class='ocrx_word' id='word_1_291' title='bbox 743 1997 991 2051; x_wconf 84' lang='lat' dir='ltr'><strong>invenies</strong></span> <span class='ocrx_word' id='word_1_292' title='bbox 1020 1995 1129 2068; x_wconf 80' lang='lat' dir='ltr'><strong>[AL</strong></span> <span class='ocrx_word' id='word_1_293' title='bbox 1161 1997 1447 2070; x_wconf 81' lang='lat' dir='ltr'><strong>reperies],</strong></span> <span class='ocrx_word' id='word_1_294' title='bbox 1493 2015 1599 2054; x_wconf 92' lang='lat' dir='ltr'><strong>non</strong></span> <span class='ocrx_word' id='word_1_295' title='bbox 1649 2014 1743 2054; x_wconf 88' lang='lat' dir='ltr'><strong>eos</strong></span> <span class='ocrx_word' id='word_1_296' title='bbox 1772 2015 1896 2070; x_wconf 88' lang='lat' dir='ltr'><strong>gra-</strong></span> 
     </span>
    </p>
   </div>
   <div class='ocr_carea' id='block_1_37' title="bbox 291 2088 1897 2159">
    <p class='ocr_par' dir='ltr' id='par_1_37' title="bbox 291 2088 1897 2159">
     <span class='ocr_line' id='line_1_37' title="bbox 291 2088 1897 2159; baseline 0 -15"><span class='ocrx_word' id='word_1_297' title='bbox 291 2089 406 2144; x_wconf 83' lang='lat' dir='ltr'><strong>tias</strong></span> <span class='ocrx_word' id='word_1_298' title='bbox 441 2088 740 2157; x_wconf 86' lang='lat' dir='ltr'><strong>invenisse,</strong></span> <span class='ocrx_word' id='word_1_299' title='bbox 776 2089 873 2144; x_wconf 91' lang='lat' dir='ltr'><strong>sed</strong></span> <span class='ocrx_word' id='word_1_300' title='bbox 903 2090 1156 2159; x_wconf 86' lang='lat' dir='ltr'><strong>gratiam.</strong></span> <span class='ocrx_word' id='word_1_301' title='bbox 1189 2089 1455 2146; x_wconf 80' lang='lat' dir='ltr'><strong>Mercator</strong></span> <span class='ocrx_word' id='word_1_302' title='bbox 1499 2090 1590 2146; x_wconf 89' lang='lat' dir='ltr'><strong>ille</strong></span> <span class='ocrx_word' id='word_1_303' title='bbox 1616 2091 1685 2145; x_wconf 90' lang='lat' dir='ltr'><strong>de</strong></span> <span class='ocrx_word' id='word_1_304' title='bbox 1713 2090 1897 2145; x_wconf 84' lang='lat' dir='ltr'><strong>Evan-</strong></span> 
     </span>
    </p>
   </div>
   <div class='ocr_carea' id='block_1_38' title="bbox 287 2179 1891 2253">
    <p class='ocr_par' dir='ltr' id='par_1_38' title="bbox 287 2179 1891 2253">
     <span class='ocr_line' id='line_1_38' title="bbox 287 2179 1891 2253; baseline 0 -17"><span class='ocrx_word' id='word_1_305' title='bbox 287 2179 447 2253; x_wconf 79' lang='lat' dir='ltr'><strong>gelio</strong></span> <span class='ocrx_word' id='word_1_306' title='bbox 473 2180 566 2251; x_wconf 91' lang='lat' dir='ltr'><strong>qui</strong></span> <span class='ocrx_word' id='word_1_307' title='bbox 599 2180 785 2250; x_wconf 88' lang='lat' dir='ltr'><strong>plures</strong></span> <span class='ocrx_word' id='word_1_308' title='bbox 813 2179 1001 2235; x_wconf 86' lang='lat' dir='ltr'><strong>habuit</strong></span> <span class='ocrx_word' id='word_1_309' title='bbox 1029 2181 1352 2250; x_wconf 82' lang='lat' dir='ltr'><strong>margaritas</strong></span> <span class='ocrx_word' id='word_1_310' title='bbox 1383 2222 1398 2247; x_wconf 92' lang='lat'><strong>,</strong></span> <span class='ocrx_word' id='word_1_311' title='bbox 1461 2181 1527 2236; x_wconf 91' lang='lat' dir='ltr'><strong>ad</strong></span> <span class='ocrx_word' id='word_1_312' title='bbox 1580 2192 1891 2236; x_wconf 82' lang='lat' dir='ltr'><strong>extremum</strong></span> 
     </span>
    </p>
   </div>
   <div class='ocr_carea' id='block_1_39' title="bbox 288 2270 1896 2344">
    <p class='ocr_par' dir='ltr' id='par_1_39' title="bbox 288 2270 1896 2344">
     <span class='ocr_line' id='line_1_39' title="bbox 288 2270 1896 2344; baseline 0.001 -18"><span class='ocrx_word' id='word_1_313' title='bbox 288 2287 462 2326; x_wconf 86' lang='lat' dir='ltr'><strong>unam</strong></span> <span class='ocrx_word' id='word_1_314' title='bbox 497 2270 794 2340; x_wconf 89' lang='lat' dir='ltr'><strong>pretiosam</strong></span> <span class='ocrx_word' id='word_1_315' title='bbox 825 2271 1052 2340; x_wconf 90' lang='lat' dir='ltr'><strong>reperit,</strong></span> <span class='ocrx_word' id='word_1_316' title='bbox 1087 2287 1251 2342; x_wconf 91' lang='lat' dir='ltr'><strong>quam</strong></span> <span class='ocrx_word' id='word_1_317' title='bbox 1291 2274 1360 2328; x_wconf 90' lang='lat' dir='ltr'><strong>de</strong></span> <span class='ocrx_word' id='word_1_318' title='bbox 1403 2272 1590 2328; x_wconf 89' lang='lat' dir='ltr'><strong>multis</strong></span> <span class='ocrx_word' id='word_1_319' title='bbox 1631 2275 1896 2344; x_wconf 88' lang='lat' dir='ltr'><strong>margari-</strong></span> 
     </span>
    </p>
   </div>
   <div class='ocr_carea' id='block_1_40' title="bbox 289 2365 1896 2440">
    <p class='ocr_par' dir='ltr' id='par_1_40' title="bbox 289 2365 1896 2440">
     <span class='ocr_line' id='line_1_40' title="bbox 289 2365 1896 2440; baseline 0.002 -19"><span class='ocrx_word' id='word_1_320' title='bbox 289 2366 364 2422; x_wconf 88' lang='lat' dir='ltr'><strong>tis</strong></span> <span class='ocrx_word' id='word_1_321' title='bbox 388 2365 567 2421; x_wconf 90' lang='lat' dir='ltr'><strong>solam</strong></span> <span class='ocrx_word' id='word_1_322' title='bbox 595 2367 725 2421; x_wconf 87' lang='lat' dir='ltr'><strong>emit</strong></span> <span class='ocrx_word' id='word_1_323' title='bbox 757 2365 973 2437; x_wconf 84' lang='lat' dir='ltr'><strong>(Matth.</strong></span> <span class='ocrx_word' id='word_1_324' title='bbox 1007 2366 1151 2437; x_wconf 74' lang='lat' dir='ltr'><strong>stu).</strong></span> <span class='ocrx_word' id='word_1_325' title='bbox 1180 2367 1548 2424; x_wconf 86' lang='lat' dir='ltr'><strong>Perfectorum</strong></span> <span class='ocrx_word' id='word_1_326' title='bbox 1580 2369 1781 2440; x_wconf 86' lang='lat' dir='ltr'><strong>quippe</strong></span> <span class='ocrx_word' id='word_1_327' title='bbox 1811 2378 1896 2426; x_wconf 89' lang='lat' dir='ltr'><strong>est</strong></span> 
     </span>
    </p>
   </div>
   <div class='ocr_carea' id='block_1_41' title="bbox 289 2458 1896 2528">
    <p class='ocr_par' dir='ltr' id='par_1_41' title="bbox 289 2458 1896 2528">
     <span class='ocr_line' id='line_1_41' title="bbox 289 2458 1896 2528; baseline 0.004 -17"><span class='ocrx_word' id='word_1_328' title='bbox 289 2472 463 2512; x_wconf 90' lang='lat' dir='ltr'><strong>unam</strong></span> <span class='ocrx_word' id='word_1_329' title='bbox 497 2458 880 2528; x_wconf 75' lang='lat' dir='ltr'><strong>margaritam,</strong></span> <span class='ocrx_word' id='word_1_330' title='bbox 931 2467 986 2512; x_wconf 88' lang='lat' dir='ltr'><strong>et</strong></span> <span class='ocrx_word' id='word_1_331' title='bbox 1017 2475 1181 2513; x_wconf 90' lang='lat' dir='ltr'><strong>unum</strong></span> <span class='ocrx_word' id='word_1_332' title='bbox 1235 2459 1547 2516; x_wconf 89' lang='lat' dir='ltr'><strong>thesaurum</strong></span> <span class='ocrx_word' id='word_1_333' title='bbox 1575 2503 1589 2527; x_wconf 94' lang='lat'><strong>,</strong></span> <span class='ocrx_word' id='word_1_334' title='bbox 1644 2463 1896 2519; x_wconf 91' lang='lat' dir='ltr'><strong>omnibus</strong></span> 
     </span>
    </p>
   </div>
   <div class='ocr_carea' id='block_1_42' title="bbox 288 2549 1894 2620">
    <p class='ocr_par' dir='ltr' id='par_1_42' title="bbox 288 2549 1894 2620">
     <span class='ocr_line' id='line_1_42' title="bbox 288 2549 1894 2620; baseline 0.004 -16"><span class='ocrx_word' id='word_1_335' title='bbox 288 2549 612 2620; x_wconf 81' lang='lat' dir='ltr'><strong>margaritis</strong></span> <span class='ocrx_word' id='word_1_336' title='bbox 637 2557 691 2604; x_wconf 90' lang='lat' dir='ltr'><strong>et</strong></span> <span class='ocrx_word' id='word_1_337' title='bbox 722 2549 888 2604; x_wconf 89' lang='lat' dir='ltr'><strong>totius</strong></span> <span class='ocrx_word' id='word_1_338' title='bbox 916 2551 1243 2606; x_wconf 74' lang='lat' dir='ltr'><strong>substantia:</strong></span> <span class='ocrx_word' id='word_1_339' title='bbox 1273 2567 1386 2608; x_wconf 72' lang='lat' dir='ltr'><strong>sua:</strong></span> <span class='ocrx_word' id='word_1_340' title='bbox 1415 2569 1603 2609; x_wconf 91' lang='lat' dir='ltr'><strong>emere</strong></span> <span class='ocrx_word' id='word_1_341' title='bbox 1623 2570 1894 2611; x_wconf 85' lang='lat' dir='ltr'><strong>commer-</strong></span> 
     </span>
    </p>
   </div>
   <div class='ocr_carea' id='block_1_43' title="bbox 290 2643 1896 2720">
    <p class='ocr_par' dir='ltr' id='par_1_43' title="bbox 290 2643 1896 2720">
     <span class='ocr_line' id='line_1_43' title="bbox 290 2643 1896 2720; baseline 0.003 -21"><span class='ocrx_word' id='word_1_342' title='bbox 290 2645 381 2700; x_wconf 90' lang='lat' dir='ltr'><strong>cio</strong></span> <span class='ocrx_word' id='word_1_343' title='bbox 418 2662 432 2700; x_wconf 90' lang='lat'>:</span> <span class='ocrx_word' id='word_1_344' title='bbox 482 2643 863 2713; x_wconf 90' lang='lat' dir='ltr'><strong>incipientium</strong></span> <span class='ocrx_word' id='word_1_345' title='bbox 894 2659 1026 2701; x_wconf 85' lang='lat' dir='ltr'><strong>vero</strong></span> <span class='ocrx_word' id='word_1_346' title='bbox 1052 2655 1110 2702; x_wconf 93' lang='lat' dir='ltr'><strong>et</strong></span> <span class='ocrx_word' id='word_1_347' title='bbox 1137 2647 1319 2704; x_wconf 90' lang='lat' dir='ltr'><strong>adhuc</strong></span> <span class='ocrx_word' id='word_1_348' title='bbox 1349 2649 1402 2702; x_wconf 90' lang='lat' dir='ltr'><strong>in</strong></span> <span class='ocrx_word' id='word_1_349' title='bbox 1444 2649 1641 2706; x_wconf 89' lang='lat' dir='ltr'><strong>itinere</strong></span> <span class='ocrx_word' id='word_1_350' title='bbox 1691 2651 1896 2720; x_wconf 87' lang='lat' dir='ltr'><strong>posito-</strong></span> 
     </span>
    </p>
   </div>
   <div class='ocr_carea' id='block_1_44' title="bbox 287 2738 1894 2814">
    <p class='ocr_par' dir='ltr' id='par_1_44' title="bbox 287 2738 1894 2814">
     <span class='ocr_line' id='line_1_44' title="bbox 287 2738 1894 2814; baseline 0.004 -20"><span class='ocrx_word' id='word_1_351' title='bbox 287 2754 443 2805; x_wconf 90' lang='lat' dir='ltr'><strong>rum,</strong></span> <span class='ocrx_word' id='word_1_352' title='bbox 502 2738 702 2794; x_wconf 88' lang='lat' dir='ltr'><strong>nedum</strong></span> <span class='ocrx_word' id='word_1_353' title='bbox 760 2754 924 2795; x_wconf 89' lang='lat' dir='ltr'><strong>unam</strong></span> <span class='ocrx_word' id='word_1_354' title='bbox 977 2749 1032 2795; x_wconf 91' lang='lat' dir='ltr'><strong>et</strong></span> <span class='ocrx_word' id='word_1_355' title='bbox 1079 2741 1410 2812; x_wconf 86' lang='lat' dir='ltr'><strong>solam,sed</strong></span> <span class='ocrx_word' id='word_1_356' title='bbox 1439 2743 1629 2814; x_wconf 90' lang='lat' dir='ltr'><strong>plures</strong></span> <span class='ocrx_word' id='word_1_357' title='bbox 1688 2744 1894 2801; x_wconf 88' lang='lat' dir='ltr'><strong>habere</strong></span> 
     </span>
    </p>
   </div>
   <div class='ocr_carea' id='block_1_45' title="bbox 297 2833 660 2896">
    <p class='ocr_par' dir='ltr' id='par_1_45' title="bbox 297 2833 660 2896">
     <span class='ocr_line' id='line_1_45' title="bbox 297 2833 660 2896; baseline -0.006 -6"><span class='ocrx_word' id='word_1_358' title='bbox 297 2833 660 2896; x_wconf 73' lang='lat' dir='ltr'><strong>margaritas.</strong></span> 
     </span>
    </p>
   </div>
   <div class='ocr_carea' id='block_1_46' title="bbox 363 2924 1896 2999">
    <p class='ocr_par' dir='ltr' id='par_1_46' title="bbox 363 2924 1896 2999">
     <span class='ocr_line' id='line_1_46' title="bbox 363 2924 1896 2999; baseline 0.004 -19"><span class='ocrx_word' id='word_1_359' title='bbox 363 2924 554 2999; x_wconf 66' lang='grc' dir='ltr'>(γει-ε.</span> <span class='ocrx_word' id='word_1_360' title='bbox 587 2927 670 2996; x_wconf 82' lang='lat'><strong>5.)</strong></span> <span class='ocrx_word' id='word_1_361' title='bbox 700 2925 879 2998; x_wconf 88' lang='lat' dir='ltr'><strong>Hujus</strong></span> <span class='ocrx_word' id='word_1_362' title='bbox 907 2927 982 2982; x_wconf 88' lang='lat' dir='ltr'><strong>rei</strong></span> <span class='ocrx_word' id='word_1_363' title='bbox 1011 2928 1182 2997; x_wconf 86' lang='lat' dir='ltr'><strong>gratia</strong></span> <span class='ocrx_word' id='word_1_364' title='bbox 1217 2929 1408 2999; x_wconf 83' lang='lat' dir='ltr'><strong>reliqui</strong></span> <span class='ocrx_word' id='word_1_365' title='bbox 1442 2938 1490 2984; x_wconf 90' lang='lat' dir='ltr'><strong>te</strong></span> <span class='ocrx_word' id='word_1_366' title='bbox 1518 2929 1704 2995; x_wconf 70' lang='lat' dir='ltr'><strong>Cretae,</strong></span> <span class='ocrx_word' id='word_1_367' title='bbox 1739 2941 1794 2985; x_wconf 89' lang='lat' dir='ltr'><strong>ut</strong></span> <span class='ocrx_word' id='word_1_368' title='bbox 1836 2949 1896 2987; x_wconf 87' lang='lat' dir='ltr'><strong>ea</strong></span> 
     </span>
    </p>
   </div>
   <div class='ocr_carea' id='block_1_47' title="bbox 287 3019 1896 3094">
    <p class='ocr_par' dir='ltr' id='par_1_47' title="bbox 287 3019 1896 3094">
     <span class='ocr_line' id='line_1_47' title="bbox 287 3019 1896 3094; baseline 0.006 -22"><span class='ocrx_word' id='word_1_369' title='bbox 287 3033 418 3094; x_wconf 76' lang='lat' dir='ltr'><strong>qua:</strong></span> <span class='ocrx_word' id='word_1_370' title='bbox 447 3019 660 3073; x_wconf 81' lang='lat' dir='ltr'><strong>deerant</strong></span> <span class='ocrx_word' id='word_1_371' title='bbox 685 3019 988 3092; x_wconf 81' lang='lat' dir='ltr'><strong>corrigeres.</strong></span> <span class='ocrx_word' id='word_1_372' title='bbox 1021 3021 1355 3092; x_wconf 75' lang='lat' dir='ltr'><strong>Apostolicm</strong></span> <span class='ocrx_word' id='word_1_373' title='bbox 1383 3023 1664 3093; x_wconf 87' lang='lat' dir='ltr'><strong>dignitatis</strong></span> <span class='ocrx_word' id='word_1_374' title='bbox 1690 3033 1774 3080; x_wconf 87' lang='lat' dir='ltr'><strong>est</strong></span> <span class='ocrx_word' id='word_1_375' title='bbox 1803 3027 1896 3082; x_wconf 88' lang='lat' dir='ltr'><strong>Ec-</strong></span> 
     </span>
    </p>
   </div>
   <div class='ocr_carea' id='block_1_48' title="bbox 287 3111 1890 3187">
    <p class='ocr_par' dir='ltr' id='par_1_48' title="bbox 287 3111 1890 3187">
     <span class='ocr_line' id='line_1_48' title="bbox 287 3111 1890 3187; baseline 0.001 -17"><span class='ocrx_word' id='word_1_376' title='bbox 287 3113 485 3170; x_wconf 65' lang='lat' dir='ltr'><strong>clesia:</strong></span> <span class='ocrx_word' id='word_1_377' title='bbox 509 3112 696 3182; x_wconf 85' lang='lat' dir='ltr'><strong>jacere</strong></span> <span class='ocrx_word' id='word_1_378' title='bbox 728 3111 1166 3178; x_wconf 80' lang='lat' dir='ltr'><strong>fundamentum,</strong></span> <span class='ocrx_word' id='word_1_379' title='bbox 1198 3114 1339 3186; x_wconf 89' lang='lat' dir='ltr'><strong>quod</strong></span> <span class='ocrx_word' id='word_1_380' title='bbox 1387 3131 1546 3170; x_wconf 91' lang='lat' dir='ltr'><strong>nemo</strong></span> <span class='ocrx_word' id='word_1_381' title='bbox 1595 3126 1770 3186; x_wconf 86' lang='lat' dir='ltr'><strong>potest</strong></span> <span class='ocrx_word' id='word_1_382' title='bbox 1799 3133 1890 3187; x_wconf 91' lang='lat' dir='ltr'><strong>po-</strong></span> 
     </span>
    </p>
   </div>
   <div class='ocr_carea' id='block_1_49' title="bbox 2003 1905 3604 1976">
    <p class='ocr_par' dir='ltr' id='par_1_49' title="bbox 2003 1905 3604 1976">
     <span class='ocr_line' id='line_1_49' title="bbox 2003 1905 3604 1976; baseline -0.001 -14"><span class='ocrx_word' id='word_1_383' title='bbox 2003 1908 2448 1962; x_wconf 87' lang='lat' dir='ltr'><strong>Ecclesiasticum</strong></span> <span class='ocrx_word' id='word_1_384' title='bbox 2497 1906 2727 1976; x_wconf 87' lang='lat' dir='ltr'><strong>gradum</strong></span> <span class='ocrx_word' id='word_1_385' title='bbox 2756 1920 2861 1959; x_wconf 90' lang='lat' dir='ltr'><strong>non</strong></span> <span class='ocrx_word' id='word_1_386' title='bbox 2895 1906 3090 1960; x_wconf 91' lang='lat' dir='ltr'><strong>merito</strong></span> <span class='ocrx_word' id='word_1_387' title='bbox 3131 1905 3408 1961; x_wconf 89' lang='lat' dir='ltr'><strong>voluerint</strong></span> <span class='ocrx_word' id='word_1_388' title='bbox 3439 1907 3604 1962; x_wconf 88' lang='lat' dir='ltr'><strong>alicui</strong></span> 
     </span>
    </p>
   </div>
   <div class='ocr_carea' id='block_1_50' title="bbox 1999 1996 3605 2068">
    <p class='ocr_par' dir='ltr' id='par_1_50' title="bbox 1999 1996 3605 2068">
     <span class='ocr_line' id='line_1_50' title="bbox 1999 1996 3605 2068; baseline -0.001 -14"><span class='ocrx_word' id='word_1_389' title='bbox 1999 1997 2237 2064; x_wconf 90' lang='lat' dir='ltr'><strong>deferre,</strong></span> <span class='ocrx_word' id='word_1_390' title='bbox 2292 1997 2388 2052; x_wconf 89' lang='lat' dir='ltr'><strong>sed</strong></span> <span class='ocrx_word' id='word_1_391' title='bbox 2439 1997 2634 2066; x_wconf 88' lang='lat' dir='ltr'><strong>gratia,</strong></span> <span class='ocrx_word' id='word_1_392' title='bbox 2681 2004 2871 2051; x_wconf 90' lang='lat' dir='ltr'><strong>contra</strong></span> <span class='ocrx_word' id='word_1_393' title='bbox 2919 1996 3198 2052; x_wconf 89' lang='lat' dir='ltr'><strong>Christum</strong></span> <span class='ocrx_word' id='word_1_394' title='bbox 3254 1998 3458 2064; x_wconf 88' lang='lat' dir='ltr'><strong>facere,</strong></span> <span class='ocrx_word' id='word_1_395' title='bbox 3510 1999 3605 2068; x_wconf 91' lang='lat' dir='ltr'><strong>qui</strong></span> 
     </span>
    </p>
   </div>
   <div class='ocr_carea' id='block_1_51' title="bbox 1998 2091 3604 2163">
    <p class='ocr_par' dir='ltr' id='par_1_51' title="bbox 1998 2091 3604 2163">
     <span class='ocr_line' id='line_1_51' title="bbox 1998 2091 3604 2163; baseline 0.002 -19"><span class='ocrx_word' id='word_1_396' title='bbox 1998 2093 2176 2163; x_wconf 86' lang='lat' dir='ltr'><strong>qualis</strong></span> <span class='ocrx_word' id='word_1_397' title='bbox 2207 2094 2258 2146; x_wconf 92' lang='lat' dir='ltr'><strong>in</strong></span> <span class='ocrx_word' id='word_1_398' title='bbox 2294 2092 2535 2147; x_wconf 87' lang='lat' dir='ltr'><strong>Ecclesia</strong></span> <span class='ocrx_word' id='word_1_399' title='bbox 2584 2091 2871 2162; x_wconf 85' lang='lat' dir='ltr'><strong>presbyter</strong></span> <span class='ocrx_word' id='word_1_400' title='bbox 2902 2091 3316 2146; x_wconf 88' lang='lat' dir='ltr'><strong>constituendus</strong></span> <span class='ocrx_word' id='word_1_401' title='bbox 3358 2092 3452 2158; x_wconf 91' lang='lat' dir='ltr'><strong>sit,</strong></span> <span class='ocrx_word' id='word_1_402' title='bbox 3501 2107 3604 2162; x_wconf 83' lang='lat' dir='ltr'><strong>per</strong></span> 
     </span>
    </p>
   </div>
   <div class='ocr_carea' id='block_1_52' title="bbox 1999 2175 3597 2256">
    <p class='ocr_par' dir='ltr' id='par_1_52' title="bbox 1999 2175 3597 2256">
     <span class='ocr_line' id='line_1_52' title="bbox 1999 2175 3597 2256; baseline -0.001 -15"><span class='ocrx_word' id='word_1_403' title='bbox 1999 2185 2320 2256; x_wconf 81' lang='lat' dir='ltr'><strong>Apostolum</strong></span> <span class='ocrx_word' id='word_1_404' title='bbox 2379 2175 2533 2239; x_wconf 80' lang='lat' dir='ltr'><strong>suum</strong></span> <span class='ocrx_word' id='word_1_405' title='bbox 2606 2184 2656 2238; x_wconf 92' lang='lat' dir='ltr'><strong>in</strong></span> <span class='ocrx_word' id='word_1_406' title='bbox 2727 2184 3083 2250; x_wconf 78' lang='lat' dir='ltr'><strong>sequentibus</strong></span> <span class='ocrx_word' id='word_1_407' title='bbox 3133 2194 3426 2240; x_wconf 82' lang='lat' dir='ltr'><strong>exsecutus</strong></span> <span class='ocrx_word' id='word_1_408' title='bbox 3492 2193 3597 2240; x_wconf 91' lang='lat' dir='ltr'><strong>est.</strong></span> 
     </span>
    </p>
   </div>
   <div class='ocr_carea' id='block_1_53' title="bbox 2000 2275 3600 2350">
    <p class='ocr_par' dir='ltr' id='par_1_53' title="bbox 2000 2275 3600 2350">
     <span class='ocr_line' id='line_1_53' title="bbox 2000 2275 3600 2350; baseline -0.002 -16"><span class='ocrx_word' id='word_1_409' title='bbox 2000 2279 2214 2350; x_wconf 77' lang='lat' dir='ltr'><strong>Moyses</strong></span> <span class='ocrx_word' id='word_1_410' title='bbox 2235 2277 2444 2331; x_wconf 90' lang='lat' dir='ltr'><strong>amicus</strong></span> <span class='ocrx_word' id='word_1_411' title='bbox 2476 2276 2590 2340; x_wconf 90' lang='lat' dir='ltr'><strong>Dei,</strong></span> <span class='ocrx_word' id='word_1_412' title='bbox 2615 2277 2706 2330; x_wconf 93' lang='lat' dir='ltr'><strong>cui</strong></span> <span class='ocrx_word' id='word_1_413' title='bbox 2739 2277 2872 2331; x_wconf 85' lang='lat' dir='ltr'><strong>facie</strong></span> <span class='ocrx_word' id='word_1_414' title='bbox 2896 2276 2961 2330; x_wconf 88' lang='lat' dir='ltr'><strong>ad</strong></span> <span class='ocrx_word' id='word_1_415' title='bbox 2994 2276 3182 2330; x_wconf 79' lang='lat' dir='ltr'><strong>faciem</strong></span> <span class='ocrx_word' id='word_1_416' title='bbox 3210 2276 3354 2330; x_wconf 90' lang='lat' dir='ltr'><strong>Deus</strong></span> <span class='ocrx_word' id='word_1_417' title='bbox 3382 2275 3600 2331; x_wconf 88' lang='lat' dir='ltr'><strong>locutus</strong></span> 
     </span>
    </p>
   </div>
   <div class='ocr_carea' id='block_1_54' title="bbox 1998 2368 3603 2444">
    <p class='ocr_par' dir='ltr' id='par_1_54' title="bbox 1998 2368 3603 2444">
     <span class='ocr_line' id='line_1_54' title="bbox 1998 2368 3603 2444; baseline -0.002 -16"><span class='ocrx_word' id='word_1_418' title='bbox 1998 2382 2079 2428; x_wconf 65' lang='lat' dir='ltr'><strong>est</strong></span> <span class='ocrx_word' id='word_1_419' title='bbox 2114 2372 2292 2444; x_wconf 87' lang='lat' dir='ltr'><strong>(Deut.</strong></span> <span class='ocrx_word' id='word_1_420' title='bbox 2327 2388 2360 2425; x_wconf 91' lang='lat' dir='ltr'><strong>v</strong></span> <span class='ocrx_word' id='word_1_421' title='bbox 2390 2382 2436 2426; x_wconf 87' lang='lat' dir='ltr'><strong>et</strong></span> <span class='ocrx_word' id='word_1_422' title='bbox 2461 2370 2642 2443; x_wconf 69' lang='grc' dir='ltr'>χχιι),</span> <span class='ocrx_word' id='word_1_423' title='bbox 2677 2370 3048 2438; x_wconf 86' lang='lat' dir='ltr'><strong>potuitutique</strong></span> <span class='ocrx_word' id='word_1_424' title='bbox 3071 2383 3416 2424; x_wconf 89' lang='lat' dir='ltr'><strong>successores</strong></span> <span class='ocrx_word' id='word_1_425' title='bbox 3447 2368 3603 2438; x_wconf 78' lang='lat' dir='ltr'><strong>prin-</strong></span> 
     </span>
    </p>
   </div>
   <div class='ocr_carea' id='block_1_55' title="bbox 1997 2461 3598 2534">
    <p class='ocr_par' dir='ltr' id='par_1_55' title="bbox 1997 2461 3598 2534">
     <span class='ocr_line' id='line_1_55' title="bbox 1997 2461 3598 2534; baseline -0.002 -14"><span class='ocrx_word' id='word_1_426' title='bbox 1997 2465 2229 2534; x_wconf 87' lang='lat' dir='ltr'><strong>cipatus,</strong></span> <span class='ocrx_word' id='word_1_427' title='bbox 2266 2464 2409 2519; x_wconf 91' lang='lat' dir='ltr'><strong>ﬁlios</strong></span> <span class='ocrx_word' id='word_1_428' title='bbox 2447 2478 2576 2518; x_wconf 90' lang='lat' dir='ltr'><strong>suos</strong></span> <span class='ocrx_word' id='word_1_429' title='bbox 2609 2463 2814 2527; x_wconf 89' lang='lat' dir='ltr'><strong>facere,</strong></span> <span class='ocrx_word' id='word_1_430' title='bbox 2848 2471 2903 2515; x_wconf 88' lang='lat' dir='ltr'><strong>et</strong></span> <span class='ocrx_word' id='word_1_431' title='bbox 2934 2461 3168 2530; x_wconf 85' lang='lat' dir='ltr'><strong>posteris</strong></span> <span class='ocrx_word' id='word_1_432' title='bbox 3196 2461 3471 2531; x_wconf 90' lang='lat' dir='ltr'><strong>propriam</strong></span> <span class='ocrx_word' id='word_1_433' title='bbox 3503 2476 3598 2516; x_wconf 86' lang='lat' dir='ltr'><strong>re-</strong></span> 
     </span>
    </p>
   </div>
   <div class='ocr_carea' id='block_1_56' title="bbox 1997 2551 3597 2627">
    <p class='ocr_par' dir='ltr' id='par_1_56' title="bbox 1997 2551 3597 2627">
     <span class='ocr_line' id='line_1_56' title="bbox 1997 2551 3597 2627; baseline -0.003 -15"><span class='ocrx_word' id='word_1_434' title='bbox 1997 2557 2244 2627; x_wconf 88' lang='lat' dir='ltr'><strong>linquere</strong></span> <span class='ocrx_word' id='word_1_435' title='bbox 2301 2556 2658 2626; x_wconf 88' lang='lat' dir='ltr'><strong>dignitatem;</strong></span> <span class='ocrx_word' id='word_1_436' title='bbox 2713 2553 2808 2608; x_wconf 88' lang='lat' dir='ltr'><strong>sed</strong></span> <span class='ocrx_word' id='word_1_437' title='bbox 2857 2561 3149 2608; x_wconf 83' lang='lat' dir='ltr'><strong>extraneus</strong></span> <span class='ocrx_word' id='word_1_438' title='bbox 3197 2553 3266 2608; x_wconf 90' lang='lat' dir='ltr'><strong>de</strong></span> <span class='ocrx_word' id='word_1_439' title='bbox 3309 2551 3417 2606; x_wconf 87' lang='lat' dir='ltr'><strong>alia</strong></span> <span class='ocrx_word' id='word_1_440' title='bbox 3451 2552 3597 2608; x_wconf 86' lang='lat' dir='ltr'><strong>tribu</strong></span> 
     </span>
    </p>
   </div>
   <div class='ocr_carea' id='block_1_57' title="bbox 1998 2644 3601 2721">
    <p class='ocr_par' dir='ltr' id='par_1_57' title="bbox 1998 2644 3601 2721">
     <span class='ocr_line' id='line_1_57' title="bbox 1998 2644 3601 2721; baseline -0.002 -17"><span class='ocrx_word' id='word_1_441' title='bbox 1998 2650 2216 2721; x_wconf 87' lang='lat' dir='ltr'><strong>eligitur</strong></span> <span class='ocrx_word' id='word_1_442' title='bbox 2244 2649 2423 2716; x_wconf 83' lang='lat' dir='ltr'><strong>.lesus,</strong></span> <span class='ocrx_word' id='word_1_443' title='bbox 2464 2657 2522 2702; x_wconf 91' lang='lat' dir='ltr'><strong>ut</strong></span> <span class='ocrx_word' id='word_1_444' title='bbox 2565 2648 2830 2702; x_wconf 86' lang='lat' dir='ltr'><strong>sciremus</strong></span> <span class='ocrx_word' id='word_1_445' title='bbox 2872 2646 3242 2715; x_wconf 80' lang='lat' dir='ltr'><strong>principatum</strong></span> <span class='ocrx_word' id='word_1_446' title='bbox 3283 2644 3336 2699; x_wconf 87' lang='lat' dir='ltr'><strong>in</strong></span> <span class='ocrx_word' id='word_1_447' title='bbox 3368 2645 3601 2715; x_wconf 88' lang='lat' dir='ltr'><strong>populos</strong></span> 
     </span>
    </p>
   </div>
   <div class='ocr_carea' id='block_1_58' title="bbox 1999 2735 3600 2812">
    <p class='ocr_par' dir='ltr' id='par_1_58' title="bbox 1999 2735 3600 2812">
     <span class='ocr_line' id='line_1_58' title="bbox 1999 2735 3600 2812; baseline -0.004 -16"><span class='ocrx_word' id='word_1_448' title='bbox 1999 2759 2104 2796; x_wconf 89' lang='lat' dir='ltr'><strong>non</strong></span> <span class='ocrx_word' id='word_1_449' title='bbox 2147 2741 2395 2812; x_wconf 80' lang='lat' dir='ltr'><strong>sanguini</strong></span> <span class='ocrx_word' id='word_1_450' title='bbox 2437 2739 2794 2794; x_wconf 83' lang='lat' dir='ltr'><strong>deferendum</strong></span> <span class='ocrx_word' id='word_1_451' title='bbox 2819 2751 2966 2803; x_wconf 90' lang='lat' dir='ltr'><strong>esse,</strong></span> <span class='ocrx_word' id='word_1_452' title='bbox 3001 2735 3098 2792; x_wconf 88' lang='lat' dir='ltr'><strong>sed</strong></span> <span class='ocrx_word' id='word_1_453' title='bbox 3141 2736 3286 2791; x_wconf 63' lang='lat' dir='ltr'><strong>vitae.</strong></span> <span class='ocrx_word' id='word_1_454' title='bbox 3342 2740 3409 2788; x_wconf 85' lang='lat' dir='ltr'><strong>At</strong></span> <span class='ocrx_word' id='word_1_455' title='bbox 3454 2749 3600 2790; x_wconf 88' lang='lat' dir='ltr'><strong>nunc</strong></span> 
     </span>
    </p>
   </div>
   <div class='ocr_carea' id='block_1_59' title="bbox 1997 2825 3601 2902">
    <p class='ocr_par' dir='ltr' id='par_1_59' title="bbox 1997 2825 3601 2902">
     <span class='ocr_line' id='line_1_59' title="bbox 1997 2825 3601 2902; baseline -0.006 -12"><span class='ocrx_word' id='word_1_456' title='bbox 1997 2835 2274 2890; x_wconf 89' lang='lat' dir='ltr'><strong>cernimus</strong></span> <span class='ocrx_word' id='word_1_457' title='bbox 2304 2832 2567 2902; x_wconf 86' lang='lat' dir='ltr'><strong>plurimos</strong></span> <span class='ocrx_word' id='word_1_458' title='bbox 2598 2831 2738 2884; x_wconf 89' lang='lat' dir='ltr'><strong>hanc</strong></span> <span class='ocrx_word' id='word_1_459' title='bbox 2771 2845 2885 2884; x_wconf 90' lang='lat' dir='ltr'><strong>rem</strong></span> <span class='ocrx_word' id='word_1_460' title='bbox 2917 2828 3239 2883; x_wconf 74' lang='lat' dir='ltr'><strong>beneficium</strong></span> <span class='ocrx_word' id='word_1_461' title='bbox 3273 2825 3515 2890; x_wconf 70' lang='lat' dir='ltr'><strong>l‘acere,‘I</strong></span> <span class='ocrx_word' id='word_1_462' title='bbox 3539 2834 3601 2881; x_wconf 86' lang='lat' dir='ltr'><strong>ut</strong></span> 
     </span>
    </p>
   </div>
   <div class='ocr_carea' id='block_1_60' title="bbox 1998 2918 3596 2994">
    <p class='ocr_par' dir='ltr' id='par_1_60' title="bbox 1998 2918 3596 2994">
     <span class='ocr_line' id='line_1_60' title="bbox 1998 2918 3596 2994; baseline -0.008 -11"><span class='ocrx_word' id='word_1_463' title='bbox 1998 2943 2106 2983; x_wconf 88' lang='lat' dir='ltr'><strong>non</strong></span> <span class='ocrx_word' id='word_1_464' title='bbox 2139 2934 2384 2994; x_wconf 74' lang='lat' dir='ltr'><strong>quzerant</strong></span> <span class='ocrx_word' id='word_1_465' title='bbox 2431 2937 2547 2989; x_wconf 92' lang='lat' dir='ltr'><strong>eos,</strong></span> <span class='ocrx_word' id='word_1_466' title='bbox 2588 2922 2680 2994; x_wconf 86' lang='lat' dir='ltr'><strong>qui</strong></span> <span class='ocrx_word' id='word_1_467' title='bbox 2719 2929 2951 2991; x_wconf 88' lang='lat' dir='ltr'><strong>possunt</strong></span> <span class='ocrx_word' id='word_1_468' title='bbox 2998 2920 3256 2975; x_wconf 65' lang='lat' dir='ltr'><strong>Ecclesia:</strong></span> <span class='ocrx_word' id='word_1_469' title='bbox 3298 2918 3418 2988; x_wconf 92' lang='lat' dir='ltr'><strong>plus</strong></span> <span class='ocrx_word' id='word_1_470' title='bbox 3467 2933 3596 2988; x_wconf 87' lang='lat' dir='ltr'><strong>pro-</strong></span> 
     </span>
    </p>
   </div>
   <div class='ocr_carea' id='block_1_61' title="bbox 1997 3008 3598 3084">
    <p class='ocr_par' dir='ltr' id='par_1_61' title="bbox 1997 3008 3598 3084">
     <span class='ocr_line' id='line_1_61' title="bbox 1997 3008 3598 3084; baseline -0.008 -9"><span class='ocrx_word' id='word_1_471' title='bbox 1997 3019 2178 3081; x_wconf 88' lang='lat' dir='ltr'><strong>desse,</strong></span> <span class='ocrx_word' id='word_1_472' title='bbox 2211 3019 2262 3072; x_wconf 92' lang='lat' dir='ltr'><strong>in</strong></span> <span class='ocrx_word' id='word_1_473' title='bbox 2297 3015 2558 3072; x_wconf 71' lang='lat' dir='ltr'><strong>Ecclesia:</strong></span> <span class='ocrx_word' id='word_1_474' title='bbox 2587 3015 2799 3084; x_wconf 85' lang='lat' dir='ltr'><strong>erigere</strong></span> <span class='ocrx_word' id='word_1_475' title='bbox 2841 3011 3128 3066; x_wconf 87' lang='lat' dir='ltr'><strong>columnas</strong></span> <span class='ocrx_word' id='word_1_476' title='bbox 3163 3029 3178 3066; x_wconf 93' lang='lat'><strong>:</strong></span> <span class='ocrx_word' id='word_1_477' title='bbox 3215 3009 3313 3064; x_wconf 90' lang='lat' dir='ltr'><strong>sed</strong></span> <span class='ocrx_word' id='word_1_478' title='bbox 3344 3023 3482 3079; x_wconf 90' lang='lat' dir='ltr'><strong>quos</strong></span> <span class='ocrx_word' id='word_1_479' title='bbox 3511 3008 3598 3063; x_wconf 91' lang='lat' dir='ltr'><strong>vel</strong></span> 
     </span>
    </p>
   </div>
   <div class='ocr_carea' id='block_1_62' title="bbox 1998 3101 3598 3183">
    <p class='ocr_par' dir='ltr' id='par_1_62' title="bbox 1998 3101 3598 3183">
     <span class='ocr_line' id='line_1_62' title="bbox 1998 3101 3598 3183; baseline -0.006 -17"><span class='ocrx_word' id='word_1_480' title='bbox 1998 3114 2098 3183; x_wconf 90' lang='lat' dir='ltr'><strong>ipsi</strong></span> <span class='ocrx_word' id='word_1_481' title='bbox 2128 3121 2332 3176; x_wconf 88' lang='lat' dir='ltr'><strong>amant,</strong></span> <span class='ocrx_word' id='word_1_482' title='bbox 2366 3110 2454 3165; x_wconf 80' lang='lat' dir='ltr'><strong>vel</strong></span> <span class='ocrx_word' id='word_1_483' title='bbox 2483 3123 2715 3179; x_wconf 90' lang='lat' dir='ltr'><strong>quorum</strong></span> <span class='ocrx_word' id='word_1_484' title='bbox 2743 3115 2872 3160; x_wconf 90' lang='lat' dir='ltr'><strong>sunt</strong></span> <span class='ocrx_word' id='word_1_485' title='bbox 2904 3105 3183 3175; x_wconf 80' lang='lat' dir='ltr'><strong>obsequiis</strong></span> <span class='ocrx_word' id='word_1_486' title='bbox 3205 3103 3415 3158; x_wconf 90' lang='lat' dir='ltr'><strong>deliniti</strong></span> <span class='ocrx_word' id='word_1_487' title='bbox 3450 3121 3464 3157; x_wconf 90' lang='lat'><strong>:</strong></span> <span class='ocrx_word' id='word_1_488' title='bbox 3508 3101 3598 3158; x_wconf 76' lang='lat' dir='ltr'><strong>vel</strong></span> 
     </span>
    </p>
   </div>
   <div class='ocr_carea' id='block_1_63' title="bbox 290 3186 3601 3277">
    <p class='ocr_par' dir='ltr' id='par_1_63' title="bbox 290 3186 3601 3277">
     <span class='ocr_line' id='line_1_63' title="bbox 290 3186 3601 3277; baseline -0.003 -16"><span class='ocrx_word' id='word_1_489' title='bbox 290 3220 456 3273; x_wconf 88' lang='lat' dir='ltr'><strong>nere,</strong></span> <span class='ocrx_word' id='word_1_490' title='bbox 495 3203 601 3260; x_wconf 89' lang='lat' dir='ltr'><strong>nisi</strong></span> <span class='ocrx_word' id='word_1_491' title='bbox 629 3205 983 3260; x_wconf 87' lang='lat' dir='ltr'><strong>architectus.</strong></span> <span class='ocrx_word' id='word_1_492' title='bbox 1017 3204 1442 3261; x_wconf 86' lang='lat' dir='ltr'><strong>Fundamentum</strong></span> <span class='ocrx_word' id='word_1_493' title='bbox 1485 3217 1655 3262; x_wconf 89' lang='lat' dir='ltr'><strong>autem</strong></span> <span class='ocrx_word' id='word_1_494' title='bbox 1686 3186 1892 3265; x_wconf 79' lang='lat' dir='ltr'><strong>nonest</strong></span> <span class='ocrx_word' id='word_1_495' title='bbox 1919 3186 1964 3248; x_wconf 67' lang='grc' dir='ltr'><strong>δ</strong></span> <span class='ocrx_word' id='word_1_496' title='bbox 2000 3222 2099 3277; x_wconf 88' lang='lat' dir='ltr'><strong>pro</strong></span> <span class='ocrx_word' id='word_1_497' title='bbox 2123 3205 2315 3274; x_wconf 90' lang='lat' dir='ltr'><strong>quibus</strong></span> <span class='ocrx_word' id='word_1_498' title='bbox 2341 3202 2610 3272; x_wconf 87' lang='lat' dir='ltr'><strong>majorum</strong></span> <span class='ocrx_word' id='word_1_499' title='bbox 2633 3198 2900 3269; x_wconf 79' lang='lat' dir='ltr'><strong>quiSpiam</strong></span> <span class='ocrx_word' id='word_1_500' title='bbox 2927 3197 3221 3268; x_wconf 88' lang='lat' dir='ltr'><strong>rogaverit,</strong></span> <span class='ocrx_word' id='word_1_501' title='bbox 3246 3204 3321 3260; x_wconf 90' lang='lat' dir='ltr'><strong>et,</strong></span> <span class='ocrx_word' id='word_1_502' title='bbox 3353 3206 3409 3249; x_wconf 91' lang='lat' dir='ltr'><strong>ut</strong></span> <span class='ocrx_word' id='word_1_503' title='bbox 3444 3195 3601 3250; x_wconf 87' lang='lat' dir='ltr'><strong>dete-</strong></span> 
     </span>
    </p>
   </div>
   <div class='ocr_carea' id='block_1_64' title="bbox 286 3293 1895 3371">
    <p class='ocr_par' dir='ltr' id='par_1_64' title="bbox 286 3293 1895 3371">
     <span class='ocr_line' id='line_1_64' title="bbox 286 3293 1895 3371; baseline 0.002 -20"><span class='ocrx_word' id='word_1_504' title='bbox 286 3296 446 3351; x_wconf 84' lang='lat' dir='ltr'><strong>alind</strong></span> <span class='ocrx_word' id='word_1_505' title='bbox 474 3307 664 3368; x_wconf 80' lang='lat' dir='ltr'><strong>prceter</strong></span> <span class='ocrx_word' id='word_1_506' title='bbox 693 3293 955 3352; x_wconf 83' lang='lat' dir='ltr'><strong>Christum</strong></span> <span class='ocrx_word' id='word_1_507' title='bbox 979 3295 1156 3352; x_wconf 72' lang='lat' dir='ltr'><strong>Iesum</strong></span> <span class='ocrx_word' id='word_1_508' title='bbox 1187 3299 1232 3368; x_wconf 87' lang='grc'><strong>(1</strong></span> <span class='ocrx_word' id='word_1_509' title='bbox 1262 3299 1382 3353; x_wconf 83' lang='lat' dir='ltr'><strong>Cor.</strong></span> <span class='ocrx_word' id='word_1_510' title='bbox 1415 3316 1494 3365; x_wconf 93' lang='grc' dir='ltr'>ιιι,</span> <span class='ocrx_word' id='word_1_511' title='bbox 1527 3301 1638 3371; x_wconf 82' lang='grc' dir='ltr'><strong>Η).</strong></span> <span class='ocrx_word' id='word_1_512' title='bbox 1671 3301 1777 3369; x_wconf 86' lang='lat' dir='ltr'><strong>Qui</strong></span> <span class='ocrx_word' id='word_1_513' title='bbox 1813 3303 1895 3355; x_wconf 85' lang='lat' dir='ltr'><strong>itt-</strong></span> 
     </span>
    </p>
   </div>
   <div class='ocr_carea' id='block_1_65' title="bbox 288 3387 1896 3462">
    <p class='ocr_par' dir='ltr' id='par_1_65' title="bbox 288 3387 1896 3462">
     <span class='ocr_line' id='line_1_65' title="bbox 288 3387 1896 3462; baseline 0.002 -17"><span class='ocrx_word' id='word_1_514' title='bbox 288 3388 532 3445; x_wconf 77' lang='lat' dir='ltr'><strong>l&#39;eriores</strong></span> <span class='ocrx_word' id='word_1_515' title='bbox 557 3387 792 3443; x_wconf 86' lang='lat' dir='ltr'><strong>artifices</strong></span> <span class='ocrx_word' id='word_1_516' title='bbox 817 3399 964 3454; x_wconf 88' lang='lat' dir='ltr'><strong>sunt,</strong></span> <span class='ocrx_word' id='word_1_517' title='bbox 991 3388 1045 3442; x_wconf 92' lang='lat' dir='ltr'><strong>hi</strong></span> <span class='ocrx_word' id='word_1_518' title='bbox 1080 3399 1309 3459; x_wconf 88' lang='lat' dir='ltr'><strong>possunt</strong></span> <span class='ocrx_word' id='word_1_519' title='bbox 1338 3392 1483 3446; x_wconf 67' lang='lat' dir='ltr'><strong>mdes</strong></span> <span class='ocrx_word' id='word_1_520' title='bbox 1511 3407 1674 3462; x_wconf 87' lang='lat' dir='ltr'><strong>super</strong></span> <span class='ocrx_word' id='word_1_521' title='bbox 1705 3391 1896 3448; x_wconf 79' lang='lat' dir='ltr'><strong>funda-</strong></span> 
     </span>
    </p>
   </div>
   <div class='ocr_carea' id='block_1_66' title="bbox 289 3481 1896 3553">
    <p class='ocr_par' dir='ltr' id='par_1_66' title="bbox 289 3481 1896 3553">
     <span class='ocr_line' id='line_1_66' title="bbox 289 3481 1896 3553; baseline 0 -15"><span class='ocrx_word' id='word_1_522' title='bbox 289 3493 485 3538; x_wconf 88' lang='lat' dir='ltr'><strong>menta</strong></span> <span class='ocrx_word' id='word_1_523' title='bbox 529 3490 871 3535; x_wconf 86' lang='lat' dir='ltr'><strong>construere.</strong></span> <span class='ocrx_word' id='word_1_524' title='bbox 920 3481 1123 3536; x_wconf 86' lang='lat' dir='ltr'><strong>Paulus</strong></span> <span class='ocrx_word' id='word_1_525' title='bbox 1165 3482 1346 3553; x_wconf 90' lang='lat' dir='ltr'><strong>itaque</strong></span> <span class='ocrx_word' id='word_1_526' title='bbox 1374 3493 1427 3536; x_wconf 91' lang='lat' dir='ltr'><strong>ut</strong></span> <span class='ocrx_word' id='word_1_527' title='bbox 1475 3485 1693 3552; x_wconf 88' lang='lat' dir='ltr'><strong>sapiens</strong></span> <span class='ocrx_word' id='word_1_528' title='bbox 1718 3486 1896 3539; x_wconf 85' lang='lat' dir='ltr'><strong>archi-</strong></span> 
     </span>
    </p>
   </div>
   <div class='ocr_carea' id='block_1_67' title="bbox 289 3571 1898 3644">
    <p class='ocr_par' dir='ltr' id='par_1_67' title="bbox 289 3571 1898 3644">
     <span class='ocr_line' id='line_1_67' title="bbox 289 3571 1898 3644; baseline 0.001 -15"><span class='ocrx_word' id='word_1_529' title='bbox 289 3580 502 3636; x_wconf 89' lang='lat' dir='ltr'><strong>tectus,</strong></span> <span class='ocrx_word' id='word_1_530' title='bbox 537 3580 592 3626; x_wconf 91' lang='lat' dir='ltr'><strong>et</strong></span> <span class='ocrx_word' id='word_1_531' title='bbox 633 3571 736 3628; x_wconf 86' lang='lat' dir='ltr'><strong>hoc</strong></span> <span class='ocrx_word' id='word_1_532' title='bbox 767 3571 918 3626; x_wconf 91' lang='lat' dir='ltr'><strong>omni</strong></span> <span class='ocrx_word' id='word_1_533' title='bbox 947 3571 1132 3627; x_wconf 90' lang='lat' dir='ltr'><strong>labore</strong></span> <span class='ocrx_word' id='word_1_534' title='bbox 1155 3572 1495 3630; x_wconf 90' lang='lat' dir='ltr'><strong>contendens</strong></span> <span class='ocrx_word' id='word_1_535' title='bbox 1515 3616 1529 3640; x_wconf 91' lang='lat'><strong>,</strong></span> <span class='ocrx_word' id='word_1_536' title='bbox 1575 3589 1642 3629; x_wconf 90' lang='lat' dir='ltr'><strong>ne</strong></span> <span class='ocrx_word' id='word_1_537' title='bbox 1674 3575 1725 3629; x_wconf 95' lang='lat' dir='ltr'><strong>in</strong></span> <span class='ocrx_word' id='word_1_538' title='bbox 1761 3591 1898 3644; x_wconf 69' lang='lat' dir='ltr'><strong>pra:-</strong></span> 
     </span>
    </p>
   </div>
   <div class='ocr_carea' id='block_1_68' title="bbox 292 3662 1898 3737">
    <p class='ocr_par' dir='ltr' id='par_1_68' title="bbox 292 3662 1898 3737">
     <span class='ocr_line' id='line_1_68' title="bbox 292 3662 1898 3737; baseline 0.001 -17"><span class='ocrx_word' id='word_1_539' title='bbox 292 3663 512 3737; x_wconf 90' lang='lat' dir='ltr'><strong>paratis</strong></span> <span class='ocrx_word' id='word_1_540' title='bbox 537 3662 891 3733; x_wconf 83' lang='lat' dir='ltr'><strong>gloriaretur,</strong></span> <span class='ocrx_word' id='word_1_541' title='bbox 923 3663 1018 3717; x_wconf 89' lang='lat' dir='ltr'><strong>sed</strong></span> <span class='ocrx_word' id='word_1_542' title='bbox 1052 3664 1142 3718; x_wconf 90' lang='lat' dir='ltr'><strong>ubi</strong></span> <span class='ocrx_word' id='word_1_543' title='bbox 1174 3665 1404 3718; x_wconf 86' lang='lat' dir='ltr'><strong>necdum</strong></span> <span class='ocrx_word' id='word_1_544' title='bbox 1435 3665 1686 3720; x_wconf 85' lang='lat' dir='ltr'><strong>Christus</strong></span> <span class='ocrx_word' id='word_1_545' title='bbox 1718 3667 1898 3722; x_wconf 81' lang='lat' dir='ltr'><strong>fuerat</strong></span> 
     </span>
    </p>
   </div>
   <div class='ocr_carea' id='block_1_69' title="bbox 290 3756 1896 3826">
    <p class='ocr_par' dir='ltr' id='par_1_69' title="bbox 290 3756 1896 3826">
     <span class='ocr_line' id='line_1_69' title="bbox 290 3756 1896 3826; baseline 0.001 -12"><span class='ocrx_word' id='word_1_546' title='bbox 290 3757 676 3820; x_wconf 87' lang='lat' dir='ltr'><strong>annuntiatus,</strong></span> <span class='ocrx_word' id='word_1_547' title='bbox 725 3766 1009 3826; x_wconf 83' lang='lat' dir='ltr'><strong>postquam</strong></span> <span class='ocrx_word' id='word_1_548' title='bbox 1060 3756 1197 3811; x_wconf 89' lang='lat' dir='ltr'><strong>dura</strong></span> <span class='ocrx_word' id='word_1_549' title='bbox 1236 3757 1579 3812; x_wconf 90' lang='lat' dir='ltr'><strong>Cretensium</strong></span> <span class='ocrx_word' id='word_1_550' title='bbox 1623 3759 1688 3813; x_wconf 92' lang='lat' dir='ltr'><strong>ad</strong></span> <span class='ocrx_word' id='word_1_551' title='bbox 1737 3759 1896 3815; x_wconf 86' lang='lat' dir='ltr'><strong>fidem</strong></span> 
     </span>
    </p>
   </div>
   <div class='ocr_carea' id='block_1_70' title="bbox 293 3849 1901 3921">
    <p class='ocr_par' dir='ltr' id='par_1_70' title="bbox 293 3849 1901 3921">
     <span class='ocr_line' id='line_1_70' title="bbox 293 3849 1901 3921; baseline 0.002 -16"><span class='ocrx_word' id='word_1_552' title='bbox 293 3849 504 3907; x_wconf 87' lang='lat' dir='ltr'><strong>Christi</strong></span> <span class='ocrx_word' id='word_1_553' title='bbox 538 3849 702 3904; x_wconf 90' lang='lat' dir='ltr'><strong>corda</strong></span> <span class='ocrx_word' id='word_1_554' title='bbox 734 3849 1042 3913; x_wconf 89' lang='lat' dir='ltr'><strong>mollierat,</strong></span> <span class='ocrx_word' id='word_1_555' title='bbox 1085 3858 1140 3903; x_wconf 89' lang='lat' dir='ltr'><strong>et</strong></span> <span class='ocrx_word' id='word_1_556' title='bbox 1171 3859 1278 3903; x_wconf 91' lang='lat' dir='ltr'><strong>tam</strong></span> <span class='ocrx_word' id='word_1_557' title='bbox 1321 3865 1576 3904; x_wconf 83' lang='lat' dir='ltr'><strong>sermone</strong></span> <span class='ocrx_word' id='word_1_558' title='bbox 1618 3866 1775 3921; x_wconf 88' lang='lat' dir='ltr'><strong>quam</strong></span> <span class='ocrx_word' id='word_1_559' title='bbox 1823 3854 1901 3908; x_wconf 87' lang='lat' dir='ltr'><strong>si-</strong></span> 
     </span>
    </p>
   </div>
   <div class='ocr_carea' id='block_1_71' title="bbox 297 3942 1896 4016">
    <p class='ocr_par' dir='ltr' id='par_1_71' title="bbox 297 3942 1896 4016">
     <span class='ocr_line' id='line_1_71' title="bbox 297 3942 1896 4016; baseline 0.002 -18"><span class='ocrx_word' id='word_1_560' title='bbox 297 3945 424 4016; x_wconf 86' lang='lat' dir='ltr'><strong>gnis</strong></span> <span class='ocrx_word' id='word_1_561' title='bbox 465 3943 808 4016; x_wconf 88' lang='lat' dir='ltr'><strong>edomuerat,</strong></span> <span class='ocrx_word' id='word_1_562' title='bbox 839 3953 894 3999; x_wconf 83' lang='lat' dir='ltr'><strong>et</strong></span> <span class='ocrx_word' id='word_1_563' title='bbox 928 3942 1224 3997; x_wconf 87' lang='lat' dir='ltr'><strong>edocuerat</strong></span> <span class='ocrx_word' id='word_1_564' title='bbox 1255 3959 1350 3999; x_wconf 90' lang='lat' dir='ltr'><strong>eos</strong></span> <span class='ocrx_word' id='word_1_565' title='bbox 1398 3959 1503 3999; x_wconf 92' lang='lat' dir='ltr'><strong>non</strong></span> <span class='ocrx_word' id='word_1_566' title='bbox 1542 3948 1896 4001; x_wconf 86' lang='lat' dir='ltr'><strong>vernaculum</strong></span> 
     </span>
    </p>
   </div>
   <div class='ocr_carea' id='block_1_72' title="bbox 298 4015 1901 4100">
    <p class='ocr_par' dir='ltr' id='par_1_72' title="bbox 298 4015 1901 4100">
     <span class='ocr_line' id='line_1_72' title="bbox 298 4015 1901 4100; baseline 0.002 -7"><span class='ocrx_word' id='word_1_567' title='bbox 298 4015 518 4100; x_wconf 62' lang='lat' dir='ltr'><strong>Jovem,</strong></span> <span class='ocrx_word' id='word_1_568' title='bbox 561 4035 656 4090; x_wconf 84' lang='lat' dir='ltr'><strong>sed</strong></span> <span class='ocrx_word' id='word_1_569' title='bbox 705 4036 757 4090; x_wconf 92' lang='lat' dir='ltr'><strong>in</strong></span> <span class='ocrx_word' id='word_1_570' title='bbox 804 4036 972 4091; x_wconf 90' lang='lat' dir='ltr'><strong>Deum</strong></span> <span class='ocrx_word' id='word_1_571' title='bbox 1014 4035 1226 4091; x_wconf 86' lang='lat' dir='ltr'><strong>Patrem</strong></span> <span class='ocrx_word' id='word_1_572' title='bbox 1273 4047 1330 4092; x_wconf 91' lang='lat' dir='ltr'><strong>et</strong></span> <span class='ocrx_word' id='word_1_573' title='bbox 1378 4037 1429 4091; x_wconf 91' lang='lat' dir='ltr'><strong>in</strong></span> <span class='ocrx_word' id='word_1_574' title='bbox 1476 4038 1750 4093; x_wconf 83' lang='lat' dir='ltr'><strong>Christum</strong></span> <span class='ocrx_word' id='word_1_575' title='bbox 1782 4055 1901 4096; x_wconf 91' lang='lat' dir='ltr'><strong>cre-</strong></span> 
     </span>
    </p>
   </div>
   <div class='ocr_carea' id='block_1_73' title="bbox 296 4127 1896 4198">
    <p class='ocr_par' dir='ltr' id='par_1_73' title="bbox 296 4127 1896 4198">
     <span class='ocr_line' id='line_1_73' title="bbox 296 4127 1896 4198; baseline 0.002 -14"><span class='ocrx_word' id='word_1_576' title='bbox 296 4128 453 4196; x_wconf 89' lang='lat' dir='ltr'><strong>dere,</strong></span> <span class='ocrx_word' id='word_1_577' title='bbox 488 4128 906 4197; x_wconf 84' lang='lat' dir='ltr'><strong>reliquitTitum</strong></span> <span class='ocrx_word' id='word_1_578' title='bbox 935 4127 1260 4197; x_wconf 88' lang='lat' dir='ltr'><strong>discipulum</strong></span> <span class='ocrx_word' id='word_1_579' title='bbox 1281 4129 1476 4198; x_wconf 84' lang='lat' dir='ltr'><strong>Cretae,</strong></span> <span class='ocrx_word' id='word_1_580' title='bbox 1506 4140 1562 4183; x_wconf 92' lang='lat' dir='ltr'><strong>ut</strong></span> <span class='ocrx_word' id='word_1_581' title='bbox 1590 4132 1896 4187; x_wconf 88' lang='lat' dir='ltr'><strong>rudimenta</strong></span> 
     </span>
    </p>
   </div>
   <div class='ocr_carea' id='block_1_74' title="bbox 299 4221 1900 4293">
    <p class='ocr_par' dir='ltr' id='par_1_74' title="bbox 299 4221 1900 4293">
     <span class='ocr_line' id='line_1_74' title="bbox 299 4221 1900 4293; baseline 0.001 -15"><span class='ocrx_word' id='word_1_582' title='bbox 299 4223 584 4278; x_wconf 88' lang='lat' dir='ltr'><strong>nascentis</strong></span> <span class='ocrx_word' id='word_1_583' title='bbox 617 4221 878 4277; x_wconf 75' lang='lat' dir='ltr'><strong>Ecclesia:</strong></span> <span class='ocrx_word' id='word_1_584' title='bbox 905 4221 1275 4285; x_wconf 87' lang='lat' dir='ltr'><strong>conﬁrmaret,</strong></span> <span class='ocrx_word' id='word_1_585' title='bbox 1310 4232 1362 4277; x_wconf 89' lang='lat' dir='ltr'><strong>et</strong></span> <span class='ocrx_word' id='word_1_586' title='bbox 1391 4225 1432 4276; x_wconf 93' lang='lat' dir='ltr'><strong>si</strong></span> <span class='ocrx_word' id='word_1_587' title='bbox 1461 4223 1588 4293; x_wconf 87' lang='lat' dir='ltr'><strong>qttid</strong></span> <span class='ocrx_word' id='word_1_588' title='bbox 1621 4225 1900 4281; x_wconf 81' lang='lat' dir='ltr'><strong>videbatur</strong></span> 
     </span>
    </p>
   </div>
   <div class='ocr_carea' id='block_1_75' title="bbox 297 4315 1895 4389">
    <p class='ocr_par' dir='ltr' id='par_1_75' title="bbox 297 4315 1895 4389">
     <span class='ocr_line' id='line_1_75' title="bbox 297 4315 1895 4389; baseline 0.001 -17"><span class='ocrx_word' id='word_1_589' title='bbox 297 4317 519 4380; x_wconf 86' lang='lat' dir='ltr'><strong>deesse,</strong></span> <span class='ocrx_word' id='word_1_590' title='bbox 563 4315 884 4385; x_wconf 86' lang='lat' dir='ltr'><strong>corrigeret,</strong></span> <span class='ocrx_word' id='word_1_591' title='bbox 931 4316 1043 4384; x_wconf 91' lang='lat' dir='ltr'><strong>ipse</strong></span> <span class='ocrx_word' id='word_1_592' title='bbox 1087 4329 1320 4385; x_wconf 81' lang='lat' dir='ltr'><strong>pergens</strong></span> <span class='ocrx_word' id='word_1_593' title='bbox 1362 4316 1428 4370; x_wconf 90' lang='lat' dir='ltr'><strong>ad</strong></span> <span class='ocrx_word' id='word_1_594' title='bbox 1460 4317 1596 4372; x_wconf 88' lang='lat' dir='ltr'><strong>alias</strong></span> <span class='ocrx_word' id='word_1_595' title='bbox 1625 4321 1895 4389; x_wconf 85' lang='lat' dir='ltr'><strong>nationes,</strong></span> 
     </span>
    </p>
   </div>
   <div class='ocr_carea' id='block_1_76' title="bbox 301 4405 1899 4478">
    <p class='ocr_par' dir='ltr' id='par_1_76' title="bbox 301 4405 1899 4478">
     <span class='ocr_line' id='line_1_76' title="bbox 301 4405 1899 4478; baseline 0.002 -16"><span class='ocrx_word' id='word_1_596' title='bbox 301 4417 362 4462; x_wconf 90' lang='lat' dir='ltr'><strong>ut</strong></span> <span class='ocrx_word' id='word_1_597' title='bbox 396 4423 614 4463; x_wconf 91' lang='lat' dir='ltr'><strong>rursum</strong></span> <span class='ocrx_word' id='word_1_598' title='bbox 649 4406 701 4461; x_wconf 92' lang='lat' dir='ltr'><strong>in</strong></span> <span class='ocrx_word' id='word_1_599' title='bbox 725 4407 804 4461; x_wconf 91' lang='lat' dir='ltr'><strong>eis</strong></span> <span class='ocrx_word' id='word_1_600' title='bbox 831 4405 1035 4461; x_wconf 91' lang='lat' dir='ltr'><strong>Christi</strong></span> <span class='ocrx_word' id='word_1_601' title='bbox 1058 4405 1268 4476; x_wconf 82' lang='lat' dir='ltr'><strong>jaceret</strong></span> <span class='ocrx_word' id='word_1_602' title='bbox 1298 4406 1899 4478; x_wconf 85' lang='lat' dir='ltr'><strong>fundamentum.Quod</strong></span> 
     </span>
    </p>
   </div>
   <div class='ocr_carea' id='block_1_77' title="bbox 300 4499 1898 4569">
    <p class='ocr_par' dir='ltr' id='par_1_77' title="bbox 300 4499 1898 4569">
     <span class='ocr_line' id='line_1_77' title="bbox 300 4499 1898 4569; baseline 0.001 -15"><span class='ocrx_word' id='word_1_603' title='bbox 300 4511 486 4554; x_wconf 85' lang='lat' dir='ltr'><strong>autem</strong></span> <span class='ocrx_word' id='word_1_604' title='bbox 530 4499 608 4553; x_wconf 87' lang='lat' dir='ltr'><strong>ait</strong></span> <span class='ocrx_word' id='word_1_605' title='bbox 642 4515 657 4554; x_wconf 86' lang='lat'>:</span> <span class='ocrx_word' id='word_1_606' title='bbox 697 4507 754 4551; x_wconf 87' lang='lat' dir='ltr'><strong>ut</strong></span> <span class='ocrx_word' id='word_1_607' title='bbox 793 4515 851 4551; x_wconf 88' lang='lat' dir='ltr'><strong>ea</strong></span> <span class='ocrx_word' id='word_1_608' title='bbox 881 4515 994 4569; x_wconf 72' lang='lat' dir='ltr'><strong>qua:</strong></span> <span class='ocrx_word' id='word_1_609' title='bbox 1025 4499 1260 4567; x_wconf 82' lang='lat' dir='ltr'><strong>deerant,</strong></span> <span class='ocrx_word' id='word_1_610' title='bbox 1311 4501 1614 4569; x_wconf 79' lang='lat' dir='ltr'><strong>corrigeres,</strong></span> <span class='ocrx_word' id='word_1_611' title='bbox 1658 4503 1898 4556; x_wconf 90' lang='lat' dir='ltr'><strong>ostendit</strong></span> 
     </span>
    </p>
   </div>
   <div class='ocr_carea' id='block_1_78' title="bbox 302 4563 1972 4659">
    <p class='ocr_par' dir='ltr' id='par_1_78' title="bbox 302 4563 1972 4659">
     <span class='ocr_line' id='line_1_78' title="bbox 302 4563 1972 4659; baseline 0.001 -11"><span class='ocrx_word' id='word_1_612' title='bbox 302 4592 533 4648; x_wconf 90' lang='lat' dir='ltr'><strong>necdum</strong></span> <span class='ocrx_word' id='word_1_613' title='bbox 565 4605 661 4646; x_wconf 79' lang='lat' dir='ltr'><strong>eos</strong></span> <span class='ocrx_word' id='word_1_614' title='bbox 683 4590 749 4644; x_wconf 91' lang='lat' dir='ltr'><strong>ad</strong></span> <span class='ocrx_word' id='word_1_615' title='bbox 785 4590 996 4659; x_wconf 84' lang='lat' dir='ltr'><strong>plenam</strong></span> <span class='ocrx_word' id='word_1_616' title='bbox 1042 4591 1258 4646; x_wconf 86' lang='lat' dir='ltr'><strong>venisse</strong></span> <span class='ocrx_word' id='word_1_617' title='bbox 1287 4591 1570 4645; x_wconf 84' lang='lat' dir='ltr'><strong>scientiam</strong></span> <span class='ocrx_word' id='word_1_618' title='bbox 1605 4594 1851 4649; x_wconf 86' lang='lat' dir='ltr'><strong>veritatis</strong></span> <span class='ocrx_word' id='word_1_619' title='bbox 1879 4611 1894 4650; x_wconf 88' lang='lat'><strong>:</strong></span> <span class='ocrx_word' id='word_1_620' title='bbox 1926 4563 1972 4620; x_wconf 64' lang='grc' dir='ltr'><strong>Β</strong></span> 
     </span>
    </p>
   </div>
   <div class='ocr_carea' id='block_1_79' title="bbox 304 4683 1902 4753">
    <p class='ocr_par' dir='ltr' id='par_1_79' title="bbox 304 4683 1902 4753">
     <span class='ocr_line' id='line_1_79' title="bbox 304 4683 1902 4753; baseline 0.002 -12"><span class='ocrx_word' id='word_1_621' title='bbox 304 4695 363 4741; x_wconf 89' lang='grc' dir='ltr'><strong>ει</strong></span> <span class='ocrx_word' id='word_1_622' title='bbox 390 4686 522 4740; x_wconf 90' lang='lat' dir='ltr'><strong>licet</strong></span> <span class='ocrx_word' id='word_1_623' title='bbox 549 4685 617 4739; x_wconf 93' lang='lat' dir='ltr'><strong>ab</strong></span> <span class='ocrx_word' id='word_1_624' title='bbox 665 4683 929 4753; x_wconf 89' lang='lat' dir='ltr'><strong>Apostolo</strong></span> <span class='ocrx_word' id='word_1_625' title='bbox 963 4685 1193 4740; x_wconf 88' lang='lat' dir='ltr'><strong>correcti</strong></span> <span class='ocrx_word' id='word_1_626' title='bbox 1234 4685 1455 4748; x_wconf 87' lang='lat' dir='ltr'><strong>fuerint,</strong></span> <span class='ocrx_word' id='word_1_627' title='bbox 1502 4694 1682 4740; x_wconf 88' lang='lat' dir='ltr'><strong>tamen</strong></span> <span class='ocrx_word' id='word_1_628' title='bbox 1726 4688 1902 4744; x_wconf 88' lang='lat' dir='ltr'><strong>adhuc</strong></span> 
     </span>
    </p>
   </div>
   <div class='ocr_carea' id='block_1_80' title="bbox 303 4775 1900 4848">
    <p class='ocr_par' dir='ltr' id='par_1_80' title="bbox 303 4775 1900 4848">
     <span class='ocr_line' id='line_1_80' title="bbox 303 4775 1900 4848; baseline 0.001 -16"><span class='ocrx_word' id='word_1_629' title='bbox 303 4777 551 4848; x_wconf 85' lang='lat' dir='ltr'><strong>indigere</strong></span> <span class='ocrx_word' id='word_1_630' title='bbox 581 4777 943 4831; x_wconf 89' lang='lat' dir='ltr'><strong>correctione.</strong></span> <span class='ocrx_word' id='word_1_631' title='bbox 975 4775 1150 4831; x_wconf 89' lang='lat' dir='ltr'><strong>Omne</strong></span> <span class='ocrx_word' id='word_1_632' title='bbox 1194 4782 1376 4831; x_wconf 90' lang='lat' dir='ltr'><strong>autem</strong></span> <span class='ocrx_word' id='word_1_633' title='bbox 1416 4777 1558 4846; x_wconf 91' lang='lat' dir='ltr'><strong>quod</strong></span> <span class='ocrx_word' id='word_1_634' title='bbox 1586 4777 1900 4848; x_wconf 81' lang='lat' dir='ltr'><strong>corrigitur,</strong></span> 
     </span>
    </p>
   </div>
   <div class='ocr_carea' id='block_1_81' title="bbox 305 4867 1905 4942">
    <p class='ocr_par' dir='ltr' id='par_1_81' title="bbox 305 4867 1905 4942">
     <span class='ocr_line' id='line_1_81' title="bbox 305 4867 1905 4942; baseline -0.001 -16"><span class='ocrx_word' id='word_1_635' title='bbox 305 4870 680 4942; x_wconf 88' lang='lat' dir='ltr'><strong>imperfectum</strong></span> <span class='ocrx_word' id='word_1_636' title='bbox 702 4879 806 4925; x_wconf 90' lang='lat' dir='ltr'><strong>est.</strong></span> <span class='ocrx_word' id='word_1_637' title='bbox 837 4869 969 4923; x_wconf 89' lang='lat' dir='ltr'><strong>Nam</strong></span> <span class='ocrx_word' id='word_1_638' title='bbox 998 4875 1054 4924; x_wconf 92' lang='lat' dir='ltr'><strong>et</strong></span> <span class='ocrx_word' id='word_1_639' title='bbox 1081 4870 1134 4923; x_wconf 91' lang='lat' dir='ltr'><strong>in</strong></span> <span class='ocrx_word' id='word_1_640' title='bbox 1168 4869 1362 4925; x_wconf 65' lang='lat' dir='ltr'><strong>Grmco</strong></span> <span class='ocrx_word' id='word_1_641' title='bbox 1392 4867 1794 4938; x_wconf 78' lang='lat' dir='ltr'><strong>praepositionis</strong></span> <span class='ocrx_word' id='word_1_642' title='bbox 1809 4871 1905 4924; x_wconf 89' lang='lat' dir='ltr'><strong>ad-</strong></span> 
     </span>
    </p>
   </div>
   <div class='ocr_carea' id='block_1_82' title="bbox 379 5026 1903 5092">
    <p class='ocr_par' dir='ltr' id='par_1_82' title="bbox 379 5026 1903 5092">
     <span class='ocr_line' id='line_1_82' title="bbox 379 5026 1903 5092; baseline -0.001 -8"><span class='ocrx_word' id='word_1_643' title='bbox 379 5039 402 5068; x_wconf 79' lang='grc' dir='ltr'>α</span> <span class='ocrx_word' id='word_1_644' title='bbox 432 5028 691 5084; x_wconf 86' lang='lat' dir='ltr'><strong>Codicem</strong></span> <span class='ocrx_word' id='word_1_645' title='bbox 735 5043 838 5081; x_wconf 89' lang='lat' dir='ltr'><strong>ms.</strong></span> <span class='ocrx_word' id='word_1_646' title='bbox 885 5026 942 5081; x_wconf 87' lang='lat' dir='ltr'><strong>S.</strong></span> <span class='ocrx_word' id='word_1_647' title='bbox 991 5026 1208 5080; x_wconf 86' lang='lat' dir='ltr'><strong>Martini</strong></span> <span class='ocrx_word' id='word_1_648' title='bbox 1240 5041 1269 5080; x_wconf 88' lang='lat' dir='ltr'><strong>a</strong></span> <span class='ocrx_word' id='word_1_649' title='bbox 1311 5026 1532 5092; x_wconf 86' lang='lat' dir='ltr'><strong>Campis</strong></span> <span class='ocrx_word' id='word_1_650' title='bbox 1558 5036 1613 5080; x_wconf 91' lang='lat' dir='ltr'><strong>et</strong></span> <span class='ocrx_word' id='word_1_651' title='bbox 1642 5026 1779 5080; x_wconf 90' lang='lat' dir='ltr'><strong>alios</strong></span> <span class='ocrx_word' id='word_1_652' title='bbox 1817 5041 1903 5082; x_wconf 88' lang='lat' dir='ltr'><strong>se-</strong></span> 
     </span>
    </p>
   </div>
   <div class='ocr_carea' id='block_1_83' title="bbox 305 5096 1906 5166">
    <p class='ocr_par' dir='ltr' id='par_1_83' title="bbox 305 5096 1906 5166">
     <span class='ocr_line' id='line_1_83' title="bbox 305 5096 1906 5166; baseline -0.002 -10"><span class='ocrx_word' id='word_1_653' title='bbox 305 5103 416 5156; x_wconf 89' lang='lat' dir='ltr'><strong>cuti</strong></span> <span class='ocrx_word' id='word_1_654' title='bbox 449 5115 661 5154; x_wconf 88' lang='lat' dir='ltr'><strong>sumus.</strong></span> <span class='ocrx_word' id='word_1_655' title='bbox 706 5098 862 5166; x_wconf 77' lang='lat' dir='ltr'><strong>Apud</strong></span> <span class='ocrx_word' id='word_1_656' title='bbox 895 5096 1176 5150; x_wconf 86' lang='lat' dir='ltr'><strong>Erasmttm</strong></span> <span class='ocrx_word' id='word_1_657' title='bbox 1209 5097 1764 5166; x_wconf 15' lang='lat' dir='ltr'><strong>corrupteilegimus:</strong></span> <span class='ocrx_word' id='word_1_658' title='bbox 1804 5097 1906 5164; x_wconf 84' lang='lat' dir='ltr'><strong>Qui</strong></span> 
     </span>
    </p>
   </div>
   <div class='ocr_carea' id='block_1_84' title="bbox 307 5165 1906 5242">
    <p class='ocr_par' dir='ltr' id='par_1_84' title="bbox 307 5165 1906 5242">
     <span class='ocr_line' id='line_1_84' title="bbox 307 5165 1906 5242; baseline -0.001 -18"><span class='ocrx_word' id='word_1_659' title='bbox 307 5181 527 5242; x_wconf 87' lang='lat' dir='ltr'><strong>possunt</strong></span> <span class='ocrx_word' id='word_1_660' title='bbox 551 5165 800 5242; x_wconf 71' lang='lat' dir='ltr'><strong>Ecclesia:</strong></span> <span class='ocrx_word' id='word_1_661' title='bbox 830 5168 946 5237; x_wconf 87' lang='lat' dir='ltr'><strong>plus</strong></span> <span class='ocrx_word' id='word_1_662' title='bbox 977 5167 1243 5242; x_wconf 83' lang='lat' dir='ltr'><strong>prodesse,</strong></span> <span class='ocrx_word' id='word_1_663' title='bbox 1271 5177 1319 5242; x_wconf 79' lang='lat' dir='ltr'><strong>et</strong></span> <span class='ocrx_word' id='word_1_664' title='bbox 1349 5169 1401 5221; x_wconf 89' lang='lat' dir='ltr'><strong>in</strong></span> <span class='ocrx_word' id='word_1_665' title='bbox 1446 5165 1679 5242; x_wconf 67' lang='lat' dir='ltr'><strong>Ecclesia</strong></span> <span class='ocrx_word' id='word_1_666' title='bbox 1707 5170 1906 5242; x_wconf 81' lang='lat' dir='ltr'><strong>erigere</strong></span> 
     </span>
    </p>
   </div>
   <div class='ocr_carea' id='block_1_85' title="bbox 306 5237 1907 5307">
    <p class='ocr_par' dir='ltr' id='par_1_85' title="bbox 306 5237 1907 5307">
     <span class='ocr_line' id='line_1_85' title="bbox 306 5237 1907 5307; baseline -0.002 -11"><span class='ocrx_word' id='word_1_667' title='bbox 306 5237 594 5298; x_wconf 73' lang='lat' dir='ltr'><strong>columnas.</strong></span> <span class='ocrx_word' id='word_1_668' title='bbox 625 5240 898 5294; x_wconf 80' lang='lat' dir='ltr'><strong>Marianos</strong></span> <span class='ocrx_word' id='word_1_669' title='bbox 921 5239 1162 5307; x_wconf 84' lang='lat' dir='ltr'><strong>pejorem</strong></span> <span class='ocrx_word' id='word_1_670' title='bbox 1180 5254 1242 5291; x_wconf 79' lang='lat' dir='ltr'><strong>ex</strong></span> <span class='ocrx_word' id='word_1_671' title='bbox 1265 5238 1490 5293; x_wconf 83' lang='lat' dir='ltr'><strong>decreto</strong></span> <span class='ocrx_word' id='word_1_672' title='bbox 1515 5237 1761 5291; x_wconf 88' lang='lat' dir='ltr'><strong>Gratiani</strong></span> <span class='ocrx_word' id='word_1_673' title='bbox 1789 5237 1907 5293; x_wconf 36' lang='lat' dir='ltr'><strong>‘Iec-</strong></span> 
     </span>
    </p>
   </div>
   <div class='ocr_carea' id='block_1_86' title="bbox 310 5308 1908 5378">
    <p class='ocr_par' dir='ltr' id='par_1_86' title="bbox 310 5308 1908 5378">
     <span class='ocr_line' id='line_1_86' title="bbox 310 5308 1908 5378; baseline -0.003 -11"><span class='ocrx_word' id='word_1_674' title='bbox 310 5315 513 5368; x_wconf 82' lang='lat' dir='ltr'><strong>tionem</strong></span> <span class='ocrx_word' id='word_1_675' title='bbox 571 5310 626 5366; x_wconf 91' lang='lat' dir='ltr'><strong>in</strong></span> <span class='ocrx_word' id='word_1_676' title='bbox 677 5312 1065 5378; x_wconf 85' lang='lat' dir='ltr'><strong>Hieronymum</strong></span> <span class='ocrx_word' id='word_1_677' title='bbox 1108 5309 1346 5372; x_wconf 83' lang='lat' dir='ltr'><strong>invexit,</strong></span> <span class='ocrx_word' id='word_1_678' title='bbox 1379 5309 1565 5363; x_wconf 88' lang='lat' dir='ltr'><strong>dicens</strong></span> <span class='ocrx_word' id='word_1_679' title='bbox 1607 5326 1618 5361; x_wconf 76' lang='grc' dir='ltr'>ε</span> <span class='ocrx_word' id='word_1_680' title='bbox 1665 5308 1729 5361; x_wconf 84' lang='lat' dir='ltr'><strong>At</strong></span> <span class='ocrx_word' id='word_1_681' title='bbox 1773 5325 1908 5363; x_wconf 86' lang='lat' dir='ltr'><strong>nunc</strong></span> 
     </span>
    </p>
   </div>
   <div class='ocr_carea' id='block_1_87' title="bbox 309 5378 1908 5451">
    <p class='ocr_par' dir='ltr' id='par_1_87' title="bbox 309 5378 1908 5451">
     <span class='ocr_line' id='line_1_87' title="bbox 309 5378 1908 5451; baseline -0.004 -13"><span class='ocrx_word' id='word_1_682' title='bbox 309 5388 573 5438; x_wconf 87' lang='lat' dir='ltr'><strong>cernimus</strong></span> <span class='ocrx_word' id='word_1_683' title='bbox 627 5382 882 5451; x_wconf 86' lang='lat' dir='ltr'><strong>plurimos</strong></span> <span class='ocrx_word' id='word_1_684' title='bbox 931 5378 1067 5451; x_wconf 47' lang='lat' dir='ltr'><strong>lianc</strong></span> <span class='ocrx_word' id='word_1_685' title='bbox 1104 5395 1210 5432; x_wconf 88' lang='lat' dir='ltr'><strong>rem</strong></span> <span class='ocrx_word' id='word_1_686' title='bbox 1256 5378 1773 5451; x_wconf 12' lang='lat' dir='ltr'><strong>beneﬁciumifacere</strong></span> <span class='ocrx_word' id='word_1_687' title='bbox 1803 5395 1819 5431; x_wconf 91' lang='lat'><strong><em>:</em></strong></span> <span class='ocrx_word' id='word_1_688' title='bbox 1853 5386 1908 5432; x_wconf 88' lang='lat' dir='ltr'><strong>ut</strong></span> 
     </span>
    </p>
   </div>
   <div class='ocr_carea' id='block_1_88' title="bbox 309 5448 1904 5526">
    <p class='ocr_par' dir='ltr' id='par_1_88' title="bbox 309 5448 1904 5526">
     <span class='ocr_line' id='line_1_88' title="bbox 309 5448 1904 5526; baseline -0.005 -16"><span class='ocrx_word' id='word_1_689' title='bbox 309 5471 415 5510; x_wconf 86' lang='lat' dir='ltr'><strong>non</strong></span> <span class='ocrx_word' id='word_1_690' title='bbox 440 5448 680 5526; x_wconf 68' lang='lat' dir='ltr'><strong>quterajrt</strong></span> <span class='ocrx_word' id='word_1_691' title='bbox 730 5468 814 5505; x_wconf 89' lang='lat' dir='ltr'><strong>eos</strong></span> <span class='ocrx_word' id='word_1_692' title='bbox 843 5452 900 5526; x_wconf 89' lang='lat' dir='ltr'><strong>i_n</strong></span> <span class='ocrx_word' id='word_1_693' title='bbox 931 5448 1168 5526; x_wconf 66' lang='lat' dir='ltr'><strong>Ecclesia</strong></span> <span class='ocrx_word' id='word_1_694' title='bbox 1199 5449 1471 5526; x_wconf 79' lang='lat' dir='ltr'><strong>columnas</strong></span> <span class='ocrx_word' id='word_1_695' title='bbox 1511 5450 1726 5526; x_wconf 78' lang='lat' dir='ltr'><strong>erigere,</strong></span> <span class='ocrx_word' id='word_1_696' title='bbox 1775 5466 1904 5519; x_wconf 86' lang='lat' dir='ltr'><strong>quos</strong></span> 
     </span>
    </p>
   </div>
   <div class='ocr_carea' id='block_1_89' title="bbox 310 5519 1904 5596">
    <p class='ocr_par' dir='ltr' id='par_1_89' title="bbox 310 5519 1904 5596">
     <span class='ocr_line' id='line_1_89' title="bbox 310 5519 1904 5596; baseline -0.005 -16"><span class='ocrx_word' id='word_1_697' title='bbox 310 5527 430 5596; x_wconf 86' lang='lat' dir='ltr'><strong>plus</strong></span> <span class='ocrx_word' id='word_1_698' title='bbox 453 5519 785 5594; x_wconf 54' lang='lat' dir='ltr'><strong>&#39;cognoscant</strong></span> <span class='ocrx_word' id='word_1_699' title='bbox 813 5519 1087 5596; x_wconf 55' lang='lat' dir='ltr'><strong>Ecclesia:</strong></span> <span class='ocrx_word' id='word_1_700' title='bbox 1133 5520 1376 5588; x_wconf 84' lang='lat' dir='ltr'><strong>prodesse</strong></span> <span class='ocrx_word' id='word_1_701' title='bbox 1417 5536 1448 5596; x_wconf 88' lang='lat'><strong>_:_</strong></span> <span class='ocrx_word' id='word_1_702' title='bbox 1485 5519 1761 5596; x_wconf 32' lang='lat' dir='ltr'><strong>sed’quos,</strong></span> <span class='ocrx_word' id='word_1_703' title='bbox 1793 5527 1904 5596; x_wconf 63' lang='lat' dir='ltr'><strong>etc.</strong></span> 
     </span>
    </p>
   </div>
   <div class='ocr_carea' id='block_1_90' title="bbox 310 5589 1908 5655">
    <p class='ocr_par' dir='ltr' id='par_1_90' title="bbox 310 5589 1908 5655">
     <span class='ocr_line' id='line_1_90' title="bbox 310 5589 1908 5655; baseline -0.004 -5"><span class='ocrx_word' id='word_1_704' title='bbox 310 5589 478 5652; x_wconf 78' lang='lat' dir='ltr'><strong>Certe</strong></span> <span class='ocrx_word' id='word_1_705' title='bbox 507 5589 617 5649; x_wconf 68' lang='lat' dir='ltr'><strong>non</strong></span> <span class='ocrx_word' id='word_1_706' title='bbox 642 5592 876 5648; x_wconf 88' lang='lat' dir='ltr'><strong>contulit</strong></span> <span class='ocrx_word' id='word_1_707' title='bbox 901 5592 1174 5646; x_wconf 88' lang='lat' dir='ltr'><strong>editiones</strong></span> <span class='ocrx_word' id='word_1_708' title='bbox 1193 5605 1316 5645; x_wconf 89' lang='lat' dir='ltr'><strong>cum</strong></span> <span class='ocrx_word' id='word_1_709' title='bbox 1329 5589 1608 5646; x_wconf 79' lang='lat' dir='ltr'><strong>codicibus</strong></span> <span class='ocrx_word' id='word_1_710' title='bbox 1632 5604 1788 5655; x_wconf 83' lang='lat' dir='ltr'><strong>mss.,</strong></span> <span class='ocrx_word' id='word_1_711' title='bbox 1811 5589 1908 5644; x_wconf 78' lang='lat' dir='ltr'><strong>sed</strong></span> 
     </span>
    </p>
   </div>
   <div class='ocr_carea' id='block_1_91' title="bbox 316 5657 1910 5731">
    <p class='ocr_par' dir='ltr' id='par_1_91' title="bbox 316 5657 1910 5731">
     <span class='ocr_line' id='line_1_91' title="bbox 316 5657 1910 5731; baseline -0.005 -10"><span class='ocrx_word' id='word_1_712' title='bbox 316 5666 404 5721; x_wconf 83' lang='lat' dir='ltr'><strong>hic</strong></span> <span class='ocrx_word' id='word_1_713' title='bbox 454 5665 778 5721; x_wconf 83' lang='lat' dir='ltr'><strong>Gratianum</strong></span> <span class='ocrx_word' id='word_1_714' title='bbox 831 5662 1022 5718; x_wconf 88' lang='lat' dir='ltr'><strong>habuit</strong></span> <span class='ocrx_word' id='word_1_715' title='bbox 1054 5676 1172 5731; x_wconf 6' lang='lat' dir='ltr'><strong>pro,</strong></span> <span class='ocrx_word' id='word_1_716' title='bbox 1209 5661 1590 5731; x_wconf 76' lang='lat' dir='ltr'><strong>Hieronynto._</strong></span> <span class='ocrx_word' id='word_1_717' title='bbox 1623 5657 1767 5731; x_wconf 76' lang='lat' dir='ltr'><strong>Ergo</strong></span> <span class='ocrx_word' id='word_1_718' title='bbox 1816 5660 1910 5731; x_wconf 78' lang='lat' dir='ltr'><strong>qui</strong></span> 
     </span>
    </p>
   </div>
   <div class='ocr_carea' id='block_1_92' title="bbox 318 5728 1915 5808">
    <p class='ocr_par' dir='ltr' id='par_1_92' title="bbox 318 5728 1915 5808">
     <span class='ocr_line' id='line_1_92' title="bbox 318 5728 1915 5808; baseline -0.003 -19"><span class='ocrx_word' id='word_1_719' title='bbox 318 5739 440 5808; x_wconf 85' lang='lat' dir='ltr'><strong>plus</strong></span> <span class='ocrx_word' id='word_1_720' title='bbox 471 5745 704 5805; x_wconf 87' lang='lat' dir='ltr'><strong>possunt</strong></span> <span class='ocrx_word' id='word_1_721' title='bbox 743 5728 1360 5808; x_wconf 69' lang='lat' dir='ltr'><strong>Ecclesia:_prodesse,_</strong></span> <span class='ocrx_word' id='word_1_722' title='bbox 1374 5728 1502 5808; x_wconf 70' lang='lat' dir='ltr'><strong>sunt</strong></span> <span class='ocrx_word' id='word_1_723' title='bbox 1545 5728 1787 5798; x_wconf 86' lang='lat' dir='ltr'><strong>ejusdem</strong></span> <span class='ocrx_word' id='word_1_724' title='bbox 1812 5730 1915 5808; x_wconf 65' lang='grc' dir='ltr'><strong>Εε-</strong></span> 
     </span>
    </p>
   </div>
   <div class='ocr_carea' id='block_1_93' title="bbox 317 5800 1912 5870">
    <p class='ocr_par' dir='ltr' id='par_1_93' title="bbox 317 5800 1912 5870">
     <span class='ocr_line' id='line_1_93' title="bbox 317 5800 1912 5870; baseline -0.007 -5"><span class='ocrx_word' id='word_1_725' title='bbox 317 5800 506 5865; x_wconf 63' lang='lat' dir='ltr'><strong>clesiae</strong></span> <span class='ocrx_word' id='word_1_726' title='bbox 541 5808 832 5870; x_wconf 69' lang='lat' dir='ltr'><strong>columnae,</strong></span> <span class='ocrx_word' id='word_1_727' title='bbox 876 5813 936 5860; x_wconf 91' lang='lat' dir='ltr'><strong>ut</strong></span> <span class='ocrx_word' id='word_1_728' title='bbox 979 5800 1068 5860; x_wconf 79' lang='lat' dir='ltr'><strong>hic</strong></span> <span class='ocrx_word' id='word_1_729' title='bbox 1102 5811 1290 5860; x_wconf 88' lang='lat' dir='ltr'><strong>monet</strong></span> <span class='ocrx_word' id='word_1_730' title='bbox 1328 5803 1384 5859; x_wconf 91' lang='lat' dir='ltr'><strong>S.</strong></span> <span class='ocrx_word' id='word_1_731' title='bbox 1434 5801 1818 5869; x_wconf 79' lang='lat' dir='ltr'><strong>Hieronymus.</strong></span> <span class='ocrx_word' id='word_1_732' title='bbox 1853 5800 1912 5854; x_wconf 90' lang='lat' dir='ltr'><strong>In</strong></span> 
     </span>
    </p>
   </div>
   <div class='ocr_carea' id='block_1_94' title="bbox 1997 3290 3594 3365">
    <p class='ocr_par' dir='ltr' id='par_1_94' title="bbox 1997 3290 3594 3365">
     <span class='ocr_line' id='line_1_94' title="bbox 1997 3290 3594 3365; baseline -0.009 -10"><span class='ocrx_word' id='word_1_733' title='bbox 1997 3299 2143 3355; x_wconf 91' lang='lat' dir='ltr'><strong>riora</strong></span> <span class='ocrx_word' id='word_1_734' title='bbox 2187 3305 2419 3360; x_wconf 85' lang='lat' dir='ltr'><strong>taceam,</strong></span> <span class='ocrx_word' id='word_1_735' title='bbox 2448 3296 2541 3365; x_wconf 93' lang='lat' dir='ltr'><strong>qui</strong></span> <span class='ocrx_word' id='word_1_736' title='bbox 2574 3302 2634 3348; x_wconf 94' lang='lat' dir='ltr'><strong>ut</strong></span> <span class='ocrx_word' id='word_1_737' title='bbox 2656 3292 2843 3348; x_wconf 85' lang='lat' dir='ltr'><strong>clerici</strong></span> <span class='ocrx_word' id='word_1_738' title='bbox 2893 3291 3109 3354; x_wconf 90' lang='lat' dir='ltr'><strong>ﬁerent,</strong></span> <span class='ocrx_word' id='word_1_739' title='bbox 3140 3290 3457 3344; x_wconf 89' lang='lat' dir='ltr'><strong>muneribus</strong></span> <span class='ocrx_word' id='word_1_740' title='bbox 3493 3291 3594 3342; x_wconf 90' lang='lat' dir='ltr'><strong>im-</strong></span> 
     </span>
    </p>
   </div>
   <div class='ocr_carea' id='block_1_95' title="bbox 1999 3380 3597 3460">
    <p class='ocr_par' dir='ltr' id='par_1_95' title="bbox 1999 3380 3597 3460">
     <span class='ocr_line' id='line_1_95' title="bbox 1999 3380 3597 3460; baseline -0.006 -16"><span class='ocrx_word' id='word_1_741' title='bbox 1999 3397 2300 3460; x_wconf 90' lang='lat' dir='ltr'><strong>petrarunt.</strong></span> <span class='ocrx_word' id='word_1_742' title='bbox 2330 3387 2632 3455; x_wconf 86' lang='lat' dir='ltr'><strong>Diligenter</strong></span> <span class='ocrx_word' id='word_1_743' title='bbox 2654 3383 2902 3455; x_wconf 86' lang='lat' dir='ltr'><strong>Apostoli</strong></span> <span class='ocrx_word' id='word_1_744' title='bbox 2936 3382 3100 3436; x_wconf 88' lang='lat' dir='ltr'><strong>verba</strong></span> <span class='ocrx_word' id='word_1_745' title='bbox 3131 3380 3476 3434; x_wconf 89' lang='lat' dir='ltr'><strong>attendamus</strong></span> <span class='ocrx_word' id='word_1_746' title='bbox 3507 3380 3597 3435; x_wconf 83' lang='lat' dir='ltr'><strong>di-</strong></span> 
     </span>
    </p>
   </div>
   <div class='ocr_carea' id='block_1_96' title="bbox 1997 3474 3598 3546">
    <p class='ocr_par' dir='ltr' id='par_1_96' title="bbox 1997 3474 3598 3546">
     <span class='ocr_line' id='line_1_96' title="bbox 1997 3474 3598 3546; baseline -0.009 -5"><span class='ocrx_word' id='word_1_747' title='bbox 1997 3484 2170 3541; x_wconf 80' lang='lat' dir='ltr'><strong>centis</strong></span> <span class='ocrx_word' id='word_1_748' title='bbox 2216 3501 2228 3536; x_wconf 92' lang='lat'>:</span> <span class='ocrx_word' id='word_1_749' title='bbox 2275 3479 2346 3537; x_wconf 89' lang='lat' dir='ltr'><strong>Ut</strong></span> <span class='ocrx_word' id='word_1_750' title='bbox 2380 3481 2666 3535; x_wconf 88' lang='lat' dir='ltr'><strong>constituas</strong></span> <span class='ocrx_word' id='word_1_751' title='bbox 2695 3495 2785 3546; x_wconf 88' lang='lat' dir='ltr'><strong>per</strong></span> <span class='ocrx_word' id='word_1_752' title='bbox 2821 3477 3050 3530; x_wconf 86' lang='lat' dir='ltr'><strong>civitates</strong></span> <span class='ocrx_word' id='word_1_753' title='bbox 3093 3475 3436 3544; x_wconf 85' lang='lat' dir='ltr'><strong>presbyteros,</strong></span> <span class='ocrx_word' id='word_1_754' title='bbox 3462 3474 3598 3527; x_wconf 83' lang='lat' dir='ltr'><strong>sicut</strong></span> 
     </span>
    </p>
   </div>
   <div class='ocr_carea' id='block_1_97' title="bbox 1997 3567 3595 3650">
    <p class='ocr_par' dir='ltr' id='par_1_97' title="bbox 1997 3567 3595 3650">
     <span class='ocr_line' id='line_1_97' title="bbox 1997 3567 3595 3650; baseline -0.008 -17"><span class='ocrx_word' id='word_1_755' title='bbox 1997 3595 2091 3650; x_wconf 89' lang='lat' dir='ltr'><strong>ego</strong></span> <span class='ocrx_word' id='word_1_756' title='bbox 2122 3578 2209 3631; x_wconf 86' lang='lat' dir='ltr'><strong>tibi</strong></span> <span class='ocrx_word' id='word_1_757' title='bbox 2241 3575 2492 3648; x_wconf 85' lang='lat' dir='ltr'><strong>disposui.</strong></span> <span class='ocrx_word' id='word_1_758' title='bbox 2531 3574 2630 3640; x_wconf 87' lang='lat' dir='ltr'><strong>Qui</strong></span> <span class='ocrx_word' id='word_1_759' title='bbox 2671 3572 2847 3643; x_wconf 86' lang='lat' dir='ltr'><strong>qualis</strong></span> <span class='ocrx_word' id='word_1_760' title='bbox 2887 3570 3173 3641; x_wconf 89' lang='lat' dir='ltr'><strong>presbyter</strong></span> <span class='ocrx_word' id='word_1_761' title='bbox 3221 3568 3414 3623; x_wconf 90' lang='lat' dir='ltr'><strong>debeat</strong></span> <span class='ocrx_word' id='word_1_762' title='bbox 3448 3567 3595 3622; x_wconf 88' lang='lat' dir='ltr'><strong>ordi-</strong></span> 
     </span>
    </p>
   </div>
   <div class='ocr_carea' id='block_1_98' title="bbox 2001 3659 3594 3736">
    <p class='ocr_par' dir='ltr' id='par_1_98' title="bbox 2001 3659 3594 3736">
     <span class='ocr_line' id='line_1_98' title="bbox 2001 3659 3594 3736; baseline -0.006 -12"><span class='ocrx_word' id='word_1_763' title='bbox 2001 3669 2142 3736; x_wconf 89' lang='lat' dir='ltr'><strong>nari,</strong></span> <span class='ocrx_word' id='word_1_764' title='bbox 2179 3669 2232 3722; x_wconf 92' lang='lat' dir='ltr'><strong>in</strong></span> <span class='ocrx_word' id='word_1_765' title='bbox 2264 3665 2727 3736; x_wconf 80' lang='lat' dir='ltr'><strong>consequentibus</strong></span> <span class='ocrx_word' id='word_1_766' title='bbox 2758 3663 3060 3726; x_wconf 82' lang='lat' dir='ltr'><strong>disserens,</strong></span> <span class='ocrx_word' id='word_1_767' title='bbox 3094 3661 3196 3715; x_wconf 93' lang='lat' dir='ltr'><strong>hoc</strong></span> <span class='ocrx_word' id='word_1_768' title='bbox 3224 3661 3300 3715; x_wconf 89' lang='lat' dir='ltr'><strong>ait</strong></span> <span class='ocrx_word' id='word_1_769' title='bbox 3336 3677 3348 3714; x_wconf 92' lang='lat'>:</span> <span class='ocrx_word' id='word_1_770' title='bbox 3389 3659 3449 3715; x_wconf 89' lang='lat' dir='ltr'><strong>Si</strong></span> <span class='ocrx_word' id='word_1_771' title='bbox 3479 3661 3594 3730; x_wconf 88' lang='lat' dir='ltr'><strong>quis</strong></span> 
     </span>
    </p>
   </div>
   <div class='ocr_carea' id='block_1_99' title="bbox 1999 3756 3596 3822">
    <p class='ocr_par' dir='ltr' id='par_1_99' title="bbox 1999 3756 3596 3822">
     <span class='ocr_line' id='line_1_99' title="bbox 1999 3756 3596 3822; baseline -0.005 -6"><span class='ocrx_word' id='word_1_772' title='bbox 1999 3772 2072 3817; x_wconf 88' lang='lat' dir='ltr'><strong>est</strong></span> <span class='ocrx_word' id='word_1_773' title='bbox 2098 3762 2207 3814; x_wconf 87' lang='lat' dir='ltr'><strong>sine</strong></span> <span class='ocrx_word' id='word_1_774' title='bbox 2235 3761 2469 3821; x_wconf 87' lang='lat' dir='ltr'><strong>crimine,</strong></span> <span class='ocrx_word' id='word_1_775' title='bbox 2504 3759 2659 3811; x_wconf 86' lang='lat' dir='ltr'><strong>unius</strong></span> <span class='ocrx_word' id='word_1_776' title='bbox 2689 3756 2866 3810; x_wconf 74' lang='lat' dir='ltr'><strong>uxoris</strong></span> <span class='ocrx_word' id='word_1_777' title='bbox 2888 3756 2987 3820; x_wconf 86' lang='lat' dir='ltr'><strong>vir,</strong></span> <span class='ocrx_word' id='word_1_778' title='bbox 3032 3764 3086 3810; x_wconf 88' lang='lat' dir='ltr'><strong>et</strong></span> <span class='ocrx_word' id='word_1_779' title='bbox 3139 3762 3357 3821; x_wconf 67' lang='lat' dir='ltr'><strong>caetera,</strong></span> <span class='ocrx_word' id='word_1_780' title='bbox 3403 3762 3596 3822; x_wconf 81' lang='lat' dir='ltr'><strong>postea</strong></span> 
     </span>
    </p>
   </div>
   <div class='ocr_carea' id='block_1_100' title="bbox 1999 3847 3589 3923">
    <p class='ocr_par' dir='ltr' id='par_1_100' title="bbox 1999 3847 3589 3923">
     <span class='ocr_line' id='line_1_100' title="bbox 1999 3847 3589 3923; baseline -0.007 -14"><span class='ocrx_word' id='word_1_781' title='bbox 1999 3855 2226 3910; x_wconf 89' lang='lat' dir='ltr'><strong>intulit:</strong></span> <span class='ocrx_word' id='word_1_782' title='bbox 2276 3853 2489 3923; x_wconf 88' lang='lat' dir='ltr'><strong>Oportet</strong></span> <span class='ocrx_word' id='word_1_783' title='bbox 2531 3851 2669 3904; x_wconf 87' lang='lat' dir='ltr'><strong>enim</strong></span> <span class='ocrx_word' id='word_1_784' title='bbox 2716 3849 3010 3920; x_wconf 83' lang='lat' dir='ltr'><strong>episcopum</strong></span> <span class='ocrx_word' id='word_1_785' title='bbox 3050 3847 3160 3902; x_wconf 88' lang='lat' dir='ltr'><strong>sine</strong></span> <span class='ocrx_word' id='word_1_786' title='bbox 3200 3847 3412 3900; x_wconf 88' lang='lat' dir='ltr'><strong>crimine</strong></span> <span class='ocrx_word' id='word_1_787' title='bbox 3455 3861 3589 3909; x_wconf 87' lang='lat' dir='ltr'><strong>esse,</strong></span> 
     </span>
    </p>
   </div>
   <div class='ocr_carea' id='block_1_101' title="bbox 2002 3939 3598 4017">
    <p class='ocr_par' dir='ltr' id='par_1_101' title="bbox 2002 3939 3598 4017">
     <span class='ocr_line' id='line_1_101' title="bbox 2002 3939 3598 4017; baseline -0.006 -14"><span class='ocrx_word' id='word_1_788' title='bbox 2002 3958 2261 4017; x_wconf 87' lang='lat' dir='ltr'><strong>tamquam</strong></span> <span class='ocrx_word' id='word_1_789' title='bbox 2288 3946 2382 4000; x_wconf 89' lang='lat' dir='ltr'><strong>Dei</strong></span> <span class='ocrx_word' id='word_1_790' title='bbox 2409 3945 2835 4015; x_wconf 81' lang='lat' dir='ltr'><strong>dispensatorem.</strong></span> <span class='ocrx_word' id='word_1_791' title='bbox 2870 3941 3011 3997; x_wconf 91' lang='lat' dir='ltr'><strong>ldem</strong></span> <span class='ocrx_word' id='word_1_792' title='bbox 3045 3950 3128 3996; x_wconf 91' lang='lat' dir='ltr'><strong>est</strong></span> <span class='ocrx_word' id='word_1_793' title='bbox 3158 3955 3286 4009; x_wconf 88' lang='lat' dir='ltr'><strong>ergo</strong></span> <span class='ocrx_word' id='word_1_794' title='bbox 3313 3939 3598 4010; x_wconf 72' lang='lat' dir='ltr'><strong>presbyter</strong></span> 
     </span>
    </p>
   </div>
   <div class='ocr_carea' id='block_1_102' title="bbox 2000 4030 3588 4114">
    <p class='ocr_par' dir='ltr' id='par_1_102' title="bbox 2000 4030 3588 4114">
     <span class='ocr_line' id='line_1_102' title="bbox 2000 4030 3588 4114; baseline -0.01 -17"><span class='ocrx_word' id='word_1_795' title='bbox 2000 4042 2092 4114; x_wconf 91' lang='lat' dir='ltr'><strong>qui</strong></span> <span class='ocrx_word' id='word_1_796' title='bbox 2133 4050 2187 4096; x_wconf 91' lang='lat' dir='ltr'><strong>et</strong></span> <span class='ocrx_word' id='word_1_797' title='bbox 2226 4039 2536 4109; x_wconf 85' lang='lat' dir='ltr'><strong>episcopus,</strong></span> <span class='ocrx_word' id='word_1_798' title='bbox 2593 4045 2650 4090; x_wconf 88' lang='lat' dir='ltr'><strong>et</strong></span> <span class='ocrx_word' id='word_1_799' title='bbox 2700 4043 2985 4101; x_wconf 89' lang='lat' dir='ltr'><strong>antequam</strong></span> <span class='ocrx_word' id='word_1_800' title='bbox 3037 4031 3243 4086; x_wconf 89' lang='lat' dir='ltr'><strong>diaboli</strong></span> <span class='ocrx_word' id='word_1_801' title='bbox 3308 4030 3588 4093; x_wconf 88' lang='lat' dir='ltr'><strong>instinctu,</strong></span> 
     </span>
    </p>
   </div>
   <div class='ocr_carea' id='block_1_103' title="bbox 2002 4125 3594 4200">
    <p class='ocr_par' dir='ltr' id='par_1_103' title="bbox 2002 4125 3594 4200">
     <span class='ocr_line' id='line_1_103' title="bbox 2002 4125 3594 4200; baseline -0.007 -10"><span class='ocrx_word' id='word_1_802' title='bbox 2002 4135 2179 4191; x_wconf 88' lang='lat' dir='ltr'><strong>studia</strong></span> <span class='ocrx_word' id='word_1_803' title='bbox 2231 4133 2284 4186; x_wconf 89' lang='lat' dir='ltr'><strong>in</strong></span> <span class='ocrx_word' id='word_1_804' title='bbox 2318 4132 2576 4200; x_wconf 85' lang='lat' dir='ltr'><strong>religione</strong></span> <span class='ocrx_word' id='word_1_805' title='bbox 2606 4129 2822 4188; x_wconf 85' lang='lat' dir='ltr'><strong>ﬁerent.</strong></span> <span class='ocrx_word' id='word_1_806' title='bbox 2854 4137 2908 4180; x_wconf 83' lang='lat' dir='ltr'><strong>et</strong></span> <span class='ocrx_word' id='word_1_807' title='bbox 2937 4127 3215 4181; x_wconf 90' lang='lat' dir='ltr'><strong>diceretur</strong></span> <span class='ocrx_word' id='word_1_808' title='bbox 3243 4125 3295 4180; x_wconf 94' lang='lat' dir='ltr'><strong>in</strong></span> <span class='ocrx_word' id='word_1_809' title='bbox 3326 4125 3545 4195; x_wconf 91' lang='lat' dir='ltr'><strong>populis</strong></span> <span class='ocrx_word' id='word_1_810' title='bbox 3577 4140 3594 4179; x_wconf 85' lang='lat'><strong>:</strong></span> 
     </span>
    </p>
   </div>
   <div class='ocr_carea' id='block_1_104' title="bbox 2003 4214 3593 4300">
    <p class='ocr_par' dir='ltr' id='par_1_104' title="bbox 2003 4214 3593 4300">
     <span class='ocr_line' id='line_1_104' title="bbox 2003 4214 3593 4300; baseline -0.009 -19"><span class='ocrx_word' id='word_1_811' title='bbox 2003 4225 2118 4300; x_wconf 85' lang='lat' dir='ltr'><strong>Ego</strong></span> <span class='ocrx_word' id='word_1_812' title='bbox 2144 4241 2258 4280; x_wconf 88' lang='lat' dir='ltr'><strong>sum</strong></span> <span class='ocrx_word' id='word_1_813' title='bbox 2291 4222 2470 4288; x_wconf 88' lang='lat' dir='ltr'><strong>Pauli,</strong></span> <span class='ocrx_word' id='word_1_814' title='bbox 2499 4237 2592 4291; x_wconf 83' lang='lat' dir='ltr'><strong>ego</strong></span> <span class='ocrx_word' id='word_1_815' title='bbox 2613 4219 2825 4290; x_wconf 83' lang='lat' dir='ltr'><strong>Apollo,</strong></span> <span class='ocrx_word' id='word_1_816' title='bbox 2860 4234 2954 4287; x_wconf 88' lang='lat' dir='ltr'><strong>ego</strong></span> <span class='ocrx_word' id='word_1_817' title='bbox 2985 4215 3372 4288; x_wconf 67' lang='lat' dir='ltr'><strong>autemCepha&#39;</strong></span> <span class='ocrx_word' id='word_1_818' title='bbox 3397 4215 3439 4284; x_wconf 89' lang='grc'><strong>(1</strong></span> <span class='ocrx_word' id='word_1_819' title='bbox 3471 4214 3593 4269; x_wconf 89' lang='lat' dir='ltr'><strong>Cor.</strong></span> 
     </span>
    </p>
   </div>
   <div class='ocr_carea' id='block_1_105' title="bbox 2003 4307 3604 4390">
    <p class='ocr_par' dir='ltr' id='par_1_105' title="bbox 2003 4307 3604 4390">
     <span class='ocr_line' id='line_1_105' title="bbox 2003 4307 3604 4390; baseline -0.011 -15"><span class='ocrx_word' id='word_1_820' title='bbox 2003 4336 2041 4384; x_wconf 84' lang='grc' dir='ltr'>ι.</span> <span class='ocrx_word' id='word_1_821' title='bbox 2072 4318 2184 4390; x_wconf 71' lang='grc'><strong>12),</strong></span> <span class='ocrx_word' id='word_1_822' title='bbox 2222 4314 2499 4374; x_wconf 85' lang='lat' dir='ltr'><strong>communi</strong></span> <span class='ocrx_word' id='word_1_823' title='bbox 2536 4313 2985 4383; x_wconf 85' lang='lat' dir='ltr'><strong>presbyterorum</strong></span> <span class='ocrx_word' id='word_1_824' title='bbox 3027 4308 3287 4374; x_wconf 89' lang='lat' dir='ltr'><strong>consilio,</strong></span> <span class='ocrx_word' id='word_1_825' title='bbox 3340 4307 3604 4362; x_wconf 70' lang='lat' dir='ltr'><strong>Ecclesia:</strong></span> 
     </span>
    </p>
   </div>
   <div class='ocr_carea' id='block_1_106' title="bbox 2002 4401 3603 4483">
    <p class='ocr_par' dir='ltr' id='par_1_106' title="bbox 2002 4401 3603 4483">
     <span class='ocr_line' id='line_1_106' title="bbox 2002 4401 3603 4483; baseline -0.007 -21"><span class='ocrx_word' id='word_1_826' title='bbox 2002 4410 2460 4483; x_wconf 86' lang='lat' dir='ltr'><strong>gubernabantur.</strong></span> <span class='ocrx_word' id='word_1_827' title='bbox 2523 4403 2817 4473; x_wconf 88' lang='lat' dir='ltr'><strong>Postquam</strong></span> <span class='ocrx_word' id='word_1_828' title='bbox 2883 4415 3017 4455; x_wconf 90' lang='lat' dir='ltr'><strong>vero</strong></span> <span class='ocrx_word' id='word_1_829' title='bbox 3070 4401 3446 4468; x_wconf 89' lang='lat' dir='ltr'><strong>unusquisque</strong></span> <span class='ocrx_word' id='word_1_830' title='bbox 3503 4412 3603 4452; x_wconf 88' lang='lat' dir='ltr'><strong>eos</strong></span> 
     </span>
    </p>
   </div>
   <div class='ocr_carea' id='block_1_107' title="bbox 2004 4489 3600 4573">
    <p class='ocr_par' dir='ltr' id='par_1_107' title="bbox 2004 4489 3600 4573">
     <span class='ocr_line' id='line_1_107' title="bbox 2004 4489 3600 4573; baseline -0.008 -18"><span class='ocrx_word' id='word_1_831' title='bbox 2004 4515 2142 4573; x_wconf 89' lang='lat' dir='ltr'><strong>quos</strong></span> <span class='ocrx_word' id='word_1_832' title='bbox 2170 4499 2537 4568; x_wconf 85' lang='lat' dir='ltr'><strong>baptizaverat</strong></span> <span class='ocrx_word' id='word_1_833' title='bbox 2563 4509 2692 4548; x_wconf 88' lang='lat' dir='ltr'><strong>suos</strong></span> <span class='ocrx_word' id='word_1_834' title='bbox 2717 4494 2939 4561; x_wconf 89' lang='lat' dir='ltr'><strong>putabat</strong></span> <span class='ocrx_word' id='word_1_835' title='bbox 2968 4507 3114 4556; x_wconf 88' lang='lat' dir='ltr'><strong>esse,</strong></span> <span class='ocrx_word' id='word_1_836' title='bbox 3145 4506 3253 4546; x_wconf 91' lang='lat' dir='ltr'><strong>non</strong></span> <span class='ocrx_word' id='word_1_837' title='bbox 3283 4490 3510 4553; x_wconf 89' lang='lat' dir='ltr'><strong>Christi,</strong></span> <span class='ocrx_word' id='word_1_838' title='bbox 3543 4489 3600 4543; x_wconf 91' lang='lat' dir='ltr'><strong>in</strong></span> 
     </span>
    </p>
   </div>
   <div class='ocr_carea' id='block_1_108' title="bbox 2005 4580 3602 4652">
    <p class='ocr_par' dir='ltr' id='par_1_108' title="bbox 2005 4580 3602 4652">
     <span class='ocr_line' id='line_1_108' title="bbox 2005 4580 3602 4652; baseline -0.008 -6"><span class='ocrx_word' id='word_1_839' title='bbox 2005 4603 2118 4647; x_wconf 91' lang='lat' dir='ltr'><strong>toto</strong></span> <span class='ocrx_word' id='word_1_840' title='bbox 2155 4591 2289 4644; x_wconf 86' lang='lat' dir='ltr'><strong>orbe</strong></span> <span class='ocrx_word' id='word_1_841' title='bbox 2343 4589 2621 4642; x_wconf 88' lang='lat' dir='ltr'><strong>decretum</strong></span> <span class='ocrx_word' id='word_1_842' title='bbox 2663 4594 2768 4649; x_wconf 89' lang='lat' dir='ltr'><strong>est,</strong></span> <span class='ocrx_word' id='word_1_843' title='bbox 2831 4595 2887 4638; x_wconf 90' lang='lat' dir='ltr'><strong>ut</strong></span> <span class='ocrx_word' id='word_1_844' title='bbox 2913 4583 2939 4621; x_wconf 67' lang='grc' dir='ltr'>ι)</span> <span class='ocrx_word' id='word_1_845' title='bbox 2977 4598 3117 4638; x_wconf 84' lang='grc' dir='ltr'>ιιιιιιε</span> <span class='ocrx_word' id='word_1_846' title='bbox 3153 4583 3222 4637; x_wconf 92' lang='lat' dir='ltr'><strong>de</strong></span> <span class='ocrx_word' id='word_1_847' title='bbox 3265 4580 3602 4652; x_wconf 84' lang='lat' dir='ltr'><strong>presbyteris</strong></span> 
     </span>
    </p>
   </div>
   <div class='ocr_carea' id='block_1_109' title="bbox 2003 4674 3601 4755">
    <p class='ocr_par' dir='ltr' id='par_1_109' title="bbox 2003 4674 3601 4755">
     <span class='ocr_line' id='line_1_109' title="bbox 2003 4674 3601 4755; baseline -0.007 -18"><span class='ocrx_word' id='word_1_848' title='bbox 2003 4683 2167 4755; x_wconf 73' lang='lat'><strong>695</strong></span> <span class='ocrx_word' id='word_1_849' title='bbox 2226 4682 2434 4735; x_wconf 90' lang='lat' dir='ltr'><strong>electus</strong></span> <span class='ocrx_word' id='word_1_850' title='bbox 2491 4685 2954 4746; x_wconf 85' lang='lat' dir='ltr'><strong>superponerctttt‘</strong></span> <span class='ocrx_word' id='word_1_851' title='bbox 3006 4676 3261 4739; x_wconf 81' lang='lat' dir='ltr'><strong>caeteris,</strong></span> <span class='ocrx_word' id='word_1_852' title='bbox 3319 4674 3385 4728; x_wconf 89' lang='lat' dir='ltr'><strong>ad</strong></span> <span class='ocrx_word' id='word_1_853' title='bbox 3440 4687 3601 4741; x_wconf 90' lang='lat' dir='ltr'><strong>quem</strong></span> 
     </span>
    </p>
   </div>
   <div class='ocr_carea' id='block_1_110' title="bbox 2006 4767 3608 4836">
    <p class='ocr_par' dir='ltr' id='par_1_110' title="bbox 2006 4767 3608 4836">
     <span class='ocr_line' id='line_1_110' title="bbox 2006 4767 3608 4836; baseline -0.007 -7"><span class='ocrx_word' id='word_1_854' title='bbox 2006 4776 2184 4830; x_wconf 89' lang='lat' dir='ltr'><strong>omnis</strong></span> <span class='ocrx_word' id='word_1_855' title='bbox 2210 4770 2473 4826; x_wconf 66' lang='lat' dir='ltr'><strong>Ecclesiae</strong></span> <span class='ocrx_word' id='word_1_856' title='bbox 2512 4783 2640 4823; x_wconf 90' lang='lat' dir='ltr'><strong>cura</strong></span> <span class='ocrx_word' id='word_1_857' title='bbox 2681 4767 3000 4836; x_wconf 86' lang='lat' dir='ltr'><strong>pertineret,</strong></span> <span class='ocrx_word' id='word_1_858' title='bbox 3046 4775 3101 4822; x_wconf 89' lang='lat' dir='ltr'><strong>et</strong></span> <span class='ocrx_word' id='word_1_859' title='bbox 3130 4767 3488 4821; x_wconf 86' lang='lat' dir='ltr'><strong>schismatum</strong></span> <span class='ocrx_word' id='word_1_860' title='bbox 3518 4779 3608 4819; x_wconf 87' lang='lat' dir='ltr'><strong>se-</strong></span> 
     </span>
    </p>
   </div>
   <div class='ocr_carea' id='block_1_111' title="bbox 2007 4855 3601 4928">
    <p class='ocr_par' dir='ltr' id='par_1_111' title="bbox 2007 4855 3601 4928">
     <span class='ocr_line' id='line_1_111' title="bbox 2007 4855 3601 4928; baseline -0.01 -4"><span class='ocrx_word' id='word_1_861' title='bbox 2007 4869 2152 4924; x_wconf 90' lang='lat' dir='ltr'><strong>mina</strong></span> <span class='ocrx_word' id='word_1_862' title='bbox 2211 4863 2553 4918; x_wconf 87' lang='lat' dir='ltr'><strong>tollerentttr.</strong></span> <span class='ocrx_word' id='word_1_863' title='bbox 2611 4859 2773 4913; x_wconf 92' lang='lat' dir='ltr'><strong>Putet</strong></span> <span class='ocrx_word' id='word_1_864' title='bbox 2829 4857 2939 4928; x_wconf 79' lang='grc' dir='ltr'><strong>[Αι.</strong></span> <span class='ocrx_word' id='word_1_865' title='bbox 3007 4856 3183 4927; x_wconf 90' lang='lat' dir='ltr'><strong>putat]</strong></span> <span class='ocrx_word' id='word_1_866' title='bbox 3239 4855 3434 4926; x_wconf 84' lang='lat' dir='ltr'><strong>aliquis</strong></span> <span class='ocrx_word' id='word_1_867' title='bbox 3490 4870 3601 4909; x_wconf 92' lang='lat' dir='ltr'><strong>non</strong></span> 
     </span>
    </p>
   </div>
   <div class='ocr_carea' id='block_1_112' title="bbox 2008 5008 3602 5089">
    <p class='ocr_par' dir='ltr' id='par_1_112' title="bbox 2008 5008 3602 5089">
     <span class='ocr_line' id='line_1_112' title="bbox 2008 5008 3602 5089; baseline -0.013 -10"><span class='ocrx_word' id='word_1_868' title='bbox 2008 5019 2306 5089; x_wconf 82' lang='lat' dir='ltr'><strong>exemplari</strong></span> <span class='ocrx_word' id='word_1_869' title='bbox 2361 5030 2464 5070; x_wconf 92' lang='lat' dir='ltr'><strong>ms.</strong></span> <span class='ocrx_word' id='word_1_870' title='bbox 2514 5012 3030 5089; x_wconf 69' lang='lat' dir='ltr'><strong>Augustinianorum</strong></span> <span class='ocrx_word' id='word_1_871' title='bbox 3079 5009 3267 5062; x_wconf 82' lang='lat' dir='ltr'><strong>Totos.</strong></span> <span class='ocrx_word' id='word_1_872' title='bbox 3309 5008 3602 5089; x_wconf 60' lang='lat' dir='ltr'><strong>legimus,</strong></span> 
     </span>
    </p>
   </div>
   <div class='ocr_carea' id='block_1_113' title="bbox 2009 5077 3608 5168">
    <p class='ocr_par' dir='ltr' id='par_1_113' title="bbox 2009 5077 3608 5168">
     <span class='ocr_line' id='line_1_113' title="bbox 2009 5077 3608 5168; baseline -0.009 -22"><span class='ocrx_word' id='word_1_873' title='bbox 2009 5077 2266 5168; x_wconf 75' lang='lat' dir='ltr'><strong>plurimos</strong></span> <span class='ocrx_word' id='word_1_874' title='bbox 2297 5089 2541 5142; x_wconf 83' lang='lat' dir='ltr'><strong>honorem</strong></span> <span class='ocrx_word' id='word_1_875' title='bbox 2564 5077 2875 5168; x_wconf 60' lang='lat' dir='ltr'><strong>_b_izneﬁcium</strong></span> <span class='ocrx_word' id='word_1_876' title='bbox 2894 5081 3098 5168; x_wconf 11' lang='lat' dir='ltr'><strong>(acere-,7.</strong></span> <span class='ocrx_word' id='word_1_877' title='bbox 3112 5089 3262 5168; x_wconf 26' lang='lat' dir='ltr'><strong>Letoa</strong></span> <span class='ocrx_word' id='word_1_878' title='bbox 3274 5163 3295 5168; x_wconf 37' lang='grc' dir='ltr'><strong>Δ</strong></span> <span class='ocrx_word' id='word_1_879' title='bbox 3309 5077 3608 5168; x_wconf 44' lang='lat' dir='ltr'><strong>Mauri“:</strong></span> 
     </span>
    </p>
   </div>
   <div class='ocr_carea' id='block_1_114' title="bbox 2019 5148 3604 5227">
    <p class='ocr_par' dir='ltr' id='par_1_114' title="bbox 2019 5148 3604 5227">
     <span class='ocr_line' id='line_1_114' title="bbox 2019 5148 3604 5227; baseline -0.011 -9"><span class='ocrx_word' id='word_1_880' title='bbox 2019 5148 2316 5222; x_wconf 48' lang='lat' dir='ltr'><strong>Victorius,</strong></span> <span class='ocrx_word' id='word_1_881' title='bbox 2350 5171 2510 5227; x_wconf 90' lang='lat' dir='ltr'><strong>quem</strong></span> <span class='ocrx_word' id='word_1_882' title='bbox 2564 5148 2911 5227; x_wconf 54' lang='lat' dir='ltr'><strong>Martiauieus</strong></span> <span class='ocrx_word' id='word_1_883' title='bbox 2964 5152 3213 5218; x_wconf 81' lang='lat' dir='ltr'><strong>castigat,</strong></span> <span class='ocrx_word' id='word_1_884' title='bbox 3250 5149 3424 5227; x_wconf 51' lang='lat' dir='ltr'><strong>loculo</strong></span> <span class='ocrx_word' id='word_1_885' title='bbox 3458 5148 3604 5227; x_wconf 79' lang='lat' dir='ltr'><strong>hunc</strong></span> 
     </span>
    </p>
   </div>
   <div class='ocr_carea' id='block_1_115' title="bbox 2011 5217 3608 5292">
    <p class='ocr_par' dir='ltr' id='par_1_115' title="bbox 2011 5217 3608 5292">
     <span class='ocr_line' id='line_1_115' title="bbox 2011 5217 3608 5292; baseline -0.014 -1"><span class='ocrx_word' id='word_1_886' title='bbox 2011 5217 2382 5292; x_wconf 8' lang='lat' dir='ltr'><strong>esSGratiano&#39;</strong></span> <span class='ocrx_word' id='word_1_887' title='bbox 2402 5228 2473 5281; x_wconf 91' lang='lat' dir='ltr'><strong>ita</strong></span> <span class='ocrx_word' id='word_1_888' title='bbox 2506 5225 2680 5280; x_wconf 84' lang='lat' dir='ltr'><strong>reﬁxit</strong></span> <span class='ocrx_word' id='word_1_889' title='bbox 2716 5241 2729 5276; x_wconf 89' lang='lat'>:</span> <span class='ocrx_word' id='word_1_890' title='bbox 2761 5222 2883 5277; x_wconf 84' lang='lat' dir='ltr'><strong>Non</strong></span> <span class='ocrx_word' id='word_1_891' title='bbox 2905 5217 3139 5289; x_wconf 26' lang='lat' dir='ltr'><strong>qua&#39;ran’t</strong></span> <span class='ocrx_word' id='word_1_892' title='bbox 3161 5237 3246 5292; x_wconf 60' lang='lat' dir='ltr'><strong>eos</strong></span> <span class='ocrx_word' id='word_1_893' title='bbox 3273 5220 3327 5292; x_wconf 83' lang='lat' dir='ltr'><strong>in</strong></span> <span class='ocrx_word' id='word_1_894' title='bbox 3355 5217 3608 5292; x_wconf 64' lang='lat' dir='ltr'><strong>Ecclesire</strong></span> 
     </span>
    </p>
   </div>
   <div class='ocr_carea' id='block_1_116' title="bbox 2011 5288 3607 5368">
    <p class='ocr_par' dir='ltr' id='par_1_116' title="bbox 2011 5288 3607 5368">
     <span class='ocr_line' id='line_1_116' title="bbox 2011 5288 3607 5368; baseline -0.013 -8"><span class='ocrx_word' id='word_1_895' title='bbox 2011 5288 2279 5359; x_wconf 78' lang='lat' dir='ltr'><strong>columnas</strong></span> <span class='ocrx_word' id='word_1_896' title='bbox 2308 5302 2525 5368; x_wconf 82' lang='lat' dir='ltr'><strong>erigere,</strong></span> <span class='ocrx_word' id='word_1_897' title='bbox 2542 5312 2668 5365; x_wconf 83' lang='lat' dir='ltr'><strong>quos</strong></span> <span class='ocrx_word' id='word_1_898' title='bbox 2690 5296 2808 5368; x_wconf 83' lang='lat' dir='ltr'><strong>plus</strong></span> <span class='ocrx_word' id='word_1_899' title='bbox 2833 5299 3145 5368; x_wconf 77' lang='lat' dir='ltr'><strong>cognoscant</strong></span> <span class='ocrx_word' id='word_1_900' title='bbox 3168 5289 3423 5368; x_wconf 56' lang='lat' dir='ltr'><strong>Ecclesia:</strong></span> <span class='ocrx_word' id='word_1_901' title='bbox 3446 5288 3607 5358; x_wconf 80' lang='lat' dir='ltr'><strong>prod-</strong></span> 
     </span>
    </p>
   </div>
   <div class='ocr_carea' id='block_1_117' title="bbox 2017 5357 3609 5441">
    <p class='ocr_par' dir='ltr' id='par_1_117' title="bbox 2017 5357 3609 5441">
     <span class='ocr_line' id='line_1_117' title="bbox 2017 5357 3609 5441; baseline -0.011 -10"><span class='ocrx_word' id='word_1_902' title='bbox 2017 5357 2159 5441; x_wconf 77' lang='lat' dir='ltr'><strong>esse,</strong></span> <span class='ocrx_word' id='word_1_903' title='bbox 2215 5381 2318 5427; x_wconf 87' lang='lat' dir='ltr'><strong>etc.</strong></span> <span class='ocrx_word' id='word_1_904' title='bbox 2370 5357 2706 5441; x_wconf 64' lang='lat' dir='ltr'><strong>Paulo&#39;posi.</strong></span> <span class='ocrx_word' id='word_1_905' title='bbox 2745 5357 2981 5436; x_wconf 67' lang='lat' dir='ltr'><strong>Aposloli</strong></span> <span class='ocrx_word' id='word_1_906' title='bbox 3023 5362 3204 5425; x_wconf 85' lang='lat' dir='ltr'><strong>verba,</strong></span> <span class='ocrx_word' id='word_1_907' title='bbox 3249 5357 3609 5414; x_wconf 37' lang='lat' dir='ltr'><strong>nostri&#39;mss.</strong></span> 
     </span>
    </p>
   </div>
   <div class='ocr_carea' id='block_1_118' title="bbox 2011 5437 3421 5516">
    <p class='ocr_par' dir='ltr' id='par_1_118' title="bbox 2011 5437 3421 5516">
     <span class='ocr_line' id='line_1_118' title="bbox 2011 5437 3421 5516; baseline -0.004 -20"><span class='ocrx_word' id='word_1_908' title='bbox 2011 5437 2248 5516; x_wconf 76' lang='lat' dir='ltr'><strong>Apostoli</strong></span> <span class='ocrx_word' id='word_1_909' title='bbox 2273 5447 2588 5516; x_wconf 67' lang='lat' dir='ltr'><strong>praeceptum</strong></span> <span class='ocrx_word' id='word_1_910' title='bbox 2638 5437 2844 5516; x_wconf 77' lang='lat' dir='ltr'><strong>legunt.</strong></span> <span class='ocrx_word' id='word_1_911' title='bbox 2890 5512 2898 5516; x_wconf 26' lang='grc' dir='ltr'><strong><em>Δ</em></strong></span> <span class='ocrx_word' id='word_1_912' title='bbox 3053 5503 3066 5516; x_wconf 46' lang='grc'><strong><em>¹</em></strong></span> <span class='ocrx_word' id='word_1_913' title='bbox 3258 5501 3270 5516; x_wconf 45' lang='grc' dir='ltr'><strong>Ι</strong></span> <span class='ocrx_word' id='word_1_914' title='bbox 3329 5508 3340 5516; x_wconf 28' lang='grc' dir='ltr'><strong><em>ί</em></strong></span> <span class='ocrx_word' id='word_1_915' title='bbox 3410 5501 3421 5510; x_wconf 43' lang='grc'><strong>,</strong></span> 
     </span>
    </p>
   </div>
   <div class='ocr_carea' id='block_1_119' title="bbox 2087 5501 3607 5573">
    <p class='ocr_par' dir='ltr' id='par_1_119' title="bbox 2087 5501 3607 5573">
     <span class='ocr_line' id='line_1_119' title="bbox 2087 5501 3607 5573; baseline -0.011 -2"><span class='ocrx_word' id='word_1_916' title='bbox 2087 5516 2115 5554; x_wconf 67' lang='grc' dir='ltr'>δ</span> <span class='ocrx_word' id='word_1_917' title='bbox 2138 5501 2529 5570; x_wconf 79' lang='lat' dir='ltr'><strong>Cistercienses</strong></span> <span class='ocrx_word' id='word_1_918' title='bbox 2575 5501 2733 5573; x_wconf 36' lang='lat' dir='ltr'><strong>mss.)</strong></span> <span class='ocrx_word' id='word_1_919' title='bbox 2777 5513 2833 5558; x_wconf 87' lang='lat' dir='ltr'><strong>ut</strong></span> <span class='ocrx_word' id='word_1_920' title='bbox 2880 5512 3004 5557; x_wconf 88' lang='lat' dir='ltr'><strong>tunc</strong></span> <span class='ocrx_word' id='word_1_921' title='bbox 3031 5503 3095 5556; x_wconf 84' lang='lat' dir='ltr'><strong>de</strong></span> <span class='ocrx_word' id='word_1_922' title='bbox 3132 5501 3472 5573; x_wconf 84' lang='lat' dir='ltr'><strong>presbyteris,</strong></span> <span class='ocrx_word' id='word_1_923' title='bbox 3496 5506 3607 5573; x_wconf 70' lang='lat' dir='ltr'><strong>etc.</strong></span> 
     </span>
    </p>
   </div>
   <div class='ocr_carea' id='block_1_120' title="bbox 2013 5570 3609 5654">
    <p class='ocr_par' dir='ltr' id='par_1_120' title="bbox 2013 5570 3609 5654">
     <span class='ocr_line' id='line_1_120' title="bbox 2013 5570 3609 5654; baseline -0.021 -12"><span class='ocrx_word' id='word_1_924' title='bbox 2013 5585 2154 5642; x_wconf 79' lang='lat' dir='ltr'><strong>Vide</strong></span> <span class='ocrx_word' id='word_1_925' title='bbox 2174 5584 2333 5654; x_wconf 89' lang='lat' dir='ltr'><strong>epist.</strong></span> <span class='ocrx_word' id='word_1_926' title='bbox 2360 5578 2584 5654; x_wconf 60' lang='lat' dir='ltr'><strong>146_,__ad</strong></span> <span class='ocrx_word' id='word_1_927' title='bbox 2623 5570 2972 5654; x_wconf 82' lang='lat' dir='ltr'><strong>Evangelum,</strong></span> <span class='ocrx_word' id='word_1_928' title='bbox 3004 5584 3057 5654; x_wconf 74' lang='grc' dir='ltr'><strong>ει</strong></span> <span class='ocrx_word' id='word_1_929' title='bbox 3087 5570 3309 5654; x_wconf 57' lang='grc' dir='ltr'>(φειδ-ρει</span> <span class='ocrx_word' id='word_1_930' title='bbox 3347 5585 3467 5623; x_wconf 72' lang='lat' dir='ltr'><strong>eam</strong></span> <span class='ocrx_word' id='word_1_931' title='bbox 3508 5570 3609 5624; x_wconf 74' lang='lat' dir='ltr'><strong>ob-</strong></span> 
     </span>
    </p>
   </div>
   <div class='ocr_carea' id='block_1_121' title="bbox 2016 5642 3612 5718">
    <p class='ocr_par' dir='ltr' id='par_1_121' title="bbox 2016 5642 3612 5718">
     <span class='ocr_line' id='line_1_121' title="bbox 2016 5642 3612 5718; baseline -0.013 -4"><span class='ocrx_word' id='word_1_932' title='bbox 2016 5642 2300 5714; x_wconf 79' lang='lat' dir='ltr'><strong>servamus</strong></span> <span class='ocrx_word' id='word_1_933' title='bbox 2342 5651 2412 5706; x_wconf 91' lang='lat' dir='ltr'><strong>de</strong></span> <span class='ocrx_word' id='word_1_934' title='bbox 2455 5642 3085 5718; x_wconf 59' lang='lat' dir='ltr'><strong>Hieronymi&#39;sententia</strong></span> <span class='ocrx_word' id='word_1_935' title='bbox 3114 5645 3183 5699; x_wconf 91' lang='lat' dir='ltr'><strong>de</strong></span> <span class='ocrx_word' id='word_1_936' title='bbox 3213 5642 3612 5714; x_wconf 90' lang='lat' dir='ltr'><strong>Episcoporum</strong></span> 
     </span>
    </p>
   </div>
   <div class='ocr_carea' id='block_1_122' title="bbox 2016 5715 2870 5800">
    <p class='ocr_par' dir='ltr' id='par_1_122' title="bbox 2016 5715 2870 5800">
     <span class='ocr_line' id='line_1_122' title="bbox 2016 5715 2870 5800; baseline -0.02 -14"><span class='ocrx_word' id='word_1_937' title='bbox 2016 5743 2181 5800; x_wconf 86' lang='lat' dir='ltr'><strong>supra</strong></span> <span class='ocrx_word' id='word_1_938' title='bbox 2211 5721 2560 5798; x_wconf 87' lang='lat' dir='ltr'><strong>presbyteros</strong></span> <span class='ocrx_word' id='word_1_939' title='bbox 2589 5715 2870 5788; x_wconf 78' lang='lat' dir='ltr'><strong>dignitate.</strong></span> 
     </span>
    </p>
   </div>
  </div>
