4046 6368
326 242 432 304 865

919 249 1565 312 COMMENTARIOBUM
1609 254 1675 311 ΙΝ
1716 250 1908 312 εριετ

2014 251 2107 313 ΛΜ
2147 254 2240 312 ΑΙ)
2278 255 2489 316 ΤΙΤυΜ
2531 259 2757 318 LIBER.
2797 263 2958 321 CAP.
2999 267 3044 321 Ι.

3524 263 3632 324 866

313 360 560 418 retium
585 375 600 415 :
631 374 808 432 quem
839 365 1100 434 Apostolo
1132 366 1441 432 contraire,
1473 377 1638 421 nemo
1663 368 1758 438 qui
1787 369 1930 438 Αρσιι
1958 370 2011 434 Α
2037 368 2164 424 bent
2193 387 2207 424 :
2238 379 2446 440 quanto
2468 373 2641 442 magis
2672 375 3048 446 unusquisque
3079 391 3138 432 se
3165 378 3546 446 considerans,
3577 390 3636 436 et

307 455 523 510 stolttm
551 455 801 526 legerit,
825 456 1114 528 ignorbit.
1150 457 1218 513 Et
1244 459 1462 529 quidem
1490 473 1613 516 esse
1657 461 1778 516 sine
1827 462 1932 516 cri-

307 542 462 602 mine
488 547 851 620 episcopum,
873 551 989 604 sive
1011 551 1410 623 presbyterum,
1440 559 1495 608 et
1512 568 1675 607 unam
1704 567 1929 610 uxorem

305 637 540 704 habere,
579 641 638 694 in
669 650 862 697 nostra
893 651 978 696 est
1006 651 1297 711 potestate.
1320 645 1586 700 Ceterum
1620 645 1752 700 illud
1782 645 1930 715 quod

301 731 575 802 seq‘uilur
609 749 623 787 :
660 733 873 790 Habere
908 736 1050 806 ﬁlios
1086 734 1264 804 ﬁdem
1289 773 1303 800 ,
1351 751 1456 790 non
1501 738 1554 791 in
1605 738 1931 792 accusatione

301 825 567 891 luxurie,
602 841 672 879 ac
701 841 805 880 non
831 828 1087 895 subditos,
1120 837 1272 883 extra
1302 837 1545 884 nostram
1569 837 1649 884 est
1676 828 1928 885 volunta-

300 922 445 970 tem.
474 915 625 970 Esto
659 918 883 988 quippe,
917 927 1192 988 parentes;
1201 919 1337 974 bene
1382 920 1681 976 instituisse
1723 921 1929 977 liberos

295 1020 468 1076 suos,
507 1015 575 1063 et
623 1023 658 1062 a
696 1025 860 1079 parva
894 1018 1054 1064 aetate
1093 1025 1314 1081 semper
1341 1010 1640 1066 Dominicis
1682 1011 1928 1067 erudisse

295 1102 611 1171 praeceptis
642 1121 657 1157 :
699 1104 754 1156 hi
786 1103 832 1157 si
863 1113 1050 1174 postea
1083 1117 1147 1159 se
1178 1103 1409 1158 luxuria
1435 1102 1720 1169 dederint,
1747 1115 1801 1158 et
1831 1119 1925 1159 su-

291 1197 480 1264 perati
534 1190 725 1262 vitiis,
769 1195 979 1251 libidini
1029 1195 1180 1250 frena
1229 1195 1613 1266 pert'niserint,
1665 1195 1926 1266 numquid

289 1286 459 1355 culpa
494 1286 571 1341 ad
611 1299 875 1356 parentes
904 1286 1250 1356 redundabit,
1283 1296 1340 1342 et
1361 1287 1705 1343 sanctitatem
1757 1289 1927 1358 patris

289 1379 390 1434 lilii
417 1388 672 1450 peccata
699 1381 1090 1437 maculabunt?
1118 1381 1173 1435 Si
1201 1382 1324 1452 quis
1345 1382 1486 1436 bene
1514 1380 1752 1436 erudivit
1782 1380 1925 1435 ﬁlios

284 1479 450 1536 suos,
479 1473 542 1526 in
579 1469 676 1527 his
707 1481 840 1543 puto
866 1471 1036 1528 fuisse
1066 1482 1121 1526 et
1152 1471 1326 1538 lsaac,
1351 1472 1446 1541 qui
1473 1472 1659 1540 utique
1690 1471 1834 1525 Esau
1858 1469 1923 1524 ﬁ-

286 1562 429 1617 lium
466 1575 652 1619 suum
697 1565 836 1620 bene
886 1563 1189 1618 instituisse
1231 1561 1544 1618 credendus
1590 1570 1694 1616 est.
1724 1561 1922 1616 Verum

282 1653 441 1709 Esau
477 1655 854 1721 fornicarius,
885 1664 943 1710 et
972 1655 1263 1726 profanus,
1297 1669 1401 1724 pro
1441 1667 1544 1707 una
1574 1665 1699 1707 esca
1731 1653 1923 1718 vendi-

2036 461 2248 526 sciens,
2296 463 2419 530 quia
2448 469 2705 531 potentes
2747 472 3000 533 potenter
3041 477 3313 524 tormenta
3358 471 3634 540 patientur

2036 549 2193 622 (Sep.
2221 550 2318 621 vr),
2343 552 2587 607 retrabet
2628 552 2736 625 [Αι.
2768 556 3019 628 retrahit]
3051 571 3112 613 se
3140 559 3211 614 ab
3250 561 3356 617 hoc
3383 576 3492 617 non
3524 572 3634 619 tam

2037 639 2248 696 honore
2270 657 2434 710 quam
2460 658 2628 698 onere
2661 661 2674 698 :
2707 654 2760 699 et
2791 646 3028 701 aliorum
3076 650 3286 715 locum,
3327 653 3418 721 qui
3458 654 3632 724 magis

2032 730 2181 801 digni
2210 744 2357 799 sunt,
2387 748 2496 788 non
2522 735 2729 790 ambiet
2757 739 3056 806 occuparet
3086 738 3170 793 Ad
3197 749 3498 796 extremum
3527 743 3635 800 hoc

2031 822 2324 878 dicendum
2345 833 2432 880 est
2455 823 2509 880 in
2532 825 2828 895 Scripturis
2853 844 2950 898 per
2971 829 3118 885 ﬁlios
3138 832 3436 904 λογισμοὺς,
3457 835 3629 908 699

2034 915 2088 971 id
2127 927 2247 984 est,
2275 919 2651 989 cogitationes;
2691 933 2787 988 per
2813 921 2950 977 ﬁlias
2983 938 3139 989 vero,
3166 928 3399 1001 «petam,
3433 929 3489 982 id
3516 937 3623 997 est,

2033 1025 2193 1076 apsro
2222 1010 2469 1080 intelligi,
2500 1020 2556 1066 et
2581 1027 2706 1066 eum
2737 1025 2880 1068 nunc
2907 1017 3130 1086 praecipi
3161 1015 3366 1074 debere
3394 1019 3627 1089 Episco-

2032 1116 2160 1171 pum
2191 1102 2333 1169 ﬁeri,
2353 1103 2449 1173 qui
2471 1113 2526 1157 et
2551 1105 2936 1173 cogitationes,
2961 1117 3015 1161 et
3041 1121 3206 1178 opera
3229 1108 3282 1163 in
3309 1124 3406 1164 sua
3431 1109 3631 1169 habeat

2032 1202 2322 1262 potestate,
2348 1202 2405 1248 et
2435 1209 2565 1248 vere
2590 1194 2780 1250 credat
2807 1196 2860 1250 in
2888 1195 3133 1266 Christo,
3163 1208 3220 1255 et
3240 1200 3393 1255 nulla
3423 1201 3625 1260 subre-

2031 1282 2274 1353 pentium
2303 1283 2556 1338 vitiorum
2585 1283 2710 1340 labe
2730 1286 3056 1342 maculetur.

2101 1374 2283 1445 (Vers.
2305 1373 2388 1444 7.)
2410 1375 2628 1446 Oportet
2651 1377 2790 1430 enim
2807 1379 3100 1449 episcopum
3123 1380 3236 1436 sine
3261 1383 3474 1438 crimine
3493 1401 3624 1454 esse,

2028 1476 2291 1537 tamquam
2312 1467 2413 1523 Dei
2435 1469 2843 1540 dispensatorem
2867 1487 2884 1523 .·
2910 1487 3016 1526 non
3044 1483 3362 1541 protervum,
3390 1492 3494 1531 non
3512 1479 3624 1533 ira-

2027 1562 2278 1627 euadunt,
2304 1577 2408 1615 non
2435 1563 2770 1628 vinolentum,
2795 1580 2898 1618 non
2919 1581 3296 1636 percussorem,
3323 1584 3424 1622 non
3455 1571 3624 1640 turpis

2030 1652 2160 1706 lucri
2183 1653 2824 1723 appetitorem.Qua:ritur
2849 1671 2986 1727 ergo
3015 1659 3164 1714 inter
3191 1658 3624 1732 dispensatores,

279 1747 370 1802 dit
403 1748 802 1820 primogenita
844 1762 938 1802 sua
969 1746 1123 1816 (Gen.
1165 1745 1280 1816 xv).
1323 1745 1545 1801 Samuel
1584 1759 1803 1816 quoque
1831 1744 1923 1814 qui
1954 1752 2002 1819 Β
2031 1755 2086 1800 ut
2115 1745 2289 1800 ﬁdelis
2305 1747 2429 1817 quis
2452 1747 2761 1803 inveniatur
2786 1757 2875 1804 :et
2902 1762 3010 1806 non
3037 1753 3336 1810 comedens
3359 1765 3416 1811 et
3435 1756 3627 1814 bibens

281 1838 416 1893 talis
450 1837 595 1905 fuit,
632 1849 693 1895 ut
717 1841 997 1894 invocaret
1026 1838 1343 1906 Dominum,
1373 1844 1430 1891 et
1455 1836 1718 1890 Dominus
1745 1849 1917 1890 exau-

281 1929 447 1986 diret
479 1930 607 2004 [Αι.
660 1931 998 2004 exaudisset)
1030 1946 1185 1997 eum,
1233 1940 1288 1985 et
1328 1929 1381 1984 in
1429 1939 1676 1998 tempore
1723 1928 1920 1984 messis

278 2022 546 2091 pluviam
581 2025 799 2097 ltyemis
830 2027 1184 2094 impetraret,
1218 2023 1405 2078 habuit
1439 2022 1583 2078 iilios
1609 2023 1705 2092 qui
1747 2021 1917 2078 decli-

279 2127 583 2174 naverunt
623 2117 795 2190 098
835 2127 958 2187 post
985 2118 1312 2182 avaritiam,
1344 2124 1402 2172 et
1427 2116 1775 2184 accipiebant
1800 2131 1918 2170 mu-

284 2219 449 2276 nera,
501 2215 566 2266 et
613 2220 726 2265 tam
772 2211 942 2282 iniqui
977 2210 1194 2280 iudices
1215 2210 1568 2273 exstiterunt,
1600 2217 1662 2263 ut
1687 2208 1918 2278 populus

286 2311 670 2374 nequaquam
698 2303 907 2373 ferens,
940 2317 1122 2374 regem
1152 2303 1256 2357 sibi
1286 2303 1340 2358 in
1370 2301 1782 2358 similitudinem
1809 2314 1914 2358 cte-

288 2402 556 2450 terarum
618 2398 864 2467 gentium
915 2397 1221 2467 postularet
1249 2393 1306 2466 (l
1347 2394 1476 2467 Reg.
1508 2394 1642 2465 xu).
1677 2396 1818 2464 Ergo
1869 2393 1917 2449 si

283 2486 504 2544 electio
537 2489 894 2545 sacerdotum
926 2488 1103 2556 ﬁeret,
1135 2495 1192 2542 et
1216 2486 1372 2541 Isaac
1398 2492 1620 2556 propter
1649 2486 1820 2552 Esau,
1859 2495 1916 2543 et

286 2575 533 2636 Samuel
559 2591 789 2652 propter
820 2582 960 2637 ﬁlios
989 2594 1145 2646 suos,
1176 2579 1381 2650 indigni
1415 2578 1724 2634 sacerdotio
1753 2588 1912 2649 putu-

285 2681 516 2727 rentur.
560 2675 634 2727 Et
674 2687 798 2728 cum
826 2683 1052 2745 peccata
1087 2680 1377 2742 parentum
1409 2671 1539 2726 ﬁliis
1585 2683 1692 2726 non
1736 2671 1914 2741 impu-

286 2770 508 2831 tantur,
548 2779 898 2836 nequaquam
935 2764 1049 2836 jam
1080 2763 1172 2818 illa
1215 2766 1432 2833 vigente
1463 2764 1772 2827 sententis,
1811 2777 1910 2833 pa.

278 2864 460 2910 rentes
504 2870 674 2911 unum
707 2857 946 2911 acerbam
984 2855 1351 2922 comsderunt,
1382 2864 1434 2908 et
1477 2855 1652 2908 dentes
1679 2854 1911 2923 ﬁliorum

283 2948 688 3020 obstupuerunt
712 2948 928 3022 (Etet-It.
960 2963 1114 3014 xvnt,
1142 2946 1222 3018 9),
1252 2946 1490 3002 ﬁliorum
1521 2944 1648 3001 vitia
1667 2946 1908 3015 parenti-

284 3041 391 3096 bus
425 3040 926 3113 prejudicabunt?
963 3042 1208 3098 Primum
1249 3041 1432 3110 itaque
1454 3038 1749 3094 dicendum
1782 3048 1906 3106 est,

2026 1851 2149 1892 cum
2179 1838 2440 1905 curiosis,
2480 1840 2752 1909 percutiat
2792 1856 2986 1898 servos
3016 1853 3070 1900 et
3109 1846 3374 1914 ancillas;
3407 1850 3504 1906 sed
3533 1849 3624 1907 in-

2022 1937 2229 1985 certum
2256 1929 2352 1986 Dei
2385 1940 2664 2002 exspectet
2693 1932 2991 1989 adventum
3011 1977 3025 2003 ,
3055 1943 3112 1991 et
3136 1937 3232 1993 det
3256 1941 3540 1998 conservis
3561 1944 3622 1998 in

2022 2031 2267 2092 tempore
2304 2023 2536 2079 cibaria.
2564 2024 2708 2080 inter
2744 2026 2990 2082 villicum
3035 2039 3217 2084 autem
3265 2041 3324 2087 et
3362 2035 3620 2095 familiam

2019 2115 2140 2170 haec
2165 2114 2281 2170 sola
2300 2115 2560 2171 distantia
2583 2117 2836 2187 estquod
2857 2132 3161 2176 conservus
3189 2127 3517 2193 praepositus
3536 2136 3623 2185 est

2019 2207 2306 2261 conservis
2336 2206 2474 2261 suis.
2502 2205 2648 2262 Sciat
2678 2205 2859 2278 itaque
2884 2209 3175 2280 episcopus
3204 2222 3259 2268 et
3304 2216 3614 2288 presbyter,

2018 2298 2122 2353 sibi
2159 2298 2421 2369 populum
2455 2313 2784 2354 conservum
2815 2315 2960 2364 esse,
2994 2317 3100 2356 non
3130 2318 3372 2360 servum.
3401 2308 3617 2366 Cetera

2017 2405 2140 2459 quas
2157 2401 2476 2460 sequuntur,
2500 2391 2552 2444 in
2578 2391 2735 2446 nobis
2767 2393 2943 2461 posita
2971 2401 3102 2449 sunt
3126 2395 3280 2450 :Non
3301 2409 3614 2469 protervum,

2018 2483 2069 2537 id
2101 2493 2207 2549 est,
2237 2500 2340 2538 non
2368 2492 2643 2539 tumentem
2672 2493 2728 2539 et
2757 2484 3068 2554 placentem
3101 2488 3206 2542 sibi
3230 2491 3376 2560 quod
3400 2493 3619 2561 episco-

2017 2589 2120 2644 pus
2148 2575 2238 2642 sit,
2265 2575 2362 2629 sed
2393 2576 2550 2643 quasi
2581 2575 2785 2631 bonum
2817 2576 3085 2647 villicum,
3117 2578 3172 2633 id
3205 2581 3613 2653 requirentem,

2015 2664 2160 2736 quod
2191 2666 2442 2734 pluribus
2471 2666 2667 2735 prosit.
2694 2665 2822 2721 Non
2851 2668 3488 2730 iracundueracundus
3508 2686 3615 2744 est,

2015 2757 2106 2826 qui
2138 2771 2354 2826 semper
2387 2756 2663 2824 irascitur,
2690 2766 2745 2812 et
2784 2758 2851 2813 ad
2884 2759 3063 2815 levem
3110 2766 3491 2832 responsionis
3521 2783 3618 2825 au-

2014 2865 2128 2903 ram
2149 2858 2313 2918 atque
2333 2850 2563 2918 peccati,
2580 2851 2734 2920 quasi
2757 2866 2788 2905 a
2810 2862 2976 2906 vento
2995 2851 3192 2910 lolium
3215 2869 3610 2918 summovetur.

2013 2941 2084 2997 Et
2124 2956 2317 2996 revera
2349 2942 2490 2997 nihil
2529 2951 2615 2998 est
2656 2942 2857 3000 fmdius
2886 2956 3231 3016 praeceptore
3258 2949 3496 3020 furioso,
3521 2953 3615 3021 qui

2013 3049 2134 3088 cum
2156 3031 2355 3088 debeat
2378 3046 2501 3089 esse
2529 3043 2848 3089 mansuetus
2871 3036 2950 3102 (et
2977 3039 3273 3094 secundum
3297 3041 3435 3097 illud
3465 3044 3613 3114 quod

284 3135 436 3204 quod
468 3144 595 3191 um
622 3145 876 3191 sanatum
927 3145 1133 3190 nomen
1175 3135 1244 3189 sit
1289 3131 1616 3198 sacerdotii,
1663 3142 1726 3188 ut
1750 3131 1904 3188 nobis
1932 3123 1978 3190 C
2009 3123 2268 3192 scriptum
2298 3132 2384 3178 est
2419 3122 2478 3194 (Ι
2502 3121 2639 3178 Tim.
2663 3124 2769 3194 n):
2799 3125 3021 3180 Seruum
3052 3136 3228 3184 autem
3261 3129 3472 3188 Domini
3511 3150 3614 3190 non

284 3227 462 3284 etiam
501 3241 570 3285 ea
595 3241 719 3300 quis
741 3240 893 3285 extra
916 3245 1019 3285 nos
1050 3239 1183 3284 sunt
1210 3228 1409 3298 posita,
1430 3235 1769 3296 reputentur,
1795 3239 1902 3282 non

288 3335 405 3392 quo
437 3333 677 3394 propter
714 3325 847 3379 vitia
877 3332 1060 3379 nostra
1105 3323 1350 3393 episcopi
1394 3337 1501 3376 non
1535 3321 1728 3376 ﬁamus
1758 3337 1772 3374 :
1805 3319 1904 3376 sed

287 3418 442 3487 quod
475 3427 706 3489 propter
727 3416 960 3474 ﬁliorum
992 3417 1452 3473 incontinentiam
1495 3415 1565 3469 ab
1603 3413 1708 3470 hoc
1731 3414 1902 3484 gradu

291 3509 532 3566 arcendi
555 3511 747 3565 simus.
771 3510 890 3578 Qua
911 3510 1059 3565 enim
1091 3510 1346 3564 libertate
1375 3521 1663 3578 possumus
1694 3507 1904 3563 alienos

291 3599 442 3658 tilias
467 3603 774 3672 corripere,
797 3611 852 3657 et
875 3602 1076 3657 docere
1097 3617 1220 3672 quas
1245 3608 1392 3656 recta
1415 3610 1571 3655 sunt:
1596 3614 1719 3655 cum
1744 3599 1902 3656 nobis

291 3694 495 3749 statim
536 3695 710 3763 possit
757 3694 848 3764 qui
880 3695 1043 3750 fuerit
1081 3703 1373 3763 correptus
1422 3694 1678 3764 ingerere
1709 3711 1723 3746 τ
1758 3695 1902 3748 Ante

293 3785 436 3843 doce
471 3784 617 3840 ﬁlios
647 3786 809 3841 tuas?
830 3785 936 3840 Aut
963 3801 1069 3857 qua
1101 3786 1279 3840 fronte
1305 3791 1628 3840 extraneum
1659 3784 1900 3855 corripio

295 3878 695 3948 fornicantem,
716 3887 841 3935 cum
867 3879 1002 3935 mihi
1027 3880 1360 3935 conscientia
1383 3894 1502 3935 mea
1529 3881 1646 3951 ipsa
1675 3895 1902 3950 respon-

293 3969 426 4027 deat
456 3987 472 4024 :
508 3971 807 4026 Elhareda
835 3986 965 4042 ergo
996 3971 1354 4027 lornicantem
1384 3971 1554 4026 lilium
1589 3989 1604 4024 :
1636 3972 1811 4042 abjice
1839 3972 1901 4026 ﬁ-

295 4063 401 4120 lios
425 4072 552 4118 tuus
578 4063 729 4118 vitiis
748 4063 1096 4120 tervieutcs?
1120 4065 1254 4120 Cum
1288 4072 1471 4120 autem
1500 4078 1731 4135 nequam
1756 4064 1900 4122 ﬁlius

297 4155 354 4211 in
383 4169 498 4211 una
523 4166 706 4212 tecum
729 4165 758 4196 ι
776 4160 1068 4213 conveniat
1088 4158 1275 4225 domo,
1300 4167 1357 4213 tu
1386 4158 1552 4214 sudes
1580 4159 1649 4213 ab
1675 4159 1899 4214 alterius

299 4251 465 4306 ocule
493 4250 757 4306 festucam
794 4249 1111 4319 detrahere,
1132 4253 1186 4307 in
1213 4261 1305 4306 tuo
1334 4253 1542 4308 trabem
1571 4267 1676 4308 non
1707 4253 1896 4309 videns

297 4341 522 4410 (Matth.
554 4355 627 4398 vtt
659 4353 706 4398 st
735 4343 863 4398 Luc.
891 4342 1012 4415 vr)?
1052 4343 1169 4398 Non
1203 4345 1385 4414 itaque
1416 4345 1594 4413 justus
1637 4345 1896 4414 polluitur

193 4471 202 4476 -
296 4448 365 4489 ex
402 4433 638 4490 ﬁliorum
669 4435 815 4491 vitiis
845 4453 860 4488 :
892 4436 988 4490 sed
1019 4436 1245 4491 libertas
1287 4437 1358 4490 ab
1399 4435 1667 4505 Apostoio
1699 4436 1890 4492 Eccle-

2010 3222 2213 3283 oportct
2234 3213 2402 3268 rixari
2425 3229 2445 3278 ;
2475 3215 2565 3269 sed
2597 3214 2846 3270 humilem
2875 3233 2981 3272 esse
3005 3219 3074 3272 ad
3103 3236 3301 3289 omnes,
3325 3223 3607 3293 doctorem,

2007 3315 2310 3384 patientem,
2342 3314 2396 3368 in
2425 3316 2818 3370 mansuetudine
2846 3319 3168 3372 crudientem
3197 3336 3280 3374 eos
3307 3323 3400 3390 qui
3427 3332 3610 3377 contra

2008 3407 2258 3476 veniunt),
2289 3405 2383 3462 ille
2403 3422 2435 3463 e
2474 3407 2696 3464 diverso
2729 3418 2885 3464 torvo
2918 3413 3068 3466 vultu
3088 3452 3104 3477 ,
3137 3414 3500 3468 trementibus
3531 3417 3610 3470 la-

2006 3499 2134 3563 biis,
2181 3507 2374 3569 rugata
2413 3499 2620 3568 fronte,
2665 3500 2948 3557 eiIrenatis
2977 3503 3262 3570 conviciis,
3296 3504 3437 3561 facie
3465 3507 3610 3563 inter

2005 3591 2272 3661 pallorem
2303 3594 2676 3666 ruboremque
2703 3597 2939 3665 variata,
2967 3599 3212 3654 clamore
3243 3609 3557 3671 perstrepat
3585 3619 3603 3657 :

2004 3695 2059 3742 et
2083 3696 2330 3743 errantes
2360 3701 2468 3742 non
2504 3696 2612 3742 tam
2645 3689 2714 3744 ad
2764 3690 2968 3746 bonum
3019 3690 3297 3760 retrahat,
3338 3685 3504 3766 quam
3534 3694 3605 3752 ad

2004 3780 2209 3835 malum
2243 3795 2341 3835 sua
2375 3781 2586 3835 sawitia
2619 3783 2957 3852 praecipitet;
2991 3783 3218 3840 indeest
3247 3786 3392 3854 quod
3419 3797 3473 3842 et
3502 3785 3602 3842 Sa-

2004 3872 2188 3927 lomon
2232 3875 2348 3928 ait:
2382 3873 2476 3928 Ira
2505 3875 2677 3946 perdit
2722 3875 2876 3929 etiam
2917 3877 3175 3946 sapientes
3224 3876 3406 3948 (Prov.
3447 3880 3600 3951 xxt);

2004 3969 2066 4023 Et
2093 3987 2106 4022 :
2133 3967 2221 4022 Ira
2242 3968 2339 4023 viri
2350 3970 2611 4040 justitiam
2635 3967 2733 4024 Dei
2756 3985 2856 4024 non
2883 3980 3131 4039 operatur
3157 3970 3368 4040 (Iacob.
3402 3988 3444 4042 t,
3476 3973 3597 4045 20).

2000 4063 2190 4133 Neque
2211 4077 2340 4116 vero
2364 4062 2458 4133 qui
2479 4063 2771 4133 aliquando
2801 4063 3080 4130 irascitur,
3112 4064 3411 4122 iracundus
3470 4075 3554 4121 est
3579 4085 3596 4124 :

1999 4157 2100 4212 sed
2130 4156 2224 4211 ille
2255 4155 2457 4210 dicitur
2486 4156 2818 4224 iracundus,
2849 4157 2941 4227 qui
2991 4156 3186 4211 crebro
3214 4157 3316 4213 hac
3344 4161 3603 4228 passione

1998 4257 2312 4318 superatur.
2333 4247 2594 4303 Pmbibet
2620 4263 2836 4319 quoque
2857 4249 3178 4319 episcopum
3207 4264 3329 4306 esse
3353 4251 3600 4307 vinolen-

2001 4350 2136 4406 tum,
2169 4341 2238 4396 de
2281 4355 2390 4410 quo
2429 4341 2496 4395 ad
2527 4339 2875 4397 Timotheum
2926 4340 3230 4397 scribitur:
3259 4340 3384 4396 Non
3433 4343 3598 4398 multo

2000 4435 2116 4488 vino
2136 4433 2367 4488 deditum
2390 4433 2436 4504 (l
2462 4431 2596 4486 Tim.
2628 4449 2705 4500 tu,
2739 4435 2818 4503 8).
2847 4435 3017 4501 Quale
3047 4443 3133 4489 est
3167 4443 3351 4490 autem
3376 4436 3598 4504 episco-

295 4526 396 4581 εἰπε
427 4527 659 4596 principi
699 4539 1014 4584 reservatur
1047 4545 1061 4582 :
1094 4525 1238 4597 quod
1266 4527 1373 4599 [ΑΙ.
1415 4499 1494 4599 ul]
1527 4528 1647 4582 talis
1676 4527 1766 4582 ﬁat
1795 4529 1890 4597 qui
1919 4499 1971 4559 D
1999 4541 2124 4596 pum
2178 4526 2363 4580 videre
2400 4499 2792 4594 ‘vinolentum,
2839 4499 2898 4580 ut
2947 4541 3114 4583 sensu
3167 4499 3452 4598 occupato,
3511 4528 3599 4584 vel

297 4625 408 4671 non
438 4615 627 4673 iiuteat
652 4627 877 4689 propter
902 4618 1028 4673 vitia
1055 4619 1353 4674 liberorum
1381 4625 1674 4673 extraneos
1703 4634 1891 4688 repre-

299 4708 559 4766 hendere.
590 4707 796 4766 Deinde
819 4712 986 4768 etiam
1022 4709 1156 4766 illud
1187 4719 1272 4767 est
1319 4710 1665 4766 inferendum
1696 4711 1888 4766 adver-

293 4813 417 4857 sum
441 4813 534 4858 eos
562 4802 655 4872 qui
681 4803 750 4858 ds
779 4802 1094 4872 episcOpstu
1125 4804 1510 4864 intumescunt,
1539 4806 1593 4856 et
1613 4811 1804 4872 putant
1829 4809 1891 4859 se

297 4905 407 4950 non
437 4891 898 4965 dispensltlonem
921 4894 1150 4963 Christi,
1177 4897 1271 4951 sed
1303 4896 1587 4967 imperium
1619 4911 1888 4952 consecu-

299 4988 580 5058 tostquta
613 4999 724 5044 non
775 4990 956 5045 statim
1015 4990 1268 5046 omnibus
1319 4990 1404 5044 his
1458 4991 1714 5046 meliores
1742 4991 1886 5058 sint,

299 5081 622 5150 quicumque
663 5082 903 5153 episcopi
937 5097 1044 5136 non
1084 5082 1288 5138 fuerint
1315 5083 1596 5139 ordinati:
1633 5093 1685 5138 ct
1727 5099 1792 5138 ex
1825 5098 1891 5140 eo

295 5171 440 5241 quod
469 5168 631 5228 eiecti
657 5182 815 5240 sunt,
864 5175 962 5244 ipsi
1005 5189 1065 5230 se
1095 5175 1264 5245 magis
1291 5175 1608 5231 existiment
1634 5187 1892 5246 compro-

297 5261 454 5317 batus
482 5279 495 5316 :
519 5264 614 5320 sed
639 5265 945 5335 intelligant
967 5276 1226 5336 preptera
1253 5267 1516 5336 quosdam
1559 5283 1588 5321 a
1631 5268 1891 5323 sacerdo-

299 5354 372 5407 tio
402 5365 663 5424 remotos,
693 5360 816 5427 quia
841 5373 934 5412 cos
955 5358 1080 5412 vitia
1104 5357 1400 5412 liberorum
1428 5359 1796 5427 impedierint.
1830 5358 1888 5416 Si

297 5453 477 5501 autem
505 5455 724 5516 peccata
758 5447 994 5504 ﬁliorum
1021 5448 1224 5517 justum
1255 5449 1326 5503 ab
1356 5449 1669 5519 episcopatu
1698 5451 1885 5520 probi-

368 5595 392 5622 ι·
425 5583 694 5640 Erasmus
721 5584 877 5654 legit,
908 5585 1273 5640 communicat.
1305 5584 1546 5639 Mariano
1572 5585 1744 5655 magis
1774 5587 1888 5655 pla-

1998 4619 2202 4674 exaltet
2244 4619 2416 4674 risum
2463 4629 2656 4674 contra
2699 4621 2987 4689 gravitatis
3012 4621 3307 4689 decorem,
3352 4631 3409 4676 et
3438 4621 3597 4677 labiis

1996 4710 2276 4765 dissolutis
2298 4709 2747 4766 cachinnatzvel
2778 4713 2825 4765 si
2874 4712 3152 4780 paululum
3198 4712 3372 4769 tristis
3415 4714 3596 4782 cujus-

1996 4801 2120 4857 dam
2151 4801 2315 4871 700
2338 4801 2416 4855 rei
2452 4803 2615 4856 fuerit
2636 4801 2980 4866 recordatus,
3006 4803 3151 4858 inter
3177 4805 3367 4872 pocula
3401 4805 3453 4859 in
3483 4806 3598 4859 sin-

1995 4895 2172 4964 gultus
2204 4900 2527 4963 prorumpat
2555 4903 2609 4947 et
2637 4893 2931 4963 lacrymas.
2965 4893 3213 4963 Longum
3258 4903 3342 4948 est
3383 4894 3465 4948 ire
3496 4907 3596 4963 per

1996 4987 2234 5056 singula,
2252 4997 2306 5039 et
2331 4985 2570 5039 insanias
2591 4999 2726 5054 quas
2745 4984 2987 5040 ebrietas
3011 4985 3272 5054 suggerit,
3293 4985 3590 5055 explicare.

1997 5080 2198 5136 Videas
2240 5079 2380 5133 alios
2429 5077 2622 5147 pocula
2663 5077 2720 5131 in
2752 5076 2864 5132 tela
2898 5082 3201 5142 vertentes,
3239 5077 3503 5147 scyphum
3537 5077 3593 5132 ia

1992 5174 2183 5228 faciem
2212 5171 2401 5240 jacere
2425 5170 2675 5225 convivas
2701 5186 2714 5220 :
2742 5168 2882 5222 alios
2907 5167 3099 5223 scissis
3125 5167 3372 5222 vestibus
3399 5170 3452 5222 in
3477 5167 3596 5222 vul-

1993 5281 2122 5320 nera
2151 5265 2331 5320 alieua
2376 5275 2642 5332 proruere
2674 5280 2688 5316 :
2719 5260 2857 5316 alios
2886 5260 3128 5314 clamare
3163 5277 3177 5314 :
3207 5259 3342 5314 alios
3387 5258 3593 5314 dormi-

1994 5368 2109 5413 tare
2143 5377 2155 5411 :
2185 5357 2277 5428 qui
2310 5356 2429 5425 plus
2456 5353 2691 5420 biberit,
2724 5351 2926 5406 fortior
2953 5357 3303 5420 computatur
3329 5367 3341 5402 :
3369 5363 3594 5404 accusa-

1993 5449 2154 5504 tionis
2183 5447 2401 5502 occasio
2428 5453 2534 5509 est,
2559 5444 2870 5514 adjuratum
2897 5456 2989 5510 per
3016 5456 3224 5510 regem,
3249 5442 3586 5509 frequentius

1991 5586 2168 5642 nostri
2190 5597 2325 5640 mss.
2355 5576 2686 5653 prasierunt,
2719 5575 2954 5634 convivat
2972 5593 2992 5643 ;
3020 5575 3153 5632 olim
3184 5583 3325 5644 erat,
3351 5588 3585 5631 commu-

297 5666 384 5711 cet
410 5657 668 5709 convivat.
700 5655 756 5709 in
786 5657 1064 5710 nonnullis
1110 5671 1242 5711 mss.
1289 5656 1426 5725 legi,
1470 5657 1526 5708 in
1574 5672 1678 5709 una
1719 5665 1887 5712 tecum
1988 5661 2148 5714 uictu.

301 5729 452 5783 domo
472 5727 632 5783 vivat.
663 5725 834 5782 Mm.
861 5726 1082 5800 —Quod
1116 5737 1168 5782 et
1192 5729 1364 5798 magis
1388 5725 1628 5781 Victorio
1656 5727 1884 5798 placuit,
