4034 6342
476 192 583 248 567

1720 194 1778 249 S.
1819 191 2088 250 EUSEBlI
2125 192 2510 253 HIERONYMI

3669 198 3778 258 568

479 326 589 366 non
617 311 847 368 bibisse.
890 313 1129 368 Vomunt
1180 321 1237 366 ut
1283 311 1491 376 bibant,
1523 311 1708 366 bibunt
1743 318 1800 363 ut
1830 318 2072 365 vomant.
2103 312 2159 371 Α
2181 324 2402 379 castum,
2422 317 2647 386 justum,
2673 322 2935 385 sanctum,
2967 318 3330 384 continentem,
3361 318 3476 374 sive
3502 317 3774 376 abstinen-

480 404 731 474 Digestio
761 408 966 460 ventris
989 447 1003 471 ,
1033 415 1088 461 et
1117 413 1325 474 guttur,
1356 418 1464 458 uno
1494 415 1835 473 occupamur
1866 403 2075 459 ofﬁcio.

480 497 602 552 Hoc
634 515 779 553 nunc
807 498 1014 552 dixisse
1043 497 1298 560 sulliciat,
1330 496 1475 566 quod
1507 495 1805 550 secundum
1837 497 2074 566 Aposto—

480 587 614 654 lum,
646 588 700 642 in
729 589 856 642 vino
886 588 1095 641 luxuria
1136 598 1243 642 est.
1275 588 1340 641 Et
1368 587 1696 656 ubicumque
1721 587 1979 643 saturitas
2005 595 2082 642 at-

480 695 589 747 que
633 678 872 733 ebrietas
916 677 1154 745 fuerint,
1186 678 1258 732 ibi
1289 677 1461 733 libido
1491 677 1830 734 dominetur.
1880 679 2076 749 Specta

485 781 510 808 η
546 781 794 826 ventrem
828 779 885 826 et
910 771 1207 840 genitalia,
1239 786 1339 841 pro
1364 773 1629 840 qualitate
1658 770 1912 827 vitiorum
1942 772 2078 828 ordo

486 864 878 918 membrorum.
905 863 1210 932 Numquam
1241 879 1343 934 ego
1370 865 1582 920 ebrium
1613 875 1823 920 castum
1853 866 2076 936 putabo,

485 957 665 1024 quiet
713 958 756 1010 si
789 956 916 1009 viuo
967 957 1285 1026 consopitus
1324 958 1644 1026 dormierit,
1692 969 1870 1014 tamen
1902 959 2080 1028 potuit

479 1062 713 1117 peccare
742 1064 839 1117 per
883 1049 1090 1102 vinum.
1138 1049 1402 1106 Miramur
1440 1059 1620 1105 autem
1667 1053 1986 1121 Apostolum
2025 1051 2078 1107 in

481 1139 755 1208 cpiscOpis
801 1140 927 1194 sive
975 1141 1314 1212 presbyteris
1368 1141 1658 1198 damnasse
1687 1144 2074 1212 vinolentiam,

477 1247 601 1287 cum
630 1233 680 1286 in
714 1241 902 1287 vetere
927 1248 1144 1303 quoque
1183 1235 1298 1304 lege
1327 1244 1662 1304 praeceptum
1692 1236 1793 1299 sit,
1825 1235 2080 1290 sacerdo-

482 1334 564 1378 tes
605 1340 730 1380 cutn
764 1325 1148 1394 ingrediuntur
1184 1327 1448 1397 templum
1479 1327 1793 1383 ministrare
1823 1328 1966 1393 Deo,
1994 1329 2076 1382 vi-

481 1431 614 1470 num
644 1418 874 1471 omnino
923 1433 1030 1472 non
1077 1418 1264 1473 bibere
1299 1419 1507 1490 (Levit.
1535 1419 1599 1492 x)
1632 1439 1645 1474 :
1679 1430 1735 1476 et
1760 1420 2077 1476 Nazaraeum

486 1509 743 1578 quamdiu
774 1519 1020 1564 sanctam
1049 1525 1263 1566 comam
1295 1513 1530 1582 nutriat,
1564 1523 1620 1569 et
1647 1513 1781 1568 nihil
1816 1515 2081 1569 contami-

488 1612 700 1669 natum,
727 1602 866 1657 nihil
897 1604 1126 1660 mortale
1152 1607 1470 1676 conspiciat,
1490 1618 1544 1662 et
1568 1622 1596 1660 a
1628 1607 1756 1664 vino
1775 1609 2076 1676 abstinere,

2182 414 2304 473 tem,
2333 407 2642 461 obtinentem
2668 423 2786 460 eum
2813 409 2903 479 qui
2937 412 3223 464 secundant
3259 412 3552 466 doctrinam
3578 420 3678 476 est,
3709 413 3779 483 ﬁ-

2180 500 2344 555 delem
2373 516 2682 564 sermonem,
2730 510 2785 554 ut
2828 512 3008 573 potens
3041 505 3108 558 sit
3139 506 3403 560 consolari
3437 506 3494 560 in
3535 506 3779 562 doctrina

2179 608 2329 659 sana,
2361 601 2408 645 et
2440 591 2845 647 contradicentes
2873 611 3114 668 arguere.
3145 595 3288 652 Ante
3317 597 3502 652 omnia
3527 597 3777 670 bOSpitao

2182 684 2308 738 litas
2358 685 2542 740 futuro
2572 686 2835 755 episcopo
2865 686 3241 744 denuntiatur.
3286 689 3346 746 Si
3392 691 3538 746 enim
3585 705 3778 748 omnes

2182 775 2315 831 illud
2353 777 2422 831 de
2461 776 2755 847 Evangelio
2791 778 2984 834 audire
3022 780 3340 836 desiderant
3384 798 3397 834 :
3439 780 3647 852 Hospes
3675 784 3774 854 fui,

2182 879 2229 922 et
2267 871 2564 940 suscepistis
2609 886 2688 925 me
2735 869 2918 941 (Matt.
2962 889 3102 939 xxv,
3153 874 3244 944 55)
3290 893 3302 928 :
3353 885 3562 946 quanto
3603 877 3780 947 magis

2183 963 2498 1032 episc0pus,
2535 965 2687 1036 cujus
2718 967 2912 1023 domus
2935 966 3182 1022 omnium
3210 981 3502 1023 commune
3533 982 3660 1023 esse
3684 967 3782 1024 de-

2183 1053 2281 1108 bet
2328 1054 2658 1124 hOSpitium!
2693 1058 2892 1114 Laicus
2931 1060 3077 1115 enim
3119 1074 3291 1113 unum
3343 1068 3436 1113 aut
3481 1057 3648 1125 duos,
3689 1065 3785 1114 aut

2185 1159 2388 1216 paucos
2411 1149 2708 1218 recipiens,
2741 1150 2990 1220 implebit
3028 1149 3140 1223 [Αἰ.
3184 1147 3452 1222 implevit]
3493 1149 3784 1220 hospitali-

2183 1238 2311 1290 tatis
2341 1236 2598 1295 ofﬁcium.
2646 1241 2950 1312 Episcopus
2989 1241 3095 1296 nisi
3140 1255 3331 1296 omnes
3353 1241 3654 1312 receperit,
3693 1241 3784 1298 in-

2187 1327 2453 1383 humanus
2475 1339 2576 1386 est.
2607 1330 2712 1388 Sed
2739 1348 2936 1388 vereor
2961 1349 3051 1397 ne,
3077 1332 3357 1403 quomodo
3382 1331 3565 1402 regina
3585 1332 3784 1390 Austri

2186 1421 2408 1476 veniens
2435 1438 2465 1477 a
2491 1424 2690 1479 finibus
2718 1433 2880 1480 terra:
2902 1425 3094 1480 audire
3123 1425 3443 1496 sapientiam
3471 1426 3784 1484 Salomonis

2184 1511 2365 1585 (Matt.
2398 1515 2518 1585 xu),
2546 1517 2855 1586 judicatnra
2886 1527 2973 1574 est
3005 1519 3255 1574 homines
3285 1518 3539 1588 temporis
3567 1517 3692 1573 sui:
3721 1526 3783 1575 et

2183 1606 2288 1662 viri
2309 1607 2578 1673 Ninivitae,
2613 1622 2732 1665 acta
2763 1612 3085 1682 paenitentia
3117 1611 3184 1667 ad
3216 1612 3653 1682 praedicationem
3679 1610 3778 1668 Jo-

484 1705 538 1750 et
568 1697 637 1750 ab
680 1713 782 1750 uva
822 1712 1002 1768 passa,
1035 1708 1089 1751 et
1120 1714 1149 1753 a
1174 1698 1202 1737 δ
1229 1699 1474 1755 dilutiori
1505 1716 1626 1771 qua:
1654 1701 1796 1756 solet
1823 1718 1893 1756 ex
1925 1704 2081 1757 vina-
2108 1695 2158 1756 B
2185 1700 2745 1765 uae,condemnabuut
2765 1718 2861 1759 eos
2882 1704 2973 1774 qui
3001 1703 3263 1774 majorem
3284 1703 3421 1760 Jona
3444 1703 3780 1760 Salvatorem

489 1788 606 1844 ceis
631 1789 773 1856 fieri,
803 1791 1044 1860 potione,
1069 1792 1328 1862 omnique
1358 1795 1557 1860 sicera,
1591 1809 1710 1864 quae
1740 1802 1975 1850 mentem
2012 1797 2082 1850 ab

489 1882 700 1951 integra
731 1881 966 1937 sanitate
995 1884 1261 1952 pervertit
1291 1883 1480 1955 (Num.
1515 1887 1612 1952 vt).
1663 1886 1814 1941 Dicat
1849 1889 2082 1957 quisque

485 1979 628 2050 quod
679 1981 829 2035 volet
869 1996 883 2032 :
925 1995 1027 2048 ego
1057 1980 1252 2050 loquor
1279 1982 1676 2037 conscientiam
1709 1997 1887 2039 meam
1915 2001 1929 2037 :
1963 1977 2082 2038 scio

485 2071 616 2125 mihi
643 2072 1059 2137 abstinentiam,
1089 2084 1142 2129 et
1176 2076 1432 2131 nocuisse
1452 2076 1846 2143 intermissam,
1871 2087 1925 2134 et
1951 2091 2080 2147 pro-

480 2163 652 2219 fuisse
675 2167 990 2234 repetitam.
1021 2167 1150 2222 Post
1171 2169 1528 2224 vinolentiam
1554 2179 1736 2225 autem
1763 2170 1868 2225 hoc
1891 2172 2080 2241 praeci-

483 2258 592 2327 pit,
625 2275 689 2312 ne
715 2275 988 2329 percussor
1015 2261 1080 2313 sit
1104 2277 1120 2313 :
1142 2261 1287 2330 quod
1314 2263 1536 2331 quidem
1569 2274 1624 2317 et
1650 2263 1978 2333 simpliciter
1999 2264 2081 2318 in-

485 2349 769 2403 tellectum
795 2350 1034 2404 :edilicat
1061 2351 1401 2420 audientem,
1435 2369 1503 2409 ne
1525 2354 1684 2410 facile
1718 2371 1934 2410 manum
1959 2372 2082 2426 por-

484 2442 626 2509 rigat
652 2440 718 2494 ad
743 2439 1062 2496 medendum
1095 2461 1107 2496 :
1143 2459 1212 2499 ne
1244 2445 1298 2498 iu
1332 2461 1394 2500 os
1421 2446 1653 2502 alterius
1678 2450 2078 2504 verberandum

484 2533 714 2588 insanus
735 2544 1008 2603 erumpat.
1044 2535 1233 2591 Melius
1273 2547 1456 2594 autem
1485 2551 1602 2609 est,
1639 2549 1698 2596 ut
1729 2557 1836 2596 non
1861 2558 2084 2612 percus-

486 2642 669 2681 sorem
696 2627 850 2681 illum
874 2628 1122 2684 diCamus
1145 2646 1290 2697 esse,
1312 2634 1402 2703 qui
1429 2645 1745 2691 mansuetus
1767 2647 1822 2692 et
1847 2637 2078 2707 patiens,

492 2720 597 2775 scit
627 2718 682 2773 itt
716 2728 964 2787 tempore
992 2722 1118 2792 quid
1153 2724 1480 2793 laquendum
1512 2727 1620 2791 sit,
1655 2728 1854 2797 quidve
1895 2739 2081 2785 tacen-

485 2813 663 2868 dum:
698 2829 800 2868 nec
840 2829 1098 2869 sermone
1149 2817 1362 2884 inutili,
1413 2819 1803 2876 conscientiam
1851 2824 2083 2890 percutit

487 2906 857 2962 inﬁrmorum.
877 2907 995 2964 Non
1018 2910 1161 2965 enim
1183 2911 1478 2981 Apostolus
1499 2915 1749 2970 ecclesize
1777 2915 2078 2986 principem

486 2998 764 3063 formans,
795 3009 944 3056 vetat
973 3016 1094 3057 esse
1119 3003 1355 3072 pugilem
1394 3015 1448 3060 et
1479 3009 1892 3076 pancratiasten
1924 3008 2081 3084 [παγ-

488 3098 822 3167 κρατιαστήν,
849 3092 900 3147 id
929 3102 1042 3162 est,
1072 3069 1342 3169 athletam]
1369 3069 1538 3170 (quad
1583 3100 1832 3155 etiamin
1861 3069 2079 3172 plebeio
2110 3069 2156 3130 C

483 3193 539 3239 et
553 3201 898 3256 quocumque
910 3187 1156 3257 gentilisi
1173 3188 1358 3256 fuerit,
1373 3191 1851 3263 reprehenditur),
1867 3193 1962 3249 sed
1977 3193 2080 3250 hoe
2123 3212 2127 3217 ’

485 3287 544 3330 ut
579 3277 690 3332 dixi
715 3298 729 3334 :
754 3293 824 3333 ne
853 3281 1284 3337 contumeliosus
1319 3292 1375 3337 et
1416 3284 1675 3353 garrulus
1703 3285 1897 3355 perdat
1929 3301 2077 3350 eum,

479 3372 641 3443 σοι
683 3387 843 3442 quem
889 3374 1064 3443 potuit
1105 3375 1371 3431 modestia
1404 3385 1460 3432 et
1508 3377 1732 3434 lenitate
1770 3379 2076 3450 corrigere.

481 3463 681 3533 Turpis
708 3480 930 3535 quoque
972 3467 1110 3522 lucri
1143 3470 1424 3537 appetitus
1449 3471 1520 3525 ab
1551 3485 1619 3526 eo
1658 3473 1752 3541 qui
1790 3474 2082 3544 episcOpus

482 3557 701 3612 futurus
723 3568 829 3627 est,
853 3572 977 3612 esse
1008 3558 1176 3614 debet
1199 3561 1437 3616 alienus.
1461 3562 1597 3618 Sunt
1619 3565 1764 3619 enim
1795 3565 1952 3621 nutlti
1983 3566 2084 3623 do-

478 3663 667 3708 centes
701 3667 822 3722 qute
851 3665 956 3704 non
988 3663 1230 3722 oportet,
1266 3656 1438 3725 turpis
1461 3657 1596 3712 lucri
1626 3661 1800 3726 gratia
1834 3677 1847 3713 :
1876 3660 1973 3730 qui
2001 3671 2085 3716 to-

479 3757 563 3804 tas
589 3751 787 3806 domos
819 3753 1167 3815 subvertunt,
1204 3761 1260 3805 et
1289 3759 1481 3821 putant
1510 3763 1778 3822 quaistum
1807 3769 1932 3809 esse
1965 3755 2083 3825 pie-

481 3849 672 3895 tatem.
709 3841 900 3896 Melior
940 3853 1114 3897 autem
1146 3852 1245 3907 est,
1276 3844 1434 3911 juxta
1465 3842 1840 3912 Salomonem,
1880 3847 2086 3902 modica

475 3933 710 4002 acceptio
733 3949 850 3985 cum
867 3934 1104 4002 jnstitia,
1149 3951 1304 4002 quam
1336 3935 1498 3988 multa
1535 3936 1796 4005 genintina
1828 3935 1937 4008 [AL
1968 3956 2082 4009 ger-

479 4021 702 4094 minata]
733 4040 849 4076 cum
876 4024 1151 4094 iniquitate
1183 4024 1373 4094 (Prov.
1406 4041 1518 4092 xvt,
1552 4025 1610 4095 8)
1646 4045 1658 4079 :
1693 4036 1745 4082 et
1777 4028 1951 4096 magis
1981 4030 2081 4084 eli-

479 4113 721 4182 gendum
757 4114 808 4166 in
836 4122 1159 4184 paupertate
1187 4131 1386 4170 nomen
1419 4116 1646 4181 bonum,
1675 4133 1836 4188 quam
1863 4120 1914 4174 in
1941 4119 2080 4175 divi-

480 4203 574 4258 tiis
607 4221 805 4260 nomen
842 4207 1162 4276 pessimum.
1197 4207 1504 4277 Episcopus
1530 4208 1623 4279 qui
1660 4209 1908 4266 imitator
1935 4211 2082 4282 Apo-

476 4299 598 4352 stoli
623 4313 746 4353 esse
763 4299 933 4367 cupit,
966 4297 1178 4353 habens
1209 4300 1410 4354 victum
1442 4310 1494 4355 et
1527 4303 1808 4369 vestitum,
1836 4303 1923 4356 Itis
1955 4313 2078 4358 tan-

483 4399 597 4442 tum
620 4389 785 4443 debet
807 4403 931 4444 esse
953 4399 1244 4444 contentus
1269 4390 1312 4458 (l
1337 4389 1475 4444 Tim.
1500 4391 1602 4464 vt).
1625 4391 1726 4459 Qui
1748 4392 1945 4448 altario
1963 4409 2079 4450 ser-

479 4482 707 4549 vierint,
739 4481 808 4537 de
835 4481 1029 4535 altario
1058 4481 1242 4537 vivant
1271 4482 1318 4556 (Ι
1347 4481 1466 4538 Cor.
1491 4481 1595 4554 ιχ).
1632 4483 1852 4551 Vivant,
1881 4486 2075 4556 inquit,

480 4588 588 4629 non
614 4574 813 4630 divites
843 4573 997 4628 fiant.
1022 4572 1179 4630 Unde
1207 4585 1262 4629 et
1291 4589 1366 4630 tes
1398 4575 1556 4630 nobis
1583 4578 1857 4632 excutitur
1889 4578 1958 4633 de
1986 4595 2080 4632 Zo-

479 4683 547 4722 na
598 4685 611 4724 :
661 4677 716 4722 et
761 4683 865 4722 una
923 4676 1130 4722 tantum
1173 4669 1355 4723 tunica
1407 4668 1690 4723 induimur
1719 4667 1901 4740 (Matt.
1951 4687 1986 4725 x
2031 4681 2077 4725 et

484 4758 658 4814 Marc.
686 4759 760 4829 vt)
789 4777 801 4813 :
837 4775 938 4816 nec
966 4759 1032 4814 de
1056 4761 1298 4814 crastino
1319 4761 1666 4842 .cogitamus.
1698 4759 1899 4830 Turpis
1937 4760 2074 4816 lucri

479 4852 740 4923 appetitio
782 4861 896 4920 est,
939 4855 1231 4926 plusquam
1281 4853 1350 4909 de
1403 4853 1768 4923 prtesentibus
1808 4852 2074 4923 cogitare.

479 4943 774 5016 [lucusque
821 4945 951 5015 quid
992 4961 1101 5000 non
1134 4945 1331 5001 debeat
1365 4945 1569 5001 habere
1616 4946 1910 5015 episcopus
1957 4946 2076 5002 sive

475 5035 786 5106 presbyter.
824 5036 1075 5104 Apostoli
1115 5051 1368 5090 sermone
1395 5046 1727 5106 prtuceptum
1765 5049 1847 5092 est
1882 5056 1895 5092 :
1930 5053 2076 5094 nunc

474 5129 790 5181 econtrario
814 5125 945 5196 quid
980 5127 1178 5181 habere
1205 5126 1424 5191 debeat,
1455 5126 1786 5196 explicatur.

545 5219 730 5287 (Yers.
777 5218 832 5284 8,
861 5216 944 5287 9.)
973 5217 1083 5273 Sed
1113 5218 1450 5287 hospitalem,
1482 5219 1735 5274 bonorum
1763 5235 2066 5293 amatorem,

541 5408 569 5438 λ
607 5398 737 5454 Hice
765 5397 1023 5454 delibarit
1055 5398 1114 5456 S.
1145 5400 1304 5457 Pater
1345 5415 1415 5457 ex
1447 5401 1772 5460 Tertulliani
1817 5406 1960 5462 libro
1991 5408 2061 5463 de

463 5469 708 5548 Jejuniis
737 5482 935 5548 contra
958 5469 1254 5548 Psychicos
1293 5473 1450 5548 initio
1481 5491 1493 5548 ς
1525 5474 1724 5548 Specta
1755 5492 1979 5548 corpus,
2013 5487 2062 5532 et

467 5556 575 5613 una
600 5540 742 5613 regio
777 5549 872 5605 est,
902 5540 1121 5613 denique
1157 5559 1254 5613 pro
1296 5540 1634 5609 dispositione
1680 5540 2060 5611 membrorum,

467 5611 599 5688 ordo
629 5609 898 5688 viti_orum._
920 5609 1078 5688 Prior
1116 5609 1303 5688 venter
1333 5624 1384 5688 et
1425 5616 1600 5688 statim
1633 5626 1834 5688 [caetera
1862 5609 2065 5688 σαρίηώ

461 5677 982 5734 substructalascioia
1008 5692 1105 5747 est,
1121 5698 1214 5749 per
1240 5685 1544 5738 edacitatem
1566 5685 1827 5754 fallacitas
1850 5677 2056 5744 tra'nsit.

2109 4444 2160 4504 Ι)

2185 1793 2378 1847 audire
2417 1802 2868 1864 contempserunt
2903 1813 2914 1849 :
2947 1796 3025 1851 sic
3064 1795 3283 1865 plurimi
3329 1796 3382 1850 in
3412 1795 3627 1866 populis
3663 1795 3784 1867 epi-

2187 1885 2662 1955 scoposjudicent,
2679 1887 3062 1943 subtrahentes
3090 1901 3150 1942 se
3175 1887 3244 1942 ab
3268 1887 3646 1942 ecclesiastico
3659 1903 3786 1957 gra-

2184 1978 2290 2046 du,
2349 1990 2403 2034 et
2443 1995 2507 2035 ea
2550 1995 2670 2048 qua)
2718 1981 2977 2052 episcopo
3022 1990 3045 2020 ο
3095 1995 3203 2036 ηοη
3249 1979 3583 2036 conveniunt
3625 1994 3786 2035 exer-

2185 2081 2392 2134 centes;
2415 2074 2482 2128 de
2498 2074 2696 2145 quibus
2719 2085 2850 2146 puto
2867 2085 2923 2132 et
2941 2075 3208 2132 Joannem
3223 2076 3287 2131 ad
3303 2076 3490 2131 Caium
3505 2076 3780 2133 scribere:

2183 2164 2518 2232 Charissime,
2549 2167 2771 2237 ﬁdeliter
2793 2168 2925 2237 facis
2945 2169 3300 2240 quodcumque
3325 2169 3561 2235 operaris
3588 2169 3644 2222 in
3673 2172 3786 2240 fra-

2186 2259 2369 2327 tribus,
2403 2269 2450 2314 et
2479 2261 2575 2314 hoc
2592 2262 2896 2333 peregrinis.
2929 2263 3018 2332 qui
3045 2262 3398 2316 testimonium
3423 2261 3679 2316 dederunt
3701 2262 3784 2316 di-

2186 2349 2396 2404 lectioni
2445 2360 2550 2405 tua:
2588 2367 2763 2405 coram
2808 2351 3048 2407 Ecclesia
3095 2369 3113 2406 :
3144 2370 3275 2424 quos
3308 2354 3499 2426 aptime
3538 2354 3691 2424 facis,
3739 2353 3785 2407 si

2185 2444 2495 2513 promiseris
2516 2440 2627 2496 Deo
2654 2442 2810 2512 digne
2836 2459 2966 2515 :pro
2989 2444 3196 2497 nomine
3217 2445 3352 2497 enim
3381 2443 3597 2497 Domini
3619 2443 3783 2516 702

2187 2535 2445 2599 exierunt,
2492 2535 2627 2588 nihil
2676 2535 2988 2606 accipientes
3034 2551 3066 2588 a
3110 2535 3390 2606 gentilibus
3422 2534 3511 2604 (ΙΙΙ
3539 2532 3700 2590 Joan.
3747 2537 3781 2593 5

2184 2629 2372 2698 seqq)
2409 2627 2477 2682 Et
2508 2643 2636 2683 vere
2675 2638 2869 2683 sancto
2900 2627 3112 2697 Spiritu
3141 2629 3197 2682 in
3240 2644 3298 2684 se
3331 2628 3606 2700 loquente,
3637 2628 3781 2699 quod

2188 2717 2426 2773 futurum
2456 2728 2576 2774 erat
2615 2718 2669 2773 in
2702 2718 2989 2786 Ecclesiis,
3016 2718 3128 2788 jam
3161 2729 3291 2776 tunc
3318 2719 3674 2790 reprehendit
3699 2719 3782 2775 di-

2186 2824 2318 2864 cens
2351 2827 2365 2864 :
2398 2809 2604 2880 Scripsi
2632 2811 2788 2864 etiam
2813 2811 3089 2867 Eccclesia:
3118 2813 3243 2866 :sed
3271 2811 3358 2880 qui
3378 2812 3632 2884 primatus
3659 2827 3782 2883 age-

2185 2919 2241 2956 re
2266 2905 2404 2976 cupit
2434 2920 2632 2968 eorum,
2659 2903 2965 2977 Diotrephes
2985 2904 3098 2978 [AL
3131 2903 3469 2977 Diaprepes],
3510 2920 3614 2959 non
3641 2906 3777 2960 reci-

2187 2999 2261 3070 pit
2290 3015 2406 3054 nos.
2442 2998 2728 3071 PrOpterea
2759 3016 2877 3054 cum
2902 3016 3108 3068 venero,
3142 2999 3432 3054 admonebo
3460 3003 3576 3072 ejus
3599 3015 3779 3072 opera,

2185 3107 2302 3160 qua:
2330 3091 2458 3162 facit
2481 3091 2633 3144 ntalis
2660 3091 2831 3145 verbis
2852 3091 3127 3147 detrahens
3157 3092 3221 3145 de
3248 3091 3393 3146 nobis
3424 3107 3444 3145 :
3471 3100 3519 3145 et
3548 3108 3653 3146 non
3671 3094 3783 3164 suf-

2182 3183 2294 3253 ﬁcit
2330 3183 2377 3236 ei
2415 3181 2555 3252 quod
2594 3183 2705 3254 ipse
2735 3198 2836 3237 non
2867 3184 3050 3255 recipit
3091 3185 3302 3253 fratres,
3346 3183 3437 3238 sed
3466 3193 3514 3237 et
3554 3182 3782 3240 volentes

2181 3273 2441 3348 prohibet,
2473 3286 2518 3329 et
2549 3276 2614 3328 de
2641 3273 2881 3330 Ecclesia
2907 3279 3070 3346 ejicit.
3107 3277 3243 3332 Vere
3270 3292 3413 3332 nunc
3441 3286 3527 3334 est
3551 3292 3783 3334 cernere

2183 3369 2329 3440 quod
2348 3369 2674 3440 praedictum
2698 3378 2806 3437 est,
2833 3371 2886 3425 in
2907 3370 3185 3442 plerisque
3201 3371 3450 3439 urbibus,
3473 3370 3781 3443 episcopos,

2184 3463 2299 3516 sive
2329 3461 2706 3533 presbyteros,
2738 3462 2782 3516 si
2817 3462 2988 3518 laicos
3016 3462 3253 3518 viderint
3283 3463 3604 3533 hospitales,
3634 3478 3785 3519 ama-

2187 3562 2335 3609 tores
2359 3553 2666 3619 bonorum;
2694 3553 2965 3621 invidere,
2996 3554 3254 3620 fremere,
3285 3554 3780 3625 excomtnunicare,

2185 3646 2252 3701 de
2279 3644 2527 3702 Ecclesia
2556 3646 2864 3714 expellere,
2892 3648 3044 3718 quasi
3079 3662 3186 3703 non
3217 3646 3384 3704 liceat
3425 3645 3610 3702 facere
3639 3647 3784 3719 quod

2184 3740 2476 3809 episcopus
2513 3754 2619 3793 non
2652 3738 2816 3794 faciat
2855 3758 2866 3793 :
2903 3749 2958 3795 et
2991 3740 3125 3794 tales
3163 3754 3288 3795 esse
3327 3738 3518 3806 laicus,
3549 3739 3781 3795 damna-

2185 3833 2260 3887 tio
2290 3831 2638 3888 sacerdotum
2681 3833 2752 3886 sit
2781 3830 2890 3903 [ΑΙ.
2922 3830 3050 3905 e3t].
3083 3831 3294 3888 Graves
3323 3832 3506 3901 itaque
3547 3846 3643 3887 eos
3675 3830 3774 3886 ha-

2183 3925 2334 3992 bent,
2385 3935 2436 3979 et
2470 3925 2622 3992 quasi
2653 3924 2960 3980 cervicibus
2991 3925 3107 3980 suis
3149 3925 3459 3996 impositos,
3488 3932 3551 3982 ut
3577 3940 3608 3980 a
3639 3926 3781 3983 bono

2183 4018 2456 4074 abducant
2485 4033 2674 4088 Opere,
2724 4019 2890 4073 variis
2929 4019 3408 4089 persecutionibus
3456 4019 3778 4088 inquietant.

2183 4109 2264 4164 Sit
2292 4120 2473 4165 autem
2496 4109 2790 4180 episc0pus
2810 4119 2868 4164 et
2893 4109 3140 4180 pudicus,
3158 4125 3320 4178 quem
3343 4108 3525 4166 Grazci
3545 4113 3782 4186 σώφρονα

2184 4211 2384 4257 vocant
2413 4219 2426 4255 :
2459 4211 2514 4256 et
2552 4201 2779 4257 Latinus
2816 4201 3092 4270 interpres
3117 4202 3270 4258 verbi
3314 4202 3670 4273 ambiguitate
3695 4203 3784 4258 de-

2182 4305 2396 4366 ceptus,
2427 4309 2532 4365 pro
2570 4295 2792 4365 pudico,
2824 4295 3130 4368 prudentem
3178 4295 3479 4350 transtulit.
3513 4293 3572 4350 Si
3599 4303 3780 4351 autem

2183 4387 2343 4442 laicis
2365 4387 2685 4456 imperatur,
2709 4397 2766 4441 ut
2791 4397 3017 4457 prepter
3043 4387 3348 4442 orationem
3378 4386 3695 4442 abstineant
3723 4401 3781 4442 se

2185 4479 2254 4532 ab
2283 4494 2509 4532 uxorum
2536 4478 2680 4532 coitu
2696 4495 2725 4558 _:
2755 4477 2881 4548 quid
2911 4477 2980 4534 de
3008 4477 3270 4546 episcolto
3299 4477 3645 4533 sentiendum
3673 4484 3777 4542 est,

2183 4572 2274 4643 qui
2315 4571 2556 4640 quotidie
2601 4585 2702 4640 pro
2742 4569 2856 4624 suis
2896 4570 3191 4640 populique
3229 4569 3494 4640 peccatis,
3547 4568 3780 4624 illibatas

2185 4665 2301 4719 Deo
2332 4663 2613 4719 oblaturus
2649 4671 2738 4718 est
2766 4662 3054 4718 victimas?
3087 4661 3396 4733 relegamus
3425 4660 3636 4730 Regum
3668 4659 3775 4734 [ΑΙ.

2183 4754 2520 4828 Regnorum]
2552 4755 2743 4822 libros,
2778 4764 2836 4810 et
2867 4755 3209 4810 inveniemus
3257 4755 3599 4811 sacerdotem
3651 4754 3778 4810 Abi-

2183 4850 2393 4905 melech
2419 4849 2487 4903 de
2514 4848 2746 4919 panibus
2777 4847 3167 4918 propositionis
3199 4846 3440 4902 noluisse
3468 4846 3622 4918 prius
3649 4846 3778 4903 dare

2181 4943 2350 4999 David
2375 4951 2430 4997 et
2454 4941 2638 5012 pueris
2661 4941 2802 5011 ejus.
2831 4941 2939 4996 nisi
2966 4941 3354 5010 interrogaret,
3377 4949 3557 4996 utrum
3589 4939 3774 4995 mundi

2180 5047 2364 5094 essent
2396 5035 2546 5104 pueri
2576 5050 2604 5087 a
2637 5034 2866 5090 muliere
2901 5053 2914 5089 :
2949 5049 3056 5089 non
3090 5035 3277 5104 utique
3297 5034 3499 5103 aliena,
3527 5033 3623 5088 sed
3648 5047 3749 5088 con

2176 5134 2306 5204 juge
2333 5131 2378 5202 (Ι
2414 5129 2544 5202 Reg.
2577 5127 2676 5200 xt).
2716 5129 2781 5184 Et
2810 5128 2912 5183 nisi
2943 5143 3040 5184 eos
3071 5126 3316 5183 audisset
3344 5127 3414 5181 ab
3442 5126 3558 5182 heri
3588 5135 3644 5182 et
3674 5140 3771 5182 nu-

2177 5226 2498 5282 diustertius
2527 5238 2757 5280 vacasse
2802 5223 2873 5279 ab
2900 5238 3066 5294 opere
3104 5215 3404 5294 conjugali,
3435 5233 3770 5292 nequaquam

2241 5406 2270 5445 δ
2298 5406 2578 5462 Victorius
2621 5405 2916 5462 emendare
2956 5407 3085 5461 dum
3111 5407 3266 5474 vult,
3299 5405 3480 5461 locum
3505 5403 3650 5459 hunc
3672 5402 3764 5460 de-

2171 5489 2382 5550 pravat,
2418 5477 2625 5550 legens,
2657 5487 2764 5550 eta
2791 5477 3110 5550 delicatiori,
3143 5488 3254 5550 etc.

2249 5559 2273 5588 ε
2313 5544 2554 5616 Negandi
2587 5544 2851 5618 particula
2891 5547 2945 5604 in
2980 5564 3089 5607 uno
3128 5549 3370 5606 alterove
3407 5544 3762 5602 Cisterciens.

2172 5634 2273 5675 ms.
2304 5619 2680 5675 desideratur.
