4034 6344
185 283 278 341 ἶὶϐθ

637 282 1295 342 COMMENTARIORUM
1337 285 1404 340 IN
1446 284 1830 342 EPISTULA!“
1870 287 1962 342 AD
2001 286 2216 344 TITUM
2257 287 2484 345 LIBER.
2530 288 2684 346 εΑρ.
2724 293 2764 348 1.
3239 289 3308 347 57

183 408 312 464 panes
329 408 430 464 quos
448 395 564 464 prius
586 404 906 466 negaverat,
935 399 1326 453 concessisset.
1361 407 1386 435 ι
1416 398 1645 453 Tantum
1674 397 1731 460 Α
1754 414 1846 454 sus
1876 415 1970 454 eos
2001 402 2150 469 facit,
2177 403 2268 472 qui
2300 403 2514 458 inertia:
2541 418 2622 469 se,
2658 413 2710 458 et
2743 404 2879 470 Otia,
2909 412 2961 458 et
2989 417 3182 460 somno
3208 403 3348 460 dan-

180 489 351 544 interest
377 489 484 542 inter
506 488 888 558 propositionis
917 503 1086 560 panes
1121 499 1173 545 et
1199 486 1398 558 carpus
1420 489 1645 558 Christi,

176 587 372 650 quantum
396 578 510 633 inter
539 578 781 634 umbram
813 588 870 633 et
897 594 1149 650 corpora,
1188 581 1334 634 inter
1358 580 1648 650 imaginem

171 680 213 727 et
234 673 472 737 veritatem,
504 670 636 724 inter
659 671 990 740 exemplaria
1019 671 1325 726 futurorum
1355 681 1411 727 et
1446 687 1508 726 ea
1531 672 1645 740 ipsa

165 782 258 836 qua:
281 780 356 834 per
378 764 664 836 exemplaria
696 765 1204 836 prmﬁgurabautur.
1232 765 1518 834 Quomodo
1547 767 1646 821 ita-

163 871 243 925 que
272 853 588 922 mansuetudo,
641 856 928 925 patientia,
979 856 1270 924 sobrietas,
1321 857 1639 922 moderatio,

163 947 419 1002 abstinentia
447 949 580 1012 lucri,
609 948 954 1020 hospitalitas
991 965 1208 1021 quoque
1237 960 1290 1005 et
1313 951 1638 1022 benignitas,

163 1043 372 1111 irrecipue
398 1055 499 1098 esse
528 1042 724 1098 debent
753 1043 809 1097 in
841 1043 1121 1114 episcopo,
1152 1054 1207 1100 et
1252 1044 1391 1098 inter
1419 1057 1643 1100 cunctos

163 1138 282 1193 aicos
305 1137 554 1193 eminentia
582 1153 595 1190 :
624 1135 707 1192 sic
735 1145 793 1192 et
829 1138 1053 1194 castitas
1112 1138 1331 1208 propria
1361 1146 1418 1193 et
1441 1139 1523 1209 (ut
1567 1139 1641 1192 ita

167 1228 352 1299 ixerim)
389 1227 614 1297 pudicitia
665 1229 1054 1294 sacerdotalis,
1098 1238 1158 1284 ut
1199 1245 1304 1285 non
1347 1230 1524 1284 solum
1574 1229 1642 1284 ab

164 1335 272 1390 pere
293 1335 344 1375 se
363 1320 605 1374 immundo
632 1321 921 1388 abstineat,
955 1321 1052 1377 sed
1083 1323 1246 1377 etiam
1277 1339 1307 1376 a
1327 1322 1480 1390 jactu
1509 1338 1639 1376 ocu-

205 1423 251 1466 et
280 1410 580 1482 cogitationis
609 1426 820 1477 errore,
860 1427 1014 1468 mens
1041 1411 1247 1468 Christi
1285 1428 1482 1483 corpus
1509 1430 1640 1470 con-

169 1514 298 1558 ctura
325 1503 384 1558 sit
409 1504 578 1559 libera.
609 1503 796 1559 Justus
837 1520 1058 1575 quoque
1095 1514 1152 1561 et
1176 1514 1398 1561 sanctus
1424 1508 1638 1576 episco-

164 1614 205 1652 IS
229 1597 370 1669 703
391 1611 496 1653 esse
522 1597 705 1662 debet,
729 1609 786 1653 ut
810 1599 1081 1669 justitiam
1115 1601 1167 1654 in
1198 1599 1412 1670 populis
1442 1601 1638 1672 quibus

164 1701 311 1754 aeest,
339 1700 584 1757 exerceat,
614 1692 852 1748 reddens
875 1693 1167 1765 unicuique
1189 1695 1331 1765 quod
1356 1704 1633 1750 meretur:

1753 501 1856 556 tes,
1893 503 2082 561 putant
2118 503 2398 563 peccatum
2447 510 2592 559 esse,
2632 495 2679 550 si
2722 497 3020 566 scripturas
3068 497 3346 566 legerint:

1751 593 1807 638 et
1830 601 1925 640 eos
1955 588 2046 656 qui
2073 587 2125 641 in
2158 587 2303 658 Lege
2333 587 2550 644 Domini
2585 589 2920 644 meditantur
2947 591 3035 645 die
3062 605 3127 646 ac
3157 599 3342 660 nocte,

1749 680 1900 744 quasi
1925 680 2174 748 garrulos
2197 681 2531 750 inutilcsque
2554 689 2945 737 contemnunt:
2966 695 3074 736 non
3096 680 3344 737 animad-

1748 781 2028 826 vertentes
2050 773 2374 840 Apostolum
2405 783 2532 842 post
2561 773 2870 844 catalogum
2901 774 3345 830 conversationis

1745 865 2012 932 episeOpi,
2048 863 2213 918 etiam
2243 865 2548 920 doctrinam
2594 867 2854 921 similiter
2880 869 3234 938 praecepisse.

1817 955 2000 1028 (Vers.
2039 957 2127 1022 10,
2163 957 2275 1028 Η.)
2313 957 2446 1012 Sunt
2469 960 2602 1012 enim
2627 959 2776 1014 multi
2799 970 2845 1014 et
2869 977 2974 1015 non
3003 961 3224 1028 subditi,
3250 976 3343 1016 tta-

1745 1049 1965 1118 niloqui,
2009 1058 2058 1102 et
2090 1051 2339 1103 mentium
2383 1053 2678 1122 deceptares
2708 1069 2728 1107 .'
2754 1055 2977 1107 maxime
3020 1055 3110 1123 qui
3137 1055 3202 1110 de
3238 1056 3342 1110 cir-

1745 1142 2057 1196 cumcisione
2075 1151 2215 1208 sunt,
2248 1143 2432 1210 quibus
2472 1155 2672 1215 oportet
2713 1147 2980 1202 silentium
3009 1147 3173 1202 indici
3201 1165 3219 1202 :
3251 1149 3341 1216 qui

1746 1234 2014 1288 universas
2036 1234 2334 1289 subvertant
2361 1236 2565 1304 domos,
2589 1238 2830 1291 docentes
2857 1255 2970 1308 qua:
2989 1257 3092 1294 non
3118 1250 3339 1312 Oportet,

1745 1328 1914 1395 turpia
1939 1327 2073 1380 lucri
2095 1329 2286 1396 gratia.
2316 1327 2418 1394 Qui
2443 1327 2704 1384 Ecclesia:
2737 1328 2954 1384 futurus
2979 1339 3065 1386 est
3086 1333 3340 1404 princeps

1743 1415 1950 1472 habeat
1991 1418 2364 1488 eloquentiam
2400 1435 2523 1474 cum
2557 1422 2682 1476 vitae
2711 1422 3023 1493 integritate
3047 1426 3333 1494 sociatam,

1743 1527 1810 1566 ne
1836 1527 2002 1581 opera
2034 1512 2242 1583 absque
2268 1527 2527 1568 sermone
2559 1515 2670 1568 sint
2699 1515 2882 1582 tacita,
2913 1526 2966 1570 et
2997 1516 3138 1570 dicta
3182 1517 3339 1575 factis

1739 1606 2122 1662 deﬁcientibus
2166 1607 2498 1663 erubescant
2545 1627 2560 1663 :
2605 1608 2844 1664 maxime
2888 1624 3011 1664 cum
3061 1610 3172 1664 sint
3227 1624 3336 1666 non

1745 1703 1928 1771 pauci,
1975 1703 2074 1757 sed
2128 1703 2314 1770 plures
2345 1721 2358 1756 :
2390 1719 2494 1758 nec
2535 1704 2768 1772 subditi,
2802 1707 2897 1761 sed
2929 1707 3194 1774 protervi,
3240 1706 3336 1778 qui

167 1797 194 1836 c
218 1781 421 1850 accipiat
451 1797 730 1852 personam
768 1785 822 1838 iu
846 1784 1076 1855 judicio.
1112 1785 1261 1841 Inter
1286 1785 1409 1842 laici
1453 1798 1632 1841 autem
1665 1777 1714 1838 Β
1743 1808 1852 1847 non
1878 1804 2074 1849 curent
2104 1793 2239 1848 illud
2274 1794 2582 1849 Psalmistze
2620 1795 2806 1851 dicere
2838 1814 2852 1850 :
2886 1796 3079 1851 Nonne
3105 1777 3337 1868 subjecta

166 1877 384 1945 episcopi
407 1875 660 1946 justitiam
686 1876 789 1932 hoc
811 1878 1062 1946 interest,
1089 1880 1232 1950 quod
1265 1881 1433 1936 laicus
1456 1891 1636 1951 potest

163 1985 332 2038 parere
348 1971 510 2038 justus
529 1972 580 2025 iu
602 1973 814 2042 paucis,
838 1973 1127 2042 episcOpus
1147 1989 1282 2029 vero
1301 1976 1353 2029 in
1380 1982 1457 2029 tot
1478 1990 1634 2030 exer-

163 2079 202 2117 ἐ
222 2063 468 2130 justitiam
499 2062 524 2102 δ
553 2073 753 2134 potest,
777 2075 912 2136 quot
932 2075 989 2120 et
1005 2065 1252 2122 subditos
1282 2066 1468 2123 habet.
1498 2068 1634 2124 San-

168 2175 192 2214 s
220 2168 387 2215 autem
407 2161 538 2230 quod
567 2160 757 2218 Graece
778 2159 921 2226 ὅσιος
946 2163 1170 2231 dicitur,
1197 2165 1372 2235 magis
1390 2165 1442 2221 id
1467 2167 1633 2237 signi-

163 2262 211 2316 ιι,
263 2267 377 2306 cum
415 2252 524 2324 ipsa
569 2253 832 2312 sanctitas
861 2265 946 2310 est
989 2257 1155 2311 mixta
1203 2258 1418 2326 pietati,
1463 2267 1518 2313 et
1563 2258 1630 2313 ad

164 2360 234 2397 nn
277 2344 515 2400 refertur.
565 2345 740 2413 Quem
790 2348 934 2402 enim
987 2363 1087 2404 nos
1132 2361 1400 2417 sanctum,
1455 2351 1630 2408 (ἐι-ξιιςί

163 2459 200 2491 w
229 2446 415 2492 vocant
449 2455 462 2491 :
499 2453 657 2508 quem
708 2447 891 2495 autem
938 2441 1014 2495 illi
1048 2439 1207 2509 ὅσιον,
1250 2458 1348 2497 nos
1393 2444 1535 2513 pium
1577 2446 1628 2499 in

163 2547 228 2584 tm
257 2545 534 2598 possumus
564 2532 869 2602 appellare.
904 2533 986 2588 Sit
1015 2551 1233 2605 quoque
1263 2537 1552 2604 episcopus
1575 2547 1626 2591 et

164 2622 368 2676 tinens:
401 2637 505 2676 non
532 2631 740 2678 tantum
763 2624 848 2696 (ut
880 2625 1096 2694 quidam
1127 2625 1384 2696 putant)a
1407 2627 1629 2682 libidine

167 2713 197 2767 b
230 2715 410 2768 uxoris
444 2716 715 2785 amplexu,
762 2716 858 2770 sed
890 2717 960 2770 ab
1004 2717 1259 2771 omnibus
1305 2719 1474 2773 animi
1501 2733 1627 2788 per-

163 2807 438 2862 tatiOnihus
465 2825 478 2861 :
503 2824 569 2862 ue
583 2808 651 2863 ad
676 2809 1014 2864 iracundiam
1036 2812 1372 2866 concitetur:
1389 2827 1456 2866 ne
1477 2812 1626 2865 illum

167 2903 255 2956 itia
289 2901 506 2971 dejiciat
536 2921 550 2956 :
589 2918 658 2959 ne
704 2912 882 2959 terror
906 2906 1164 2976 exagitet,
1202 2922 1269 2960 ne
1304 2906 1494 2960 laetitia
1529 2907 1626 2959 im-

165 3005 315 3050 erata
348 2995 623 3050 sustollat.
658 2996 1010 3052 Abstinentia
1049 3006 1229 3052 autem
1263 3000 1315 3052 in
1360 2997 1624 3056 fructibus

167 3098 254 3142 tus
303 3089 374 3144 ab
422 3089 688 3158 Apostolo
721 3100 1006 3145 numerata
1039 3099 1146 3146 est.
1176 3090 1244 3145 Et
1291 3091 1338 3145 si
1386 3091 1623 3161 exigitur

1745 1899 1823 1942 est
1856 1888 1966 1942 Deo
2009 1889 2186 1942 anima
2229 1907 2343 1943 mea
2375 1889 2497 1960 (Ps.
2546 1906 2656 1958 LXI,
2712 1892 2807 1962 i)?
2838 1892 2943 1947 Sed
2975 1892 3175 1948 bonam
3221 1890 3333 1966 [ΑΙ.

1737 1979 2028 2052 bonarum]
2068 1982 2330 2036 mentium
2362 1991 2690 2050 sementem,
2720 1998 2842 2052 quae
2874 1983 3206 2039 naturaliter
3235 1983 3333 2039 ha-

1735 2073 1828 2128 bet
1857 2075 2107 2129 notitiam
2140 2074 2256 2140 Dei,
2293 2075 2438 2130 inani
2468 2076 2824 2145 persuasione
2852 2085 3191 2146 pervertant.
3219 2077 3334 2136 Hoc

1733 2165 1934 2235 quippe
1964 2166 2096 2220 mihi
2130 2166 2330 2221 Paulus
2357 2167 2579 2223 videtur
2603 2168 2867 2234 sensisse,
2899 2183 3024 2223 cum
3053 2167 3184 2224 dicit
3206 2190 3330 2245 φρε-

1733 2261 1954 2316 ναπάται
1985 2277 1997 2312 :
2037 2274 2142 2312 nou
2172 2269 2233 2312 ut
2261 2259 2598 2328 simpliciter
2623 2259 2852 2314 Latinus
2875 2259 3150 2330 interpres
3180 2269 3332 2316 trau-

1731 2353 1903 2418 stulit,
1932 2351 2252 2422 deceptorer,
2277 2353 2374 2406 sed
2398 2354 2646 2406 mentium
2673 2352 2990 2420 deceptores.
3020 2354 3085 2406 Et
3107 2351 3326 2422 quidem

1730 2447 1851 2500 sine
1869 2445 2275 2512 Scripturarum
2307 2447 2636 2500 auctoritate
2653 2445 2950 2514 garrulitas
2976 2459 3081 2501 non
3106 2445 3333 2503 haberet

1733 2536 1920 2601 ﬁdem,
1962 2539 2066 2592 nisi
2101 2537 2418 2592 viderentur
2461 2552 2774 2606 perversam
2819 2536 3129 2592 doctrinam
3162 2537 3328 2593 etiam

1731 2631 1932 2685 divinis
1964 2631 2298 2686 testimoniis
2348 2630 2636 2686 roborare.
2673 2631 2734 2684 lli
2775 2638 2906 2684 sunt
2944 2629 3012 2686 de
3041 2630 3337 2686 circumci-

1729 2722 1886 2777 sione
1916 2722 2113 2789 Judaei,
2147 2723 2242 2792 qui
2277 2732 2404 2776 tunc
2447 2722 2716 2792 temporis
2761 2732 3082 2777 nascentem
3126 2721 3334 2779 Christi

1729 2816 2036 2872 Ecclesiam
2091 2817 2420 2870 subvertere
2475 2815 2794 2870 nitebantur
2821 2857 2835 2881 ,
2881 2825 2935 2870 et
2979 2815 3330 2873 introducere

1728 2917 1998 2979 prmcepta
2033 2906 2226 2977 legalia
2267 2925 2280 2961 :
2323 2907 2391 2962 de
2423 2907 2622 2977 quibus
2652 2918 2707 2962 et
2737 2906 2806 2960 ad
2845 2907 3147 2973 Romanos,
3174 2917 3231 2964 et
3261 2907 3332 2962 ad

1726 2999 1948 3056 Galatas
1973 2999 2188 3068 plenius
2216 2999 2419 3054 Paulus
2447 3000 2787 3069 exsequitur.
2822 2999 2888 3054 Et
2914 3014 3012 3054 nos
3039 3009 3166 3054 ante
3191 3015 3330 3070 pau-

1726 3107 1821 3148 cos
1861 3108 2101 3156 menses,
2143 3093 2242 3146 tria
2273 3093 2553 3144 volumina
2587 3092 2644 3146 in
2676 3091 2938 3159 EpiStolte
2986 3091 3054 3146 ad
3103 3092 3327 3148 Galatas

163 3181 402 3249 mnibus,
432 3191 642 3253 quanto
675 3184 851 3254 magis
877 3183 946 3238 ab
975 3186 1255 3253 episcopo,
1289 3184 1381 3254 qui
1412 3185 1621 3255 patiens
1648 3149 1696 3212 δ
1729 3185 2122 3254 explanatione
2147 3183 2498 3237 dit-lavimus.
2526 3182 2686 3238 Tales
2710 3182 2962 3238 homines
2993 3182 3198 3238 Doctor
3227 3183 3332 3238 Ec-

168 3286 439 3330 ansuetus
470 3275 638 3331 debet
666 3276 794 3331 vitia
831 3278 972 3332 ferre
1017 3278 1356 3346 peccantium
1390 3294 1404 3332 :
1433 3291 1625 3331 conso-

164 3367 545 3422 msillauimes
570 3384 584 3420 :
608 3375 913 3423 sustentare
941 3369 1187 3423 inﬁrmos
1219 3387 1232 3422 :
1261 3369 1394 3422 nulli
1424 3369 1622 3423 malum

164 3461 301 3514 nalo
333 3460 614 3527 reddere;
649 3460 746 3516 sed
777 3462 1000 3516 vincere
1032 3463 1086 3515 in
1117 3459 1260 3515 bono
1287 3461 1511 3516 malum.
1545 3460 1622 3516 Ad

168 3571 325 3610 mum
351 3554 611 3610 obtineat
627 3571 752 3610 eum
773 3556 864 3625 qui
890 3555 1188 3611 secundum
1211 3555 1514 3609 doctrinam
1540 3565 1625 3610 est

170 3661 222 3698 m
251 3660 608 3711 sermonem,
635 3655 690 3700 ut
711 3647 987 3715 quomodo
1002 3662 1183 3702 sermo
1196 3647 1291 3703 Dei
1318 3647 1494 3703 fidelis
1513 3656 1616 3716 est,

165 3737 222 3790 ni
249 3735 596 3806 acceptione
623 3736 818 3807 dignus
851 3753 866 3802 ;
901 3740 979 3791 sic
1009 3749 1063 3793 et
1089 3740 1179 3794 ille
1209 3739 1374 3794 talem
1399 3755 1458 3794 se
1483 3756 1621 3810 prte-

169 3839 232 3883 ut
267 3844 448 3885 omne
477 3830 627 3900 quod
660 3831 920 3897 loquitur,
952 3830 1056 3886 ﬁde
1082 3831 1302 3902 dignum
1333 3833 1614 3888 existime-

163 3935 178 3977 t
236 3925 418 3980 verba
476 3925 658 3994 ipsius
702 3927 815 3980 sint
862 3927 1049 3997 regula
1097 3928 1361 3982 veritatis.
1415 3929 1616 3984 Potens

170 4032 204 4069 e
237 4016 318 4070 sit
350 4031 459 4071 eos
488 4017 583 4087 qui
609 4017 797 4073 saeculi
822 4017 984 4073 istius
1009 4018 1316 4075 turbinibus
1343 4022 1618 4090 exagitan-

164 4107 456 4175 Jnsolari,
487 4119 544 4163 et
568 4123 669 4177 per
691 4122 877 4163 sanant
901 4109 1207 4165 doctrinam
1242 4111 1454 4166 inﬁrma
1482 4128 1618 4180 prm-

163 4201 518 4256 destruere.
579 4200 722 4256 Sana
770 4211 955 4257 autem
1001 4202 1255 4258 doctrina
1290 4203 1512 4268 dicitur,
1548 4203 1614 4258 ad

163 4292 419 4347 :tionem
449 4293 732 4363 languidae
766 4293 1110 4364 inﬁrmaeque
1151 4295 1435 4352 doctrina).
1469 4295 1617 4350 Talis

163 4399 185 4438 Ξ
220 4384 327 4450 sit,
369 4394 433 4439 ut
466 4386 919 4441 contradicentes
947 4397 1139 4456 arguat
1170 4385 1466 4441 haereticos
1495 4388 1613 4442 sive

163 4492 206 4544 ς,
264 4488 330 4532 et
381 4478 597 4532 saeculi
648 4478 806 4533 istius
852 4480 1151 4547 sapientes.
1201 4478 1271 4533 Et
1319 4479 1607 4548 superiora

163 4586 175 4621 ι
211 4585 360 4639 qua
400 4570 460 4624 in
499 4570 753 4641 episcopi
780 4571 1081 4625 virtutibus
1119 4572 1322 4640 posuit,
1351 4571 1417 4624 ad
1446 4571 1610 4624 vitam

164 4672 264 4717 int.
305 4663 444 4717 Hoc
476 4677 619 4718 vero
640 4664 784 4733 quod
811 4665 888 4718 ait
913 4683 923 4716 :
956 4662 1024 4718 Ut
1045 4673 1226 4735 potens
1252 4665 1320 4716 sit
1345 4663 1609 4716 consolari

164 4756 289 4809 'ina
322 4771 483 4809 sana
511 4771 533 4808 :
561 4764 615 4810 et
654 4756 1067 4810 contradicentes
1099 4771 1335 4824 arguere,
1370 4756 1614 4808 referen-

164 4855 196 4899 t
245 4845 330 4900 ad
385 4846 726 4903 scientiam.
759 4847 898 4914 Quia
937 4847 983 4901 si
1013 4846 1257 4916 episcopi
1287 4854 1496 4899 tantum
1540 4847 1612 4899 sit

177 4939 308 4993 vita
329 4980 351 5004 ,
411 4939 542 4995 sibi
577 4949 758 5009 potest
789 4941 1054 5011 prodesse
1083 4941 1160 4994 sic
1191 4941 1404 4996 vivens.
1439 4941 1609 4995 Porro

164 5031 286 5084 'ina
343 5036 417 5085 et
464 5044 741 5087 sermone
770 5031 939 5086 fuerit
967 5032 1240 5098 eruditus,
1290 5041 1516 5102 potestc
1549 5048 1610 5087 se

169 5137 310 5192 que
374 5123 692 5180 instruere
725 5142 740 5181 :
771 5134 826 5180 et
854 5141 963 5180 non
994 5125 1174 5180 solum
1218 5126 1522 5192 instruere,
1557 5136 1611 5181 et

163 5227 324 5266 suos
372 5231 388 5267 :
442 5212 568 5268 sed
599 5224 654 5269 et
699 5214 1056 5271 adversarios
1087 5228 1444 5286 repercutere
1481 5217 1612 5284 :qui

164 5304 345 5358 'utati
413 5305 650 5361 fuerint
689 5316 855 5376 atque
883 5309 1146 5371 convicti,
1199 5308 1360 5364 facile
1405 5318 1610 5379 queunt

163 5411 274 5450 um
311 5397 534 5453 corda
561 5396 727 5470 704Ι
753 5410 1090 5468 pervertere.
1121 5400 1219 5457 llic
1242 5403 1391 5457 locus
1413 5403 1611 5461 adver-

163 5570 374 5644 tasse.
403 5561 642 5644 rectius
658 5561 728 5644 in
748 5563 1043 5644 vetustiori
1057 5562 1424 5644 Cistercieusi
1455 5564 1606 5619 codi-

163 5641 307 5706 tum
347 5635 786 5706 intereatuinter
815 5637 1186 5706 prepositionis
1217 5653 1372 5704 panes
1404 5646 1450 5690 et
1483 5653 1601 5690 car-

167 5705 262 5757 sti
282 5705 318 5758 ?
352 5719 514 5773 quae
548 5704 844 5772 cii/Terentia
881 5707 1014 5762 inter
1045 5707 1300 5778 umbram,
1335 5718 1472 5775 etc.,
1500 5708 1602 5764 sub

163 5774 324 5831 indi
363 5783 563 5832 nota.

1728 3278 1930 3345 elesiae,
1965 3278 2050 3331 cui
2082 3277 2277 3330 anima:
2301 3276 2626 3345 populorum
2647 3276 2873 3330 creditae
2897 3285 3045 3343 sunt,
3078 3274 3329 3346 Scriptu-

1727 3385 1912 3428 rarum
1944 3368 2105 3423 debet
2140 3368 2351 3422 ratione
2379 3382 2665 3435 superare,
2691 3377 2744 3420 et
2765 3366 3044 3421 silentium
3077 3368 3184 3421 illis
3214 3375 3327 3422 tes-

1727 3461 2018 3516 timonium
2057 3459 2298 3528 pondere
2346 3457 2630 3526 imponere
2673 3475 2687 3511 :
2731 3458 2822 3528 qui
2871 3471 2979 3512 non
3014 3472 3199 3522 unam,
3230 3468 3327 3514 aut

1726 3569 1927 3624 paucas
1952 3555 2166 3619 domos,
2197 3552 2293 3607 sed
2339 3553 2623 3605 universas
2650 3566 2770 3606 cum
2816 3551 3053 3606 dominis
3081 3550 3331 3606 familiis-

1720 3662 1828 3717 que
1874 3646 2229 3709 subvertunt,
2263 3645 2531 3698 docentes
2560 3643 2630 3697 de
2679 3645 2932 3698 ciborum
2975 3643 3328 3711 differentiis,

1721 3738 1789 3793 de
1839 3737 2048 3792 sabbati
2087 3738 2196 3804 jam
2230 3737 2364 3790 olim
2417 3735 2744 3801 abolitione,
2779 3737 2848 3791 de
2889 3735 3328 3792 circumcisionis

1720 3831 1918 3900 injuria
1946 3847 1960 3884 :
1984 3841 2148 3898 atque
2175 3831 2381 3884 utinam
2412 3828 2516 3883 hoc
2549 3831 2723 3899 ipsum
2755 3829 2878 3884 zelo
2907 3829 3033 3885 ﬁdei
3055 3829 3324 3901 facerent,

1719 3938 1784 3977 ex
1815 3931 1968 3990 parte
2013 3923 2190 3990 aliqua
2223 3931 2412 3990 posset
2458 3922 2698 3989 ignosci,
2744 3920 2966 3976 dicente
3007 3921 3274 3990 Apostolo
3309 3939 3323 3978 :

1720 4013 2002 4078 Conﬁteor,
2035 4015 2205 4067 zelum
2223 4013 2317 4066 Dei
2347 4012 2555 4078 habent,
2588 4012 2678 4066 sed
2701 4028 2804 4066 non
2833 4011 3124 4066 secundum
3148 4013 3321 4067 scien-

1718 4107 1838 4160 tiam
1870 4106 2048 4168 (Ram.
2085 4123 2136 4167 ιι,
2164 4107 2246 4172 ‘2).
2281 4105 2482 4159 Verum
2511 4108 2640 4173 quia
2673 4105 2819 4158 Deus
2842 4114 2928 4158 est
2962 4114 3155 4159 venter
3181 4105 3325 4175 ipso-

1716 4213 1858 4258 rum,
1880 4196 2390 4265 turpislucrigratia
2413 4195 2596 4248 volunt
2618 4197 2865 4264 proprios
2879 4195 3057 4250 facere
3070 4196 3318 4265 discipu-

1715 4287 1986 4357 103,705
2005 4299 2060 4340 ut
2083 4288 2232 4357 quasi
2255 4287 2499 4357 magistri
2520 4305 2546 4338 ει
2569 4288 2934 4342 sectatoribus
2952 4289 3067 4342 suis
3082 4288 3320 4344 alantur.

1715 4380 2011 4435 Possumus
2042 4389 2223 4434 autem
2254 4390 2308 4435 et
2338 4382 2496 4434 aliter
2542 4382 2893 4451 interpretari
2924 4382 3027 4438 hoc
3065 4381 3214 4453 quod
3239 4380 3320 4437 di-

1714 4481 1861 4526 ctum
1911 4483 2024 4539 est,
2077 4475 2244 4542 turpis
2286 4475 2419 4527 lucri
2476 4476 2647 4545 gratia
2693 4491 2711 4528 :
2755 4484 2812 4528 ut
2863 4483 3118 4546 putemus
3173 4474 3325 4544 Apo-

1715 4567 1912 4622 stolum
1960 4568 2235 4620 communi
2269 4567 2432 4621 verbo
2465 4583 2656 4633 usum,
2683 4585 2794 4638 quo
2835 4583 3028 4624 omnes
3074 4569 3322 4625 haeretici

1711 4675 1838 4714 cum
1868 4675 2118 4728 perversa
2151 4659 2373 4725 docent,
2421 4675 2480 4714 se
2525 4661 2808 4715 hominum
2837 4662 3019 4717 solent
3065 4677 3319 4720 asserere

1711 4754 2013 4810 lucratores
2048 4771 2060 4806 :
2093 4769 2216 4807 cum
2264 4770 2369 4806 non
2417 4754 2630 4807 lucrum
2669 4755 2762 4819 sit,
2797 4755 2894 4808 sed
2919 4754 3177 4824 perditio,
3202 4757 3321 4810 ani-

1713 4863 1828 4902 mas
1871 4845 2176 4900 interﬁcere
2219 4845 2602 4914 deceptorum.
2640 4843 2868 4910 Contra,
2913 4847 3002 4915 qui
3043 4861 3318 4903 errantem

1711 4938 1934 4991 fratrem
1969 4952 2123 4989 suum
2150 4936 2303 5003 juxta
2335 4935 2690 4999 Evangelium
2723 4937 3075 5004 corripuerit,
3121 4936 3169 4990 si
3203 4935 3320 4993 fue-

1712 5031 1782 5086 rit
1817 5030 1906 5082 ille
1929 5042 2246 5092 conversus,
2282 5027 2523 5080 lucratus
2550 5037 2637 5081 est
2657 5043 2804 5080 eum.
2831 5026 2986 5094 Quod
3017 5027 3160 5081 enim
3195 5043 3308 5081 ma-

1710 5123 1797 5194 jus
1836 5124 2042 5176 lucrum
2092 5131 2265 5190 potest
2318 5134 2464 5183 esse,
2499 5128 2590 5172 aut
2631 5119 2758 5190 quid
2801 5119 3118 5189 pretiosius,
3153 5136 3314 5191 quam

1713 5217 1759 5272 si
1782 5216 2082 5269 humanam
2137 5214 2373 5266 animam
2425 5212 2541 5282 quis
2592 5213 2872 5267 lucretur?
2913 5211 3104 5268 Omnis
3152 5213 3315 5282 igitur

1712 5310 1905 5365 doctor
1937 5307 2218 5370 Eeclesim,
2252 5308 2342 5376 qni
2377 5307 2440 5358 ad
2473 5306 2633 5359 ﬁdem
2666 5304 2870 5360 Christi
2921 5315 3065 5361 recta
3097 5308 3313 5364 ratione

1710 5401 2029 5475 persuadet,
2056 5399 2324 5454 honesms
2371 5398 2612 5452 lucrator
2644 5408 2750 5453 est.
2783 5399 2848 5452 Et
2879 5399 3062 5453 omnis
3093 5399 3316 5454 haereti-

1786 5562 1815 5601 δ
1855 5561 1973 5616 Duo
2021 5575 2155 5614 mss.
2200 5558 2391 5625 debet,
2443 5573 2579 5628 pro,
2632 5567 2798 5631 potest
2825 5575 2844 5614 :
2877 5559 3135 5630 idemque
3184 5573 3314 5616 mox

1709 5634 1887 5710 aptos,
1907 5649 2009 5710 pro
2031 5631 2191 5692 ὅσιος.

1784 5719 1806 5745 π
1849 5705 2018 5760 Iidem
2045 5718 2174 5759 mss.
2204 5710 2370 5771 potest
2401 5711 2610 5758 crateras
2635 5719 2839 5775 quoque
2859 5705 3132 5762 instruere.
