4032 6300
602 229 711 288 575

1856 231 1916 288 S.
1959 228 2232 289 EL‘SEBII
2268 227 2644 290 HIERONYMI

3800 243 3898 302 576

604 350 852 419 pudicos,
885 365 1050 406 sanos
1076 351 1130 407 in
1156 349 1288 416 ﬁde,
1319 357 1377 406 et
1403 349 1691 414 charitate,
1723 358 1779 404 et
1808 348 2100 416 patientia:
2130 347 2197 402 ad
2225 347 2280 406 Δ
2304 351 2533 418 mundis,
2589 349 2677 405 his
2720 351 2980 410 videlicet
3031 355 3120 422 qui
3179 355 3232 411 in
3281 355 3502 412 Christo
3542 357 3803 427 credunt,
3847 370 3899 418 et

601 457 765 511 quam
812 442 935 499 ﬁdei
966 441 1400 511 similitudinem,
1432 441 1700 496 doctrinae
1743 457 1960 512 quoque
1997 443 2202 498 sanitas

605 537 926 606 appellatur.
953 535 1090 601 Erit,
1121 537 1198 590 ait
1227 534 1338 608 [AL
1372 534 1557 607 enim],
1601 544 1799 607 tempus
1823 536 2032 607 quando
2061 552 2204 590 same

609 627 860 681 doctrina:
889 642 992 680 non
1015 626 1358 696 acquiescant.
1383 626 1521 680 Sunt
1549 635 1606 682 et
1623 640 1904 681 sermones
1928 627 2202 693 sanitatis,

609 717 677 774 de
697 716 894 788 quibus
911 717 978 772 ad
1007 717 1356 773 Timotheum
1381 717 1433 772 in
1457 719 1630 789 prima
1653 717 1897 786 Epistula
1918 718 2159 789 loquitur
2185 735 2198 774 :

611 811 675 868 Si
701 813 817 883 quis
843 811 996 866 aliter
1017 811 1186 880 docet,
1219 821 1269 868 et
1296 828 1400 866 non
1420 812 1696 884 acquiescit
1723 812 1864 866 sanis
1889 811 2204 865 sermonibus

606 903 822 959 Domini
850 908 1014 960 nostri
1042 904 1170 960 Iesu
1193 904 1410 970 Christi,
1441 914 1491 961 et
1519 921 1637 976 qua:
1661 907 1946 959 secundum
1967 906 2205 975 pietatem

605 1007 681 1053 est
711 996 963 1051 doctrina:
1003 997 1049 1066 (Ι
1094 996 1235 1051 Tim.
1269 1012 1346 1063 vt,
1377 997 1458 1064 5).
1494 995 1562 1050 Et
1604 998 1656 1050 in
1689 996 1926 1052 secunda
1967 1014 1980 1050 :
2015 995 2207 1051 Exem-

605 1089 754 1164 plum
802 1089 995 1144 habens
1041 1106 1290 1144 sanorum
1336 1090 1606 1143 verborum
1656 1105 1770 1155 qua:
1805 1105 1838 1142 a
1882 1105 1963 1142 me
2015 1089 2208 1143 audisti

610 1179 678 1252 (ll
711 1179 848 1235 Tim.
898 1196 937 1247 ι,
970 1180 1082 1251 i3).
1132 1179 1235 1247 Qui
1284 1179 1424 1236 hanc
1455 1179 1658 1236 habent
1689 1179 1811 1235 ﬁdei
1839 1189 1895 1234 et
1942 1179 2206 1235 doctrinte

605 1272 895 1327 sanitatem
927 1281 1093 1339 atque
1114 1271 1440 1336 verborum,
1470 1287 1576 1326 non
1603 1281 1626 1307 ι
1657 1269 1944 1326 attendent
1966 1270 2206 1326 Judaicis

607 1364 808 1424 fabulis
840 1374 894 1418 et
926 1364 1198 1419 mandatis
1257 1364 1536 1418 hominum
1568 1364 1934 1419 aversantium
1967 1379 2027 1418 se
2054 1379 2084 1417 a
2113 1379 2206 1419 ve-

609 1458 793 1513 ritate.
827 1457 1260 1526 Acquiescamus
1303 1458 1580 1528 paulisper
1622 1458 1849 1527 .Iudaais,
1897 1467 1954 1514 et
1982 1473 2203 1525 eorum,

607 1551 700 1621 qui
729 1549 871 1619 apud
903 1565 998 1605 eos
1038 1550 1316 1621 sapientes
1339 1560 1632 1616 vocantur,
1665 1551 1936 1618 patienter
1966 1550 2204 1618 ineptias

610 1641 930 1706 audiamus;
973 1650 1027 1696 et
1060 1651 1189 1697 tunc
1215 1643 1577 1711 intelligemus
1615 1658 1737 1714 qua:
1777 1653 1904 1697 sunt
1932 1643 2042 1716 [Αι.
2072 1641 2203 1715 sint]

2304 444 2483 495 sciunt
2504 456 2720 498 omnem
2747 457 3062 501 creaturam
3096 447 3291 502 bonam
3319 460 3478 504 esse:
3515 456 3571 504 et
3596 449 3740 506 nihil
3769 451 3900 522 abji-

2303 531 2554 587 cicndum
2599 533 2748 604 quod
2795 551 2916 590 cum
2965 536 3260 607 gratiarum
3309 539 3524 596 actione
3579 541 3894 611 percipitur.

2305 621 2665 692 Coinquinatis
2691 635 2862 681 autem
2891 639 2939 682 et
2962 629 3263 698 inﬁdelibus
3287 630 3418 685 nihil
3445 633 3705 686 mundum
3733 649 3753 688 :
3779 636 3897 705 quia

2304 717 2512 788 polluta
2533 726 2618 773 est
2638 733 2826 773 eorum
2854 729 2911 774 et
2937 735 3113 786 mens,
3145 730 3201 777 et
3221 723 3584 780 conscientia:
3609 733 3897 796 prepterea

2306 810 2473 864 etiam
2501 826 2625 880 qua:
2665 811 2865 866 munda
2909 824 3036 867 sunt
3062 828 3163 884 per
3192 822 3465 879 naturam,
3498 815 3579 871 eis
3617 817 3898 874 immunda

2308 903 2464 958 ﬁunt.
2495 904 2610 960 Non
2633 906 2779 976 quod
2803 907 2886 962 vel
2915 907 3176 962 mundum
3201 909 3272 961 sit
3289 907 3524 979 aliquid,
3547 909 3635 965 vel
3668 911 3901 966 immun-

2307 992 2435 1047 dum
2484 1010 2496 1046 :
2545 995 2643 1049 sed
2692 1009 2790 1063 pro
2821 995 3082 1066 qualitate
3119 996 3480 1062 vescentium,
3526 1008 3582 1054 et
3629 1000 3894 1056 mundum

2307 1085 2545 1153 mundis,
2595 1095 2651 1141 et
2701 1087 3034 1144 immundum
3075 1089 3466 1145 contaminatis
3497 1089 3606 1146 ﬁat.
3643 1092 3901 1164 Alioquin

2309 1178 2557 1234 inﬁdeles
2583 1193 2824 1250 quosque
2847 1191 3010 1247 atque
3041 1182 3299 1252 pollutos,
3325 1185 3495 1239 etiam
3539 1186 3700 1254 panis
3747 1186 3904 1244 bene-

2308 1271 2588 1338 dictionis,
2642 1282 2698 1328 et
2737 1275 2878 1328 calix
2929 1274 3240 1329 Dominicus
3288 1291 3395 1330 non
3434 1275 3619 1344 juvat;
3655 1277 3787 1346 quia
3819 1279 3902 1348 qui

2309 1364 2526 1430 indigne
2553 1364 2855 1420 comederit
2882 1365 2948 1420 de
2978 1382 3116 1436 pane
3141 1367 3256 1430 illo,
3283 1377 3339 1422 et
3369 1367 3437 1424 de
3467 1369 3634 1425 calice
3677 1369 3899 1439 biberit,

2302 1457 2565 1525 judicium
2596 1458 2700 1512 sibi
2724 1457 3014 1512 manducat
3046 1468 3102 1513 et
3131 1459 3264 1514 bibit
3287 1459 3332 1531 (l
3359 1458 3480 1514 Cor.
3511 1460 3609 1526 xi).
3643 1460 3904 1517 Adventu

2307 1548 2516 1605 Christi
2545 1559 2768 1621 purgata
2797 1562 2924 1605 sunt
2951 1551 3150 1605 omnia.
3185 1552 3315 1618 Quae
3349 1551 3438 1605 ille
3459 1551 3776 1617 mundavit,
3809 1567 3901 1606 nos

2307 1643 2714 1699 communicare
2759 1659 2869 1699 non
2913 1659 3222 1713 possumus.
3283 1643 3392 1700 Sed
3447 1645 3901 1701 considerandum

609 1732 851 1790 Iudaicae
873 1731 1069 1787 fabulae
1097 1733 1215 1788 sine
1244 1734 1568 1789 auctoritate
1593 1733 1916 1803 Scripturae,
1949 1735 2068 1790 sine
2096 1735 2204 1789 ulla
2233 1724 2283 1785 Β
2311 1751 2380 1791 ne
2411 1737 2510 1789 ista
2555 1743 2875 1801 tractantes,
2917 1737 3262 1792 occasionem
3310 1737 3386 1792 illi
3437 1737 3643 1794 haeresi
3691 1739 3898 1806 demus,

610 1827 919 1884 assertiOne
964 1827 1218 1892 rationis,
1266 1827 1524 1882 animalia
1571 1827 1816 1897 quaedam
1862 1835 1917 1882 et
1961 1826 2204 1882 fabulosa

610 1925 957 1994 fingentium,
1012 1923 1080 1978 de
1111 1923 1308 1992 quibus
1340 1925 1509 1978 Isaias
1540 1924 1905 1994 prophetavit,
1953 1925 2143 1980 dicens
2189 1941 2202 1978 :

609 2016 850 2085 Populus
877 2015 962 2068 hic
980 2017 1132 2070 labiis
1159 2033 1239 2071 me
1259 2015 1503 2078 honorat.
1535 2032 1626 2071 cor
1646 2025 1820 2072 autem
1847 2033 2026 2072 eorum
2057 2018 2209 2088 longe

607 2121 683 2165 est
711 2127 742 2162 a
773 2126 870 2163 me.
901 2108 1030 2165 Sine
1067 2126 1227 2164 causa
1269 2118 1440 2163 autent
1470 2126 1549 2162 me
1577 2111 1785 2164 colunt:
1814 2110 2054 2164 docentes
2084 2110 2209 2163 doc-

609 2202 771 2256 trinas
811 2212 856 2255 et
902 2202 1150 2255 mandata
1189 2200 1457 2256 hominum
1487 2201 1645 2272 (lsai.
1694 2217 1846 2265 xm,
1900 2199 2011 2271 15).
2051 2201 2206 2269 Quod

614 2293 988 2350 testimonium
1015 2293 1269 2350 Salvator
1297 2293 1348 2347 in
1373 2292 1668 2361 Evangelio
1690 2292 2081 2362 comprobans,
2119 2307 2209 2346 ar-

613 2387 730 2457 guit
780 2400 875 2440 eos
921 2385 1052 2456 Legi
1105 2385 1196 2440 Dei
1253 2383 1504 2438 mandata
1539 2383 1820 2439 hominum
1878 2383 2206 2452 praetulisse.

616 2477 761 2531 Deus
783 2477 973 2548 quippe
1001 2477 1074 2530 ait
1099 2493 1115 2531 :
1148 2475 1366 2531 Honora
1397 2486 1594 2545 patrem
1621 2486 1668 2530 et
1693 2485 1943 2530 matrem:
1972 2475 2054 2530 Illi
2079 2491 2209 2530 vero

615 2567 996 2623 tradiderunt:
1031 2568 1165 2636 Quia
1191 2571 1500 2640 quicumque
1527 2568 1714 2622 dixerit
1741 2568 1880 2638 patri
1922 2577 1968 2620 et
2005 2569 2158 2621 matri
2189 2584 2208 2622 .-

610 2675 800 2714 munus
830 2659 1193 2729 quodcumque
1217 2669 1290 2713 est
1322 2675 1387 2714 ex
1407 2676 1505 2727 me,
1533 2660 1618 2712 tibi
1643 2658 1894 2727 proderit,
1917 2667 1966 2712 et
1991 2674 2094 2712 non
2115 2657 2212 2712 ho-

612 2753 905 2822 noriﬁcabit
928 2763 1125 2820 patrem
1151 2768 1301 2806 suum
1323 2761 1370 2806 et
1395 2762 1611 2806 matrem
1629 2750 1844 2822 (Matth.
1864 2766 1954 2816 xv,
1971 2750 2207 2821 55eqq.).

615 2847 671 2899 Si
714 2845 835 2914 quis
871 2853 993 2914 post
1036 2845 1325 2900 adventum
1374 2843 1577 2900 Christi
1627 2843 1954 2909 conciditur,
1998 2852 2052 2898 et
2101 2857 2208 2896 non

611 2940 1060 2999 circumciditur:
1111 2939 1350 2995 Judaicis
1394 2941 1562 2995 servit
1597 2939 1795 2993 fabulis
1855 2947 1910 2992 et
1940 2937 2212 2992 mandatis

617 3033 900 3087 hominum
924 3035 1290 3088 averSantium
1322 3035 1610 3089 veritatem
1643 3031 1752 3104 [ΑΙ.
1787 3030 2059 3102 veritate].
2092 3030 2209 3085 Non

617 3126 760 3181 enim
791 3125 881 3196 qui
920 3126 973 3180 in
1008 3125 1300 3181 manifesto
1341 3126 1563 3182 Judaeus
1614 3137 1717 3189 est,
1753 3126 1846 3180 sed
1887 3126 1976 3194 qui
2019 3129 2071 3178 in
2120 3140 2212 3178 oc-
2242 3108 2290 3172 (ἶ

619 3219 769 3273 culto
801 3236 813 3270 :
845 3227 899 3272 et
927 3219 1270 3274 circumcisio
1300 3219 1484 3273 cordis
1528 3219 1581 3271 in
1611 3219 1831 3286 spiritu,
1865 3231 1973 3271 non
2004 3216 2208 3270 littera.

618 3311 674 3369 Si
705 3312 824 3379 quis
856 3311 1066 3366 Pascha
1098 3313 1230 3381 agit,
1282 3327 1384 3363 non
1429 3311 1480 3364 in
1517 3311 1729 3381 azymis
1776 3307 2116 3362 sinceritatis
2159 3316 2214 3361 et

615 3404 862 3458 veritatis
893 3421 906 3456 :
953 3411 1012 3456 ut
1037 3403 1373 3458 ettterminet
1399 3419 1465 3456 ex
1496 3401 1681 3454 anima
1726 3414 1824 3454 sua
1852 3414 2016 3454 omne
2059 3406 2216 3454 vetus

619 3497 948 3553 fermentum
1001 3496 1227 3550 malitia:
1278 3503 1334 3549 et
1377 3493 1673 3562 nequitiae:
1721 3493 1822 3546 iste
1866 3490 2093 3545 attendit
2131 3489 2214 3545 fa-

621 3587 795 3652 bulas,
822 3598 876 3640 ct
903 3587 1122 3640 umbras
1151 3587 1419 3656 sequitur,
1455 3584 1682 3638 veritate
1713 3582 1976 3652 neglecta.
2012 3582 2068 3636 Si
2091 3581 2213 3652 quis

616 3696 728 3735 non
779 3692 1074 3748 resurgens
1112 3693 1235 3731 cum
1275 3675 1520 3739 Christo,
1552 3690 1652 3730 nec
1691 3689 1944 3743 quaerens
1982 3689 2044 3728 ea
2095 3689 2215 3743 qua:

618 3789 834 3830 Sursum
864 3781 1013 3835 sunt,
1043 3771 1135 3825 sed
1169 3786 1286 3835 quae
1315 3770 1598 3833 deorsum,
1640 3767 1774 3823 dicit
1805 3786 1817 3820 :
1853 3767 1937 3822 Ne
1966 3769 2212 3845 tetigeris,

619 3881 683 3918 ne
703 3863 1008 3934 gustaveris,
1039 3877 1102 3915 ne
1135 3867 1434 3914 tractaveris
1460 3875 1575 3928 quae
1604 3870 1719 3913 sunt
1764 3861 1818 3912 in
1860 3861 2214 3927 corruptione,

622 3957 742 4022 ipso
775 3967 872 4006 usu
903 3952 1203 4006 secundum
1232 3960 1503 4021 praecepta
1530 3959 1584 4004 et
1613 3951 1891 4004 doctrinas
1911 3950 2214 4014 hominum,

629 4047 736 4100 iste
764 4045 1274 4114 sequitnrjustitias
1321 4061 1425 4098 non
1472 4045 1661 4110 bonas,
1704 4053 1759 4096 et
1809 4051 2076 4110 praecepta
2109 4057 2216 4094 non

620 4138 785 4194 bona.
838 4137 939 4193 Ubi
995 4148 1176 4192 autem
1229 4147 1311 4192 est
1366 4135 1588 4202 veritas,
1663 4146 1716 4190 et
1768 4136 1855 4190 lex
1901 4136 2060 4206 711
2107 4136 2220 4203 spi-

618 4231 854 4293 ritualis.
883 4232 971 4285 ubi
999 4231 1420 4301 justiticationes
1466 4231 1642 4294 home,
1691 4238 1747 4285 et
1792 4237 2066 4298 praecepta
2095 4238 2220 4282 sunt

620 4328 824 4395 Optima
853 4345 865 4380 :
899 4342 1019 4396 quze
1054 4326 1149 4393 qui
1180 4324 1396 4390 iecerit,
1426 4326 1572 4378 vivet
1602 4325 1657 4377 in
1685 4323 1784 4377 eis.

691 4419 876 4492 (Vers.
911 4419 1026 4486 15.)
1057 4418 1246 4473 Omnia
1276 4419 1465 4472 munda
1492 4417 1720 4480 mundis,
1751 4416 2097 4487 coinquinatis
2118 4432 2220 4470 ou-

613 4522 715 4569 tem
763 4523 812 4567 et
860 4513 1158 4581 inﬁdelibus
1208 4511 1339 4565 nihil
1384 4512 1635 4565 mundum
1678 4527 1697 4564 :

616 4623 795 4662 eorum
819 4616 868 4658 et
898 4623 1065 4670 mens,
1092 4613 1138 4658 et
1159 4605 1500 4659 conscientia.
1524 4603 1660 4670 Quia
1683 4603 1931 4672 superius
1961 4601 2172 4655 dixerat
2199 4618 2211 4652 :

623 4699 760 4753 Sunt
792 4701 924 4753 enim
965 4700 1116 4752 multi
1153 4707 1199 4752 et
1242 4715 1340 4750 non
1367 4697 1580 4760 subditi,
1616 4695 1905 4761 vaniloqui,
1949 4703 1996 4748 et
2035 4695 2217 4765 decep-

618 4801 776 4857 tores,
811 4794 1035 4846 maxime
1064 4791 1154 4861 qui
1181 4793 1244 4845 de
1289 4791 1678 4844 circumcisione
1723 4799 1860 4853 sunt,
1912 4795 1968 4842 et
2014 4789 2080 4842 de
2131 4787 2214 4841 his

615 4888 708 4957 qui
754 4887 822 4940 ab
851 4889 930 4940 eis
957 4886 1166 4955 decepti
1200 4884 1437 4950 fuerant,
1469 4890 1870 4952 consequenter
1892 4880 2210 4934 addiderat:

616 4978 840 5051 Incrcpa
879 4981 999 5032 illos
1033 4980 1246 5039 acriter,
1299 4987 1353 5030 ut
1393 4977 1505 5030 sani
1535 4976 1636 5028 sint
1667 4975 1720 5027 in
1751 4973 1874 5042 ﬁde,
1909 4988 2010 5025 non
2042 4972 2216 5024 inten-

615 5072 789 5125 dentes
815 5069 1056 5124 Judaicis
1087 5071 1282 5139 fabulis
1333 5078 1380 5122 et
1446 5067 1707 5119 mandatis
1761 5067 2028 5118 hominum
2068 5080 2216 5117 arer-

617 5167 842 5220 santiunt
873 5165 1159 5217 veritatem.
1189 5162 1254 5216 El
1284 5160 1557 5230 quomodo
1586 5159 1651 5212 ad
1682 5157 1904 5212 Galatas
1929 5166 1983 5211 et
2009 5155 2075 5208 ad
2112 5156 2220 5210 R0-

614 5274 812 5314 manos
859 5257 1174 5329 plenissime
1220 5257 1554 5327 disputatur,
1605 5255 1868 5322 putabant
1897 5254 2040 5307 inter
2065 5253 2220 5307 cibos

613 5367 740 5407 esse
776 5351 1118 5416 distantiam,
1152 5365 1279 5405 cum
1311 5348 1480 5418 aliqui
1525 5346 1732 5412 mundi,
1773 5346 1941 5416 aliqui
1975 5345 2224 5401 videren-

611 5451 703 5502 tur
731 5446 1020 5512 immundi,
1053 5454 1347 5518 propterca
1379 5458 1521 5499 nunc
1561 5441 1771 5498 infert:
1803 5439 1995 5496 Omnia
2023 5442 2222 5498 munda

2309 1843 2430 1899 qua:
2458 1829 2610 1897 juxta
2643 1828 3028 1900 Apocalypsim
3059 1826 3213 1902 (Cap.
3254 1827 3339 1897 tt),
3373 1838 3428 1884 et
3464 1829 3644 1898 ipsum
3693 1845 3903 1901 quoque

2309 1920 2618 1988 apostolum
2649 1919 2876 1975 Paulum
2922 1917 3251 1975 scribentem
3283 1921 3349 1974 ad
3377 1919 3727 1985 Corinthios,
3763 1928 3900 1991 putat

2309 2009 2378 2065 de
2409 2010 2723 2079 idolothytis
2751 2026 2873 2066 esse
2901 2011 3232 2068 vescendum
3259 2029 3272 2066 :
3323 2013 3448 2081 quia
3491 2012 3679 2066 omnia
3711 2012 3898 2067 munda

2310 2115 2439 2161 sunt
2466 2105 2681 2161 mundis
2724 2104 2767 2167 (Ι
2797 2103 2919 2160 Car.
2947 2106 3084 2176 vtu).
3113 2105 3268 2160 Nunc
3308 2105 3460 2160 enim
3501 2104 3774 2172 Apostolo
3800 2121 3898 2163 non

2309 2200 2410 2256 fuit
2442 2201 2778 2269 propositum
2805 2199 2876 2255 de
2904 2199 2989 2254 his
3018 2215 3140 2270 quae
3168 2200 3528 2254 immolantur
3559 2199 3899 2256 daemonibus

2309 2292 2594 2362 disputare
2636 2308 2649 2344 :
2701 2291 2794 2346 sed
2845 2292 3110 2347 adversus
3163 2290 3423 2360 Judaros,
3464 2291 3559 2362 qui
3605 2292 3898 2348 secundum

2310 2384 2470 2453 Legis
2495 2383 2710 2439 abolitze
2737 2383 3108 2454 disciplinam,
3131 2383 3377 2452 quaedam
3411 2382 3637 2446 munda,
3661 2384 3897 2454 quaedam

2311 2475 2722 2531 arbitrabantur
2745 2475 3044 2530 immunda.
3072 2475 3193 2529 Non
3217 2475 3372 2541 enim,
3401 2476 3602 2546 inquit,
3636 2493 3900 2546 possumus

2312 2584 2500 2622 menste
2545 2566 2753 2621 Domini
2803 2568 3141 2636 participare,
3191 2576 3236 2621 et
3267 2583 3456 2622 mensae
3482 2568 3897 2624 daemoniorum:

2312 2677 2405 2714 nec
2434 2659 2663 2713 valemus
2693 2661 2850 2714 simul
2897 2660 3065 2714 bibere
3093 2659 3306 2714 calicem
3337 2659 3568 2724 Domini,
3599 2670 3655 2714 et
3703 2661 3902 2716 calicem

2312 2752 2684 2806 dwmoniorum
2715 2750 2756 2822 (Ι
2789 2750 2910 2804 Cor.
2940 2767 2997 2816 χ,
3030 2751 3120 2819 ΞΟ,
3151 2752 3270 2819 21).
3322 2752 3382 2808 in
3421 2751 3582 2806 nobis
3614 2752 3796 2823 itaque
3827 2761 3902 2808 est

2313 2844 2602 2899 comedere
2629 2843 2711 2898 vel
2755 2843 2978 2910 munda,
3007 2843 3096 2898 vel
3129 2843 3430 2898 immunda.
3461 2842 3520 2899 Si
3549 2845 3704 2899 enim
3730 2844 3902 2899 mundi

2313 2953 2522 3002 sumus,
2571 2937 2770 2992 munda
2819 2937 2977 2992 nobis
3021 2947 3106 2992 est
3154 2947 3431 2992 creatura.
3479 2938 3536 2992 Si
3583 2948 3770 2994 autem
3813 2940 3903 2993 im-

2315 3029 2499 3084 mundi
2531 3038 2588 3084 et
2615 3029 2883 3096 inﬁdeles,
2915 3029 3050 3084 ﬁunt
3079 3029 3237 3084 nobis
3267 3031 3519 3085 universa
3547 3031 3856 3086 communia
3889 3046 3904 3088 :

2318 3126 2434 3181 sive
2467 3141 2562 3195 per
2601 3125 2994 3180 inhabitantem
3025 3125 3076 3179 in
3109 3124 3374 3179 cordibus
3403 3125 3612 3180 nostris
3643 3126 3902 3190 haeresim,

2319 3218 2480 3290 712
2527 3217 2643 3271 sive
2672 3231 2768 3285 per
2813 3217 3205 3270 conscientiam
3248 3215 3601 3272 delictorum.
3648 3217 3820 3272 Porro
3864 3216 3903 3270 si

2317 3309 2651 3364 conscientia
2683 3320 2865 3364 nostra
2889 3322 2990 3362 nos
3015 3323 3118 3364 non
3150 3309 3592 3378 reprehenderit,
3630 3319 3688 3366 et
3717 3310 3905 3365 habue-

2321 3401 2493 3456 rimus
2552 3400 2801 3455 ﬁduciam
2857 3401 3074 3468 pietatis
3125 3400 3194 3455 ad
3255 3401 3576 3460 Dominum:
3641 3401 3906 3456 orabimus

2319 3494 2538 3563 spiritu,
2568 3493 2846 3546 orabimus
2869 3502 2925 3546 et
2955 3501 3136 3547 mente
3161 3509 3176 3548 :
3212 3493 3504 3562 psallemus
3525 3494 3748 3562 spiritu.
3778 3492 3906 3562 psal-

2320 3587 2494 3640 lemus
2535 3593 2591 3639 et
2633 3596 2818 3639 mente
2849 3585 2892 3655 (l
2923 3585 3044 3639 Cor.
3096 3585 3210 3656 xtv)
3243 3602 3256 3639 :
3291 3596 3347 3642 et
3392 3587 3581 3655 procul
3613 3587 3817 3643 erimus
3845 3585 3906 3639 ab

2320 3677 2427 3744 his,
2455 3677 2524 3730 de
2545 3677 2744 3745 quibus
2775 3692 2924 3732 nunc
2953 3678 3216 3734 scribitur
3249 3693 3264 3733 :
3323 3677 3537 3734 Polluta
3563 3689 3648 3734 est
3669 3696 3838 3735 eorum
3863 3688 3905 3734 et

2319 3788 2466 3825 mens
2496 3783 2541 3822 et
2565 3773 2904 3825 conserentia.

2391 3861 2574 3933 (Vers.
2604 3861 2721 3928 16.)
2747 3861 3074 3932 Conﬁtentur
3100 3879 3153 3916 se
3181 3879 3330 3918 nosse
3351 3860 3542 3932 Deum,
3563 3864 3725 3932 factis
3750 3873 3902 3918 autem

2320 3966 2536 4026 negant:
2570 3955 2926 4016 cxsecrabiles.
2959 3967 3004 4010 et
3031 3957 3403 4024 inobedientes,
3438 3969 3485 4010 et
3513 3959 3584 4010 ad
3618 3975 3768 4012 omne
3788 3973 3903 4029 opus

2321 4047 2510 4100 bonum
2555 4047 2776 4115 reprobi.
2814 4046 2878 4101 Hi
2909 4063 3140 4118 quorum
3189 4048 3392 4116 polluta
3423 4059 3528 4113 est,
3572 4057 3634 4104 et
3665 4064 3830 4110 mens.
3856 4055 3902 4102 et

2320 4139 2677 4205 Conscientia,
2734 4141 2900 4194 Deum
2947 4155 3006 4194 se
3039 4154 3200 4196 nosse
3239 4140 3587 4205 conﬁtentur,
3625 4142 3783 4200 factis
3820 4156 3902 4195 au-

2324 4243 2431 4287 tem
2466 4243 2667 4302 negant
2713 4233 3010 4288 secundum
3046 4232 3176 4287 illud
3205 4235 3349 4304 quod
3395 4235 3446 4289 itt
3496 4233 3637 4289 lsaia
3681 4235 3898 4289 dicitur:

2326 4324 2562 4397 Populus
2591 4324 2675 4379 hic
2698 4325 2854 4380 labiis
2877 4342 2957 4380 me
2985 4328 3230 4392 honorat,
3254 4341 3346 4380 cor
3372 4338 3545 4381 autem
3565 4343 3750 4382 eorum
3771 4327 3902 4396 longe

2325 4429 2400 4472 est
2429 4436 2460 4471 a
2488 4435 2568 4472 me
2595 4416 2750 4489 (Isai.
2786 4433 2938 4483 χιιι,
2973 4419 3084 4485 15).
3116 4417 3402 4485 Quomodo
3441 4418 3605 4486 igitur
3638 4419 3793 4474 labiis
3819 4414 3898 4486 qui

1750 4511 1840 4563 sed
1882 4482 2090 4581 polluta
2139 4517 2215 4562 est
2247 4482 2298 4542 D
2323 4511 2580 4576 honomt,
2603 4482 2661 4566 et
2681 4509 2848 4566 corde
2879 4482 3068 4579 procul
3093 4482 3336 4565 recedit:
3361 4511 3434 4564 ita
3463 4482 3635 4566 Dettm
3661 4482 3894 4578 sermone

2323 4607 2445 4676 quis
2472 4605 2759 4668 conﬁtens,
2809 4602 3070 4671 operibus
3105 4611 3286 4672 negat.
3320 4602 3533 4672 Negans
3578 4610 3762 4657 autem
3788 4613 3901 4670 ope-

2331 4699 2479 4753 ribus
2535 4698 2732 4764 Deum,
2763 4694 3111 4751 confessione
3155 4696 3412 4750 simulata
3454 4704 3602 4751 recte
3657 4709 3897 4752 exsecra—

2325 4794 2448 4849 bilis
2475 4803 2528 4848 et
2555 4794 2812 4861 profanus
2837 4801 2923 4846 est
2962 4809 2974 4845 :
3008 4799 3065 4844 et
3095 4792 3244 4845 nulla
3276 4790 3524 4845 veritatis
3553 4792 3765 4846 ratione
3793 4802 3900 4858 per-

2322 4901 2538 4952 suasus,
2565 4883 2881 4938 inobediens
2937 4893 2992 4940 et
3038 4882 3356 4937 incredulus
3399 4881 3728 4951 appellatur.
3762 4877 3897 4934 Unde

2323 4978 2506 5036 evenit
2536 4987 2597 5032 ut
2635 4977 2700 5030 ad
2730 4992 2897 5032 omne
2935 4991 3070 5044 Opus
3098 4975 3298 5030 bonum
3331 4975 3606 5045 reprobus
3627 4977 3699 5031 sit
3727 4994 3740 5028 :
3769 4969 3898 5044 quod

2321 5073 2555 5135 scilicet,
2601 5069 2760 5124 etiam
2790 5085 2851 5123 ea
2892 5086 3012 5138 qua!
3057 5069 3290 5124 naturali
3339 5068 3586 5124 bonitate
3629 5075 3896 5138 superatus

2325 5165 2461 5220 ἴοι-ιθ
2493 5165 2632 5216 bona
2675 5161 2886 5223 fecerit,
2918 5177 3028 5216 non
3059 5161 3169 5216 sint
3197 5161 3365 5226 bOna,
3400 5161 3529 5215 dum
3559 5161 3755 5217 mentis
3794 5171 3897 5224 per-

2322 5257 2581 5310 versitate
2627 5263 2755 5307 sunt
2803 5254 3055 5323 reproba.
3111 5253 3438 5306 Existimant
3490 5251 3712 5322 quidam
3761 5250 3892 5304 ineo

2324 5354 2534 5402 tantum
2565 5343 2736 5398 Deum
2764 5343 2972 5410 negari,
2996 5342 3045 5398 si
3077 5343 3130 5397 in
3157 5342 3542 5412 persecutione
3571 5342 3692 5413 quis
3718 5355 3744 5392 a
3773 5337 3894 5392 Gen-

2325 5437 2513 5496 tilibus
2532 5435 2983 5506 comprehensus,
3024 5449 3085 5492 se
3116 5436 3367 5491 renuerit
3399 5433 3762 5490 Christianum
3792 5424 3886 5499 [ΑΙ.

685 5642 712 5671 ι
761 5632 952 5706 Hiulco
971 5645 1154 5706 penes
1180 5628 1558 5706 Martianaeum
1583 5643 1773 5696 sensu,
1805 5643 1908 5683 non
1939 5625 2281 5683 attendentes.
2311 5623 2434 5681 Mox
2469 5620 2868 5680 Cisterciensec
2893 5634 3053 5690 mss.,
3083 5629 3133 5675 et
3159 5618 3442 5675 mendaciis
3464 5617 3744 5683 hominum,
3775 5619 3886 5677 εισι,

618 5717 720 5773 pro
748 5702 1008 5756 mandatis
1034 5718 1053 5758 :
1085 5701 1244 5756 falso.
