4034 6356
144 327 242 387 577

690 332 1348 395 εουωιεκτωιιοηωι
1388 333 1457 393 IN
1499 332 1716 395 EPISTt

1820 335 1891 394 [Μ
1932 336 2025 393 AD
2068 335 2280 398 TITUM
2325 342 2550 402 LIBER.
2594 344 2751 404 CAP.
2795 345 2863 403 Il.

3392 22 3555 54 -..γέ

3316 346 3425 407 578

146 447 275 502 addit
308 448 479 522 esse].
521 449 632 507 Sed
661 467 794 509 ccce
822 454 1117 525 Apostolus
1140 456 1400 512 omnibus
1429 472 1551 526 quae
1598 472 1721 526 per—
1746 454 1804 517 Δ
1829 453 1959 509 lium
1986 457 2037 511 in
2062 455 2306 524 Christo,
2332 467 2386 514 et
2413 460 2737 530 discipulum
2765 476 2921 516 suum
2948 460 3131 526 docet,
3168 470 3229 516 ut
3251 477 3327 517 ea
3346 464 3426 519 lo-

146 551 282 593 versa
308 551 440 595 sunt
472 541 654 608 factis,
688 545 861 601 Deum
899 548 1100 603 asserit
1128 547 1409 620 denegari.
1460 548 1719 605 Christus

144 629 394 699 sapientia
426 641 533 700 est,
562 635 796 704 justitia,
827 639 1059 705 veritas,
1103 643 1388 708 sanctitas,
1425 641 1711 697 fortitudo.

140 722 356 796 Negatur
382 742 481 797 per
508 728 878 800 insipientiam
909 733 1202 805 sapientia,
1242 750 1341 804 per
1368 733 1715 806 iniquitatem

137 817 343 889 institis,
391 837 491 891 per
526 823 872 881 mendacium
918 826 1150 890 veritas,
1197 841 1295 897 per
1322 825 1714 895 turpitudinem

142 912 417 977 sanctitas.
462 929 563 985 per
610 914 1045 973 imbecillitatem
1094 916 1263 974 animi
1314 918 1595 974 fortitudo.
1644 918 1715 974 Et

140 1003 577 1078 quotiescumque
604 1007 873 1065 vincimur
892 1008 1039 1065 vitiis
1065 1020 1230 1082 atque
1254 1014 1518 1082 peccatis,
1550 1012 1714 1068 toties

140 1095 288 1152 Deum
338 1114 621 1169 negamus.
676 1100 750 1156 Ut
795 1100 906 1175 [ΑΙ.
954 1101 1046 1176 Ει]
1099 1105 1441 1171 econtrario,
1492 1104 1713 1176 quoties

137 1188 263 1246 bene
279 1191 409 1260 quid
436 1194 674 1263 agimus,
702 1194 873 1249 Deum
903 1195 1249 1252 conﬁtemur.
1294 1198 1404 1253 Nec
1442 1198 1714 1255 arbitran-

141 1280 255 1337 dum
275 1290 358 1338 est
383 1283 439 1338 in
467 1284 559 1340 die
594 1284 788 1356 judicii
809 1287 931 1342 illos
960 1297 1170 1343 tantum
1202 1304 1232 1343 a
1263 1289 1358 1344 Dei
1382 1289 1521 1345 Filio
1541 1291 1700 1344 deue~

139 1377 348 1450 gandos,
375 1380 469 1448 qui
502 1380 555 1435 in
589 1382 855 1451 martyrio
881 1380 1167 1438 Christum
1198 1384 1539 1455 denegarunt
1568 1401 1581 1437 :
1615 1383 1711 1439 sed

138 1488 228 1544 per
249 1473 427 1528 omnia
458 1488 652 1543 Opera,
681 1491 995 1541 sermones,
1025 1477 1409 1547 cogitationes,
1432 1475 1710 1543 Christus,

140 1565 218 1619 vel
242 1576 468 1635 negatus
499 1576 680 1637 negat,
710 1568 797 1623 vel
825 1567 1115 1625 confessus
1140 1569 1455 1626 conﬁtetur.
1498 1570 1578 1624 De
1611 1569 1713 1625 hac

133 1667 253 1729 puto
271 1657 616 1714 confessione
639 1668 697 1715 et
715 1659 1001 1731 discipulis
1026 1663 1310 1733 praecepit,
1334 1662 1558 1718 dicens:
1590 1660 1712 1716 Eri-

133 1749 192 1803 tis
215 1748 336 1802 mihi
368 1757 525 1804 testes
550 1750 605 1805 in
629 1749 945 1818 Jerusalem,
974 1762 1022 1807 et
1048 1754 1102 1807 in
1132 1754 1274 1807 omni
1303 1751 1497 1808 Judtea
1525 1763 1575 1809 et
1607 1754 1710 1809 Sa—

1818 563 2018 623 quatur
2054 566 2174 623 qua:
2210 568 2359 609 sonte
2396 554 2661 610 doctrina:
2712 558 3043 612 conveniant
3076 575 3087 609 :
3120 557 3244 629 quia
3296 566 3425 612 tunc

1815 642 2082 699 doctrina:
2110 644 2182 699 sit
2224 645 2450 712 sanitas,
2481 661 2606 702 cum
2636 648 2877 705 doctoris
2907 648 3155 705 doctrina
3189 647 3420 719 pariter,

1814 742 1872 790 et
1897 735 2007 789 vita
2034 737 2399 792 consentiant.

1888 828 2044 884 Vers.
2078 830 2162 902 2.)
2195 831 2353 886 Senes
2382 833 2580 887 sobrios
2609 850 2735 901 esse,
2764 834 3028 903 honestos,
3061 837 3300 909 pudicos,
3327 852 3415 890 sa-

1814 939 1909 978 nos
1928 926 1981 978 in
2012 925 2135 993 ﬁde,
2157 936 2203 979 et
2230 926 2501 990 charitate.
2533 938 2582 982 et
2614 929 2883 996 patientia.
2910 930 3259 987 Generaliter
3289 929 3416 985 Tito

1812 1026 1943 1071 ante
1971 1018 2298 1087 praecipiens
2322 1018 2452 1087 quid
2494 1019 2614 1088 ipse
2638 1019 2782 1090 loqui
2814 1020 3042 1078 deberet
3066 1022 3133 1076 ad
3161 1032 3410 1087 cunctos,

1814 1109 1870 1166 in
1898 1126 1965 1166 eo
2011 1110 2156 1180 quod
2188 1110 2266 1165 ait
2297 1128 2309 1164 :
2338 1110 2419 1165 Tu
2451 1128 2567 1166 vero
2616 1111 2829 1183 loquere
2869 1131 2987 1186 qua?
3035 1121 3179 1169 decet
3234 1132 3418 1170 sanam

1814 1202 2107 1255 doctrinam
2130 1218 2151 1255 :
2183 1218 2325 1258 nunc
2364 1218 2462 1273 per
2488 1203 2730 1274 singulas
2760 1207 2973 1272 species
3001 1216 3026 1246 α
3054 1207 3182 1277 quid
3226 1225 3417 1263 unam-

1812 1306 2085 1362 quamque
2114 1301 2326 1348 :etatem
2356 1294 2569 1355 deceat.
2597 1298 2841 1365 exponit.
2866 1297 3031 1370 715
3062 1298 3300 1354 Primum
3324 1315 3411 1356 se-

1815 1382 1975 1437 nibus
2018 1383 2151 1438 viris
2183 1384 2562 1439 convenientia
2582 1427 2596 1448 ,
2643 1386 2845 1442 deinde
2882 1403 3020 1443 anus
3049 1390 3175 1460 quid
3206 1391 3419 1459 deceat,

1813 1476 1977 1532 tertio
2005 1492 2125 1547 qua:
2150 1477 2595 1535 adolescentibus
2626 1488 2751 1550 apta
2777 1481 2906 1545 sint,
2942 1489 3049 1535 tam
3075 1481 3314 1538 maribus
3338 1483 3418 1536 vi-

1812 1566 2033 1636 delicet,
2063 1586 2225 1639 quam
2266 1569 2529 1625 feminis:
2563 1572 2697 1628 licet
2736 1574 2789 1627 iu
2824 1584 3101 1644 princepto
3127 1576 3418 1631 mulierum

1813 1660 2116 1715 vetularum
2141 1662 2209 1716 de
2232 1662 2674 1721 adolescentibus
2704 1666 2922 1722 feminis
2951 1668 3206 1723 mandata
3235 1669 3419 1739 subje-

1811 1747 1952 1802 cerit
1986 1765 2000 1802 :
2034 1758 2092 1802 ut
2120 1765 2225 1803 non
2247 1759 2353 1804 tam
2380 1752 2496 1819 ipse
2519 1752 2745 1809 doceret
2764 1754 3230 1823 adolescentulas,
3254 1773 3415 1829 quam

132 1843 306 1908 maria,
336 1851 389 1897 et
414 1859 574 1914 usque
609 1844 678 1899 ad
708 1856 993 1900 extremum
1037 1856 1190 1901 terra;
1217 1848 1357 1918 (Λα,
1390 1864 1431 1915 ι,
1460 1846 1541 1917 8),
1566 1858 1622 1902 ιιι
1652 1848 1706 1904 in
1736 1830 1788 1894 Β
1813 1837 1941 1908 quid
1971 1853 2002 1893 a
2033 1839 2230 1894 vetulis
2259 1840 2626 1912 docerentur,
2676 1856 3000 1915 exponeret.
3054 1847 3323 1904 Extremo
3354 1851 3423 1906 de

128 1934 366 1989 omnibus
415 1934 574 1991 bonis
616 1938 874 2003 oneribus
922 1946 1088 2007 atque
1132 1939 1502 2007 sermonibus,
1553 1955 1709 1996 mens

125 2022 401 2081 Christum
452 2026 554 2097 ipsi
596 2026 782 2083 dedita
828 2029 1175 2084 confiteatur.
1209 2029 1309 2084 Est
1353 2040 1413 2086 et
1457 2031 1707 2100 qumdam

124 2116 387 2172 laudanda
417 2117 656 2187 negatio,
689 2118 758 2174 de
784 2134 889 2189 qua
920 2128 977 2174 et
1016 2120 1133 2189 ipse
1163 2120 1462 2190 Apostolus
1490 2120 1565 2175 ait
1592 2137 1605 2172 :
1642 2118 1710 2174 Ut

121 2210 426 2283 abnegantcs
453 2210 767 2282 impietatem
820 2220 870 2265 et
898 2212 1177 2266 satcularia
1219 2211 1494 2278 desideria,
1538 2220 1701 2279 caste,

123 2312 171 2358 et
202 2306 367 2375 juste,
401 2312 448 2358 et
477 2304 560 2375 pie
584 2304 817 2357 vivamus
864 2303 918 2357 in
948 2306 1190 2375 prcsenti
1217 2305 1405 2360 stacqu
1434 2322 1453 2361 :
1494 2321 1707 2377 exspec-

123 2400 289 2449 tantes
337 2395 540 2449 beatam
590 2396 751 2469 713
795 2411 939 2468 spem
987 2404 1035 2449 et
1080 2398 1360 2451 adventum
1416 2396 1709 2452 Salvatoris

124 2488 288 2544 nostri
311 2487 413 2543 Dei
441 2487 573 2560 (Tit.
602 2501 673 2555 ιι,
706 2489 821 2559 Η).
854 2488 1026 2556 Quam
1055 2490 1399 2560 negationem
1429 2491 1520 2561 qui
1549 2505 1713 2561 nega-

126 2583 289 2651 verit,
343 2590 401 2637 et
447 2583 602 2652 sequi
656 2582 902 2637 voluerit
950 2583 1295 2639 Salvatorem
1343 2584 1653 2655 loquentem
1693 2602 1708 2638 :

125 2673 448 2745 Quicmque
473 2673 696 2729 voluerit
724 2672 835 2747 [AL
882 2672 1014 2747 vult]
1044 2675 1213 2730 venire
1253 2675 1323 2731 ad
1362 2692 1463 2741 me,
1495 2675 1713 2748 abneget

120 2767 452 2838 semetipsum
477 2765 634 2834 (Luc.
667 2782 749 2836 ιι,
779 2767 897 2839 23),
930 2779 1134 2825 exutus
1161 2777 1410 2825 veterem
1434 2770 1710 2826 hominem

116 2872 242 2913 cum
294 2857 558 2929 operibus
600 2861 740 2929 ejus,
790 2871 846 2915 et
898 2861 1128 2917 indutus
1178 2877 1400 2927 novum,
1454 2875 1714 2933 sequetur

116 2947 294 3005 Deum
321 2964 504 3004 suum.
535 2948 824 3017 Quomodo
850 2960 1031 3008 autem
1054 2966 1115 3008 se
1139 2953 1262 3021 quis
1286 2953 1549 3023 abneget,
1580 2968 1712 3008 con—

117 3042 495 3112 templandum
526 3052 638 3099 est.
662 3042 902 3099 Pudicus
933 3043 1351 3113 fornicatorem,
1383 3045 1527 3117 quod
1558 3046 1714 3116 prius

113 3137 320 3206 fuerat,
349 3147 511 3209 negat
545 3155 558 3192 :
590 3138 807 3208 sapiens
847 3139 1291 3210 imprudentem,
1319 3139 1496 3210 justus
1529 3140 1710 3207 injus-

1813 1929 2006 1997 servis,
2031 1939 2089 1985 et
2110 1945 2207 2000 per
2236 1932 2477 2003 singulas
2497 1943 2709 2001 aetates,
2743 1950 2798 1992 et
2824 1939 3194 2007 conditiones,
3227 1941 3305 1996 sic
3327 1942 3421 1999 de-

1811 2032 1999 2079 center
2021 2035 2294 2096 praecepta
2337 2028 2643 2096 constituit,
2672 2040 2733 2084 ut
2762 2045 2946 2085 sermo
2976 2030 3094 2101 ejus
3120 2033 3246 2087 vitm
3302 2050 3422 2088 mo-

1812 2131 2037 2187 rumque
2067 2117 2137 2173 sit
2163 2119 2371 2190 regula.
2408 2118 2580 2177 Senes
2624 2122 2789 2193 igitur
2831 2122 3046 2179 sobrios
3077 2139 3198 2181 esse
3222 2124 3275 2193 ι’,
3308 2128 3423 2182 sive

1810 2209 2119 2278 vigilantes,
2153 2211 2281 2281 quia
2308 2213 2541 2286 νηφάλιοι
2590 2214 2731 2284 apud
2761 2214 2980 2272 Graecos
3010 2224 3300 2289 utrumque
3328 2234 3420 2274 so—

1814 2311 1907 2358 nat
1935 2320 1947 2356 :
1975 2304 2255 2371 honestos,
2281 2313 2342 2359 ut
2372 2307 2548 2361 :etatis
2574 2308 2895 2377 gravitatem
2943 2326 3158 2365 morum
3185 2313 3425 2381 gravitas

1812 2393 2034 2451 decoret
2067 2412 2080 2448 :
2114 2396 2360 2464 pudicos,
2403 2414 2472 2453 ne
2503 2399 2555 2453 in
2588 2399 2767 2457 aliena
2817 2412 2978 2457 actate
3023 2404 3318 2472 luxurient,
3355 2420 3424 2461 ne

1808 2485 1920 2557 jam
1944 2487 2136 2555 frigido
2156 2487 2225 2542 ad
2254 2488 2534 2544 libidinem
2566 2492 2852 2562 sanguine,
2879 2495 3129 2564 exemplo
3156 2496 3265 2550 sint
3290 2494 3423 2552 ado—

1814 2577 2141 2633 lescentibus
2170 2577 2238 2633 ad
2270 2580 2504 2635 ruinam.
2537 2582 2708 2637 Sanos
2755 2582 2809 2637 in
2856 2582 2991 2652 ﬁde,
3025 2586 3095 2639 de
3139 2601 3242 2655 qua
3296 2586 3420 2643 fidei

1813 2670 2046 2725 sanitate
2071 2686 2231 2742 supra
2259 2671 2519 2728 diximus.
2564 2672 2739 2731 Sanos
2764 2685 2948 2730 autem
2987 2692 3093 2731 non
3128 2687 3333 2733 tantum
3362 2679 3419 2734 in

1814 2759 1942 2824 ﬁde,
1980 2776 2168 2816 verum
2208 2771 2264 2817 et
2296 2763 2347 2817 in
2389 2763 2676 2830 charitate,
2721 2776 2775 2819 et
2806 2766 2859 2820 in
2900 2767 3182 2838 patientia,
3214 2777 3274 2823 ut
3296 2783 3420 2825 cum

1813 2856 2045 2927 primam
2074 2855 2197 2910 ﬁdei
2230 2856 2520 2913 habuerint
2548 2859 2840 2915 sanitatem
2860 2903 2875 2927 ,
2906 2861 3130 2917 audiant
3156 2878 3186 2918 a
3228 2863 3425 2919 Salva-

1817 2958 1934 3006 tore
1966 2965 1981 3004 :
2012 2947 2174 3005 Fides
2205 2959 2295 3004 tua
2330 2962 2378 3006 te
2426 2952 2627 3006 salvum
2669 2955 2793 3024 fecit
2844 2952 3038 3024 (Marc.
3081 2972 3139 3021 x,
3184 2956 3300 3029 52).
3354 2957 3425 3014 Et

1815 3042 1945 3097 alibi
1983 3060 1995 3095 :
2043 3041 2233 3110 Neque
2285 3044 2422 3096 enim
2473 3045 2526 3097 in
2575 3042 2748 3099 Israel
2785 3055 2988 3100 tantum
3042 3048 3201 3117 ﬁdem
3248 3049 3425 3103 inveni

1818 3133 2035 3204 (Matth.
2069 3149 2184 3198 vut,
2213 3134 2324 3206 10).
2357 3136 2423 3189 Ει
2454 3145 2675 3207 propter
2695 3139 2938 3194 eamdem
2977 3138 3103 3194 ﬁdei
3133 3142 3422 3196 sanitatem

113 3237 256 3294 tum,
283 3206 445 3286 fortis
471 3206 768 3286 inﬁrmum.
801 3230 872 3286 Et
894 3206 953 3286 ut
976 3233 1028 3287 in
1056 3206 1347 3289 commune
1366 3232 1436 3288 de
1456 3206 1714 3287 omnibus
1739 3206 1788 3271 (ἶ
1821 3226 1948 3282 ﬁant
1993 3227 2088 3281 ﬁlii
2141 3227 2406 3293 Abrahae,
2458 3228 2526 3283 de
2553 3206 2663 3299 quo
2705 3231 2965 3300 scriptum
3021 3242 3104 3287 est
3133 3249 3147 3286 :
3190 3231 3428 3288 Credidit

112 3321 336 3393 loquar,
388 3324 556 3381 toties
603 3340 871 3395 negamus
913 3339 1037 3390 nos,
1094 3324 1317 3396 qu0ties
1365 3326 1548 3396 priora
1586 3325 1712 3378 vitia

112 3416 427 3483 calcantes,
449 3417 750 3473 desinimus
772 3433 896 3475 esse
925 3417 1069 3488 quod
1104 3416 1324 3485 fuimus,
1347 3427 1405 3473 et
1425 3418 1716 3489 incipimus

111 3523 242 3565 esse
273 3509 423 3578 quod
456 3518 585 3566 ante
612 3526 719 3566 non
752 3510 980 3566 fuimus.

186 3601 348 3671 (Cap.
373 3600 674 3656 ll.—Vers.
707 3600 789 3673 1.)
817 3601 898 3656 Tu
919 3618 1038 3657 vero
1068 3601 1276 3674 loquere
1310 3618 1427 3673 qua:
1454 3601 1596 3657 decet
1633 3617 1719 3656 sa-

110 3707 243 3746 nam
286 3693 602 3749 doctrinam.
643 3691 801 3748 Aliud
833 3702 918 3748 est
958 3708 1146 3748 sanam
1196 3693 1501 3749 doctrinam
1542 3694 1714 3765 loqui,

110 3785 266 3839 aliud
291 3800 353 3839 ea
384 3800 507 3855 qua:
534 3799 686 3840 sanae
706 3785 1038 3841 conveniunt
1064 3784 1264 3841 docere
1283 3785 1546 3841 doctrinae
1576 3804 1590 3840 :
1622 3786 1718 3857 qui

109 3876 171 3934 in
225 3876 409 3934 altero
456 3878 687 3948 simplex
732 3886 937 3933 tantum
988 3876 1257 3934 institutio
1285 3888 1415 3934 est:
1449 3880 1501 3934 in
1542 3880 1719 3936 altero

109 3984 244 4027 cum
274 3985 347 4027 eo
371 3970 518 4043 quod
544 3971 772 4040 docens,
802 3971 928 4027 vita:
957 3987 1171 4041 quoque
1187 3972 1459 4028 correctio
1479 3984 1583 4028 est.
1617 3973 1720 4041 Qui

106 4064 260 4119 enim
288 4063 496 4118 solverit
515 4080 674 4119 unum
694 4064 759 4118 de
785 4064 1043 4119 mandatis
1061 4065 1176 4119 istis
1192 4065 1444 4133 minimis,
1461 4076 1511 4121 et
1529 4066 1721 4122 docue-

105 4158 184 4213 rit
222 4160 304 4213 sic
350 4157 602 4227 homines,
628 4159 872 4213 ntinimus
897 4157 1165 4213 vocabitur
1192 4158 1248 4213 in
1276 4174 1439 4232 regno
1473 4160 1719 4214 caelorum

106 4248 345 4324 (Matth.
374 4266 429 4317 v,
457 4250 586 4319 l9):
622 4249 853 4305 Domino
882 4248 1234 4320 prrecipiente
1278 4249 1579 4320 discipulis,
1612 4265 1720 4305 non

103 4344 304 4401 solum
338 4344 393 4398 in
424 4344 776 4401 meditatione
800 4336 1208 4414 Sc'ripturarum
1227 4357 1325 4400 eos
1352 4343 1605 4400 laborare
1627 4342 1721 4399 de-

105 4436 280 4506 bere,
312 4444 371 4492 ut
400 4452 522 4507 qua:
561 4437 766 4508 scripta
806 4446 955 4507 sunt,
986 4435 1271 4506 replicent,
1298 4443 1357 4491 et
1399 4436 1638 4491 condant
1664 4433 1719 4490 in

104 4527 408 4585 memoria:
436 4528 691 4585 thesauro
720 4546 736 4584 :
764 4528 860 4596 sed
894 4528 1046 4598 prius
1069 4526 1272 4582 faciant
1297 4542 1421 4599 qua:
1450 4534 1719 4598 praecepta

104 4630 271 4679 sunt.
300 4622 619 4694 Quicumque
640 4638 759 4677 vero
780 4622 961 4693 fecerit
985 4629 1036 4676 et
1060 4620 1312 4686 docuerit,
1345 4620 1435 4674 ille
1460 4619 1722 4675 vocabitur

105 4730 345 4786 magnus
369 4715 426 4769 in
444 4731 602 4787 regna
622 4715 887 4769 actorum.
916 4712 1033 4768 Nisi
1054 4712 1200 4768 enim
1225 4718 1580 4781 supergressa
1601 4710 1721 4767 fue-

102 4807 184 4863 rit
220 4817 415 4863 nostra
453 4805 668 4876 iustitia
696 4805 1011 4862 Scribarum
1036 4803 1305 4875 justitiam
1332 4813 1387 4858 et
1417 4801 1722 4859 Pharist-

104 4913 267 4965 rum,
284 4912 396 4954 non
412 4912 703 4968 possumus
714 4895 925 4968 ingredi
938 4910 1106 4967 regna
1122 4894 1383 4952 caelorum
1402 4891 1620 4963 (Matth.
1639 4892 1720 4963 v).

104 4989 223 5058 Qui
252 5004 424 5060 supra
458 4988 626 5060 Moysi
650 4987 968 5044 cathedram
996 4987 1284 5053 sedentes,
1316 4984 1506 5039 dicunt
1530 4992 1588 5041 et
1612 5000 1723 5040 non

105 5082 360 5150 faciunt,
385 5091 443 5138 et
471 5080 694 5153 alligant
726 5095 892 5137 onera
918 5078 1307 5151 importabilia,
1348 5093 1470 5150 quae
1497 5076 1728 5134 cervici-

103 5173 222 5231 bus
243 5174 531 5230 hominum
552 5175 859 5244 imponunt,
886 5182 942 5228 et
962 5172 1065 5243 ipsi
1094 5170 1320 5227 minimo
1349 5170 1520 5242 digito
1541 5172 1729 5228 nolunt

105 5280 179 5322 ea
204 5266 559 5337 contingere.
590 5266 708 5323 Hoc
734 5265 898 5337 igitur
935 5278 1083 5320 nunc
1117 5262 1411 5334 Apostolus
1447 5261 1630 5318 Titum
1661 5263 1726 5319 ﬁ-

187 5387 222 5450 Ρ
248 5383 418 5445 Mss.,
448 5382 520 5436 ad
544 5394 961 5450 numquamque
1002 5385 1205 5433 (etatem
1236 5391 1353 5448 qua:
1381 5375 1580 5443 deceat,
1618 5385 1725 5434 etc.

185 5448 221 5489 δ
258 5452 431 5509 Addit
452 5448 750 5516 Victorius,
781 5448 1035 5521 prtecipit.

193 5533 220 5562 ο
255 5523 439 5579 Aliter
462 5523 716 5577 videatur
745 5516 989 5577 sensisse
1027 5518 1084 5573 in
1113 5517 1371 5588 Catalogo
1396 5516 1464 5572 ad
1502 5532 1621 5587 cap.
1651 5518 1686 5573 5
1710 5535 1725 5573 :

104 5596 374 5670 Epistula
404 5608 523 5665 quae
563 5594 753 5670 fertur“
782 5592 852 5646 ad
902 5587 1325 5670 Hebrreos,'_non
1372 5591 1486 5670 ejus
1529 5587 1727 5670 (Pauli)

103 5659 362 5721 creditur
388 5659 604 5735 propter
628 5660 786 5735 styli_
780 5661 1133 5735 sermonisque
1178 5659 1558 5735 dissonantium
1585 5698 1601 5723 ,
1640 5659 1730 5715 sed

99 5739 191 5792 vel
222 5728 519 5801 Bai-nabat,
547 5728 706 5805 juxta
744 5728 1147 5805 Tertullianum,
1178 5730 1256 5805 vel
1277 5728 1447 5805 lacte
1493 5729 1733 5802 Evange-

101 5810 288 5877 listte,
330 5799 513 5879 juxta»
535 5799 809 5875 quosdam,
850 5802 930 5856 vel
963 5799 1239 5855 Clementis
1268 5800 1520 5856 Romana:
1551 5799 1733 5871 postea

1818 3318 2083 3374 Abraham
2114 3317 2247 3387 Deo,
2280 3329 2328 3374 et
2356 3330 2652 3391 reputatum
2677 3332 2753 3376 est
2783 3322 2866 3377 illi
2894 3323 2966 3377 ad
2984 3324 3253 3396 justitiam
3301 3323 3426 3395 (Ge-

1817 3427 1930 3467 nes.
1963 3426 2055 3478 xv,
2088 3409 2168 3483 8).
2202 3411 2270 3467 Et
2292 3410 2511 3467 Abacnc
2534 3412 2603 3467 de
2631 3414 2733 3468 hac
2761 3412 2885 3469 ﬁdei
2911 3415 3147 3470 sanitate
3175 3429 3421 3470 comme-

1817 3517 2039 3558 morans
2076 3505 2153 3558 ait
2192 3520 2207 3557 :
2242 3501 2436 3558 Justus
2465 3511 2639 3558 autem
2666 3520 2730 3559 ea:
2763 3505 2869 3575 ﬁde
2896 3522 3011 3560 mea
3047 3506 3165 3561 vivit
3202 3504 3319 3579 [ΑΙ.
3349 3506 3427 3561 ri-

1817 3594 1929 3668 vet]
1960 3595 2143 3664 (Abac.
2197 3610 2260 3666 η,
2307 3597 2389 3666 3).
2449 3594 2650 3667 Relege
2697 3596 2764 3651 ad
2812 3597 3073 3654 Hebrazos
3124 3598 3425 3669 Epistolam

1818 3688 1976 3746 Pauli
2017 3688 2251 3758 apostoli
2283 3687 2425 3760 (sive
2461 3688 2849 3761 cujuscumque
2878 3690 3100 3747 alterius
3142 3706 3262 3747 eam
3302 3704 3427 3749 esse

1818 3788 1998 3851 putas,
2024 3781 2148 3851 quia
2167 3779 2279 3851 jam
2303 3780 2445 3835 inter
2471 3779 3022 3840 Ecclesiasticascest
3041 3784 3308 3857 recepta),
3341 3795 3427 3843 to-

1820 3884 1933 3929 tum
1965 3874 2118 3929 illum
2146 3873 2451 3945 camlogum
2483 3874 2606 3930 ﬁdei
2632 3891 2914 3943 enumera,
2952 3876 3005 3932 in
3032 3894 3140 3949 quo
3164 3874 3426 3950 scriptum

1820 3974 1904 4021 est
1938 3983 1950 4018 :
1983 3963 2121 4019 Fide
2149 3969 2322 4039 majus
2344 3966 2669 4036 sacriﬁcium
2696 3966 2827 4024 Abel
2854 3984 2887 4023 a
2932 3968 3064 4025 Cain
3095 3970 3278 4025 obtulit
3315 3972 3427 4029 Deo

1821 4059 2011 4130 (Hebr.
2044 4075 2124 4127 XI,
2151 4059 2186 4114 4
2209 4061 2402 4132 καφ).
2451 4060 2519 4116 Et
2546 4079 2559 4115 :
2592 4059 2782 4117 Enoclt
2815 4064 3105 4120 translatus
3132 4075 3231 4134 est,
3262 4082 3329 4121 ne
3351 4066 3433 4123 vi-

1821 4156 1962 4210 deret
1988 4162 2240 4222 mortem;
2268 4166 2323 4210 et
2347 4153 2462 4210 Noe
2505 4154 2575 4211 de
2624 4155 2709 4211 his
2737 4171 2860 4227 qua:
2904 4157 3135 4214 necdum
3185 4158 3429 4231 videbat,

1822 4245 1936 4302 Deo
1955 4246 2183 4303 credens
2212 4247 2509 4305 fabricatus
2530 4258 2614 4305 est
2634 4264 2841 4320 arcam,
2871 4259 2927 4308 et
2949 4251 3219 4309 Abraham
3240 4253 3295 4309 in
3319 4264 3432 4311 ter-

1822 4354 1936 4395 ram
1975 4354 2138 4409 quam
2170 4338 2486 4407 nesciebat,
2518 4356 2772 4414 egressus
2802 4351 2905 4399 est.
2940 4342 3009 4400 Et
3051 4359 3121 4401 ne
3150 4344 3431 4403 videretur

1823 4428 2100 4500 Scriptura
2132 4430 2335 4486 nullum
2392 4432 2717 4489 mulieribus
2762 4435 2884 4492 ﬁdei
2915 4437 3234 4508 exemplum
3264 4437 3432 4507 dare,

1826 4521 1881 4576 in
1914 4522 2107 4578 eadem
2151 4523 2390 4593 Epistola
2441 4523 2717 4588 scribitur,
2751 4528 2876 4597 quia
2903 4537 2959 4584 et
2997 4529 3129 4585 Sara
3158 4532 3434 4602 acceperit

1827 4615 2084 4672 virtutem
2136 4615 2203 4670 ad
2251 4616 2618 4685 recipiendum
2650 4633 2858 4687 semen,
2910 4623 3088 4676 alieno
3115 4622 3223 4692 jam
3252 4621 3434 4679 aetatis

1828 4722 1942 4764 suae
1982 4715 2242 4775 tempore,
2273 4707 2399 4776 quia
2450 4706 2664 4763 ﬁdelem
2712 4724 2835 4763 eum
2865 4710 2957 4780 qui
3003 4712 3389 4781 repromiserat
3415 4755 3430 4782 ,

1828 4797 2086 4852 arbitrata
2117 4804 2222 4850 est.
2259 4795 2535 4851 Laudatur
2561 4798 2632 4853 ibi
2670 4798 2803 4854 ﬁdes
2839 4798 3007 4868 Isaac,
3035 4811 3089 4857 et
3114 4803 3304 4869 Jacoh,
3336 4806 3433 4862 Jo-

1829 4888 1988 4961 seph,
2014 4887 2186 4960 Moysi
2214 4902 2429 4958 quoque
2459 4898 2514 4943 et
2537 4888 2749 4953 Rahab,
2778 4899 3124 4960 casterorum,
3155 4910 3291 4964 quos
3313 4912 3430 4952 me—

1829 4982 1935 5038 lius
1967 4989 2143 5051 potest
2167 4982 2332 5046 scire,
2363 4980 2456 5049 qui
2489 4980 2660 5050 ipsam
2692 4982 2994 5052 Epistolam
3037 4985 3247 5055 legerit.
3280 4988 3430 5055 Quo-

1831 5075 1995 5132 modo
2025 5083 2109 5130 est
2136 5073 2301 5145 igitur
2329 5074 2452 5129 ﬁdei
2489 5074 2650 5147 715
2677 5074 2882 5131 sanitas
2912 5094 2926 5130 :
2954 5080 3033 5153 ita
3069 5079 3257 5135 eadem
3284 5083 3432 5138 sani-

1835 5179 1919 5225 tas
1957 5178 2013 5225 et
2041 5168 2094 5223 in
2119 5167 2384 5225 charitate
2411 5178 2515 5224 est.
2544 5169 2676 5237 Quis
2712 5177 2893 5224 autem
2933 5171 3223 5228 sanitatem
3254 5176 3428 5244 possi-

1832 5263 1927 5321 det
1960 5261 2262 5329 charitatis,
2308 5261 2412 5317 nisi
2442 5260 2535 5319 ille
2559 5263 2653 5333 qui
2700 5263 2936 5334 primum
2967 5264 3138 5321 Dcum
3175 5266 3436 5326 dilexerit

1837 5373 2369 5451 Ecclesitc_epi_s_copi,
2417 5390 2588 5451 quem,
2619 5377 2790 5451 aiunt,
2821 5376 2924 5450 ipsi
2947 5378 3274 5451 adjunctum,
3313 5399 3432 5438 sen-

1837 5447 2022 5501 tentias
2078 5444 2237 5498 Pauli
2282 5446 2499 5514 proprio
2539 5446 2807 5501 ordinasse
2842 5444 2903 5501 'et
2933 5444 3148 5503 ornasse
3174 5444 3428 5510 sermone.

1800 5512 1815 5525 “
1844 5516 2122 5592 Vel_certe,
2150 5512 2290 5592 quia;
2303 5512 2506 5592 Paulus
2533 5516 2888 5592 scribebatad
2906 5518 3169 5592 Hebrteos.
3198 5533 3246 5576 et
3265 5540 3430 5592 prop-

1838 5597 1921 5664 ter
1937 5588 2184 5664 invidiam
2207 5587 2290 5641 sui
2321 5586 2463 5657 apud
2489 5602 2573 5664 eos
2606 5588 2828 5664 nominis
2850 5591 3061 5664 titulum
3085 5591 3139 5644 in
3169 5586 3430 5664 principio

1840 5660 2172 5714 salutationis
2221 5660 2581 5728 amputaverit.
2623 5656 2822 5714 Confer
2848 5676 2968 5729 quae
2996 5660 3062 5716 ad
3095 5656 3218 5718 euin
3251 5656 3428 5721 locum

1841 5730 2001 5854 :lobis
2046 5737 2308 5785 annotata
2349 5737 2500 5797 sunt,
2534 5738 2594 5785 ut
2622 5730 2911 5802 plerosque
2939 5733 3076 5790 alios
3103 5750 3250 5792 nunc
3277 5738 3434 5795 omit-

1865 5815 2035 5854 antus.
2061 5825 2071 5834 ·

1865 5815 2035 5856 antus.
2061 5825 2071 5834 ·
