4034 6338
589 233 701 297 B79

1842 234 1906 300 8.
1941 236 2220 309 EUSEBII
2252 239 2631 311 HERONYMI

595 361 807 454 estote
836 353 1184 454 anima-sua,
1210 358 1266 409 et
1276 365 1357 454 ex
1382 358 1502 454 toto
1529 351 1696 410 corde
1728 367 1849 421 suo,
1885 363 1945 412 et
1968 372 2038 454 ex
2069 358 2194 454 tutis
2220 366 2273 428 Α
2297 382 2383 431 εει
2403 373 2459 427 in
2486 373 2614 439 ωε,
2644 374 2737 446 qui
2763 388 2936 435 sam
2972 376 3029 433 in
3058 375 3348 445 οιιπίηιε,
3379 391 3545 438 unus
3570 395 3793 454 quoque
3818 387 3895 438 εει

592 443 802 500 viribus
830 446 977 501 suis?
1016 445 1220 502 Deinde
1270 445 1472 501 Christi
1512 453 1842 517 praeceptum
1879 447 2107 505 audiens
2134 449 2187 506 in

594 537 897 606 proximum
936 555 951 590 ε
1003 534 1203 609 Diliges
1253 537 1551 607 proximum
1600 547 1745 592 tuum
1790 539 1925 593 sicut
1975 540 2196 613 teipsum

596 624 810 697 (Matt/1.
839 626 912 699 v).
947 627 1193 683 diviserit
1230 628 1550 687 charitatem
1582 649 1597 684 :
1628 631 1753 703 quia
1786 631 1840 687 in
1868 632 1955 693 his
1978 632 2195 691 duobus

591 718 859 774 mandatis
888 720 1085 789 pendet
1110 722 1286 777 omnis
1316 721 1427 778 Lex
1459 733 1512 779 et
1550 710 1864 795 Prophetas.
1899 722 2002 792 Qui
2032 723 2195 779 habet

587 810 873 865 sanitatem
895 809 1201 882 charitatis,
1226 828 1337 869 non
1363 814 1672 883 tumulatur,
1690 832 1796 872 non
1818 815 2061 884 inﬂatur,
2083 831 2194 873 non

586 900 699 971 agit
725 916 1007 973 perperam
1031 946 1045 970 ,
1081 921 1187 960 non
1222 903 1530 972 inhoneste,
1586 923 1692 962 non
1738 909 1806 963 ad
1861 907 2193 965 iracundiam

588 995 916 1060 concitatur,
950 1010 1058 1052 non
1080 998 1282 1068 cogitat
1305 996 1536 1063 malum,
1569 1013 1676 1055 non
1699 998 1901 1070 gaudet
1928 998 2038 1072 [ΑΙ.
2067 1014 2197 1053 cun-

585 1085 819 1159 gaudet]
850 1102 1017 1159 super
1058 1089 1367 1163 iniquitate,
1396 1091 1700 1163 congaudet
1744 1101 1924 1150 autem
1958 1092 2194 1159 veritati,

587 1176 772 1235 omnia
804 1180 1061 1247 sustinet,
1093 1181 1276 1238 omnia
1314 1182 1508 1250 credit,
1541 1185 1722 1239 omnia
1764 1194 1972 1256 sperat,
2013 1184 2196 1241 omnia

584 1270 935 1341 prmstolatur
964 1271 1007 1346 (Ι
1039 1269 1163 1329 Cor.
1202 1273 1344 1344 xm).
1381 1272 1447 1329 Et
1473 1273 1602 1346 quia
1629 1276 1873 1331 charitas
1901 1290 2195 1347 numquam

588 1364 817 1431 excidit,
860 1364 953 1436 qui
998 1365 1053 1421 in
1083 1364 1367 1421 charitatis
1394 1377 1475 1423 est
1518 1369 1770 1434 sanitate,
1818 1384 2112 1442 numquam
2142 1376 2197 1424 et

589 1456 708 1529 ipse
736 1460 965 1513 corruit.
992 1456 1275 1530 Siquidem
1323 1474 1424 1515 nec
1451 1459 1732 1517 tribulatio
1759 1476 1906 1530 eum,
1954 1476 2056 1517 nec
2099 1476 2198 1515 an-

588 1551 789 1623 gustia,
822 1568 923 1609 nec
970 1551 1163 1620 fames,
1195 1568 1296 1608 nec
1324 1554 1651 1623 persecutio,
1698 1569 1802 1610 nec
1830 1553 2064 1624 nuditas,
2094 1568 2197 1611 nec

588 1643 924 1715 periculum,
980 1659 1082 1700 nec
1106 1643 1316 1717 gladius
1356 1660 1610 1715 separare
1645 1648 1847 1716 poterit
1884 1661 1915 1700 a
1959 1647 2198 1704 sanitate

589 1735 896 1808 charitatis,
919 1752 1080 1807 quam
1114 1737 1371 1794 habuerit
1400 1738 1454 1793 in
1501 1736 1724 1797 Christo
1759 1740 1911 1797 Jesu.
1941 1739 2078 1809 Quid
2129 1739 2199 1797 de
2227 1742 2276 1805 Β

589 1827 769 1900 gladio
789 1838 845 1884 et
870 1829 1084 1884 caeteris
1114 1829 1416 1885 min0ribus
1444 1829 1662 1900 loquar,
1692 1846 1817 1902 quae
1846 1845 1953 1886 non
1972 1840 2197 1903 possunt

586 1935 711 1978 eum
749 1921 993 1977 dividere
1018 1964 1034 1989 ,
1095 1923 1189 1993 qui
1243 1922 1496 1979 sanitatis
1540 1921 1784 1994 possidet
1827 1924 2193 1985 charitatem:

591 2026 716 2068 cum
772 2027 873 2068 nec
911 2027 1081 2080 mors,
1118 2030 1218 2069 nec
1260 2016 1392 2081 vita,
1428 2029 1530 2072 nec
1556 2015 1756 2087 angeli,
1796 2032 1894 2073 nec
1926 2017 2200 2089 principa-

586 2112 696 2168 tus,
730 2118 833 2158 nec
864 2104 1177 2173 praesentia,
1222 2120 1325 2161 nec
1366 2104 1570 2169 futura,
1620 2121 1723 2161 nec
1767 2105 2050 2182 fortitudo,
2096 2122 2199 2167 nec

586 2193 839 2263 altitudo,
870 2210 972 2252 nec
1000 2194 1357 2265 profundum,
1392 2211 1493 2251 nec
1522 2196 1628 2251 alia
1655 2198 1914 2269 quaelibet
1944 2207 2196 2257 creatura

582 2286 757 2361 possit
787 2302 1041 2358 separare
1068 2303 1192 2343 eum
1222 2289 1312 2359 qui
1341 2287 1505 2343 habet
1524 2289 1847 2347 charitatem
1872 2291 2120 2348 sanitatis
2140 2292 2198 2350 in

585 2374 805 2434 Christo
827 2377 957 2433 Jesu
982 2380 1003 2432 ἲ
1035 2378 1092 2436 Si
1117 2379 1394 2435 intellecta
1420 2390 1503 2435 est
1533 2395 1562 2434 a
1591 2381 1752 2437 nobis
1779 2383 1989 2440 sanitas
2015 2382 2198 2440 chari-

588 2474 740 2540 tatis,
774 2472 843 2529 de
865 2473 1168 2543 Scripturis
1197 2473 1418 2544 aliquod
1441 2489 1721 2531 sumamus
1738 2477 2071 2546 exemplum,
2102 2491 2198 2533 eo-

586 2581 709 2623 rum
739 2566 829 2639 qui
863 2568 915 2622 in
948 2566 1265 2621 infirmitate
1311 2574 1437 2622 sunt
1478 2565 1786 2623 charitatis.
1832 2567 1925 2625 Ait
1948 2567 2200 2626 Salvator

588 2656 658 2714 de
678 2660 938 2715 extremis
959 2657 1297 2728 temporibus
1324 2676 1335 2711 :
1371 2658 1509 2723 Quia
1536 2674 1651 2713 cum
1680 2657 2021 2732 multiplicata
2044 2660 2200 2731 fuerit

586 2750 860 2822 iniquitas,
886 2751 1183 2823 refrigescet
1210 2750 1441 2806 charitas
1467 2751 1750 2806 multorum
1773 2750 1993 2822 (Matth.
2019 2753 2193 2825 xx1v).

587 2842 776 2900 Calida
807 2843 1008 2915 quippe
1040 2855 1122 2900 est
1150 2844 1389 2898 cltaritas
1420 2842 1474 2898 in
1510 2844 1594 2898 his
1619 2844 1712 2916 qui
1752 2841 1967 2900 fervent
2004 2844 2059 2898 in
2080 2845 2196 2915 Spi-

584 2937 693 2995 ritu
725 2956 738 2994 :
770 2938 971 3009 [rigens
998 2946 1177 2993 autem
1210 2947 1265 2993 et
1308 2937 1559 3008 glacialis
1605 2947 1657 2992 et
1683 2936 1858 3009 gelida
1889 2936 1942 2993 in
1974 2936 2059 2994 his
2102 2938 2195 3009 qui

583 3028 745 3085 ﬂatus
771 3029 1061 3102 Aquilonis
1089 3029 1415 3086 durissimos
1457 3044 1766 3098 suscepere.
1811 3029 1888 3083 Ab
1936 3029 2194 3098 Aquilone

583 3123 724 3178 enim
750 3124 1088 3179 exardescent
1121 3122 1263 3177 mala
1292 3138 1454 3192 super
1493 3139 1668 3178 omnes
1711 3121 2061 3177 inhabitantes
2092 3132 2197 3179 ter-
2220 3125 2267 3190 C

580 3233 697 3271 ram
721 3214 940 3291 (Jerem.
967 3233 1007 3281 ι,
1041 3215 1153 3287 Μ).
1185 3216 1263 3273 De
1289 3215 1393 3273 hoc
1420 3216 1625 3288 frigore
1654 3214 1936 3272 charitatis
1974 3224 2030 3272 et
2057 3218 2191 3271 Am-

578 3325 708 3367 mon
731 3311 783 3367 in
804 3326 993 3369 sorore
1014 3326 1110 3366 sua
1141 3310 1383 3367 Tuamar
1405 3310 1719 3381 obriguerat
1748 3310 1827 3384 (Il
1875 3309 2009 3381 Reg.
2040 3308 2190 3382 xui).

579 3401 909 3460 Timendurn
932 3419 1062 3476 ergo
1089 3419 1159 3458 ne
1184 3403 1325 3458 forte
1351 3413 1404 3459 et
1422 3418 1523 3458 nos
1550 3402 1650 3459 hac
1674 3403 1991 3459 inﬁrmitate
2011 3402 2193 3459 chari-

578 3496 712 3551 tatis
732 3494 1033 3566 aliquando
1060 3508 1405 3564 superentur.
1431 3493 1846 3565 Nonnumquam
1880 3498 2032 3551 enim
2062 3509 2194 3552 eve-

580 3585 684 3651 nit,
714 3596 774 3642 ut
806 3587 1043 3656 primum
1080 3599 1112 3640 a
1142 3586 1301 3641 nobis
1324 3586 1377 3639 in
1411 3585 1698 3655 virginem,
1731 3586 1847 3642 sive
1875 3586 1931 3641 in
1963 3586 2195 3657 quamli-

578 3672 674 3733 bet
694 3678 949 3732 feminam
977 3676 1043 3731 sit
1073 3688 1263 3730 sancta
1286 3674 1509 3733 dilectio
1534 3694 1547 3729 :
1574 3686 1625 3731 ct
1654 3692 1777 3733 cum
1811 3678 2014 3733 mollita
2037 3692 2193 3735 mens

575 3768 812 3827 fueritin
830 3769 1076 3835 affectus,
1107 3769 1366 3840 paulatim
1392 3770 1596 3827 sanitas
1625 3770 1904 3828 charitatis
1930 3773 2194 3844 languore

576 3862 863 3932 pallescat,
892 3871 949 3917 et
974 3861 1237 3918 inﬁrmari
1268 3861 1514 3931 incipiat,
1538 3872 1591 3917 et
1623 3862 1689 3918 ad
1716 3871 2015 3920 extremam
2042 3880 2194 3922 mor-

579 3959 689 4006 tem
713 3951 1029 4021 diligentem
1051 3951 1214 4008 ferat.
1234 3951 1390 4009 Unde
1417 3962 1471 4008 et
1500 3954 1796 4023 Apostolus
1815 3964 1971 4012 caute
1991 3964 2046 4012 et
2066 3971 2195 4027 pru-

580 4042 774 4099 denter
795 4040 1088 4099 Timotheo
1131 4044 1396 4116 praecipit,
1443 4054 1499 4100 ut
1527 4046 1846 4103 exltortetur
1872 4048 2196 4106 adolescen-

582 4136 724 4190 tulas
756 4136 811 4190 in
831 4137 979 4191 omni
1002 4138 1251 4193 castitate
1274 4136 1317 4209 (l
1347 4136 1483 4191 Tim.
1503 4139 1583 4206 v).
1610 4139 1798 4196 Omnis
1825 4137 2002 4195 autem
2026 4141 2193 4197 casti-

587 4236 674 4283 tas
695 4228 750 4283 in
779 4243 945 4283 carne
973 4237 1030 4284 et
1053 4228 1246 4299 spiritu
1273 4235 1327 4282 ct
1345 4227 1519 4283 anima
1547 4242 1627 4285 εει
1661 4248 1672 4281 :
1706 4245 1775 4284 ne
1802 4230 2195 4289 scandalizetur

582 4316 752 4393 716
771 4318 998 4386 oculus;
1028 4337 1096 4376 ne
1121 4321 1172 4374 in
1191 4320 1597 4391 pulchritudine
1627 4321 1809 4377 vultus
1841 4322 2054 4377 feminae
2075 4322 2191 4380 hat-

581 4423 769 4468 rentes
801 4411 1136 4483 pcndeamus
1159 4411 1269 4486 [ΑΙ.
1297 4412 1713 4486 impendeamus]
1739 4432 1750 4468 :
1783 4431 1848 4471 nc
1874 4414 2068 4471 blanda
2091 4431 2191 4473 nos

2296 464 2352 522 in
2381 466 2644 535 patientia
2677 483 2691 523 :
2720 474 2778 525 et
2801 468 3091 539 patientia,
3120 486 3241 541 qua
3270 470 3507 529 maxime
3546 472 3603 528 in
3634 474 3891 529 ιθιιιιιίοο

2295 557 2459 623 nibus
2485 560 2914 631 comprobatur:
2940 563 3071 634 quia
3090 562 3227 627 nihil
3250 564 3747 635 prodesthabuisse
3769 582 3898 638 qua:

2296 662 2461 720 supra
2485 655 2969 722 enumeravimus,
2999 655 3103 718 nisi
3135 671 3329 716 omnes
3351 658 3560 717 divitiae
3599 668 3659 721 et
3698 660 3897 721 nereiv

2297 744 2502 810 monia,
2534 745 2736 814 quibus
2774 756 2972 809 onusta
3015 751 3175 809 navis
3200 760 3313 818 est,
3340 751 3397 811 in
3422 762 3757 825 tempestate
3779 771 3899 814 sorb

2297 847 2515 903 ventur,
2538 846 2592 894 et
2630 838 2989 909 perﬂantibus
3012 843 3138 900 hinc
3165 843 3295 901 inde
3311 845 3515 913 ventis,
3528 847 3740 920 absque
3759 866 3899 906 usu-

2299 928 2472 1001 l'ragio
2518 945 2612 996 ea.
2660 948 2783 1001 qua:
2823 934 2965 993 bene
3013 945 3168 1005 parta
3198 947 3358 1006 sunt,
3419 938 3742 1003 liberantur.
3790 943 3901 1010 Qui

2299 1023 2447 1085 enim
2497 1025 2899 1093 perseuerauerit
2934 1043 3095 1098 usque
3137 1029 3192 1086 in
3221 1030 3404 1098 ﬁnem,
3449 1031 3534 1087 hic
3573 1032 3749 1093 adeas
3799 1036 3899 1088 erit

2299 1114 2519 1186 (Matth.
2554 1133 2704 1188 Inv,
2741 1119 2856 1191 15).

2371 1230 2556 1300 (Vere.
2582 1233 2621 1289 5
2637 1234 2817 1305 seqq.)
2847 1236 2993 1290 Anus
3017 1237 3256 1294 similiter
3268 1239 3324 1294 in
3354 1239 3531 1296 habita
3554 1251 3757 1310 sancta,
3790 1257 3895 1297 non

2297 1327 2632 1397 incentriees,
2656 1345 2757 1384 non
2792 1332 2913 1386 vino
2937 1332 3104 1387 multo
3128 1334 3440 1402 servientes;
3470 1335 3597 1391 bene
3622 1337 3894 1404 docentes,

2301 1431 2357 1475 ut
2383 1425 2454 1476 ad
2478 1426 2771 1480 castitatem
2796 1426 3043 1481 erudiant
3060 1428 3503 1499 adolescentulus,
3539 1442 3599 1487 ut
3617 1442 3803 1487 ament
3826 1432 3901 1487 vi-

2300 1532 2388 1571 ros
2422 1533 2563 1583 suos,
2595 1527 2653 1572 ut
2690 1530 2865 1573 ament
2902 1520 3041 1589 ﬁlios
3071 1538 3092 1575 :
3124 1522 3342 1589 pudicas
3364 1565 3379 1589 ,
3414 1536 3579 1580 castas
3599 1570 3613 1596 ,
3648 1526 3902 1582 habentes

2299 1609 2483 1665 domus
2513 1610 2863 1684 diligentiam,
2895 1612 3169 1685 benignas,
3201 1615 3435 1671 subditas
3478 1618 3603 1671 ciris
3644 1618 3793 1682 suis,
3842 1628 3905 1672 att

2302 1701 2509 1754 verbum
2530 1699 2631 1756 Dei
2653 1719 2755 1756 non
2785 1702 3191 1775 blasphemetur.
3212 1705 3450 1763 Tametsi
3480 1708 3763 1779 apostolus
3794 1708 3903 1765 Pe-

2304 1801 2422 1847 trus
2459 1796 2801 1862 praeceperit,
2851 1804 2907 1849 ut
2937 1796 3041 1851 viri
3064 1797 3335 1853 uxoribus
3361 1799 3478 1854 suis
3500 1810 3776 1871 tamquam
3809 1799 3903 1854 ln-

2301 1886 2528 1941 lirmiori
2552 1888 2776 1942 vasculo
2802 1888 3066 1944 honorem
3091 1891 3367 1961 tribuant,
3401 1907 3507 1948 non
3542 1901 3723 1950 tamen
3752 1894 3904 1950 arbi-

2300 1980 2555 2035 trantium
2581 1990 2687 2047 est,
2717 1982 2861 2052 quod
2891 1998 3050 2051 uxor,
3078 1999 3197 2055 quae
3214 1987 3460 2056 corporis
3489 1988 3768 2043 vasculum
3796 1990 3903 2043 ha-

2299 2072 2392 2129 bet
2438 2073 2738 2143 iniirmum,
2773 2076 2961 2131 statim
3000 2087 3054 2132 et
3098 2080 3279 2133 anima
3321 2077 3591 2135 infirmior
3613 2081 3702 2136 sit.
3735 2079 3904 2138 Uncle

2302 2180 2445 2221 nunc
2470 2167 2784 2237 praecipitur
2810 2169 2912 2232 eis,
2946 2179 3002 2224 ut
3032 2169 3085 2223 in
3109 2170 3241 2241 ipsis
3254 2186 3469 2243 quoque
3492 2172 3622 2227 illud
3644 2171 3903 2241 Apostuli

2299 2261 2642 2331 compleatur
2676 2280 2689 2317 :
2728 2260 2908 2317 Virtus
2937 2264 2991 2317 in
3027 2264 3331 2333 inﬁrmitate
3370 2267 3640 2340 perﬁcitur
3668 2265 3732 2339 (ll
3766 2264 3897 2322 Cor.

2300 2373 2397 2421 xu,
2429 2356 2509 2429 9),
2540 2367 2597 2413 et
2621 2358 2839 2424 dicitur,
2867 2368 2924 2413 ut
2948 2369 3005 2415 et
3022 2362 3203 2415 omnia
3238 2363 3492 2430 habeant,
3525 2377 3643 2434 qua:
3673 2361 3903 2418 senibus

2300 2450 2431 2507 viris
2461 2459 2589 2506 sunt
2614 2463 2881 2521 prmcepta
2908 2454 3300 2520 communiter,
3334 2455 3385 2508 in
3417 2469 3483 2509 eo
3513 2454 3721 2510 scilicet
3745 2454 3900 2526 quod

2300 2543 2375 2596 ait
2401 2563 2413 2594 :
2439 2545 2584 2597 Anus
2609 2543 2869 2607 similiter,
2899 2544 3003 2600 hoc
3026 2553 3130 2609 est,
3162 2546 3233 2599 ita
3265 2554 3325 2600 ut
3347 2546 3450 2601 viri
3480 2561 3662 2612 senas,
3692 2546 3745 2601 in
3778 2563 3897 2604 om-

2301 2633 2462 2689 nibus
2512 2633 2777 2703 honestte,
2833 2636 3052 2704 sobriae,
3096 2636 3332 2707 pudicae,
3382 2651 3533 2693 sanae
3583 2639 3636 2692 in
3677 2637 3803 2706 llde,
3841 2648 3902 2694 et

2300 2725 2588 2790 charitate,
2622 2737 2676 2783 et
2709 2726 2986 2795 patientia,
3018 2736 3074 2783 et
3106 2743 3204 2798 pro
3244 2744 3376 2785 sexu
3407 2746 3504 2785 suo
3531 2730 3631 2785 hoc
3656 2731 3903 2787 habeant

2301 2819 2613 2888 pr0prium,
2660 2827 2721 2875 ut
2762 2820 2869 2875 sint
2903 2822 2954 2874 in
2998 2820 3187 2875 habitu
3218 2831 3429 2889 sancto,
3461 2823 3579 2879 sive
3611 2834 3666 2877 nt
3699 2823 3901 2881 melius

2304 2911 2498 2981 legitur
2521 2913 2573 2965 in
2605 2911 2821 2978 Grtcco,
2851 2916 2901 2969 ἐν
2928 2919 3290 2989 καταστήματι
3311 2916 3658 2995 ἱεροπρεπεῖς,
3688 2927 3748 2973 ιιι
3778 2919 3903 2988 ipse

2300 3020 2512 3076 quoque
2539 3022 2725 3062 earum
2757 3009 3005 3063 incessus
3035 3018 3091 3064 et
3109 3020 3311 3079 motus,
3345 3011 3548 3073 vultus,
3580 3027 3785 3077 sermo,
3823 3012 3905 3067 si-

2301 3097 2564 3164 lentium,
2594 3099 2883 3167 quamdam
2918 3101 3132 3157 decoris
3161 3103 3301 3158 sacri
3342 3104 3635 3173 praeferant
3660 3105 3904 3174 dignita-

2300 3199 2432 3245 tem.
2490 3192 2555 3246 Et
2602 3193 2725 3260 quia
2767 3192 2871 3250 huc
2909 3210 3080 3263 genus
3131 3197 3567 3252 muliercularum
3600 3176 3723 3255 esse
3751 3200 3906 3255 solet

2298 3284 2599 3351 garrulum,
2624 3285 2777 3355 juxta
2808 3286 2937 3341 illud
2965 3304 2977 3340 :
3004 3287 3178 3343 Simul
3206 3299 3378 3345 autem
3401 3300 3448 3345 et
3476 3291 3654 3346 otiosae
3683 3292 3904 3348 discunt

2298 3376 2570 3431 circumire
2590 3377 2769 3432 domos
2798 3397 2817 3433 :
2845 3396 2946 3433 non
2972 3378 3142 3435 solum
3172 3391 3345 3438 autem
3380 3384 3574 3450 otioste,
3606 3384 3699 3439 sed
3720 3394 3769 3439 et
3786 3403 3905 3442 ver-

2298 3467 2453 3534 bosw,
2477 3480 2524 3522 et
2547 3471 2784 3536 curiostr,
2813 3469 3077 3541 loquentes
3107 3490 3222 3545 qua:
3274 3491 3375 3529 non
3432 3486 3630 3548 oportet
3682 3477 3729 3549 (Ι
3756 3476 3895 3536 Tim.

2297 3562 2352 3627 v,
2384 3560 2474 3633 15)
2506 3580 2519 3618 :
2551 3573 2835 3634 propterea
2884 3581 2980 3622 eas
3024 3568 3141 3622 vult
3184 3583 3306 3624 esse
3358 3584 3465 3625 non
3516 3568 3849 3627 incentriees
3877 3614 3895 3640 ,

2297 3651 2351 3707 id
2402 3663 2503 3718 est,
2562 3671 2669 3710 non
2724 3657 3111 3725 accusatrices,
3151 3674 3260 3714 non
3310 3660 3447 3715 tales
3499 3674 3619 3731 qua).
3671 3669 3730 3715 ut
3774 3662 3898 3717 aliis

2296 3745 2580 3813 placeant,
2618 3748 2685 3802 de
2725 3748 2849 3803 aliis
2890 3748 3202 3805 detrahant.
3249 3753 3353 3807 Aut
3399 3764 3547 3808 certe
3578 3753 3703 3824 quia
3758 3752 3897 3823 ipsa:

2296 3839 2458 3913 717
2490 3842 2917 3897 adolescentiam
2948 3845 3060 3913 jam
3094 3853 3446 3917 transgressa:
3474 3856 3630 3913 sunt,
3664 3845 3736 3902 de
3764 3847 3898 3902 ado—

2296 3932 2722 3990 lescentularum
2750 3936 3001 3991 aetatibus
3026 3935 3323 4006 disputent,
3352 3946 3405 3992 et
3428 3937 3613 3992 dicant
3641 3955 3655 3995 :
3687 3938 3780 3993 Illa
3817 3939 3896 3994 sic

2296 4034 2557 4092 ornatur,
2598 4027 2688 4081 illa
2736 4027 2816 4083 sic
2854 4029 3128 4093 comitur,
3180 4029 3260 4085 sic
3307 4029 3400 4085 illa
3445 4029 3721 4099 procedit:
3749 4038 3898 4085 amat

2297 4118 2479 4187 illum,
2520 4132 2733 4175 amatur
2762 4122 2829 4175 ab
2866 4121 2995 4177 illo:
3036 4137 3157 4176 cum
3185 4122 3346 4177 etiam
3384 4123 3427 4176 si
3460 4122 3574 4177 luce
3598 4137 3729 4178 vera
3760 4122 3891 4190 sint,

2296 4226 2404 4267 non
2455 4220 2563 4267 tam
2620 4213 2763 4282 apud
2812 4224 3049 4268 cancros
3094 4214 3331 4270 debeant
3372 4229 3671 4285 accusare,
3730 4230 3892 4286 quam

2295 4304 2469 4374 ipsam
2515 4311 2730 4360 secrete
2760 4303 2962 4360 Christi
2992 4304 3260 4362 charitate
3289 4308 3597 4374 corripere,
3639 4316 3697 4363 et
3723 4308 3894 4377 magis

2296 4395 2495 4453 docere
2527 4413 2594 4453 ne
2621 4396 2808 4464 faciat,
2843 4413 3002 4469 quam
3031 4399 3083 4453 in
3113 4400 3334 4470 publico
3353 4413 3611 4456 accusare
3638 4400 3786 4470 quod
3811 4399 3892 4455 fe-

580 4506 772 4563 auilire
822 4506 987 4562 verba
1040 4506 1278 4563 delectet
1308 4525 1322 4560 :
1356 4522 1425 4562 ne
1464 4506 1531 4563 ad
1569 4506 1853 4564 simulatos
1902 4522 2189 4567 sermones
2212 4507 2269 4575 D
2294 4490 2449 4545 δθτίίυ
2486 4490 2674 4547 δοΙθηῑ
2696 4490 2781 4545 διε
2808 4498 3017 4557 mines»
3048 4500 3074 4529 "
3095 4491 3221 4563 (ιυίει
3244 4493 3489 4561 οθτβοτῖε
3511 4492 3712 4547 [fixere
3738 4493 3894 4547 ¹⁰¹υ⁴

581 4611 738 4652 mens
768 4595 921 4667 prius
967 4594 1102 4652 dura
1149 4608 1471 4653 marcescat.
1502 4598 1743 4653 Caveant
1769 4613 1921 4672 ergo,
1956 4606 2017 4656 ut
2041 4600 2189 4655 dixi-

579 4702 735 4757 mus,
778 4694 887 4744 tam
913 4687 1147 4758 juvenes
1167 4704 1329 4760 quam
1383 4704 1576 4756 senes,
1628 4699 1736 4746 tam
1768 4690 2186 4749 adulescentulas

578 4795 742 4853 quam
767 4780 987 4849 vetulae,
1004 4791 1059 4837 et
1081 4781 1232 4837 omni
1252 4781 1528 4855 diligentia
1546 4782 1971 4841 custodiantcor
1993 4800 2149 4840 suum
2171 4803 2185 4841 :

2291 4582 2368 4638 ria
2399 4581 2509 4657 [ΑΙ.
2547 4582 2847 4655 luxuriam]
2878 4582 3030 4654 (licet
3058 4584 3169 4639 sint
3195 4583 3445 4655 plurimm
3464 4625 3480 4651 ,
3525 4597 3647 4653 quae
3672 4598 3779 4639 nec
3805 4597 3895 4638 ca-

2291 4699 2390 4739 nos
2420 4698 2550 4738 suos
2588 4683 2954 4749 erubescant,
2996 4692 3053 4739 et
3092 4696 3218 4740 ante
3244 4697 3460 4755 gregem
3488 4691 3751 4753 nepotum
3780 4692 3893 4739 tre-

2290 4792 2500 4840 mentes
2551 4784 2881 4854 virguncula:
2909 4782 3364 4856 componantur),
3392 4780 3421 4822 ι)
3443 4783 3568 4839 vino
3596 4798 3658 4839 se
3684 4782 3891 4839 dedere

579 4888 652 4929 ne
697 4889 793 4943 per
820 4872 1111 4929 sanitatem
1146 4872 1484 4941 dilectionis,
1521 4875 1747 4931 morbus
1787 4877 2069 4933 charitatis
2104 4878 2190 4934 in-
2290 4891 2389 4947 pro
2412 4874 2672 4934 libidine:
2700 4885 2756 4931 et
2782 4891 2906 4931 cum
2930 4876 3073 4932 inter
3095 4877 3283 4946 pocula
3306 4877 3407 4933 sibi
3433 4874 3732 4949 prudentes
3759 4878 3895 4933 vise

578 4975 778 5033 troeat,
809 4975 866 5023 et
896 4983 994 5036 per
1023 4982 1272 5022 amorem
1301 4978 1574 5031 sanctum,
1607 4967 1701 5022 liat
1728 4983 1835 5024 non
1867 4980 2057 5024 sancta
2098 4969 2184 5025 di-

2287 4966 2489 5024 fuerint
2517 4980 2572 5023 et
2601 4965 2875 5035 facundae,
2918 4984 3129 5024 morum
3159 4970 3311 5040 quasi
3337 4968 3711 5027 austeritatem
3737 4984 3895 5026 assu-

576 5060 772 5128 lectio,
805 5074 928 5131 qua:
958 5057 1087 5114 illos
1110 5057 1395 5129 pertrahat
1429 5059 1496 5113 ad
1528 5058 1857 5130 gehennam.
1892 5059 1994 5129 Qui
2022 5076 2192 5118 sanus
2290 5074 2461 5129 more,
2492 5059 2779 5132 loquentes
2811 5059 2913 5117 hoc
2933 5060 3078 5133 quod
3110 5060 3213 5118 sibi
3242 5061 3498 5119 videntur
3522 5075 3669 5129 esse.
3699 5073 3757 5119 et
3783 5078 3892 5119 non

655 5238 679 5266 οι
710 5227 854 5284 Editi
905 5239 1032 5283 ante
1083 5227 1186 5283 hos
1234 5226 1357 5282 libri
1397 5226 1605 5282 nullum
1639 5226 1845 5284 habent
1875 5242 2095 5284 sensum
2129 5232 2184 5285 in

576 5299 683 5357 hac
729 5299 1024 5370 perieope;
1070 5299 1143 5354 ibi
1184 5300 1333 5353 enim
1366 5298 1566 5370 legitur
1616 5302 1719 5354 hoc
1745 5299 1951 5355 modo:
2002 5299 2187 5356 Solent

578 5370 662 5442 Ita!
687 5369 891 5437 tetates,
930 5373 1056 5442 quia
1099 5370 1337 5440 corporis
1376 5369 1880 5442 {rixaeluxuriam
1914 5370 2057 5441 (licet
2083 5371 2188 5442 sint

580 5440 824 5510 plurima:
840 5484 855 5507 ,
878 5440 998 5507 qua
1024 5456 1115 5495 nec
1142 5456 1301 5495 canos
1326 5455 1453 5512 me
1490 5440 1815 5512 erubescant,
1846 5449 1895 5494 et
1928 5440 2048 5494 ante
2066 5440 2199 5512 gn!

578 5526 697 5577 gem
750 5522 998 5582 nepotum
1024 5554 1038 5578 ,
1090 5519 1364 5566 tremum
1404 5510 1728 5581 arguentis
1750 5510 2184 5582 componantur),

581 5596 700 5634 vino
727 5597 779 5633 se
817 5579 1015 5637 dedere
1042 5622 1056 5646 .
1107 5589 1215 5637 etc.
1276 5596 1378 5636 nos
1424 5579 1754 5638 auctoritate
1782 5579 2183 5649 exemplarium

582 5650 1078 5711 manuscripturum
1126 5665 1352 5711 sensus-
1399 5665 1463 5709 ac
1504 5651 1667 5709 verba
1706 5650 2005 5709 restituere
2028 5664 2186 5709 cura-

585 5715 782 5774 vimus.
820 5715 1004 5773 Mur.

2364 5230 2394 5271 δ
2422 5231 2672 5306 Martian.
2717 5239 2797 5306 ut
2820 5234 3067 5306 voculam
3096 5234 3181 5290 hic
3214 5236 3515 5302 interserit,
3547 5252 3654 5306 qua
3680 5237 3892 5293 intrusa

2296 5311 2444 5377 totus
2487 5303 2704 5377 deperit
2734 5304 3175 5377 Hieronymianat
3198 5306 3490 5367 semetitite
3513 5303 3671 5377 lepor
3693 5317 3756 5364 et
3787 5312 3889 5362 vis.

2294 5375 2493 5457 iocose
2537 5375 2749 5461 scilicet
2798 5375 2959 5461 atque
3002 5380 3275 5461 signaiora»;
3317 5379 3375 5432 8.
3405 5375 3584 5437 Pater
3613 5387 3891 5461 trementes

2294 5444 2628 5526 uirgunculas
2656 5447 2898 5515 appellat
2921 5444 3060 5501 anu;
3084 5448 3231 5511 itm,
3262 5463 3561 5530 quierugas
3582 5449 3764 5508 aniles
3789 5465 3889 5518 po—

2295 5513 2455 5580 ltunt,
2508 5532 2572 5573 ac
2592 5517 2723 5572 dum
2770 5533 2834 5573 se
2858 5528 3202 5587 componunt
3249 5533 3411 5588 quast
3436 5519 3885 5581 adulescentulas,

2294 5556 2581 5660 iiii}:th
2592 5556 3418 5660 ἷέὧοῖιῖἕὶἁζῖ.“ἥ’ἱιὶιιὲ¹ιὶί“ιέἷιὶ
3436 5556 3886 5647 summa;

2292 5654 2451 5731 pigrae
2497 5658 2680 5731 verbis
2720 5659 2867 5731 ridet
2891 5660 3056 5728 epist.
3086 5654 3202 5727 38,
3248 5660 3318 5719 de
3346 5658 3728 5731 Egrotatione
3757 5659 3883 5715 Ble-

2293 5725 2434 5784 sillae
2461 5728 2528 5785 ad
2562 5728 2874 5786 Marcellam
2900 5725 3053 5786 tium.
3080 5731 3147 5787 ὃς
3189 5725 3307 5801 quae
3328 5725 3548 5801 denique
3570 5741 3697 5787 ante
3722 5746 3887 5798 trepo-
