4032 6348
266 269 371 330 585

822 263 1483 325 COMMENTARIORUM
1522 263 1591 323 IN
1631 250 1861 325 EPlSTC

1965 265 2158 325 .M'AD
2196 266 2415 327 TITUM
2452 267 2682 328 LIBER.
2724 270 2881 331 CAP.
2923 273 2989 330 ll.

3449 278 3558 337 586

252 386 471 458 jicitur.
500 384 572 442 Et
590 385 865 454 quomodo
901 401 1002 458 pro
1028 387 1189 443 nobis
1210 387 1414 444 dicitur
1440 403 1563 445 esse
1586 389 1852 443 maledic-
1878 391 1931 451 Α
1959 391 2071 445 sint
2095 364 2500 461 complacentes
2547 393 2842 450 conditioni
2865 408 2975 448 suae
3001 409 3019 448 :
3045 398 3102 448 ut
3126 405 3238 449 non
3262 390 3439 449 ferant
3471 409 3561 452 as-

256 492 394 550 tum,
428 496 549 538 cum
580 496 687 536 non
722 481 797 535 sit
824 480 1205 549 maledictum,
1231 481 1328 536 sed
1357 497 1480 537 vera
1513 482 1853 540 benedictio:

253 572 327 629 ita
359 590 458 647 pro
485 574 670 641 nobis,
726 573 814 628 vel
848 572 1125 644 subjectus
1156 575 1442 641 scribitur,
1479 574 1564 628 vel
1594 590 1701 629 non
1730 575 1857 630 sub—

243 667 430 741 jeCtus
449 684 464 722 :
483 666 530 722 si
552 674 650 722 aut
676 663 881 721 subditi
909 666 1172 722 fuerimus
1204 666 1339 732 Deo,
1368 678 1461 721 aut
1492 684 1604 722 non
1631 667 1852 723 subditi.

251 760 489 830 Quidam
518 759 665 815 hunc
695 758 876 815 locum
907 760 978 815 ita
1007 760 1200 831 legunt
1225 778 1239 816 :
1272 760 1419 818 Servi
1474 762 1697 818 dominis
1746 764 1857 817 suis

248 852 453 908 subditi
485 855 612 918 sint,
632 861 687 908 et
703 860 995 922 postquam
1027 852 1135 909 huc
1163 869 1336 924 usque
1366 852 1743 920 distinxerim,
1774 853 1857 909 in-

249 944 463 1016 ferunt,
496 945 549 1000 in
568 944 808 1001 omnibus
832 946 1069 1017 placeant
1097 961 1117 1002 :
1139 960 1264 1001 eum
1311 946 1364 1000 in
1394 946 1587 1003 Graeco
1614 946 1757 1001 alius
1787 945 1859 1001 sit

247 1036 392 1094 ordo
411 1036 683 1105 lectionis,
714 1036 769 1092 id
792 1044 897 1103 est,
925 1036 1060 1092 servi
1087 1038 1311 1093 dominis
1332 1039 1441 1093 suis
1467 1037 1662 1094 subditi
1683 1037 1856 1092 sintin

248 1129 526 1195 omnibus;
561 1140 617 1184 ut
640 1136 929 1199 sequatur,
963 1132 1267 1209 εὐαρέστους
1290 1125 1412 1186 εἶναι
1446 1148 1460 1186 :
1489 1128 1633 1201 quod
1658 1143 1758 1183 nos
1787 1128 1856 1183 li-

246 1233 340 1281 cet
363 1239 471 1278 non
488 1221 668 1293 plene,
690 1232 871 1278 tamen
885 1238 950 1277 cx
976 1232 1134 1292 parte
1158 1224 1337 1294 aliqua
1363 1223 1713 1292 interpretari
1732 1236 1859 1292 pos-

246 1331 466 1381 Sumus,
494 1324 549 1370 ut
570 1315 930 1380 complaceant
956 1314 1053 1368 sibi
1077 1330 1098 1369 :
1127 1329 1196 1368 ne
1224 1314 1481 1369 videlicet
1509 1329 1678 1381 super
1706 1330 1855 1368 con-

246 1412 463 1466 ditione
492 1425 589 1465 sua
620 1408 874 1465 videatur
912 1408 993 1465 eis
1022 1407 1117 1464 Dei
1160 1407 1344 1477 iniqua
1392 1406 1694 1463 sententia.
1744 1405 1856 1461 Sed

246 1501 535 1574 quomodo
576 1515 788 1573 pauper
814 1500 975 1570 juxta
1007 1515 1319 1557 mensuram
1352 1515 1506 1556 suam
1538 1499 1739 1555 salvari
1761 1514 1857 1570 po-

250 1602 400 1661 test;
426 1603 484 1650 et
512 1593 711 1650 mulier
737 1592 790 1649 in
818 1608 983 1649 sexus
1007 1590 1321 1648 inﬁrmitate
1350 1607 1381 1647 a
1404 1607 1571 1663 regno
1619 1592 1715 1647 Dei
1747 1606 1854 1647 non

246 1685 589 1749 excluditur.
638 1693 695 1743 et
717 1685 896 1741 omnis
946 1683 1194 1741 conditio
1245 1685 1547 1741 secundum
1604 1683 1853 1739 ordinem

1959 498 2092 553 pere
2119 486 2462 551 servitutem,
2497 500 2604 540 non
2628 485 3009 540 contradicunt
3051 484 3311 553 dominis,
3337 500 3449 539 non
3477 484 3562 541 fu-

1957 564 2166 645 rentur,
2196 591 2250 631 et
2281 586 2399 646 post
2432 578 2547 634 haec
2580 579 2631 632 in
2654 578 2908 634 omnibus
2961 577 3121 634 [idem
3153 579 3349 634 bonam
3374 587 3561 637 osten-

1956 668 2106 734 dant,
2162 682 2218 724 ut
2244 672 2544 728 doctrinam
2588 672 2895 729 Salvatoris
2922 672 3019 728 Dei
3052 672 3224 727 nostri
3273 681 3473 729 ornent
3505 673 3563 730 in
3640 724 3647 733 .

1956 762 2233 817 omnibus.
2262 760 2317 819 Si
2340 764 2660 835 enimapud
2689 764 2938 821 carnales
2965 764 3217 821 dominos
3243 762 3298 820 in
3330 764 3565 824 minimo

1958 851 2148 909 ﬁdeles
2197 854 2441 921 fuerint,
2488 856 2749 927 incipient
2803 858 2886 913 eis
2938 858 3081 930 apud
3137 858 3311 914 Deum
3350 858 3562 930 majora

1958 942 2249 997 committi.
2302 944 2475 1000 Ornat
2503 956 2686 1001 autem
2718 946 3031 1003 doctrinam
3085 948 3322 1017 Domini,
3365 950 3457 1021 qui
3495 965 3561 1006 ea

1958 1047 2081 1102 quae
2116 1034 2420 1090 conditioni
2446 1053 2560 1093 sum
2590 1046 2721 1108 apta
2751 1049 2898 1105 sunt,
2949 1039 3103 1096 facit.
3155 1041 3225 1097 Et
3271 1057 3303 1098 e
3343 1041 3563 1100 diverso

1958 1128 2240 1183 confundit
2263 1144 2402 1194 eam,
2450 1130 2542 1202 qui
2596 1146 2706 1185 non
2759 1139 2845 1188 est
2888 1132 3170 1204 subjectus
3202 1135 3256 1190 in
3282 1136 3561 1205 omnibus,

1958 1216 2042 1273 cui
2097 1218 2340 1275 conditio
2382 1234 2479 1273 sua
2528 1218 2802 1289 displicet,
2831 1220 2927 1291 qui
2969 1223 3343 1280 contradictor
3392 1234 3562 1295 atque

1958 1306 2240 1364 fraudator
2282 1309 2339 1364 in
2386 1310 2535 1366 nullo
2564 1311 2726 1366 ﬁdem
2759 1312 2958 1367 bonam
2987 1314 3248 1369 ostendit.
3281 1315 3568 1382 Quomodo

1958 1401 2106 1455 enim
2160 1410 2342 1471 potest
2396 1402 2503 1474 [ΑΙ.
2530 1404 2755 1477 poterit]
2796 1404 2973 1462 ﬁdelis
3021 1421 3145 1463 esse
3173 1408 3225 1463 in
3258 1409 3563 1467 substantia

1959 1493 2086 1561 Dei,
2125 1496 2219 1566 qui
2274 1495 2486 1552 carnali
2526 1497 2751 1554 domino
2796 1498 2960 1557 (idem
3015 1500 3279 1558 exhibere
3310 1517 3416 1558 non
3467 1518 3566 1574 po-

1958 1586 2096 1642 tuit?

2031 1677 2196 1751 724
2235 1678 2425 1751 (Vers.
2479 1681 2548 1737 12
2598 1682 2782 1755 seqq.)
2823 1681 3014 1739 Illuxit
3061 1684 3198 1740 enim
3250 1686 3426 1756 gratia
3463 1684 3563 1743 Dei

240 1795 412 1835 suum
438 1777 830 1834 beatitudinem
860 1792 1056 1846 capere
1079 1786 1262 1845 potest
1288 1794 1302 1832 :
1346 1779 1419 1833 ita
1449 1786 1505 1833 et
1530 1778 1671 1834 servi
1711 1792 1859 1833 com-
1889 1778 1936 1838 Β
1966 1770 2257 1828 Saluatoris
2284 1776 2523 1831 onmibus
2561 1777 2858 1833 hominibus
2886 1777 3132 1834 erudiens
3162 1795 3277 1848 nos,
3321 1788 3379 1833 ut
3409 1781 3570 1834 abne-

238 1871 506 1944 placeant
533 1868 639 1926 sibi
671 1868 816 1940 quod
847 1869 991 1925 servi
1021 1869 1132 1925 sint
1162 1886 1175 1923 :
1206 1878 1263 1925 et
1283 1884 1389 1924 non
1435 1868 1637 1925 ideirco
1658 1877 1852 1940 putent

240 1965 367 2021 Deo
397 1979 458 2020 se
487 1962 698 2020 servire
721 1976 828 2018 non
852 1976 1037 2033 posse,
1069 1963 1195 2033 quia
1215 1961 1444 2032 subjecti
1474 1961 1585 2017 sint
1613 1961 1851 2017 homini-

242 2055 386 2122 bus;
418 2054 517 2112 sed
545 2055 598 2111 in
629 2069 696 2111 eo
722 2052 898 2125 magis
911 2053 1127 2124 placere
1151 2053 1419 2109 voluntati
1447 2054 1563 2122 Dei,
1597 2052 1644 2109 si
1674 2064 1727 2109 et
1754 2052 1853 2109 do-

242 2150 421 2208 minis
450 2151 563 2208 suis
605 2151 807 2208 subditi
846 2150 1051 2207 fuerint
1096 2150 1150 2205 in
1182 2150 1457 2215 omnibus,
1507 2158 1564 2206 et
1610 2150 1854 2219 compla-

244 2242 468 2300 cuerint
516 2242 620 2321 sibi
671 2242 726 2299 in
769 2241 1093 2299 conditione
1121 2257 1254 2309 sua;
1295 2249 1353 2298 et
1403 2242 1548 2313 quod
1594 2241 1851 2313 deinceps

246 2333 552 2407 Apostolus
582 2334 837 2406 praecipit
888 2345 1280 2405 exsequantur,
1310 2343 1368 2389 ut
1411 2348 1520 2389 non
1572 2333 1685 2390 sint
1721 2349 1853 2389 con-

247 2428 622 2495 tradicentes,
688 2442 798 2485 non
860 2427 1132 2484 furantes.
1197 2426 1299 2482 Vel
1378 2427 1676 2483 maximum
1736 2442 1853 2483 ser-

247 2535 446 2577 vorum
499 2521 693 2577 vitium
746 2529 853 2590 est,
904 2519 1146 2576 dominis
1178 2518 1581 2588 contradicere,
1630 2527 1685 2575 et
1730 2534 1853 2574 cum

249 2612 461 2684 aliquid
520 2611 829 2684 jusserint,
889 2626 1077 2670 secum
1130 2611 1443 2668 mussitare.
1515 2611 1702 2683 Itaque
1756 2612 1854 2667 Ti-

247 2710 369 2760 tum
432 2710 771 2772 commonet,
820 2712 881 2759 ut
926 2719 1027 2775 per
1079 2702 1385 2760 doctrinam
1439 2717 1630 2758 sanam
1677 2702 1854 2758 abhis

251 2797 349 2870 qui
370 2797 667 2854 Christiani
689 2796 834 2854 servi
860 2806 1007 2865 sunt,
1056 2795 1364 2853 istiusmodi
1396 2794 1609 2852 auferat
1636 2794 1852 2867 passio-

252 2906 406 2948 nem.
439 2890 499 2947 Si
526 2891 670 2947 enim
700 2905 824 2963 qua:
867 2889 1124 2947 dominus
1164 2889 1327 2962 723
1371 2887 1604 2960 imperat
1630 2902 1855 2945 necesse

249 2980 425 3038 habet
446 2997 644 3038 servus
671 2981 900 3054 implere
929 2999 944 3037 :
969 2996 1065 3039 cur
1085 2980 1191 3038 hoc
1220 2981 1397 3052 ipsum
1427 2995 1537 3037 non
1564 2996 1687 3038 cum
1714 2981 1855 3037 bona

249 3074 426 3131 faciat
453 3074 767 3141 voluntate;
795 3074 893 3131 sed
935 3082 991 3131 et
1019 3074 1302 3131 dominum
1332 3072 1596 3143 offendat,
1647 3082 1746 3130 aet
1775 3082 1858 3129 ta-

1955 1876 2133 1938 gantes
2182 1868 2500 1933 impietatem
2545 1878 2591 1925 et
2612 1870 2890 1924 saecularia
2939 1871 3220 1939 desideria,
3268 1872 3482 1942 pudice,
3514 1880 3566 1928 et

1947 1961 2108 2031 juste,
2144 1967 2191 2013 et
2220 1959 2303 2031 pie
2327 1961 2556 2014 vivamus
2586 1961 2644 2014 in
2668 1961 2765 2015 hoc
2787 1962 2982 2016 sacculo
3012 1978 3030 2015 :
3055 1970 3412 2031 exspectantes
3443 1964 3568 2018 bea-

1956 2060 2064 2103 tam
2096 2067 2262 2119 spem,
2288 2062 2338 2105 et
2370 2050 2647 2105 adventum
2671 2052 2857 2123 gloriae
2896 2055 3068 2124 magni
3093 2050 3213 2118 Dei,
3249 2061 3298 2107 et
3320 2053 3567 2109 Salvato-

1955 2146 2027 2200 ris
2057 2148 2220 2201 nostri
2243 2146 2371 2203 Jesu
2402 2147 2600 2202 Christi
2637 2166 2656 2204 :
2687 2150 2776 2219 qui
2801 2149 2947 2205 dedit
2995 2151 3327 2222 semetipsum
3353 2169 3447 2223 pro
3471 2169 3566 2209 no-

1957 2237 2053 2304 bis,
2079 2249 2134 2292 ut
2159 2255 2251 2292 nos
2280 2238 2553 2293 redimeret
2597 2240 2662 2293 ab
2712 2241 2851 2293 omni
2877 2239 3171 2310 iniquitate,
3218 2251 3266 2297 et
3288 2244 3567 2299 ntundaret

1955 2331 2055 2385 sibi
2075 2330 2330 2402 populum
2351 2332 2635 2405 egregium,
2661 2332 3025 2387 wmulatorem
3047 2333 3301 2388 bonorum
3328 2351 3567 2406 operum.

1956 2423 2090 2480 Post
2108 2425 2414 2497 catalogum
2452 2424 2718 2480 doctrinm
2740 2424 2809 2479 ad
2836 2423 3044 2494 Titum,
3078 2425 3208 2495 quid
3231 2440 3417 2493 senes,
3435 2426 3569 2497 quid

1957 2532 2118 2584 anus,
2141 2518 2271 2589 quid
2301 2518 2747 2575 adolescentulas
2773 2527 2828 2574 et
2853 2518 3113 2589 juvenes,
3136 2519 3265 2589 quid
3291 2518 3360 2575 ad
3383 2528 3570 2577 extre-

1959 2626 2106 2665 mum
2139 2626 2334 2667 servos
2372 2610 2596 2667 erudire
2620 2609 2874 2677 deberet,
2898 2618 3051 2666 recte
3075 2626 3226 2667 nunc
3257 2612 3465 2667 intulit.
3490 2610 3571 2665 Il-

1958 2703 2087 2759 luxit
2104 2704 2238 2759 enim
2250 2705 2421 2777 gratia
2434 2704 2531 2758 Dei
2546 2703 2836 2760 Saluatoris
2859 2704 3096 2758 erunibus
3111 2703 3425 2759 hominibus.
3445 2703 3568 2761 Non

1958 2803 2043 2851 est
2068 2793 2213 2851 enim
2247 2794 2433 2865 aliqua
2464 2793 2777 2851 diﬂ‘erentia
2810 2793 2970 2850 liberi
2998 2802 3053 2851 et
3081 2794 3252 2863 servi,
3307 2794 3487 2852 Graeci
3511 2805 3568 2852 et

1958 2884 2204 2953 barbari,
2246 2884 2586 2951 circumcisi,
2611 2884 2943 2940 etbabentis
2976 2885 3332 2956 praeputium,
3374 2886 3575 2942 mulie-

1958 2979 2035 3035 ris
2057 2988 2112 3034 et
2141 2978 2245 3033 viri
2279 2994 2291 3032 :
2317 2977 2415 3033 sed
2444 2977 2627 3034 cuncti
2654 2979 2708 3032 in
2734 2975 2963 3034 Christo
2993 2992 3159 3034 unum
3188 2993 3401 3047 sumus,
3449 2979 3571 3036 uni-

1959 3072 2106 3128 versi
2145 3070 2212 3126 ad
2245 3070 2344 3127 Dei
2390 3085 2621 3141 regnum
2669 3062 2952 3138 vocamur,
2973 3067 3179 3140 bmnes
3232 3080 3359 3142 post
3386 3071 3567 3130 olTen-

252 3181 385 3223 men
410 3164 574 3221 faciat
603 3165 747 3238 quod
769 3166 994 3237 jubetur
1026 3184 1040 3221 :
1069 3167 1307 3222 maxime
1355 3181 1479 3225 cum
1522 3174 1581 3222 et
1615 3167 1758 3223 Deus
1786 3165 1857 3221 ad
1884 3165 1929 3228 C
1962 3178 2078 3220 sam
2113 3163 2263 3219 Patri
2316 3173 2507 3219 nostro
2533 3161 2563 3203 δ
2591 3163 2993 3232 reconciliandi
3052 3180 3275 3231 sumus;
3328 3181 3439 3222 non
3468 3182 3572 3236 per

252 3273 457 3328 aquam
485 3257 941 3315 contradictionis
971 3256 1211 3314 olfensus
1236 3257 1354 3314 sit?
1400 3258 1469 3314 Et
1506 3256 1563 3313 in
1591 3258 1701 3313 alio
1735 3258 1857 3315 loco

256 3349 333 3406 de
354 3356 731 3407 murmurante
753 3349 957 3422 populo
976 3349 1232 3421 loquatur
1259 3367 1275 3407 :
1315 3348 1532 3405 Desinat
1554 3367 1586 3405 a
1610 3367 1691 3405 me
1719 3358 1860 3404 mur-

254 3445 489 3499 muratio
512 3459 709 3511 eorum,
756 3452 805 3499 et
840 3460 948 3499 non
998 3444 1280 3499 morientur
1324 3442 1517 3516 (Num.
1548 3441 1687 3515 xtv).
1730 3445 1860 3501 Post

256 3536 751 3594 contradictionem
789 3544 846 3593 et
881 3535 1031 3593 aliud
1076 3551 1361 3594 servorum
1388 3537 1578 3594 vitium
1609 3538 1858 3594 doctrina

256 3628 465 3685 Christi
498 3630 760 3701 corrigat,
793 3645 857 3683 ne
886 3632 1029 3699 fures
1054 3629 1175 3684 sint.
1209 3629 1322 3684 Fur
1343 3640 1525 3686 autem
1547 3645 1657 3686 non
1679 3631 1858 3687 solum

257 3719 320 3777 in
349 3720 669 3792 majoribus,
697 3721 792 3779 sed
820 3722 983 3778 etiam
1008 3720 1066 3777 in
1090 3721 1390 3778 minoribus
1416 3721 1711 3793 iudicatur.
1740 3723 1861 3780 Non

260 3813 409 3869 enim
440 3812 495 3869 id
524 3812 675 3885 quod
713 3812 863 3869 furto
893 3812 1132 3869 ablatum
1158 3821 1265 3879 est,
1300 3813 1394 3868 sed
1446 3829 1603 3872 mens
1632 3814 1863 3872 furantis

261 3904 587 3960 attenditur.
631 3904 917 3974 Quomodo
960 3903 1017 3960 in
1065 3902 1425 3960 fornicatione
1468 3913 1525 3960 et
1568 3905 1860 3976 adulterio,

262 4014 375 4055 non
401 3998 607 4056 idcirco
633 3998 853 4055 diversa
894 3999 967 4055 sit
990 3998 1277 4056 fornicatio
1302 4009 1396 4056 aut
1424 4000 1781 4068 adulterium,
1814 4004 1863 4057 si

263 4091 514 4164 pulchra,
548 4092 634 4148 vel
655 4093 829 4161 dives,
881 4090 1144 4148 deformis
1191 4102 1286 4148 aut
1329 4108 1554 4164 pauper,
1600 4094 1863 4151 meretrix

264 4183 360 4240 vel
384 4183 633 4240 adultera
660 4185 733 4240 sit
773 4198 789 4237 :
828 4183 924 4239 sed
950 4183 1368 4255 qualiscumque
1412 4183 1504 4239 illa
1537 4184 1723 4253 fuerit,
1754 4201 1864 4242 una

267 4285 358 4333 est
382 4276 692 4343 lornicatio,
722 4275 812 4332 vel
839 4274 1191 4332 adulterium.
1235 4275 1312 4331 Ita
1335 4277 1466 4332 etin
1499 4277 1667 4345 furto,
1693 4294 1866 4350 quan-

268 4376 626 4437 tumcumque
653 4381 843 4423 servus
869 4367 1178 4433 abstulerit,
1206 4366 1338 4423 furti
1367 4369 1577 4425 crimen
1613 4370 1863 4428 incurrit.

270 4456 433 4515 Unde
479 4470 534 4514 et
579 4458 634 4512 in
673 4458 843 4530 Moysi
887 4460 1009 4532 lege
1058 4458 1212 4516 fures
1243 4474 1649 4533 nonnumquam
1676 4474 1864 4536 septu-

1961 3251 2158 3312 merita
2192 3265 2397 3323 nostra,
2420 3255 2518 3311 sed
2539 3271 2639 3325 per
2665 3255 2898 3327 gratiam
2930 3255 3229 3313 Salvatoris
3257 3272 3273 3310 :
3304 3258 3391 3313 vel
3418 3258 3568 3327 quod

1961 3346 2058 3403 Dei
2090 3346 2266 3402 Patris
2293 3346 2488 3402 vivens
2516 3355 2574 3401 et
2604 3346 2916 3402 subsistens
2938 3346 3110 3417 gratia
3141 3348 3262 3419 ipse
3285 3348 3360 3404 sit
3407 3349 3572 3406 Chri-

1961 3448 2125 3533 stus
2157 3439 2244 3495 vel
2276 3439 2420 3510 quod
2453 3438 2660 3495 Christi
2689 3439 2787 3495 Dei
2830 3440 3131 3533 salvatoris
3160 3440 3279 3498 haec
3324 3443 3401 3498 sit
3441 3458 3568 3514 gra-

1962 3532 2039 3587 tia
2065 3532 2089 3563 ’⁷
2109 3542 2162 3588 et
2188 3548 2299 3587 non
2329 3541 2520 3587 nostro
2559 3532 2758 3587 merito
2788 3532 2984 3589 salvati
3024 3535 3227 3601 simus,
3257 3536 3566 3594 secundum

1961 3623 2099 3679 illud
2128 3622 2275 3694 quod
2299 3623 2355 3679 in
2384 3624 2494 3679 alio
2540 3623 2663 3679 loco
2687 3623 2890 3679 dicitur
2926 3642 2941 3681 :
2970 3623 3078 3680 Pro
3124 3625 3290 3682 nihilo
3342 3629 3567 3686 salvabis

1964 3733 2050 3772 eos
2076 3715 2257 3785 (Psal.
2291 3732 2378 3783 LV,
2407 3715 2491 3787 8).
2543 3717 2676 3785 Qua:
2716 3718 2889 3788 gratia
2934 3717 3191 3779 omnibus
3250 3720 3571 3780 hominibus

1963 3807 2090 3864 ideo
2116 3807 2323 3876 illuxit,
2351 3818 2409 3864 ut
2439 3809 2690 3865 erudiret
2720 3825 2820 3864 nos
2840 3809 3187 3881 abnegantes
3224 3811 3576 3885 impietatem

1965 3913 2019 3958 et
2050 3902 2332 3957 saecularia
2366 3902 2660 3971 desideria,
2686 3903 2908 3973 pudice,
2930 3912 2986 3959 et
3002 3903 3151 3973 juste
3182 3913 3238 3961 et
3268 3908 3361 3976 pie
3379 3909 3569 3967 vivere

1966 3993 2021 4049 in
2047 3993 2153 4050 hoc
2172 3994 2399 4050 smculo.
2422 3994 2561 4064 Quid
2590 3996 2662 4050 sit
2691 4004 2878 4051 autem
2901 3995 3180 4067 abnegare
3206 3997 3572 4072 impietatem,

1966 4090 2324 4147 etsaecularia
2347 4090 2647 4159 desideria,
2671 4106 2740 4147 ex
2754 4106 2822 4147 eo
2835 4093 2978 4162 quod
3005 4107 3168 4164 supra
3192 4094 3568 4167 exposuimus,

1967 4183 2137 4240 Deum
2150 4187 2466 4256 conﬁtentur
2482 4203 2538 4241 se
2551 4203 2718 4250 nosse,
2741 4191 2771 4258 ι’
2767 4189 2894 4243 actis
2907 4197 3077 4242 autem
3103 4199 3315 4260 negant,
3341 4188 3574 4262 intelligi

1969 4292 2130 4348 posse
2143 4278 2382 4344 conﬁdo,
2400 4288 2453 4333 et
2469 4293 2567 4348 per
2580 4280 2859 4335 contraria
2881 4278 3117 4336 disserta
3131 4283 3428 4337 contraria.
3457 4283 3576 4340 Ste-

1968 4368 2178 4425 culatia
2209 4385 2341 4441 ergo
2362 4369 2635 4426 desideria
2661 4382 2808 4442 sunt,
2831 4378 3010 4443 quaa'a
3043 4373 3231 4429 mundi
3251 4374 3409 4430 istius
3424 4376 3577 4447 prin-

1969 4462 2093 4533 cipe
2123 4476 2494 4534 suggeruntur
2527 4475 2621 4521 :et
2664 4480 2789 4521 cum
2832 4467 2946 4521 sint
2973 4466 3186 4537 saeculi,
3221 4483 3343 4523 cum
3385 4469 3574 4525 saeculi

269 4549 450 4644 plum,
498 4565 904 4626 nonnumquam
939 4554 1309 4626 quadruplum
1343 4556 1577 4615 reddere
1622 4557 1864 4627 compel-
1890 4557 1945 4620 D
1972 4568 2131 4638 hujus
2162 4568 2307 4624 nube
2336 4579 2744 4640 pertranseunt.
2777 4569 2890 4627 Nos
2924 4582 3110 4629 autem
3130 4587 3256 4629 cum
3296 4573 3493 4644 pudice
3519 4579 3580 4631 et

271 4642 485 4709 luntur,
517 4657 573 4703 et
612 4646 885 4704 interdum
916 4650 1299 4717 obtruncatur,
1321 4650 1594 4707 interdum
1615 4651 1867 4707 venditur

269 4737 361 4794 fur
392 4739 508 4808 ipse
533 4755 635 4810 pro
661 4739 831 4808 furto,
879 4740 949 4797 de
975 4742 1174 4813 quibus
1200 4758 1370 4815 nuper
1394 4743 1552 4800 vobis
1585 4743 1637 4798 in
1669 4742 1869 4799 Leviti-

271 4846 341 4889 co
361 4833 683 4903 exposuisse
721 4848 808 4889 me
839 4833 1085 4892 memini.
1120 4836 1178 4892 Si
1206 4847 1386 4893 autem
1417 4837 1523 4893 hoc
1547 4836 1872 4908 prohibetur

275 4922 333 4980 in
362 4938 546 4993 servo,
579 4934 788 4996 quanto
825 4927 1000 4997 magis
1042 4927 1095 4982 in
1121 4927 1296 4985 libero
1328 4945 1343 4983 :
1384 4944 1455 4984 ne
1483 4939 1573 4984 aut
1597 4928 1764 5000 judex
1786 4944 1873 4985 ra-

276 5017 412 5088 piat,
445 5026 540 5072 aut
566 5018 730 5076 miles
759 5033 869 5075 non
899 5029 1191 5078 contentus
1222 5022 1507 5092 stipendiis
1535 5026 1649 5079 suis
1698 5025 1875 5080 aliena

1967 4667 2138 4738 juste,
2170 4684 2273 4724 nec
2311 4684 2542 4740 corpore
2594 4670 2830 4739 scilicet,
2866 4687 2969 4728 nec
3020 4682 3207 4731 mente
3254 4685 3572 4745 peccantes,

1973 4769 2274 4825 vixerimus
2312 4769 2368 4825 in
2418 4768 2665 4838 Christo,
2712 4770 2806 4841 pie
2843 4787 3060 4844 quoque
3104 4774 3355 4831 vivemus
3386 4776 3439 4831 in
3466 4776 3574 4832 hoc

1977 4870 2180 4926 saeculo
2221 4887 2233 4923 :
2259 4885 2381 4940 quae
2412 4870 2586 4940 pietas
2615 4879 2904 4939 exspectat
2935 4871 3153 4928 beatam
3195 4889 3372 4944 spem,
3398 4882 3456 4931 et
3479 4875 3591 4933 ad~t

1977 4980 2202 5029 ventum
2234 4971 2424 5042 gloria:
2456 4973 2637 5042 magni
2664 4972 2778 5041 Dei,
2827 4983 2884 5028 et
2907 4972 3214 5030 Salvatoris
3239 4975 3414 5031 nostri
3442 4975 3581 5033 .lesu

1984 5072 2208 5128 ChriSti.
2237 5071 2394 5128 Sicut
2421 5071 2568 5128 enim
2600 5071 2854 5143 impietas
2902 5073 3087 5143 magni
3122 5075 3218 5131 Dei
3252 5074 3587 5132 reformidat

1985 5174 2305 5241 adventum,
2354 5174 2425 5230 ita
2449 5188 2644 5231 secura
2673 5174 2743 5230 de
2772 5189 2941 5246 opere
2966 5188 3089 5244 suo,
3117 5185 3170 5232 et
3202 5176 3271 5232 de
3304 5176 3410 5233 (ide
3433 5177 3587 5234 illum

1978 5278 2156 5349 pietas
2183 5277 2556 5348 praestolatur.
2588 5276 2693 5333 Ubi
2733 5286 2821 5333 est
2845 5292 3078 5349 serpens
3105 5279 3313 5335 Arius?
3337 5279 3431 5336 ubi
3436 5281 3587 5352 ,Eu—

1994 5379 2218 5436 nomius
2247 5379 2514 5435 coluber?
2541 5380 2765 5452 Magnus
2800 5380 2944 5435 Deus
2972 5378 3132 5436 Jcsus
3151 5380 3431 5448 Christus,
3473 5382 3596 5440 Sal-

1991 5490 2153 5537 vator
2198 5479 2418 5547 dicitur,
2469 5493 2579 5535 non
2627 5478 3027 5551 primogenitus
3056 5480 3239 5536 omnis
3290 5490 3592 5551 creaturas,

1998 5599 2108 5641 non
2132 5583 2373 5640 Verbum
2403 5581 2504 5637 Dei
2537 5594 2591 5637 et
2643 5579 2945 5652 sapientia;
2978 5579 3076 5636 sed
3112 5580 3276 5639 Jesus
3296 5574 3593 5645 Christus;
3651 5606 3695 5622 ν

278 5108 565 5165 devastat?
592 5109 826 5167 Pulchre
861 5112 1083 5183 quidam
1116 5114 1202 5169 vir
1239 5116 1483 5185 apprime
1518 5117 1721 5187 gravis,
1753 5133 1879 5173 eum

249 5201 333 5257 'ei
359 5200 643 5269 cujusdam
672 5202 873 5271 judicis
902 5206 1219 5264 laudaretur
1248 5209 1552 5280 integritas,
1595 5219 1652 5266 et
1671 5211 1881 5267 diceret

280 5294 351 5349 de
381 5306 451 5347 eo
478 5291 574 5347 ille
596 5294 691 5362 qui
710 5295 1120 5367 laudabat,Non
1154 5300 1376 5358 estfur:
1406 5302 1706 5371 respondit,
1730 5304 1883 5373 Opti-

278 5400 435 5442 mum
466 5397 690 5439 servum
714 5384 933 5459 faceret,
980 5393 1025 5447 si
1062 5409 1164 5450 nec
1211 5392 1468 5463 fugitivus
1491 5407 1675 5452 esset:
1707 5396 1886 5452 inlan-

280 5487 396 5535 tum
424 5475 561 5531 furti
592 5476 830 5546 suspicio
858 5481 929 5537 ab
954 5485 1099 5538 omni
1132 5484 1305 5540 libero
1344 5485 1508 5541 debet
1536 5502 1658 5543 esse
1687 5487 1888 5543 aliena.

278 5571 407 5631 Sint
453 5567 648 5637 itaque
673 5571 813 5626 servi
838 5573 1043 5631 subditi
1087 5576 1324 5634 dominis
1364 5578 1480 5635 suis
1511 5580 1565 5637 in
1612 5580 1888 5651 omnibus,

351 5756 383 5788 ι
414 5746 500 5805 Ita
529 5757 670 5802 mss.
688 5744 856 5805 Antea
881 5761 1019 5821 erat,
1042 5765 1091 5810 et
1120 5758 1329 5813 tandem
1362 5758 1540 5831 faciat,
1566 5768 1680 5817 etc.

747 5840 1022 5909 Punoc.
1068 5848 1300 5915 XXVI.

2076 5762 2106 5804 δ
2127 5764 2282 5822 Unus
2305 5762 2538 5822 Cisterc.
2570 5777 2697 5834 ms.,
2722 5759 3042 5818 reconciliati
3068 5778 3273 5820 sumus.

3163 5858 3241 5924 19
