  <div class='ocr_page' id='page_1' title='image "/cluster/home/n/w/nwhite01/storage/ocr_20150623/26/uva.x000826568/302.png"; bbox 0 0 4034 6356; ppageno 0'>
   <div class='ocr_carea' id='block_1_1' title="bbox 202 347 311 409">
    <p class='ocr_par' dir='ltr' id='par_1_1' title="bbox 202 347 311 409">
     <span class='ocr_line' id='line_1_1' title="bbox 202 347 311 409; baseline 0 0"><span class='ocrx_word' id='word_1_1' title='bbox 202 347 311 409; x_wconf 76' lang='lat'><strong>589</strong></span> 
     </span>
    </p>
   </div>
   <div class='ocr_carea' id='block_1_2' title="bbox 763 340 2939 408">
    <p class='ocr_par' dir='ltr' id='par_1_2' title="bbox 763 340 2939 408">
     <span class='ocr_line' id='line_1_2' title="bbox 763 340 2939 408; baseline 0.002 -4"><span class='ocrx_word' id='word_1_2' title='bbox 763 345 1413 405; x_wconf 77' lang='lat' dir='ltr'><strong>COMMENTARIORUM</strong></span> <span class='ocrx_word' id='word_1_3' title='bbox 1451 344 1519 402; x_wconf 79' lang='grc' dir='ltr'><strong>ΙΝ</strong></span> <span class='ocrx_word' id='word_1_4' title='bbox 1558 340 1958 404; x_wconf 70' lang='lat' dir='ltr'><strong>EPISTULAM</strong></span> <span class='ocrx_word' id='word_1_5' title='bbox 1998 346 2090 401; x_wconf 82' lang='lat' dir='ltr'><strong>AD</strong></span> <span class='ocrx_word' id='word_1_6' title='bbox 2128 344 2347 404; x_wconf 81' lang='lat' dir='ltr'><strong>TITUM</strong></span> <span class='ocrx_word' id='word_1_7' title='bbox 2386 346 2613 405; x_wconf 79' lang='lat' dir='ltr'><strong>LIBER.</strong></span> <span class='ocrx_word' id='word_1_8' title='bbox 2653 348 2808 407; x_wconf 82' lang='lat' dir='ltr'><strong>CAP.</strong></span> <span class='ocrx_word' id='word_1_9' title='bbox 2848 348 2939 408; x_wconf 86' lang='grc'><strong>111.</strong></span> 
     </span>
    </p>
   </div>
   <div class='ocr_carea' id='block_1_3' title="bbox 3396 358 3503 419">
    <p class='ocr_par' dir='ltr' id='par_1_3' title="bbox 3396 358 3503 419">
     <span class='ocr_line' id='line_1_3' title="bbox 3396 358 3503 419; baseline 0.019 -2"><span class='ocrx_word' id='word_1_10' title='bbox 3396 358 3503 419; x_wconf 76' lang='lat'><strong>590</strong></span> 
     </span>
    </p>
   </div>
   <div class='ocr_carea' id='block_1_4' title="bbox 200 456 1813 550">
    <p class='ocr_par' dir='ltr' id='par_1_4' title="bbox 200 459 1805 534">
     <span class='ocr_line' id='line_1_4' title="bbox 200 459 1805 534; baseline -0.004 -13"><span class='ocrx_word' id='word_1_11' title='bbox 200 460 438 534; x_wconf 81' lang='lat' dir='ltr'><strong>Quidam</strong></span> <span class='ocrx_word' id='word_1_12' title='bbox 470 462 736 520; x_wconf 69' lang='grc' dir='ltr'><strong>δπιοῦσιον</strong></span> <span class='ocrx_word' id='word_1_13' title='bbox 766 460 1086 518; x_wconf 79' lang='lat' dir='ltr'><strong>existimant</strong></span> <span class='ocrx_word' id='word_1_14' title='bbox 1131 459 1189 516; x_wconf 86' lang='lat' dir='ltr'><strong>in</strong></span> <span class='ocrx_word' id='word_1_15' title='bbox 1227 461 1477 517; x_wconf 88' lang='lat' dir='ltr'><strong>oratione</strong></span> <span class='ocrx_word' id='word_1_16' title='bbox 1525 459 1805 515; x_wconf 86' lang='lat' dir='ltr'><strong>Dominica</strong></span> 
     </span>
    </p>
   </div>
   <div class='ocr_carea' id='block_1_5' title="bbox 1919 456 3501 550">
    <p class='ocr_par' dir='ltr' id='par_1_5' title="bbox 1919 456 3501 550">
     <span class='ocr_line' id='line_1_5' title="bbox 1919 456 3501 550; baseline 0.013 -40"><span class='ocrx_word' id='word_1_17' title='bbox 1919 456 2170 514; x_wconf 72' lang='lat' dir='ltr'><strong>hominem</strong></span> <span class='ocrx_word' id='word_1_18' title='bbox 2197 458 2399 531; x_wconf 83' lang='lat' dir='ltr'><strong>(Gatat.</strong></span> <span class='ocrx_word' id='word_1_19' title='bbox 2425 476 2464 527; x_wconf 86' lang='lat' dir='ltr'><strong>t,</strong></span> <span class='ocrx_word' id='word_1_20' title='bbox 2496 463 2567 531; x_wconf 86' lang='lat' dir='ltr'><strong>l).</strong></span> <span class='ocrx_word' id='word_1_21' title='bbox 2600 461 2992 521; x_wconf 78' lang='lat' dir='ltr'><strong>Existimamus</strong></span> <span class='ocrx_word' id='word_1_22' title='bbox 3023 465 3208 539; x_wconf 88' lang='lat' dir='ltr'><strong>itaque</strong></span> <span class='ocrx_word' id='word_1_23' title='bbox 3241 478 3501 550; x_wconf 78' lang='grc' dir='ltr'><strong>καταφρό-</strong></span> 
     </span>
    </p>
   </div>
   <div class='ocr_carea' id='block_1_6' title="bbox 199 550 1808 630">
    <p class='ocr_par' dir='ltr' id='par_1_6' title="bbox 199 550 1808 630">
     <span class='ocr_line' id='line_1_6' title="bbox 199 550 1808 630; baseline -0.004 -17"><span class='ocrx_word' id='word_1_24' title='bbox 199 566 399 630; x_wconf 82' lang='lat' dir='ltr'><strong>panem</strong></span> <span class='ocrx_word' id='word_1_25' title='bbox 430 550 663 619; x_wconf 84' lang='lat' dir='ltr'><strong>dictum,</strong></span> <span class='ocrx_word' id='word_1_26' title='bbox 712 551 859 624; x_wconf 90' lang='lat' dir='ltr'><strong>quod</strong></span> <span class='ocrx_word' id='word_1_27' title='bbox 906 566 1072 622; x_wconf 85' lang='lat' dir='ltr'><strong>super</strong></span> <span class='ocrx_word' id='word_1_28' title='bbox 1118 566 1308 608; x_wconf 88' lang='lat' dir='ltr'><strong>omnes</strong></span> <span class='ocrx_word' id='word_1_29' title='bbox 1354 550 1539 613; x_wconf 65' lang='lat' dir='ltr'><strong>obuia;-</strong></span> <span class='ocrx_word' id='word_1_30' title='bbox 1568 554 1672 620; x_wconf 88' lang='lat' dir='ltr'><strong>sit,</strong></span> <span class='ocrx_word' id='word_1_31' title='bbox 1707 551 1808 606; x_wconf 88' lang='lat' dir='ltr'><strong>hue</strong></span> 
     </span>
    </p>
   </div>
   <div class='ocr_carea' id='block_1_7' title="bbox 201 644 1809 720">
    <p class='ocr_par' dir='ltr' id='par_1_7' title="bbox 201 644 1809 720">
     <span class='ocr_line' id='line_1_7' title="bbox 201 644 1809 720; baseline -0.006 -11"><span class='ocrx_word' id='word_1_32' title='bbox 201 646 308 719; x_wconf 78' lang='lat' dir='ltr'><strong>est,</strong></span> <span class='ocrx_word' id='word_1_33' title='bbox 342 660 512 720; x_wconf 88' lang='lat' dir='ltr'><strong>super</strong></span> <span class='ocrx_word' id='word_1_34' title='bbox 538 647 825 704; x_wconf 85' lang='lat' dir='ltr'><strong>universas</strong></span> <span class='ocrx_word' id='word_1_35' title='bbox 878 646 1229 703; x_wconf 88' lang='lat' dir='ltr'><strong>substantias.</strong></span> <span class='ocrx_word' id='word_1_36' title='bbox 1265 644 1424 718; x_wconf 69' lang='lat'><strong>727</strong></span> <span class='ocrx_word' id='word_1_37' title='bbox 1454 644 1610 713; x_wconf 79' lang='lat' dir='ltr'><strong>Quod</strong></span> <span class='ocrx_word' id='word_1_38' title='bbox 1639 645 1685 700; x_wconf 92' lang='lat' dir='ltr'><strong>si</strong></span> <span class='ocrx_word' id='word_1_39' title='bbox 1718 657 1809 700; x_wconf 90' lang='lat' dir='ltr'><strong>ac-</strong></span> 
     </span>
    </p>
   </div>
   <div class='ocr_carea' id='block_1_8' title="bbox 200 732 1811 816">
    <p class='ocr_par' dir='ltr' id='par_1_8' title="bbox 200 732 1811 816">
     <span class='ocr_line' id='line_1_8' title="bbox 200 732 1811 816; baseline -0.004 -15"><span class='ocrx_word' id='word_1_40' title='bbox 200 732 426 816; x_wconf 81' lang='lat' dir='ltr'><strong>cipitur,</strong></span> <span class='ocrx_word' id='word_1_41' title='bbox 456 752 565 799; x_wconf 80' lang='lat' dir='ltr'><strong>nun</strong></span> <span class='ocrx_word' id='word_1_42' title='bbox 599 740 828 797; x_wconf 84' lang='lat' dir='ltr'><strong>multum</strong></span> <span class='ocrx_word' id='word_1_43' title='bbox 859 738 928 796; x_wconf 82' lang='lat' dir='ltr'><strong>ab</strong></span> <span class='ocrx_word' id='word_1_44' title='bbox 951 755 1018 795; x_wconf 87' lang='lat' dir='ltr'><strong>eo</strong></span> <span class='ocrx_word' id='word_1_45' title='bbox 1038 752 1204 797; x_wconf 89' lang='lat' dir='ltr'><strong>sensu</strong></span> <span class='ocrx_word' id='word_1_46' title='bbox 1232 738 1411 795; x_wconf 80' lang='lat' dir='ltr'><strong>differt</strong></span> <span class='ocrx_word' id='word_1_47' title='bbox 1449 754 1609 809; x_wconf 88' lang='lat' dir='ltr'><strong>quem</strong></span> <span class='ocrx_word' id='word_1_48' title='bbox 1643 752 1811 808; x_wconf 56' lang='lat' dir='ltr'><strong>expu-s</strong></span> 
     </span>
    </p>
   </div>
   <div class='ocr_carea' id='block_1_9' title="bbox 198 832 1801 907">
    <p class='ocr_par' dir='ltr' id='par_1_9' title="bbox 198 832 1801 907">
     <span class='ocr_line' id='line_1_9' title="bbox 198 832 1801 907; baseline -0.006 -10"><span class='ocrx_word' id='word_1_49' title='bbox 198 838 433 897; x_wconf 87' lang='lat' dir='ltr'><strong>suimus.</strong></span> <span class='ocrx_word' id='word_1_50' title='bbox 463 832 736 907; x_wconf 77' lang='lat' dir='ltr'><strong>Quidquid</strong></span> <span class='ocrx_word' id='word_1_51' title='bbox 766 834 911 891; x_wconf 87' lang='lat' dir='ltr'><strong>enim</strong></span> <span class='ocrx_word' id='word_1_52' title='bbox 938 834 1216 906; x_wconf 77' lang='lat' dir='ltr'><strong>egregium</strong></span> <span class='ocrx_word' id='word_1_53' title='bbox 1246 845 1329 890; x_wconf 89' lang='lat' dir='ltr'><strong>est</strong></span> <span class='ocrx_word' id='word_1_54' title='bbox 1356 841 1416 889; x_wconf 91' lang='lat' dir='ltr'><strong>et</strong></span> <span class='ocrx_word' id='word_1_55' title='bbox 1445 833 1801 903; x_wconf 84' lang='lat' dir='ltr'><strong>praecipuum,</strong></span> 
     </span>
    </p>
   </div>
   <div class='ocr_carea' id='block_1_10' title="bbox 199 927 1224 999">
    <p class='ocr_par' dir='ltr' id='par_1_10' title="bbox 199 927 1224 999">
     <span class='ocr_line' id='line_1_10' title="bbox 199 927 1224 999; baseline -0.006 -9"><span class='ocrx_word' id='word_1_56' title='bbox 199 938 359 991; x_wconf 76' lang='lat' dir='ltr'><strong>extra</strong></span> <span class='ocrx_word' id='word_1_57' title='bbox 386 930 570 986; x_wconf 80' lang='lat' dir='ltr'><strong>omnia</strong></span> <span class='ocrx_word' id='word_1_58' title='bbox 599 932 709 994; x_wconf 83' lang='lat' dir='ltr'><strong>est,</strong></span> <span class='ocrx_word' id='word_1_59' title='bbox 743 934 801 984; x_wconf 87' lang='lat' dir='ltr'><strong>et</strong></span> <span class='ocrx_word' id='word_1_60' title='bbox 825 936 992 999; x_wconf 87' lang='lat' dir='ltr'><strong>super</strong></span> <span class='ocrx_word' id='word_1_61' title='bbox 1020 927 1224 984; x_wconf 82' lang='lat' dir='ltr'><strong>omnia.</strong></span> 
     </span>
    </p>
   </div>
   <div class='ocr_carea' id='block_1_11' title="bbox 275 1019 1810 1099">
    <p class='ocr_par' dir='ltr' id='par_1_11' title="bbox 275 1019 1810 1099">
     <span class='ocr_line' id='line_1_11' title="bbox 275 1019 1810 1099; baseline -0.006 -18"><span class='ocrx_word' id='word_1_62' title='bbox 275 1024 463 1099; x_wconf 79' lang='lat' dir='ltr'><strong>(Vers.</strong></span> <span class='ocrx_word' id='word_1_63' title='bbox 497 1020 615 1093; x_wconf 74' lang='lat' dir='ltr'><strong>is.)</strong></span> <span class='ocrx_word' id='word_1_64' title='bbox 662 1019 790 1076; x_wconf 75' lang='lat' dir='ltr'><strong>ch</strong></span> <span class='ocrx_word' id='word_1_65' title='bbox 834 1021 1043 1092; x_wconf 77' lang='lat' dir='ltr'><strong>loquere</strong></span> <span class='ocrx_word' id='word_1_66' title='bbox 1072 1026 1118 1075; x_wconf 90' lang='lat' dir='ltr'><strong>et</strong></span> <span class='ocrx_word' id='word_1_67' title='bbox 1146 1019 1456 1087; x_wconf 76' lang='lat' dir='ltr'><strong>exhortare,</strong></span> <span class='ocrx_word' id='word_1_68' title='bbox 1503 1029 1549 1074; x_wconf 86' lang='lat' dir='ltr'><strong>et</strong></span> <span class='ocrx_word' id='word_1_69' title='bbox 1591 1019 1810 1088; x_wconf 74' lang='lat' dir='ltr'><strong>increpa</strong></span> 
     </span>
    </p>
   </div>
   <div class='ocr_carea' id='block_1_12' title="bbox 198 1110 1808 1188">
    <p class='ocr_par' dir='ltr' id='par_1_12' title="bbox 198 1110 1808 1188">
     <span class='ocr_line' id='line_1_12' title="bbox 198 1110 1808 1188; baseline -0.007 -12"><span class='ocrx_word' id='word_1_70' title='bbox 198 1135 318 1176; x_wconf 77' lang='lat' dir='ltr'><strong>cum</strong></span> <span class='ocrx_word' id='word_1_71' title='bbox 340 1115 486 1172; x_wconf 76' lang='lat' dir='ltr'><strong>omni</strong></span> <span class='ocrx_word' id='word_1_72' title='bbox 510 1114 754 1188; x_wconf 85' lang='lat' dir='ltr'><strong>imperio.</strong></span> <span class='ocrx_word' id='word_1_73' title='bbox 781 1110 910 1169; x_wconf 84' lang='lat' dir='ltr'><strong>Tria</strong></span> <span class='ocrx_word' id='word_1_74' title='bbox 935 1113 1141 1183; x_wconf 87' lang='lat' dir='ltr'><strong>posuit,</strong></span> <span class='ocrx_word' id='word_1_75' title='bbox 1171 1111 1406 1185; x_wconf 77' lang='lat' dir='ltr'><strong>loquere,</strong></span> <span class='ocrx_word' id='word_1_76' title='bbox 1427 1110 1721 1177; x_wconf 77' lang='lat' dir='ltr'><strong>eahortarc,</strong></span> <span class='ocrx_word' id='word_1_77' title='bbox 1757 1118 1808 1165; x_wconf 83' lang='lat' dir='ltr'><strong>et</strong></span> 
     </span>
    </p>
   </div>
   <div class='ocr_carea' id='block_1_13' title="bbox 198 1203 1805 1284">
    <p class='ocr_par' dir='ltr' id='par_1_13' title="bbox 198 1203 1805 1284">
     <span class='ocr_line' id='line_1_13' title="bbox 198 1203 1805 1284; baseline -0.006 -16"><span class='ocrx_word' id='word_1_78' title='bbox 198 1213 437 1284; x_wconf 88' lang='lat' dir='ltr'><strong>increpa.</strong></span> <span class='ocrx_word' id='word_1_79' title='bbox 482 1209 551 1265; x_wconf 83' lang='lat' dir='ltr'><strong>Et</strong></span> <span class='ocrx_word' id='word_1_80' title='bbox 578 1208 795 1280; x_wconf 83' lang='lat' dir='ltr'><strong>quidem</strong></span> <span class='ocrx_word' id='word_1_81' title='bbox 841 1206 899 1262; x_wconf 88' lang='lat' dir='ltr'><strong>in</strong></span> <span class='ocrx_word' id='word_1_82' title='bbox 930 1221 996 1263; x_wconf 91' lang='lat' dir='ltr'><strong>eo</strong></span> <span class='ocrx_word' id='word_1_83' title='bbox 1024 1207 1169 1278; x_wconf 88' lang='lat' dir='ltr'><strong>quod</strong></span> <span class='ocrx_word' id='word_1_84' title='bbox 1198 1207 1297 1272; x_wconf 91' lang='lat' dir='ltr'><strong>ait,</strong></span> <span class='ocrx_word' id='word_1_85' title='bbox 1331 1206 1561 1277; x_wconf 81' lang='lat' dir='ltr'><strong>loquere,</strong></span> <span class='ocrx_word' id='word_1_86' title='bbox 1590 1204 1656 1260; x_wconf 87' lang='lat' dir='ltr'><strong>ad</strong></span> <span class='ocrx_word' id='word_1_87' title='bbox 1701 1203 1805 1260; x_wconf 87' lang='lat' dir='ltr'><strong>do-</strong></span> 
     </span>
    </p>
   </div>
   <div class='ocr_carea' id='block_1_14' title="bbox 199 1298 1804 1368">
    <p class='ocr_par' dir='ltr' id='par_1_14' title="bbox 199 1298 1804 1368">
     <span class='ocr_line' id='line_1_14' title="bbox 199 1298 1804 1368; baseline -0.006 -6"><span class='ocrx_word' id='word_1_88' title='bbox 199 1305 435 1362; x_wconf 88' lang='lat' dir='ltr'><strong>ctrinam</strong></span> <span class='ocrx_word' id='word_1_89' title='bbox 465 1302 680 1359; x_wconf 87' lang='lat' dir='ltr'><strong>videtur</strong></span> <span class='ocrx_word' id='word_1_90' title='bbox 707 1315 831 1357; x_wconf 87' lang='lat' dir='ltr'><strong>esse</strong></span> <span class='ocrx_word' id='word_1_91' title='bbox 856 1299 1226 1356; x_wconf 75' lang='lat' dir='ltr'><strong>referendum.</strong></span> <span class='ocrx_word' id='word_1_92' title='bbox 1260 1298 1415 1368; x_wconf 88' lang='lat' dir='ltr'><strong>Quod</strong></span> <span class='ocrx_word' id='word_1_93' title='bbox 1442 1313 1574 1355; x_wconf 83' lang='lat' dir='ltr'><strong>vero</strong></span> <span class='ocrx_word' id='word_1_94' title='bbox 1599 1299 1804 1366; x_wconf 90' lang='lat' dir='ltr'><strong>intulit,</strong></span> 
     </span>
    </p>
   </div>
   <div class='ocr_carea' id='block_1_15' title="bbox 199 1390 1807 1471">
    <p class='ocr_par' dir='ltr' id='par_1_15' title="bbox 199 1390 1807 1471">
     <span class='ocr_line' id='line_1_15' title="bbox 199 1390 1807 1471; baseline -0.006 -16"><span class='ocrx_word' id='word_1_95' title='bbox 199 1394 498 1466; x_wconf 75' lang='lat' dir='ltr'><strong>ea&#39;ltortare,</strong></span> <span class='ocrx_word' id='word_1_96' title='bbox 527 1395 579 1452; x_wconf 92' lang='lat' dir='ltr'><strong>id</strong></span> <span class='ocrx_word' id='word_1_97' title='bbox 599 1402 707 1462; x_wconf 90' lang='lat' dir='ltr'><strong>est,</strong></span> <span class='ocrx_word' id='word_1_98' title='bbox 731 1395 1040 1471; x_wconf 74' lang='grc' dir='ltr'><strong>παρακάλιι,</strong></span> <span class='ocrx_word' id='word_1_99' title='bbox 1065 1391 1212 1449; x_wconf 84' lang='lat' dir='ltr'><strong>aliud</strong></span> <span class='ocrx_word' id='word_1_100' title='bbox 1238 1391 1507 1464; x_wconf 85' lang='lat' dir='ltr'><strong>quoddam</strong></span> <span class='ocrx_word' id='word_1_101' title='bbox 1534 1390 1589 1446; x_wconf 91' lang='lat' dir='ltr'><strong>iu</strong></span> <span class='ocrx_word' id='word_1_102' title='bbox 1612 1390 1807 1448; x_wconf 69' lang='lat' dir='ltr'><strong>Graeco</strong></span> 
     </span>
    </p>
   </div>
   <div class='ocr_carea' id='block_1_16' title="bbox 197 1486 1804 1565">
    <p class='ocr_par' dir='ltr' id='par_1_16' title="bbox 197 1486 1804 1565">
     <span class='ocr_line' id='line_1_16' title="bbox 197 1486 1804 1565; baseline -0.004 -17"><span class='ocrx_word' id='word_1_103' title='bbox 197 1490 472 1565; x_wconf 73' lang='lat' dir='ltr'><strong>signiﬁcat</strong></span> <span class='ocrx_word' id='word_1_104' title='bbox 500 1505 663 1561; x_wconf 86' lang='lat' dir='ltr'><strong>quam</strong></span> <span class='ocrx_word' id='word_1_105' title='bbox 694 1489 749 1544; x_wconf 86' lang='lat' dir='ltr'><strong>in</strong></span> <span class='ocrx_word' id='word_1_106' title='bbox 778 1489 974 1544; x_wconf 86' lang='lat' dir='ltr'><strong>Latino</strong></span> <span class='ocrx_word' id='word_1_107' title='bbox 1003 1501 1019 1543; x_wconf 86' lang='lat'><strong>:</strong></span> <span class='ocrx_word' id='word_1_108' title='bbox 1047 1487 1370 1565; x_wconf 76' lang='grc' dir='ltr'><strong>παράκλησις</strong></span> <span class='ocrx_word' id='word_1_109' title='bbox 1401 1486 1603 1556; x_wconf 87' lang='lat' dir='ltr'><strong>quippe</strong></span> <span class='ocrx_word' id='word_1_110' title='bbox 1632 1486 1804 1556; x_wconf 74' lang='lat' dir='ltr'><strong>magis</strong></span> 
     </span>
    </p>
   </div>
   <div class='ocr_carea' id='block_1_17' title="bbox 198 1578 1807 1653">
    <p class='ocr_par' dir='ltr' id='par_1_17' title="bbox 198 1578 1807 1653">
     <span class='ocr_line' id='line_1_17' title="bbox 198 1578 1807 1653; baseline -0.004 -13"><span class='ocrx_word' id='word_1_111' title='bbox 198 1584 611 1641; x_wconf 70' lang='lat' dir='ltr'><strong>consolationem</strong></span> <span class='ocrx_word' id='word_1_112' title='bbox 649 1595 811 1653; x_wconf 89' lang='lat' dir='ltr'><strong>quam</strong></span> <span class='ocrx_word' id='word_1_113' title='bbox 849 1580 1265 1635; x_wconf 64' lang='lat' dir='ltr'><strong>alienationem</strong></span> <span class='ocrx_word' id='word_1_114' title='bbox 1302 1586 1482 1635; x_wconf 90' lang='lat' dir='ltr'><strong>sonat.</strong></span> <span class='ocrx_word' id='word_1_115' title='bbox 1531 1578 1645 1634; x_wconf 82' lang='lat' dir='ltr'><strong>Hoc</strong></span> <span class='ocrx_word' id='word_1_116' title='bbox 1681 1592 1807 1633; x_wconf 78' lang='lat' dir='ltr'><strong>ver-</strong></span> 
     </span>
    </p>
   </div>
   <div class='ocr_carea' id='block_1_18' title="bbox 198 1669 1806 1748">
    <p class='ocr_par' dir='ltr' id='par_1_18' title="bbox 198 1669 1806 1748">
     <span class='ocr_line' id='line_1_18' title="bbox 198 1669 1806 1748; baseline -0.006 -14"><span class='ocrx_word' id='word_1_117' title='bbox 198 1678 327 1733; x_wconf 91' lang='lat' dir='ltr'><strong>bum</strong></span> <span class='ocrx_word' id='word_1_118' title='bbox 359 1685 416 1734; x_wconf 89' lang='lat' dir='ltr'><strong>et</strong></span> <span class='ocrx_word' id='word_1_119' title='bbox 440 1676 699 1748; x_wconf 85' lang='lat' dir='ltr'><strong>superius</strong></span> <span class='ocrx_word' id='word_1_120' title='bbox 727 1674 798 1730; x_wconf 93' lang='lat' dir='ltr'><strong>de</strong></span> <span class='ocrx_word' id='word_1_121' title='bbox 821 1671 1261 1730; x_wconf 76' lang='lat' dir='ltr'><strong>adolescentibus</strong></span> <span class='ocrx_word' id='word_1_122' title='bbox 1299 1681 1383 1729; x_wconf 89' lang='lat' dir='ltr'><strong>est</strong></span> <span class='ocrx_word' id='word_1_123' title='bbox 1412 1672 1624 1727; x_wconf 86' lang='lat' dir='ltr'><strong>locutus</strong></span> <span class='ocrx_word' id='word_1_124' title='bbox 1654 1686 1671 1727; x_wconf 86' lang='lat'><strong>:</strong></span> <span class='ocrx_word' id='word_1_125' title='bbox 1701 1669 1806 1725; x_wconf 83' lang='lat' dir='ltr'><strong>Ju-</strong></span> 
     </span>
    </p>
   </div>
   <div class='ocr_carea' id='block_1_19' title="bbox 197 1764 1807 1839">
    <p class='ocr_par' dir='ltr' id='par_1_19' title="bbox 197 1764 1807 1839">
     <span class='ocr_line' id='line_1_19' title="bbox 197 1764 1807 1839; baseline -0.004 -12"><span class='ocrx_word' id='word_1_126' title='bbox 197 1788 346 1829; x_wconf 73' lang='lat' dir='ltr'><strong>senes</strong></span> <span class='ocrx_word' id='word_1_127' title='bbox 375 1770 618 1828; x_wconf 70' lang='lat' dir='ltr'><strong>similiter</strong></span> <span class='ocrx_word' id='word_1_128' title='bbox 646 1767 938 1834; x_wconf 88' lang='lat' dir='ltr'><strong>consolare,</strong></span> <span class='ocrx_word' id='word_1_129' title='bbox 964 1768 1185 1839; x_wconf 83' lang='lat' dir='ltr'><strong>pudicos</strong></span> <span class='ocrx_word' id='word_1_130' title='bbox 1210 1782 1319 1821; x_wconf 83' lang='lat' dir='ltr'><strong>esse</strong></span> <span class='ocrx_word' id='word_1_131' title='bbox 1343 1765 1398 1820; x_wconf 84' lang='lat' dir='ltr'><strong>in</strong></span> <span class='ocrx_word' id='word_1_132' title='bbox 1426 1764 1683 1821; x_wconf 75' lang='lat' dir='ltr'><strong>omnibus.</strong></span> <span class='ocrx_word' id='word_1_133' title='bbox 1728 1764 1807 1821; x_wconf 84' lang='lat' dir='ltr'><strong>De</strong></span> 
     </span>
    </p>
   </div>
   <div class='ocr_carea' id='block_1_20' title="bbox 197 1858 1806 1941">
    <p class='ocr_par' dir='ltr' id='par_1_20' title="bbox 197 1858 1806 1941">
     <span class='ocr_line' id='line_1_20' title="bbox 197 1858 1806 1941; baseline -0.006 -19"><span class='ocrx_word' id='word_1_134' title='bbox 197 1882 308 1941; x_wconf 89' lang='lat' dir='ltr'><strong>quo</strong></span> <span class='ocrx_word' id='word_1_135' title='bbox 336 1881 440 1922; x_wconf 87' lang='lat' dir='ltr'><strong>nos</strong></span> <span class='ocrx_word' id='word_1_136' title='bbox 486 1864 543 1920; x_wconf 89' lang='lat' dir='ltr'><strong>iu</strong></span> <span class='ocrx_word' id='word_1_137' title='bbox 574 1878 676 1919; x_wconf 89' lang='lat' dir='ltr'><strong>suo</strong></span> <span class='ocrx_word' id='word_1_138' title='bbox 706 1861 831 1917; x_wconf 90' lang='lat' dir='ltr'><strong>loco</strong></span> <span class='ocrx_word' id='word_1_139' title='bbox 858 1860 933 1916; x_wconf 88' lang='lat' dir='ltr'><strong>ita</strong></span> <span class='ocrx_word' id='word_1_140' title='bbox 962 1871 1022 1916; x_wconf 89' lang='lat' dir='ltr'><strong>ut</strong></span> <span class='ocrx_word' id='word_1_141' title='bbox 1052 1859 1107 1917; x_wconf 85' lang='lat' dir='ltr'><strong>in</strong></span> <span class='ocrx_word' id='word_1_142' title='bbox 1136 1858 1333 1915; x_wconf 86' lang='lat' dir='ltr'><strong>Latino</strong></span> <span class='ocrx_word' id='word_1_143' title='bbox 1375 1858 1571 1931; x_wconf 82' lang='lat' dir='ltr'><strong>legitur</strong></span> <span class='ocrx_word' id='word_1_144' title='bbox 1591 1901 1607 1926; x_wconf 93' lang='lat'><strong>,</strong></span> <span class='ocrx_word' id='word_1_145' title='bbox 1654 1858 1806 1929; x_wconf 78' lang='lat' dir='ltr'><strong>quasi</strong></span> 
     </span>
    </p>
   </div>
   <div class='ocr_carea' id='block_1_21' title="bbox 199 1948 1811 2027">
    <p class='ocr_par' dir='ltr' id='par_1_21' title="bbox 199 1948 1811 2027">
     <span class='ocr_line' id='line_1_21' title="bbox 199 1948 1811 2027; baseline -0.005 -12"><span class='ocrx_word' id='word_1_146' title='bbox 199 1948 481 2015; x_wconf 71' lang='lat' dir='ltr'><strong>exlwrtare</strong></span> <span class='ocrx_word' id='word_1_147' title='bbox 519 1954 784 2027; x_wconf 85' lang='lat' dir='ltr'><strong>scriptum</strong></span> <span class='ocrx_word' id='word_1_148' title='bbox 834 1969 982 2023; x_wconf 87' lang='lat' dir='ltr'><strong>esse,</strong></span> <span class='ocrx_word' id='word_1_149' title='bbox 1037 1952 1427 2023; x_wconf 79' lang='lat' dir='ltr'><strong>expressimus.</strong></span> <span class='ocrx_word' id='word_1_150' title='bbox 1481 1951 1811 2007; x_wconf 85' lang='lat' dir='ltr'><strong>Consolator</strong></span> 
     </span>
    </p>
   </div>
   <div class='ocr_carea' id='block_1_22' title="bbox 200 2042 1806 2122">
    <p class='ocr_par' dir='ltr' id='par_1_22' title="bbox 200 2042 1806 2122">
     <span class='ocr_line' id='line_1_22' title="bbox 200 2042 1806 2122; baseline -0.004 -18"><span class='ocrx_word' id='word_1_151' title='bbox 200 2046 368 2122; x_wconf 73' lang='lat' dir='ltr'><strong>igitur</strong></span> <span class='ocrx_word' id='word_1_152' title='bbox 395 2047 734 2112; x_wconf 84' lang='lat' dir='ltr'><strong>audientem,</strong></span> <span class='ocrx_word' id='word_1_153' title='bbox 762 2045 855 2118; x_wconf 91' lang='lat' dir='ltr'><strong>qui</strong></span> <span class='ocrx_word' id='word_1_154' title='bbox 887 2044 1024 2100; x_wconf 87' lang='lat' dir='ltr'><strong>dicit</strong></span> <span class='ocrx_word' id='word_1_155' title='bbox 1055 2060 1070 2100; x_wconf 88' lang='lat'><strong>:</strong></span> <span class='ocrx_word' id='word_1_156' title='bbox 1122 2042 1388 2117; x_wconf 79' lang='lat' dir='ltr'><strong>Rogamus</strong></span> <span class='ocrx_word' id='word_1_157' title='bbox 1434 2059 1529 2115; x_wconf 87' lang='lat' dir='ltr'><strong>pro</strong></span> <span class='ocrx_word' id='word_1_158' title='bbox 1571 2042 1806 2112; x_wconf 79' lang='lat' dir='ltr'><strong>Christo,</strong></span> 
     </span>
    </p>
   </div>
   <div class='ocr_carea' id='block_1_23' title="bbox 202 2132 1813 2212">
    <p class='ocr_par' dir='ltr' id='par_1_23' title="bbox 202 2132 1813 2212">
     <span class='ocr_line' id='line_1_23' title="bbox 202 2132 1813 2212; baseline -0.005 -15"><span class='ocrx_word' id='word_1_159' title='bbox 202 2134 621 2199; x_wconf 85' lang='lat' dir='ltr'><strong>reconciliamini</strong></span> <span class='ocrx_word' id='word_1_160' title='bbox 645 2138 755 2195; x_wconf 90' lang='lat' dir='ltr'><strong>Deo</strong></span> <span class='ocrx_word' id='word_1_161' title='bbox 803 2134 847 2212; x_wconf 88' lang='lat' dir='ltr'><strong>(l</strong></span> <span class='ocrx_word' id='word_1_162' title='bbox 882 2136 1004 2192; x_wconf 90' lang='lat' dir='ltr'><strong>Cor.</strong></span> <span class='ocrx_word' id='word_1_163' title='bbox 1035 2152 1092 2203; x_wconf 88' lang='lat' dir='ltr'><strong>v,</strong></span> <span class='ocrx_word' id='word_1_164' title='bbox 1113 2133 1233 2206; x_wconf 63' lang='lat'><strong>90),</strong></span> <span class='ocrx_word' id='word_1_165' title='bbox 1276 2144 1331 2192; x_wconf 91' lang='lat' dir='ltr'><strong>et</strong></span> <span class='ocrx_word' id='word_1_166' title='bbox 1358 2136 1597 2206; x_wconf 86' lang='lat' dir='ltr'><strong>scipsum</strong></span> <span class='ocrx_word' id='word_1_167' title='bbox 1632 2132 1813 2190; x_wconf 78' lang='lat' dir='ltr'><strong>humi-</strong></span> 
     </span>
    </p>
   </div>
   <div class='ocr_carea' id='block_1_24' title="bbox 205 2227 1812 2304">
    <p class='ocr_par' dir='ltr' id='par_1_24' title="bbox 205 2227 1812 2304">
     <span class='ocr_line' id='line_1_24' title="bbox 205 2227 1812 2304; baseline -0.006 -10"><span class='ocrx_word' id='word_1_168' title='bbox 205 2235 300 2294; x_wconf 85' lang='lat' dir='ltr'><strong>liat</strong></span> <span class='ocrx_word' id='word_1_169' title='bbox 328 2242 385 2290; x_wconf 92' lang='lat' dir='ltr'><strong>et</strong></span> <span class='ocrx_word' id='word_1_170' title='bbox 414 2233 660 2304; x_wconf 88' lang='lat' dir='ltr'><strong>subjicit,</strong></span> <span class='ocrx_word' id='word_1_171' title='bbox 691 2238 751 2288; x_wconf 90' lang='lat' dir='ltr'><strong>ut</strong></span> <span class='ocrx_word' id='word_1_172' title='bbox 776 2231 1077 2287; x_wconf 78' lang='lat' dir='ltr'><strong>lucrifaciat</strong></span> <span class='ocrx_word' id='word_1_173' title='bbox 1102 2244 1261 2301; x_wconf 89' lang='lat' dir='ltr'><strong>quem</strong></span> <span class='ocrx_word' id='word_1_174' title='bbox 1292 2227 1623 2285; x_wconf 81' lang='lat' dir='ltr'><strong>consolatur.</strong></span> <span class='ocrx_word' id='word_1_175' title='bbox 1654 2228 1812 2297; x_wconf 83' lang='lat' dir='ltr'><strong>Quod</strong></span> 
     </span>
    </p>
   </div>
   <div class='ocr_carea' id='block_1_25' title="bbox 205 2322 1813 2397">
    <p class='ocr_par' dir='ltr' id='par_1_25' title="bbox 205 2322 1813 2397">
     <span class='ocr_line' id='line_1_25' title="bbox 205 2322 1813 2397; baseline -0.004 -11"><span class='ocrx_word' id='word_1_176' title='bbox 205 2346 335 2386; x_wconf 85' lang='lat' dir='ltr'><strong>vero</strong></span> <span class='ocrx_word' id='word_1_177' title='bbox 384 2330 604 2385; x_wconf 90' lang='lat' dir='ltr'><strong>tertium</strong></span> <span class='ocrx_word' id='word_1_178' title='bbox 636 2335 740 2392; x_wconf 87' lang='lat' dir='ltr'><strong>est,</strong></span> <span class='ocrx_word' id='word_1_179' title='bbox 801 2327 1034 2397; x_wconf 84' lang='lat' dir='ltr'><strong>increpa,</strong></span> <span class='ocrx_word' id='word_1_180' title='bbox 1083 2323 1443 2380; x_wconf 87' lang='lat' dir='ltr'><strong>consolationi</strong></span> <span class='ocrx_word' id='word_1_181' title='bbox 1483 2322 1615 2378; x_wconf 89' lang='lat' dir='ltr'><strong>mihi</strong></span> <span class='ocrx_word' id='word_1_182' title='bbox 1662 2323 1813 2379; x_wconf 82' lang='lat' dir='ltr'><strong>vide-</strong></span> 
     </span>
    </p>
   </div>
   <div class='ocr_carea' id='block_1_26' title="bbox 210 2418 1810 2491">
    <p class='ocr_par' dir='ltr' id='par_1_26' title="bbox 210 2418 1810 2491">
     <span class='ocr_line' id='line_1_26' title="bbox 210 2418 1810 2491; baseline -0.004 -12"><span class='ocrx_word' id='word_1_183' title='bbox 210 2434 295 2480; x_wconf 90' lang='lat' dir='ltr'><strong>tur</strong></span> <span class='ocrx_word' id='word_1_184' title='bbox 322 2437 449 2479; x_wconf 87' lang='lat' dir='ltr'><strong>esse</strong></span> <span class='ocrx_word' id='word_1_185' title='bbox 492 2419 852 2485; x_wconf 88' lang='lat' dir='ltr'><strong>contrarium,</strong></span> <span class='ocrx_word' id='word_1_186' title='bbox 902 2427 961 2474; x_wconf 90' lang='lat' dir='ltr'><strong>ut</strong></span> <span class='ocrx_word' id='word_1_187' title='bbox 1011 2419 1339 2491; x_wconf 89' lang='lat' dir='ltr'><strong>quicumque</strong></span> <span class='ocrx_word' id='word_1_188' title='bbox 1381 2418 1810 2474; x_wconf 90' lang='lat' dir='ltr'><strong>consolationem</strong></span> 
     </span>
    </p>
   </div>
   <div class='ocr_carea' id='block_1_27' title="bbox 208 2509 1813 2585">
    <p class='ocr_par' dir='ltr' id='par_1_27' title="bbox 208 2509 1813 2585">
     <span class='ocr_line' id='line_1_27' title="bbox 208 2509 1813 2585; baseline -0.006 -10"><span class='ocrx_word' id='word_1_189' title='bbox 208 2513 627 2585; x_wconf 81' lang='lat' dir='ltr'><strong>contempserit,</strong></span> <span class='ocrx_word' id='word_1_190' title='bbox 648 2512 1034 2582; x_wconf 82' lang='lat' dir='ltr'><strong>inerepatione</strong></span> <span class='ocrx_word' id='word_1_191' title='bbox 1064 2511 1136 2566; x_wconf 89' lang='lat' dir='ltr'><strong>sit</strong></span> <span class='ocrx_word' id='word_1_192' title='bbox 1177 2509 1391 2580; x_wconf 83' lang='lat' dir='ltr'><strong>dignus,</strong></span> <span class='ocrx_word' id='word_1_193' title='bbox 1446 2519 1500 2565; x_wconf 90' lang='lat' dir='ltr'><strong>et</strong></span> <span class='ocrx_word' id='word_1_194' title='bbox 1540 2523 1813 2565; x_wconf 77' lang='lat' dir='ltr'><strong>mereatur</strong></span> 
     </span>
    </p>
   </div>
   <div class='ocr_carea' id='block_1_28' title="bbox 214 2602 1813 2673">
    <p class='ocr_par' dir='ltr' id='par_1_28' title="bbox 214 2602 1813 2673">
     <span class='ocr_line' id='line_1_28' title="bbox 214 2602 1813 2673; baseline -0.004 -10"><span class='ocrx_word' id='word_1_195' title='bbox 214 2608 406 2664; x_wconf 81' lang='lat' dir='ltr'><strong>audire</strong></span> <span class='ocrx_word' id='word_1_196' title='bbox 438 2625 451 2662; x_wconf 89' lang='lat'>:</span> <span class='ocrx_word' id='word_1_197' title='bbox 490 2604 654 2662; x_wconf 90' lang='lat' dir='ltr'><strong>Obliti</strong></span> <span class='ocrx_word' id='word_1_198' title='bbox 696 2605 818 2660; x_wconf 86' lang='lat' dir='ltr'><strong>estis</strong></span> <span class='ocrx_word' id='word_1_199' title='bbox 849 2602 1247 2669; x_wconf 79' lang='lat' dir='ltr'><strong>consolationis,</strong></span> <span class='ocrx_word' id='word_1_200' title='bbox 1278 2618 1393 2673; x_wconf 65' lang='grc' dir='ltr'><strong>(μίαν</strong></span> <span class='ocrx_word' id='word_1_201' title='bbox 1430 2602 1571 2657; x_wconf 80' lang='lat' dir='ltr'><strong>vobis</strong></span> <span class='ocrx_word' id='word_1_202' title='bbox 1606 2610 1658 2654; x_wconf 89' lang='lat' dir='ltr'><strong>nt</strong></span> <span class='ocrx_word' id='word_1_203' title='bbox 1688 2602 1813 2671; x_wconf 74' lang='lat' dir='ltr'><strong>ﬁliis</strong></span> 
     </span>
    </p>
   </div>
   <div class='ocr_carea' id='block_1_29' title="bbox 214 2690 1814 2775">
    <p class='ocr_par' dir='ltr' id='par_1_29' title="bbox 214 2690 1814 2775">
     <span class='ocr_line' id='line_1_29' title="bbox 214 2690 1814 2775; baseline -0.005 -18"><span class='ocrx_word' id='word_1_204' title='bbox 214 2690 470 2775; x_wconf 86' lang='lat' dir='ltr'><strong>loquitur.</strong></span> <span class='ocrx_word' id='word_1_205' title='bbox 494 2698 575 2755; x_wconf 79' lang='lat' dir='ltr'><strong>Ad</strong></span> <span class='ocrx_word' id='word_1_206' title='bbox 605 2697 955 2755; x_wconf 83' lang='lat' dir='ltr'><strong>Timotheum</strong></span> <span class='ocrx_word' id='word_1_207' title='bbox 984 2710 1201 2767; x_wconf 88' lang='lat' dir='ltr'><strong>quoque</strong></span> <span class='ocrx_word' id='word_1_208' title='bbox 1230 2696 1456 2750; x_wconf 86' lang='lat' dir='ltr'><strong>alteram</strong></span> <span class='ocrx_word' id='word_1_209' title='bbox 1490 2694 1814 2749; x_wconf 83' lang='lat' dir='ltr'><strong>consolatio-</strong></span> 
     </span>
    </p>
   </div>
   <div class='ocr_carea' id='block_1_30' title="bbox 214 2789 1814 2865">
    <p class='ocr_par' dir='ltr' id='par_1_30' title="bbox 214 2789 1814 2865">
     <span class='ocr_line' id='line_1_30' title="bbox 214 2789 1814 2865; baseline -0.006 -10"><span class='ocrx_word' id='word_1_210' title='bbox 214 2813 361 2865; x_wconf 82' lang='lat' dir='ltr'><strong>nem,</strong></span> <span class='ocrx_word' id='word_1_211' title='bbox 415 2804 473 2852; x_wconf 93' lang='lat' dir='ltr'><strong>et</strong></span> <span class='ocrx_word' id='word_1_212' title='bbox 514 2795 947 2864; x_wconf 88' lang='lat' dir='ltr'><strong>increpationem</strong></span> <span class='ocrx_word' id='word_1_213' title='bbox 990 2791 1217 2847; x_wconf 86' lang='lat' dir='ltr'><strong>alteram</strong></span> <span class='ocrx_word' id='word_1_214' title='bbox 1274 2792 1543 2861; x_wconf 75' lang='lat' dir='ltr'><strong>legimus,</strong></span> <span class='ocrx_word' id='word_1_215' title='bbox 1598 2789 1814 2845; x_wconf 82' lang='lat' dir='ltr'><strong>dicente</strong></span> 
     </span>
    </p>
   </div>
   <div class='ocr_carea' id='block_1_31' title="bbox 213 2881 1815 2962">
    <p class='ocr_par' dir='ltr' id='par_1_31' title="bbox 213 2881 1815 2962">
     <span class='ocr_line' id='line_1_31' title="bbox 213 2881 1815 2962; baseline -0.009 -13"><span class='ocrx_word' id='word_1_216' title='bbox 213 2889 480 2962; x_wconf 81' lang='lat' dir='ltr'><strong>Apostolo</strong></span> <span class='ocrx_word' id='word_1_217' title='bbox 514 2906 530 2943; x_wconf 84' lang='lat'><strong>:</strong></span> <span class='ocrx_word' id='word_1_218' title='bbox 564 2886 715 2942; x_wconf 78' lang='lat' dir='ltr'><strong>Insta</strong></span> <span class='ocrx_word' id='word_1_219' title='bbox 745 2894 1057 2955; x_wconf 79' lang='lat' dir='ltr'><strong>opportune,</strong></span> <span class='ocrx_word' id='word_1_220' title='bbox 1100 2884 1417 2955; x_wconf 85' lang='lat' dir='ltr'><strong>importune,</strong></span> <span class='ocrx_word' id='word_1_221' title='bbox 1448 2897 1628 2953; x_wconf 84' lang='lat' dir='ltr'><strong>argue,</strong></span> <span class='ocrx_word' id='word_1_222' title='bbox 1648 2881 1815 2935; x_wconf 83' lang='lat' dir='ltr'><strong>incre-</strong></span> 
     </span>
    </p>
   </div>
   <div class='ocr_carea' id='block_1_32' title="bbox 214 2969 1816 3057">
    <p class='ocr_par' dir='ltr' id='par_1_32' title="bbox 214 2969 1816 3057">
     <span class='ocr_line' id='line_1_32' title="bbox 214 2969 1816 3057; baseline -0.006 -21"><span class='ocrx_word' id='word_1_223' title='bbox 214 2999 307 3057; x_wconf 85' lang='lat' dir='ltr'><strong>pa,</strong></span> <span class='ocrx_word' id='word_1_224' title='bbox 335 2979 607 3036; x_wconf 83' lang='lat' dir='ltr'><strong>consolare</strong></span> <span class='ocrx_word' id='word_1_225' title='bbox 637 2976 724 3051; x_wconf 88' lang='lat' dir='ltr'><strong>(ll</strong></span> <span class='ocrx_word' id='word_1_226' title='bbox 756 2974 892 3032; x_wconf 88' lang='lat' dir='ltr'><strong>Tim.</strong></span> <span class='ocrx_word' id='word_1_227' title='bbox 926 2991 1001 3046; x_wconf 92' lang='lat' dir='ltr'><strong>tv,</strong></span> <span class='ocrx_word' id='word_1_228' title='bbox 1031 2974 1125 3046; x_wconf 75' lang='grc'><strong>2).</strong></span> <span class='ocrx_word' id='word_1_229' title='bbox 1158 2973 1223 3028; x_wconf 84' lang='grc' dir='ltr'>Ει</span> <span class='ocrx_word' id='word_1_230' title='bbox 1254 2972 1328 3028; x_wconf 87' lang='lat' dir='ltr'><strong>ibi</strong></span> <span class='ocrx_word' id='word_1_231' title='bbox 1376 2969 1596 3043; x_wconf 88' lang='lat' dir='ltr'><strong>quidem</strong></span> <span class='ocrx_word' id='word_1_232' title='bbox 1640 2972 1816 3026; x_wconf 81' lang='lat' dir='ltr'><strong>incre-</strong></span> 
     </span>
    </p>
   </div>
   <div class='ocr_carea' id='block_1_33' title="bbox 218 3063 1816 3145">
    <p class='ocr_par' dir='ltr' id='par_1_33' title="bbox 218 3063 1816 3145">
     <span class='ocr_line' id='line_1_33' title="bbox 218 3063 1816 3145; baseline -0.007 -16"><span class='ocrx_word' id='word_1_233' title='bbox 218 3075 370 3145; x_wconf 88' lang='lat' dir='ltr'><strong>patio</strong></span> <span class='ocrx_word' id='word_1_234' title='bbox 397 3082 526 3127; x_wconf 89' lang='lat' dir='ltr'><strong>aute</strong></span> <span class='ocrx_word' id='word_1_235' title='bbox 553 3070 872 3135; x_wconf 79' lang='lat' dir='ltr'><strong>assumitur,</strong></span> <span class='ocrx_word' id='word_1_236' title='bbox 901 3074 957 3123; x_wconf 90' lang='lat' dir='ltr'><strong>et</strong></span> <span class='ocrx_word' id='word_1_237' title='bbox 995 3075 1177 3138; x_wconf 88' lang='lat' dir='ltr'><strong>postea</strong></span> <span class='ocrx_word' id='word_1_238' title='bbox 1208 3063 1580 3120; x_wconf 83' lang='lat' dir='ltr'><strong>consolatione</strong></span> <span class='ocrx_word' id='word_1_239' title='bbox 1607 3063 1816 3119; x_wconf 91' lang='lat' dir='ltr'><strong>severi-</strong></span> 
     </span>
    </p>
   </div>
   <div class='ocr_carea' id='block_1_34' title="bbox 212 3156 1813 3234">
    <p class='ocr_par' dir='ltr' id='par_1_34' title="bbox 212 3156 1813 3234">
     <span class='ocr_line' id='line_1_34' title="bbox 212 3156 1813 3234; baseline -0.006 -14"><span class='ocrx_word' id='word_1_240' title='bbox 212 3162 304 3221; x_wconf 83' lang='lat' dir='ltr'><strong>ias</strong></span> <span class='ocrx_word' id='word_1_241' title='bbox 337 3170 691 3234; x_wconf 87' lang='lat' dir='ltr'><strong>temperatur.</strong></span> <span class='ocrx_word' id='word_1_242' title='bbox 748 3161 844 3217; x_wconf 87' lang='lat' dir='ltr'><strong>llic</strong></span> <span class='ocrx_word' id='word_1_243' title='bbox 888 3173 1024 3216; x_wconf 86' lang='lat' dir='ltr'><strong>vero</strong></span> <span class='ocrx_word' id='word_1_244' title='bbox 1051 3167 1177 3215; x_wconf 88' lang='lat' dir='ltr'><strong>ante</strong></span> <span class='ocrx_word' id='word_1_245' title='bbox 1206 3158 1321 3213; x_wconf 85' lang='lat' dir='ltr'><strong>vult</strong></span> <span class='ocrx_word' id='word_1_246' title='bbox 1360 3156 1653 3228; x_wconf 86' lang='lat' dir='ltr'><strong>discipulos</strong></span> <span class='ocrx_word' id='word_1_247' title='bbox 1680 3171 1813 3211; x_wconf 87' lang='lat' dir='ltr'><strong>con-</strong></span> 
     </span>
    </p>
   </div>
   <div class='ocr_carea' id='block_1_35' title="bbox 212 3236 1886 3324">
    <p class='ocr_par' dir='ltr' id='par_1_35' title="bbox 212 3236 1886 3324">
     <span class='ocr_line' id='line_1_35' title="bbox 212 3236 1886 3324; baseline -0.005 -11"><span class='ocrx_word' id='word_1_248' title='bbox 212 3255 407 3324; x_wconf 88' lang='lat' dir='ltr'><strong>solari,</strong></span> <span class='ocrx_word' id='word_1_249' title='bbox 444 3265 499 3311; x_wconf 90' lang='lat' dir='ltr'><strong>et</strong></span> <span class='ocrx_word' id='word_1_250' title='bbox 527 3255 574 3310; x_wconf 88' lang='lat' dir='ltr'><strong>si</strong></span> <span class='ocrx_word' id='word_1_251' title='bbox 606 3268 716 3311; x_wconf 87' lang='lat' dir='ltr'><strong>non</strong></span> <span class='ocrx_word' id='word_1_252' title='bbox 744 3252 1074 3323; x_wconf 80' lang='lat' dir='ltr'><strong>profecerim</strong></span> <span class='ocrx_word' id='word_1_253' title='bbox 1111 3249 1469 3319; x_wconf 88' lang='lat' dir='ltr'><strong>consolando,</strong></span> <span class='ocrx_word' id='word_1_254' title='bbox 1521 3258 1649 3305; x_wconf 90' lang='lat' dir='ltr'><strong>tunc</strong></span> <span class='ocrx_word' id='word_1_255' title='bbox 1685 3264 1809 3303; x_wconf 86' lang='lat' dir='ltr'><strong>cor-</strong></span> <span class='ocrx_word' id='word_1_256' title='bbox 1837 3236 1886 3305; x_wconf 85' lang='lat' dir='ltr'><strong><em>C</em></strong></span> 
     </span>
    </p>
   </div>
   <div class='ocr_carea' id='block_1_36' title="bbox 210 3341 1815 3424">
    <p class='ocr_par' dir='ltr' id='par_1_36' title="bbox 210 3341 1815 3424">
     <span class='ocr_line' id='line_1_36' title="bbox 210 3341 1815 3424; baseline -0.006 -18"><span class='ocrx_word' id='word_1_257' title='bbox 210 3349 344 3424; x_wconf 87' lang='lat' dir='ltr'><strong>ripi,</strong></span> <span class='ocrx_word' id='word_1_258' title='bbox 385 3359 441 3406; x_wconf 89' lang='lat' dir='ltr'><strong>et</strong></span> <span class='ocrx_word' id='word_1_259' title='bbox 467 3348 669 3420; x_wconf 88' lang='lat' dir='ltr'><strong>corripi</strong></span> <span class='ocrx_word' id='word_1_260' title='bbox 696 3362 820 3404; x_wconf 91' lang='lat' dir='ltr'><strong>cum</strong></span> <span class='ocrx_word' id='word_1_261' title='bbox 850 3347 997 3403; x_wconf 91' lang='lat' dir='ltr'><strong>omni</strong></span> <span class='ocrx_word' id='word_1_262' title='bbox 1031 3344 1281 3416; x_wconf 88' lang='lat' dir='ltr'><strong>imperio.</strong></span> <span class='ocrx_word' id='word_1_263' title='bbox 1316 3344 1407 3399; x_wconf 86' lang='lat' dir='ltr'><strong>Sic</strong></span> <span class='ocrx_word' id='word_1_264' title='bbox 1437 3344 1580 3398; x_wconf 89' lang='lat' dir='ltr'><strong>enim</strong></span> <span class='ocrx_word' id='word_1_265' title='bbox 1612 3341 1815 3397; x_wconf 59' lang='lat' dir='ltr'><strong>intelli-s</strong></span> 
     </span>
    </p>
   </div>
   <div class='ocr_carea' id='block_1_37' title="bbox 211 3434 1813 3516">
    <p class='ocr_par' dir='ltr' id='par_1_37' title="bbox 211 3434 1813 3516">
     <span class='ocr_line' id='line_1_37' title="bbox 211 3434 1813 3516; baseline -0.008 -16"><span class='ocrx_word' id='word_1_266' title='bbox 211 3444 284 3516; x_wconf 61' lang='lat'><strong>30</strong></span> <span class='ocrx_word' id='word_1_267' title='bbox 309 3441 418 3499; x_wconf 87' lang='lat' dir='ltr'><strong>hoc</strong></span> <span class='ocrx_word' id='word_1_268' title='bbox 442 3439 588 3513; x_wconf 88' lang='lat' dir='ltr'><strong>quod</strong></span> <span class='ocrx_word' id='word_1_269' title='bbox 618 3439 821 3496; x_wconf 87' lang='lat' dir='ltr'><strong>dictum</strong></span> <span class='ocrx_word' id='word_1_270' title='bbox 849 3448 934 3495; x_wconf 78' lang='lat' dir='ltr'><strong>est</strong></span> <span class='ocrx_word' id='word_1_271' title='bbox 960 3452 975 3493; x_wconf 89' lang='lat'><strong>:</strong></span> <span class='ocrx_word' id='word_1_272' title='bbox 1009 3437 1036 3492; x_wconf 90' lang='grc' dir='ltr'><strong>ι</strong></span> <span class='ocrx_word' id='word_1_273' title='bbox 1044 3452 1232 3508; x_wconf 73' lang='grc' dir='ltr'><strong>ποτερα</strong></span> <span class='ocrx_word' id='word_1_274' title='bbox 1261 3450 1381 3491; x_wconf 85' lang='lat' dir='ltr'><strong>cum</strong></span> <span class='ocrx_word' id='word_1_275' title='bbox 1409 3435 1550 3490; x_wconf 87' lang='lat' dir='ltr'><strong>omni</strong></span> <span class='ocrx_word' id='word_1_276' title='bbox 1576 3434 1813 3506; x_wconf 79' lang='lat' dir='ltr'><strong>imperio,</strong></span> 
     </span>
    </p>
   </div>
   <div class='ocr_carea' id='block_1_38' title="bbox 215 3526 1814 3606">
    <p class='ocr_par' dir='ltr' id='par_1_38' title="bbox 215 3526 1814 3606">
     <span class='ocr_line' id='line_1_38' title="bbox 215 3526 1814 3606; baseline -0.007 -14"><span class='ocrx_word' id='word_1_277' title='bbox 215 3543 276 3592; x_wconf 91' lang='lat' dir='ltr'><strong>ut</strong></span> <span class='ocrx_word' id='word_1_278' title='bbox 304 3532 622 3606; x_wconf 87' lang='lat' dir='ltr'><strong>specialiter</strong></span> <span class='ocrx_word' id='word_1_279' title='bbox 649 3532 717 3589; x_wconf 87' lang='lat' dir='ltr'><strong>ad</strong></span> <span class='ocrx_word' id='word_1_280' title='bbox 742 3530 1205 3603; x_wconf 83' lang='lat' dir='ltr'><strong>iucrepationem,</strong></span> <span class='ocrx_word' id='word_1_281' title='bbox 1243 3538 1300 3586; x_wconf 88' lang='lat' dir='ltr'><strong>et</strong></span> <span class='ocrx_word' id='word_1_282' title='bbox 1336 3544 1444 3584; x_wconf 91' lang='lat' dir='ltr'><strong>non</strong></span> <span class='ocrx_word' id='word_1_283' title='bbox 1473 3526 1542 3583; x_wconf 88' lang='lat' dir='ltr'><strong>ad</strong></span> <span class='ocrx_word' id='word_1_284' title='bbox 1587 3528 1695 3583; x_wconf 86' lang='lat' dir='ltr'><strong>duo</strong></span> <span class='ocrx_word' id='word_1_285' title='bbox 1720 3541 1814 3582; x_wconf 83' lang='lat' dir='ltr'><strong>su-</strong></span> 
     </span>
    </p>
   </div>
   <div class='ocr_carea' id='block_1_39' title="bbox 214 3620 1817 3702">
    <p class='ocr_par' dir='ltr' id='par_1_39' title="bbox 214 3620 1817 3702">
     <span class='ocr_line' id='line_1_39' title="bbox 214 3620 1817 3702; baseline -0.007 -15"><span class='ocrx_word' id='word_1_286' title='bbox 214 3630 434 3702; x_wconf 82' lang='lat' dir='ltr'><strong>periora</strong></span> <span class='ocrx_word' id='word_1_287' title='bbox 463 3628 519 3685; x_wconf 94' lang='lat' dir='ltr'><strong>in</strong></span> <span class='ocrx_word' id='word_1_288' title='bbox 544 3643 835 3684; x_wconf 85' lang='lat' dir='ltr'><strong>commune</strong></span> <span class='ocrx_word' id='word_1_289' title='bbox 863 3625 1152 3681; x_wconf 86' lang='lat' dir='ltr'><strong>referatur.</strong></span> <span class='ocrx_word' id='word_1_290' title='bbox 1180 3620 1367 3694; x_wconf 86' lang='lat' dir='ltr'><strong>Neque</strong></span> <span class='ocrx_word' id='word_1_291' title='bbox 1388 3621 1532 3678; x_wconf 90' lang='lat' dir='ltr'><strong>enim</strong></span> <span class='ocrx_word' id='word_1_292' title='bbox 1563 3620 1817 3677; x_wconf 76' lang='lat' dir='ltr'><strong>convenit</strong></span> 
     </span>
    </p>
   </div>
   <div class='ocr_carea' id='block_1_40' title="bbox 214 3713 1813 3792">
    <p class='ocr_par' dir='ltr' id='par_1_40' title="bbox 214 3713 1813 3792">
     <span class='ocr_line' id='line_1_40' title="bbox 214 3713 1813 3792; baseline -0.008 -14"><span class='ocrx_word' id='word_1_293' title='bbox 214 3719 425 3792; x_wconf 90' lang='lat' dir='ltr'><strong>dicere,</strong></span> <span class='ocrx_word' id='word_1_294' title='bbox 454 3717 746 3778; x_wconf 83' lang='lat' dir='ltr'><strong>consolare</strong></span> <span class='ocrx_word' id='word_1_295' title='bbox 772 3730 895 3774; x_wconf 90' lang='lat' dir='ltr'><strong>cum</strong></span> <span class='ocrx_word' id='word_1_296' title='bbox 914 3716 1061 3772; x_wconf 87' lang='lat' dir='ltr'><strong>omni</strong></span> <span class='ocrx_word' id='word_1_297' title='bbox 1084 3716 1340 3787; x_wconf 88' lang='lat' dir='ltr'><strong>imperio,</strong></span> <span class='ocrx_word' id='word_1_298' title='bbox 1370 3721 1425 3768; x_wconf 92' lang='lat' dir='ltr'><strong>et</strong></span> <span class='ocrx_word' id='word_1_299' title='bbox 1451 3713 1674 3784; x_wconf 86' lang='lat' dir='ltr'><strong>loquere</strong></span> <span class='ocrx_word' id='word_1_300' title='bbox 1690 3724 1813 3766; x_wconf 85' lang='lat' dir='ltr'><strong>cunt</strong></span> 
     </span>
    </p>
   </div>
   <div class='ocr_carea' id='block_1_41' title="bbox 215 3803 1814 3885">
    <p class='ocr_par' dir='ltr' id='par_1_41' title="bbox 215 3803 1814 3885">
     <span class='ocr_line' id='line_1_41' title="bbox 215 3803 1814 3885; baseline -0.008 -13"><span class='ocrx_word' id='word_1_301' title='bbox 215 3814 363 3872; x_wconf 86' lang='lat' dir='ltr'><strong>omni</strong></span> <span class='ocrx_word' id='word_1_302' title='bbox 391 3812 648 3885; x_wconf 86' lang='lat' dir='ltr'><strong>imperio,</strong></span> <span class='ocrx_word' id='word_1_303' title='bbox 681 3811 777 3867; x_wconf 90' lang='lat' dir='ltr'><strong>sed</strong></span> <span class='ocrx_word' id='word_1_304' title='bbox 811 3807 1217 3876; x_wconf 85' lang='lat' dir='ltr'><strong>tantummodo,</strong></span> <span class='ocrx_word' id='word_1_305' title='bbox 1263 3808 1487 3882; x_wconf 85' lang='lat' dir='ltr'><strong>increpa</strong></span> <span class='ocrx_word' id='word_1_306' title='bbox 1515 3821 1636 3862; x_wconf 89' lang='lat' dir='ltr'><strong>cum</strong></span> <span class='ocrx_word' id='word_1_307' title='bbox 1666 3803 1814 3860; x_wconf 82' lang='lat' dir='ltr'><strong>omni</strong></span> 
     </span>
    </p>
   </div>
   <div class='ocr_carea' id='block_1_42' title="bbox 219 3898 475 3983">
    <p class='ocr_par' dir='ltr' id='par_1_42' title="bbox 219 3898 475 3983">
     <span class='ocr_line' id='line_1_42' title="bbox 219 3898 475 3983; baseline -0.008 -16"><span class='ocrx_word' id='word_1_308' title='bbox 219 3898 475 3983; x_wconf 86' lang='lat' dir='ltr'><strong>imperio.</strong></span> 
     </span>
    </p>
   </div>
   <div class='ocr_carea' id='block_1_43' title="bbox 289 3999 1814 4072">
    <p class='ocr_par' dir='ltr' id='par_1_43' title="bbox 289 3999 1814 4072">
     <span class='ocr_line' id='line_1_43' title="bbox 289 3999 1814 4072; baseline -0.003 -14"><span class='ocrx_word' id='word_1_309' title='bbox 289 4002 461 4060; x_wconf 83' lang='lat' dir='ltr'><strong>Nemo</strong></span> <span class='ocrx_word' id='word_1_310' title='bbox 494 4013 543 4058; x_wconf 86' lang='lat' dir='ltr'><strong>te</strong></span> <span class='ocrx_word' id='word_1_311' title='bbox 571 4006 886 4058; x_wconf 81' lang='lat' dir='ltr'><strong>contemnat.</strong></span> <span class='ocrx_word' id='word_1_312' title='bbox 931 4001 1218 4058; x_wconf 74' lang='lat' dir='ltr'><strong>Existimet</strong></span> <span class='ocrx_word' id='word_1_313' title='bbox 1263 4000 1459 4072; x_wconf 89' lang='lat' dir='ltr'><strong>aliquis</strong></span> <span class='ocrx_word' id='word_1_314' title='bbox 1504 3999 1607 4055; x_wconf 88' lang='lat' dir='ltr'><strong>hoc</strong></span> <span class='ocrx_word' id='word_1_315' title='bbox 1636 3999 1814 4069; x_wconf 81' lang='lat' dir='ltr'><strong>ipsum</strong></span> 
     </span>
    </p>
   </div>
   <div class='ocr_carea' id='block_1_44' title="bbox 216 4084 1814 4166">
    <p class='ocr_par' dir='ltr' id='par_1_44' title="bbox 216 4084 1814 4166">
     <span class='ocr_line' id='line_1_44' title="bbox 216 4084 1814 4166; baseline -0.004 -11"><span class='ocrx_word' id='word_1_316' title='bbox 216 4113 365 4155; x_wconf 87' lang='lat' dir='ltr'><strong>nunc</strong></span> <span class='ocrx_word' id='word_1_317' title='bbox 404 4084 474 4152; x_wconf 81' lang='lat' dir='ltr'><strong>ad</strong></span> <span class='ocrx_word' id='word_1_318' title='bbox 504 4094 687 4151; x_wconf 78' lang='lat' dir='ltr'><strong>Ti&#39;tu&#39;m</strong></span> <span class='ocrx_word' id='word_1_319' title='bbox 728 4095 894 4152; x_wconf 87' lang='lat' dir='ltr'><strong>scribi</strong></span> <span class='ocrx_word' id='word_1_320' title='bbox 947 4093 1092 4166; x_wconf 91' lang='lat' dir='ltr'><strong>quod</strong></span> <span class='ocrx_word' id='word_1_321' title='bbox 1133 4095 1200 4149; x_wconf 88' lang='lat' dir='ltr'><strong>ad</strong></span> <span class='ocrx_word' id='word_1_322' title='bbox 1230 4092 1571 4149; x_wconf 83' lang='lat' dir='ltr'><strong>Timotheum</strong></span> <span class='ocrx_word' id='word_1_323' title='bbox 1611 4093 1814 4148; x_wconf 88' lang='lat' dir='ltr'><strong>dictum</strong></span> 
     </span>
    </p>
   </div>
   <div class='ocr_carea' id='block_1_45' title="bbox 216 4183 1813 4257">
    <p class='ocr_par' dir='ltr' id='par_1_45' title="bbox 216 4183 1813 4257">
     <span class='ocr_line' id='line_1_45' title="bbox 216 4183 1813 4257; baseline -0.004 -10"><span class='ocrx_word' id='word_1_324' title='bbox 216 4197 302 4248; x_wconf 89' lang='lat' dir='ltr'><strong>est</strong></span> <span class='ocrx_word' id='word_1_325' title='bbox 334 4206 349 4245; x_wconf 87' lang='lat'><strong>:</strong></span> <span class='ocrx_word' id='word_1_326' title='bbox 380 4184 551 4245; x_wconf 85' lang='lat' dir='ltr'><strong>Nemo</strong></span> <span class='ocrx_word' id='word_1_327' title='bbox 572 4186 975 4242; x_wconf 81' lang='lat' dir='ltr'><strong>adolescentiam</strong></span> <span class='ocrx_word' id='word_1_328' title='bbox 1004 4196 1146 4240; x_wconf 87' lang='lat' dir='ltr'><strong>tuam</strong></span> <span class='ocrx_word' id='word_1_329' title='bbox 1171 4195 1461 4240; x_wconf 88' lang='lat' dir='ltr'><strong>contemnat</strong></span> <span class='ocrx_word' id='word_1_330' title='bbox 1503 4184 1548 4257; x_wconf 89' lang='lat' dir='ltr'><strong>(l</strong></span> <span class='ocrx_word' id='word_1_331' title='bbox 1575 4183 1708 4239; x_wconf 87' lang='lat' dir='ltr'><strong>Tim.</strong></span> <span class='ocrx_word' id='word_1_332' title='bbox 1738 4199 1813 4254; x_wconf 78' lang='lat' dir='ltr'><strong>tv,</strong></span> 
     </span>
    </p>
   </div>
   <div class='ocr_carea' id='block_1_46' title="bbox 220 4274 1815 4357">
    <p class='ocr_par' dir='ltr' id='par_1_46' title="bbox 220 4274 1815 4357">
     <span class='ocr_line' id='line_1_46' title="bbox 220 4274 1815 4357; baseline -0.004 -17"><span class='ocrx_word' id='word_1_333' title='bbox 220 4280 359 4357; x_wconf 69' lang='lat' dir='ltr'><strong>iis).</strong></span> <span class='ocrx_word' id='word_1_334' title='bbox 400 4274 515 4337; x_wconf 87' lang='lat' dir='ltr'><strong>Nos</strong></span> <span class='ocrx_word' id='word_1_335' title='bbox 558 4296 694 4337; x_wconf 88' lang='lat' dir='ltr'><strong>vero</strong></span> <span class='ocrx_word' id='word_1_336' title='bbox 721 4280 878 4352; x_wconf 74' lang='lat' dir='ltr'><strong>iuxta</strong></span> <span class='ocrx_word' id='word_1_337' title='bbox 908 4279 1084 4336; x_wconf 68' lang='lat' dir='ltr'><strong>Graeci</strong></span> <span class='ocrx_word' id='word_1_338' title='bbox 1115 4280 1385 4335; x_wconf 83' lang='lat' dir='ltr'><strong>sermonis</strong></span> <span class='ocrx_word' id='word_1_339' title='bbox 1425 4278 1815 4346; x_wconf 81' lang='lat' dir='ltr'><strong>dili‘erentiam,</strong></span> 
     </span>
    </p>
   </div>
   <div class='ocr_carea' id='block_1_47' title="bbox 218 4370 1817 4451">
    <p class='ocr_par' dir='ltr' id='par_1_47' title="bbox 218 4370 1817 4451">
     <span class='ocr_line' id='line_1_47' title="bbox 218 4370 1817 4451; baseline -0.004 -19"><span class='ocrx_word' id='word_1_340' title='bbox 218 4375 371 4432; x_wconf 87' lang='lat' dir='ltr'><strong>aliud</strong></span> <span class='ocrx_word' id='word_1_341' title='bbox 393 4370 644 4447; x_wconf 82' lang='lat' dir='ltr'><strong>putamus</strong></span> <span class='ocrx_word' id='word_1_342' title='bbox 671 4371 979 4445; x_wconf 78' lang='lat' dir='ltr'><strong>significare</strong></span> <span class='ocrx_word' id='word_1_343' title='bbox 1003 4373 1387 4451; x_wconf 77' lang='grc' dir='ltr'><strong>περιφρονείτω.</strong></span> <span class='ocrx_word' id='word_1_344' title='bbox 1412 4371 1557 4439; x_wconf 84' lang='lat' dir='ltr'><strong>quod</strong></span> <span class='ocrx_word' id='word_1_345' title='bbox 1578 4371 1664 4426; x_wconf 90' lang='lat' dir='ltr'><strong>hic</strong></span> <span class='ocrx_word' id='word_1_346' title='bbox 1684 4370 1817 4426; x_wconf 86' lang='lat' dir='ltr'><strong>scri-</strong></span> 
     </span>
    </p>
   </div>
   <div class='ocr_carea' id='block_1_48' title="bbox 217 4461 1813 4545">
    <p class='ocr_par' dir='ltr' id='par_1_48' title="bbox 217 4461 1813 4545">
     <span class='ocr_line' id='line_1_48' title="bbox 217 4461 1813 4545; baseline -0.004 -21"><span class='ocrx_word' id='word_1_347' title='bbox 217 4469 395 4537; x_wconf 88' lang='lat' dir='ltr'><strong>bitur,</strong></span> <span class='ocrx_word' id='word_1_348' title='bbox 420 4477 475 4524; x_wconf 89' lang='lat' dir='ltr'><strong>et</strong></span> <span class='ocrx_word' id='word_1_349' title='bbox 496 4463 645 4523; x_wconf 89' lang='lat' dir='ltr'><strong>aliud</strong></span> <span class='ocrx_word' id='word_1_350' title='bbox 667 4467 1064 4545; x_wconf 73' lang='grc' dir='ltr'><strong>καταφρονιΞτω,</strong></span> <span class='ocrx_word' id='word_1_351' title='bbox 1090 4463 1237 4534; x_wconf 90' lang='lat' dir='ltr'><strong>quod</strong></span> <span class='ocrx_word' id='word_1_352' title='bbox 1273 4464 1341 4518; x_wconf 88' lang='lat' dir='ltr'><strong>ad</strong></span> <span class='ocrx_word' id='word_1_353' title='bbox 1367 4462 1708 4519; x_wconf 84' lang='lat' dir='ltr'><strong>Timotheum</strong></span> <span class='ocrx_word' id='word_1_354' title='bbox 1729 4461 1813 4518; x_wconf 88' lang='lat' dir='ltr'><strong>di-</strong></span> 
     </span>
    </p>
   </div>
   <div class='ocr_carea' id='block_1_49' title="bbox 220 4546 1818 4632">
    <p class='ocr_par' dir='ltr' id='par_1_49' title="bbox 220 4546 1818 4632">
     <span class='ocr_line' id='line_1_49' title="bbox 220 4546 1818 4632; baseline -0.004 -16"><span class='ocrx_word' id='word_1_355' title='bbox 220 4569 365 4616; x_wconf 90' lang='lat' dir='ltr'><strong>ctum</strong></span> <span class='ocrx_word' id='word_1_356' title='bbox 391 4563 500 4629; x_wconf 85' lang='lat' dir='ltr'><strong>est,</strong></span> <span class='ocrx_word' id='word_1_357' title='bbox 717 4565 774 4614; x_wconf 91' lang='lat' dir='ltr'><strong>et</strong></span> <span class='ocrx_word' id='word_1_358' title='bbox 794 4556 1209 4629; x_wconf 70' lang='lat' dir='ltr'><strong>praepositiones</strong></span> <span class='ocrx_word' id='word_1_359' title='bbox 1229 4559 1370 4632; x_wconf 80' lang='grc' dir='ltr'><strong>περὶ,</strong></span> <span class='ocrx_word' id='word_1_360' title='bbox 1398 4554 1489 4611; x_wconf 90' lang='lat' dir='ltr'><strong>vel</strong></span> <span class='ocrx_word' id='word_1_361' title='bbox 1516 4558 1667 4623; x_wconf 81' lang='grc' dir='ltr'><strong>κατὰ,</strong></span> <span class='ocrx_word' id='word_1_362' title='bbox 1693 4569 1818 4610; x_wconf 87' lang='lat' dir='ltr'><strong>sen-</strong></span> 
     </span>
    </p>
   </div>
   <div class='ocr_carea' id='block_1_50' title="bbox 1911 554 3500 627">
    <p class='ocr_par' dir='ltr' id='par_1_50' title="bbox 1911 554 3500 627">
     <span class='ocr_line' id='line_1_50' title="bbox 1911 554 3500 627; baseline 0.011 -21"><span class='ocrx_word' id='word_1_363' title='bbox 1911 572 2053 612; x_wconf 77' lang='grc' dir='ltr'><strong>νησιν</strong></span> <span class='ocrx_word' id='word_1_364' title='bbox 2092 554 2156 608; x_wconf 86' lang='lat' dir='ltr'><strong>ad</strong></span> <span class='ocrx_word' id='word_1_365' title='bbox 2205 564 2580 624; x_wconf 84' lang='lat' dir='ltr'><strong>contemptum</strong></span> <span class='ocrx_word' id='word_1_366' title='bbox 2630 557 2851 627; x_wconf 84' lang='lat' dir='ltr'><strong>preprie</strong></span> <span class='ocrx_word' id='word_1_367' title='bbox 2893 561 3187 627; x_wconf 82' lang='lat' dir='ltr'><strong>pertinere,</strong></span> <span class='ocrx_word' id='word_1_368' title='bbox 3239 566 3327 620; x_wconf 87' lang='lat' dir='ltr'><strong>vel</strong></span> <span class='ocrx_word' id='word_1_369' title='bbox 3375 583 3500 625; x_wconf 86' lang='lat' dir='ltr'><strong>cum</strong></span> 
     </span>
    </p>
   </div>
   <div class='ocr_carea' id='block_1_51' title="bbox 1909 647 3505 722">
    <p class='ocr_par' dir='ltr' id='par_1_51' title="bbox 1909 647 3505 722">
     <span class='ocr_line' id='line_1_51' title="bbox 1909 647 3505 722; baseline 0.011 -24"><span class='ocrx_word' id='word_1_370' title='bbox 1909 647 2030 716; x_wconf 80' lang='lat' dir='ltr'><strong>quis</strong></span> <span class='ocrx_word' id='word_1_371' title='bbox 2063 647 2202 703; x_wconf 87' lang='lat' dir='ltr'><strong>inter</strong></span> <span class='ocrx_word' id='word_1_372' title='bbox 2229 648 2481 703; x_wconf 88' lang='lat' dir='ltr'><strong>eculeum</strong></span> <span class='ocrx_word' id='word_1_373' title='bbox 2508 649 2848 722; x_wconf 80' lang='lat' dir='ltr'><strong>inminasque</strong></span> <span class='ocrx_word' id='word_1_374' title='bbox 2878 652 3168 721; x_wconf 85' lang='lat' dir='ltr'><strong>distentus,</strong></span> <span class='ocrx_word' id='word_1_375' title='bbox 3201 662 3505 716; x_wconf 80' lang='lat' dir='ltr'><strong>contemnit</strong></span> 
     </span>
    </p>
   </div>
   <div class='ocr_carea' id='block_1_52' title="bbox 1908 738 3502 816">
    <p class='ocr_par' dir='ltr' id='par_1_52' title="bbox 1908 738 3502 816">
     <span class='ocr_line' id='line_1_52' title="bbox 1908 738 3502 816; baseline 0.009 -22"><span class='ocrx_word' id='word_1_376' title='bbox 1908 738 2179 809; x_wconf 87' lang='lat' dir='ltr'><strong>dolorem,</strong></span> <span class='ocrx_word' id='word_1_377' title='bbox 2226 749 2284 798; x_wconf 83' lang='lat' dir='ltr'><strong>et</strong></span> <span class='ocrx_word' id='word_1_378' title='bbox 2326 758 2428 797; x_wconf 86' lang='lat' dir='ltr'><strong>nec</strong></span> <span class='ocrx_word' id='word_1_379' title='bbox 2470 743 2670 814; x_wconf 77' lang='lat' dir='ltr'><strong>judicia</strong></span> <span class='ocrx_word' id='word_1_380' title='bbox 2707 745 3215 816; x_wconf 88' lang='lat' dir='ltr'><strong>comminationem,</strong></span> <span class='ocrx_word' id='word_1_381' title='bbox 3251 767 3350 807; x_wconf 81' lang='lat' dir='ltr'><strong>nec</strong></span> <span class='ocrx_word' id='word_1_382' title='bbox 3392 757 3502 809; x_wconf 84' lang='lat' dir='ltr'><strong>cir-</strong></span> 
     </span>
    </p>
   </div>
   <div class='ocr_carea' id='block_1_53' title="bbox 1908 834 3504 916">
    <p class='ocr_par' dir='ltr' id='par_1_53' title="bbox 1908 834 3504 916">
     <span class='ocr_line' id='line_1_53' title="bbox 1908 834 3504 916; baseline 0.01 -30"><span class='ocrx_word' id='word_1_383' title='bbox 1908 835 2227 889; x_wconf 84' lang='lat' dir='ltr'><strong>cumstantis</strong></span> <span class='ocrx_word' id='word_1_384' title='bbox 2266 834 2451 906; x_wconf 88' lang='lat' dir='ltr'><strong>populi</strong></span> <span class='ocrx_word' id='word_1_385' title='bbox 2508 835 2781 892; x_wconf 83' lang='lat' dir='ltr'><strong>fremitum</strong></span> <span class='ocrx_word' id='word_1_386' title='bbox 2836 840 3179 909; x_wconf 84' lang='lat' dir='ltr'><strong>pertimescit</strong></span> <span class='ocrx_word' id='word_1_387' title='bbox 3220 844 3358 899; x_wconf 78' lang='lat' dir='ltr'><strong>:sed</strong></span> <span class='ocrx_word' id='word_1_388' title='bbox 3403 861 3504 916; x_wconf 86' lang='lat' dir='ltr'><strong>pro</strong></span> 
     </span>
    </p>
   </div>
   <div class='ocr_carea' id='block_1_54' title="bbox 1908 924 3511 1004">
    <p class='ocr_par' dir='ltr' id='par_1_54' title="bbox 1908 924 3511 1004">
     <span class='ocr_line' id='line_1_54' title="bbox 1908 924 3511 1004; baseline 0.011 -26"><span class='ocrx_word' id='word_1_389' title='bbox 1908 924 2252 982; x_wconf 81' lang='lat' dir='ltr'><strong>confessione</strong></span> <span class='ocrx_word' id='word_1_390' title='bbox 2298 927 2565 1000; x_wconf 85' lang='lat' dir='ltr'><strong>martyrii,</strong></span> <span class='ocrx_word' id='word_1_391' title='bbox 2611 932 2863 987; x_wconf 79' lang='lat' dir='ltr'><strong>universa</strong></span> <span class='ocrx_word' id='word_1_392' title='bbox 2896 934 3161 1004; x_wconf 86' lang='lat' dir='ltr'><strong>supplicia</strong></span> <span class='ocrx_word' id='word_1_393' title='bbox 3200 940 3511 997; x_wconf 79' lang='lat' dir='ltr'><strong>contemnit</strong></span> 
     </span>
    </p>
   </div>
   <div class='ocr_carea' id='block_1_55' title="bbox 1909 1019 3506 1091">
    <p class='ocr_par' dir='ltr' id='par_1_55' title="bbox 1909 1019 3506 1091">
     <span class='ocr_line' id='line_1_55' title="bbox 1909 1019 3506 1091; baseline 0.009 -16"><span class='ocrx_word' id='word_1_394' title='bbox 1909 1027 1964 1075; x_wconf 81' lang='lat' dir='ltr'><strong>at</strong></span> <span class='ocrx_word' id='word_1_395' title='bbox 1989 1019 2239 1091; x_wconf 82' lang='lat' dir='ltr'><strong>despicit.</strong></span> <span class='ocrx_word' id='word_1_396' title='bbox 2276 1022 2610 1078; x_wconf 83' lang='lat' dir='ltr'><strong>Econtrario</strong></span> <span class='ocrx_word' id='word_1_397' title='bbox 2635 1033 2818 1081; x_wconf 81' lang='lat' dir='ltr'><strong>autem</strong></span> <span class='ocrx_word' id='word_1_398' title='bbox 2865 1031 2947 1083; x_wconf 82' lang='lat' dir='ltr'><strong>est</strong></span> <span class='ocrx_word' id='word_1_399' title='bbox 2976 1036 3032 1083; x_wconf 88' lang='lat' dir='ltr'><strong>et</strong></span> <span class='ocrx_word' id='word_1_400' title='bbox 3057 1029 3232 1086; x_wconf 85' lang='lat' dir='ltr'><strong>malus</strong></span> <span class='ocrx_word' id='word_1_401' title='bbox 3256 1040 3506 1089; x_wconf 81' lang='lat' dir='ltr'><strong>contem-</strong></span> 
     </span>
    </p>
   </div>
   <div class='ocr_carea' id='block_1_56' title="bbox 1910 1111 3511 1196">
    <p class='ocr_par' dir='ltr' id='par_1_56' title="bbox 1910 1111 3511 1196">
     <span class='ocr_line' id='line_1_56' title="bbox 1910 1111 3511 1196; baseline 0.009 -29"><span class='ocrx_word' id='word_1_402' title='bbox 1910 1120 2054 1182; x_wconf 88' lang='lat' dir='ltr'><strong>ptus,</strong></span> <span class='ocrx_word' id='word_1_403' title='bbox 2086 1111 2156 1169; x_wconf 89' lang='lat' dir='ltr'><strong>de</strong></span> <span class='ocrx_word' id='word_1_404' title='bbox 2186 1129 2295 1185; x_wconf 91' lang='lat' dir='ltr'><strong>quo</strong></span> <span class='ocrx_word' id='word_1_405' title='bbox 2323 1122 2379 1170; x_wconf 91' lang='lat' dir='ltr'><strong>et</strong></span> <span class='ocrx_word' id='word_1_406' title='bbox 2408 1114 2648 1181; x_wconf 80' lang='lat' dir='ltr'><strong>Abacuc,</strong></span> <span class='ocrx_word' id='word_1_407' title='bbox 2674 1117 2880 1187; x_wconf 87' lang='lat' dir='ltr'><strong>Spiritu</strong></span> <span class='ocrx_word' id='word_1_408' title='bbox 2895 1128 3085 1177; x_wconf 84' lang='lat' dir='ltr'><strong>sancto</strong></span> <span class='ocrx_word' id='word_1_409' title='bbox 3111 1122 3164 1177; x_wconf 84' lang='lat' dir='ltr'><strong>in</strong></span> <span class='ocrx_word' id='word_1_410' title='bbox 3192 1138 3255 1179; x_wconf 91' lang='lat' dir='ltr'><strong>se</strong></span> <span class='ocrx_word' id='word_1_411' title='bbox 3282 1122 3511 1196; x_wconf 82' lang='lat' dir='ltr'><strong>loquen-</strong></span> 
     </span>
    </p>
   </div>
   <div class='ocr_carea' id='block_1_57' title="bbox 1910 1207 3508 1286">
    <p class='ocr_par' dir='ltr' id='par_1_57' title="bbox 1910 1207 3508 1286">
     <span class='ocr_line' id='line_1_57' title="bbox 1910 1207 3508 1286; baseline 0.008 -23"><span class='ocrx_word' id='word_1_412' title='bbox 1910 1218 1985 1275; x_wconf 92' lang='lat' dir='ltr'><strong>te,</strong></span> <span class='ocrx_word' id='word_1_413' title='bbox 2016 1216 2289 1265; x_wconf 88' lang='lat' dir='ltr'><strong>testatur:</strong></span> <span class='ocrx_word' id='word_1_414' title='bbox 2335 1207 2520 1265; x_wconf 84' lang='lat' dir='ltr'><strong>Videte</strong></span> <span class='ocrx_word' id='word_1_415' title='bbox 2559 1219 2933 1281; x_wconf 82' lang='lat' dir='ltr'><strong>contemptores</strong></span> <span class='ocrx_word' id='word_1_416' title='bbox 2966 1230 2985 1268; x_wconf 90' lang='lat'><strong><em>:</em></strong></span> <span class='ocrx_word' id='word_1_417' title='bbox 3027 1222 3074 1269; x_wconf 88' lang='lat' dir='ltr'><strong>et</strong></span> <span class='ocrx_word' id='word_1_418' title='bbox 3114 1217 3362 1286; x_wconf 90' lang='lat' dir='ltr'><strong>inspicite</strong></span> <span class='ocrx_word' id='word_1_419' title='bbox 3403 1226 3431 1257; x_wconf 80' lang='grc' dir='ltr'><strong>ιι</strong></span> <span class='ocrx_word' id='word_1_420' title='bbox 3459 1229 3508 1276; x_wconf 81' lang='lat' dir='ltr'><strong>et</strong></span> 
     </span>
    </p>
   </div>
   <div class='ocr_carea' id='block_1_58' title="bbox 1908 1296 3507 1389">
    <p class='ocr_par' dir='ltr' id='par_1_58' title="bbox 1908 1296 3507 1389">
     <span class='ocr_line' id='line_1_58' title="bbox 1908 1296 3507 1389; baseline 0.009 -35"><span class='ocrx_word' id='word_1_421' title='bbox 1908 1301 2243 1356; x_wconf 82' lang='lat' dir='ltr'><strong>admirantini</strong></span> <span class='ocrx_word' id='word_1_422' title='bbox 2283 1302 2572 1371; x_wconf 83' lang='lat' dir='ltr'><strong>mirabilia,</strong></span> <span class='ocrx_word' id='word_1_423' title='bbox 2606 1313 2653 1358; x_wconf 88' lang='lat' dir='ltr'><strong>et</strong></span> <span class='ocrx_word' id='word_1_424' title='bbox 2695 1296 3062 1377; x_wconf 82' lang='lat' dir='ltr'><strong>disperdimini</strong></span> <span class='ocrx_word' id='word_1_425' title='bbox 3094 1309 3297 1381; x_wconf 81' lang='lat' dir='ltr'><strong>(Abac.</strong></span> <span class='ocrx_word' id='word_1_426' title='bbox 3330 1326 3371 1382; x_wconf 84' lang='grc' dir='ltr'>ι,</span> <span class='ocrx_word' id='word_1_427' title='bbox 3402 1312 3507 1389; x_wconf 83' lang='lat'><strong>5</strong></span> 
     </span>
    </p>
   </div>
   <div class='ocr_carea' id='block_1_59' title="bbox 1907 1391 3508 1472">
    <p class='ocr_par' dir='ltr' id='par_1_59' title="bbox 1907 1391 3508 1472">
     <span class='ocr_line' id='line_1_59' title="bbox 1907 1391 3508 1472; baseline 0.009 -24"><span class='ocrx_word' id='word_1_428' title='bbox 1907 1391 2076 1449; x_wconf 81' lang='lat' dir='ltr'><strong>Juxta</strong></span> <span class='ocrx_word' id='word_1_429' title='bbox 2108 1394 2262 1464; x_wconf 88' lang='lat' dir='ltr'><strong>quod</strong></span> <span class='ocrx_word' id='word_1_430' title='bbox 2306 1394 2373 1450; x_wconf 88' lang='lat' dir='ltr'><strong>ad</strong></span> <span class='ocrx_word' id='word_1_431' title='bbox 2420 1394 2761 1453; x_wconf 86' lang='lat' dir='ltr'><strong>Timotheum</strong></span> <span class='ocrx_word' id='word_1_432' title='bbox 2810 1414 3026 1470; x_wconf 89' lang='lat' dir='ltr'><strong>quoque</strong></span> <span class='ocrx_word' id='word_1_433' title='bbox 3055 1402 3318 1472; x_wconf 81' lang='lat' dir='ltr'><strong>scriptum</strong></span> <span class='ocrx_word' id='word_1_434' title='bbox 3362 1406 3508 1462; x_wconf 73' lang='lat' dir='ltr'><strong>dixi-</strong></span> 
     </span>
    </p>
   </div>
   <div class='ocr_carea' id='block_1_60' title="bbox 1910 1480 3508 1568">
    <p class='ocr_par' dir='ltr' id='par_1_60' title="bbox 1910 1480 3508 1568">
     <span class='ocr_line' id='line_1_60' title="bbox 1910 1480 3508 1568; baseline 0.011 -29"><span class='ocrx_word' id='word_1_435' title='bbox 1910 1500 2028 1540; x_wconf 89' lang='lat' dir='ltr'><strong>mus</strong></span> <span class='ocrx_word' id='word_1_436' title='bbox 2061 1503 2075 1539; x_wconf 88' lang='lat'><strong>:</strong></span> <span class='ocrx_word' id='word_1_437' title='bbox 2109 1480 2277 1541; x_wconf 82' lang='lat' dir='ltr'><strong>Nemo</strong></span> <span class='ocrx_word' id='word_1_438' title='bbox 2320 1486 2720 1544; x_wconf 86' lang='lat' dir='ltr'><strong>adolescentiam</strong></span> <span class='ocrx_word' id='word_1_439' title='bbox 2762 1499 2906 1546; x_wconf 85' lang='lat' dir='ltr'><strong>tuam</strong></span> <span class='ocrx_word' id='word_1_440' title='bbox 2934 1502 3230 1550; x_wconf 83' lang='lat' dir='ltr'><strong>contemnat</strong></span> <span class='ocrx_word' id='word_1_441' title='bbox 3268 1497 3289 1568; x_wconf 90' lang='lat'><strong>(</strong></span> <span class='ocrx_word' id='word_1_442' title='bbox 3318 1498 3335 1552; x_wconf 95' lang='lat' dir='ltr'><strong>l</strong></span> <span class='ocrx_word' id='word_1_443' title='bbox 3366 1498 3508 1557; x_wconf 84' lang='lat' dir='ltr'><strong>Tim.</strong></span> 
     </span>
    </p>
   </div>
   <div class='ocr_carea' id='block_1_61' title="bbox 1908 1579 3511 1662">
    <p class='ocr_par' dir='ltr' id='par_1_61' title="bbox 1908 1579 3511 1662">
     <span class='ocr_line' id='line_1_61' title="bbox 1908 1579 3511 1662; baseline 0.011 -29"><span class='ocrx_word' id='word_1_444' title='bbox 1908 1592 1987 1649; x_wconf 84' lang='lat' dir='ltr'><strong>tv,</strong></span> <span class='ocrx_word' id='word_1_445' title='bbox 2024 1580 2088 1635; x_wconf 72' lang='lat' dir='ltr'><strong>l2</strong></span> <span class='ocrx_word' id='word_1_446' title='bbox 2110 1580 2153 1651; x_wconf 92' lang='lat'><strong>),</strong></span> <span class='ocrx_word' id='word_1_447' title='bbox 2186 1579 2240 1636; x_wconf 90' lang='lat' dir='ltr'><strong>id</strong></span> <span class='ocrx_word' id='word_1_448' title='bbox 2265 1591 2372 1645; x_wconf 89' lang='lat' dir='ltr'><strong>est,</strong></span> <span class='ocrx_word' id='word_1_449' title='bbox 2404 1582 2540 1638; x_wconf 82' lang='lat' dir='ltr'><strong>Nolo</strong></span> <span class='ocrx_word' id='word_1_450' title='bbox 2568 1592 2622 1640; x_wconf 90' lang='lat' dir='ltr'><strong>te</strong></span> <span class='ocrx_word' id='word_1_451' title='bbox 2659 1583 2819 1641; x_wconf 87' lang='lat' dir='ltr'><strong>talem</strong></span> <span class='ocrx_word' id='word_1_452' title='bbox 2848 1586 3114 1644; x_wconf 79' lang='lat' dir='ltr'><strong>exhibeas</strong></span> <span class='ocrx_word' id='word_1_453' title='bbox 3149 1596 3208 1645; x_wconf 84' lang='lat' dir='ltr'><strong>ut</strong></span> <span class='ocrx_word' id='word_1_454' title='bbox 3239 1592 3416 1662; x_wconf 89' lang='lat' dir='ltr'><strong>possis</strong></span> <span class='ocrx_word' id='word_1_455' title='bbox 3441 1594 3511 1650; x_wconf 89' lang='lat' dir='ltr'><strong>ab</strong></span> 
     </span>
    </p>
   </div>
   <div class='ocr_carea' id='block_1_62' title="bbox 1908 1670 3515 1755">
    <p class='ocr_par' dir='ltr' id='par_1_62' title="bbox 1908 1670 3515 1755">
     <span class='ocr_line' id='line_1_62' title="bbox 1908 1670 3515 1755; baseline 0.011 -30"><span class='ocrx_word' id='word_1_456' title='bbox 1908 1670 2090 1743; x_wconf 87' lang='lat' dir='ltr'><strong>aliquo</strong></span> <span class='ocrx_word' id='word_1_457' title='bbox 2108 1675 2304 1729; x_wconf 87' lang='lat' dir='ltr'><strong>merito</strong></span> <span class='ocrx_word' id='word_1_458' title='bbox 2334 1676 2634 1732; x_wconf 89' lang='lat' dir='ltr'><strong>contemni.</strong></span> <span class='ocrx_word' id='word_1_459' title='bbox 2658 1679 3017 1755; x_wconf 75' lang='grc' dir='ltr'><strong>Περιφρὸνησις</strong></span> <span class='ocrx_word' id='word_1_460' title='bbox 3046 1691 3228 1738; x_wconf 90' lang='lat' dir='ltr'><strong>autem</strong></span> <span class='ocrx_word' id='word_1_461' title='bbox 3263 1684 3392 1740; x_wconf 90' lang='lat' dir='ltr'><strong>illud</strong></span> <span class='ocrx_word' id='word_1_462' title='bbox 3421 1701 3515 1742; x_wconf 87' lang='lat' dir='ltr'><strong>so-</strong></span> 
     </span>
    </p>
   </div>
   <div class='ocr_carea' id='block_1_63' title="bbox 1910 1766 3515 1848">
    <p class='ocr_par' dir='ltr' id='par_1_63' title="bbox 1910 1766 3515 1848">
     <span class='ocr_line' id='line_1_63' title="bbox 1910 1766 3515 1848; baseline 0.009 -29"><span class='ocrx_word' id='word_1_463' title='bbox 1910 1775 2025 1832; x_wconf 89' lang='lat' dir='ltr'><strong>nat,</strong></span> <span class='ocrx_word' id='word_1_464' title='bbox 2055 1768 2195 1821; x_wconf 89' lang='lat' dir='ltr'><strong>sicut</strong></span> <span class='ocrx_word' id='word_1_465' title='bbox 2224 1766 2391 1824; x_wconf 84' lang='lat' dir='ltr'><strong>Stoici</strong></span> <span class='ocrx_word' id='word_1_466' title='bbox 2421 1778 2602 1825; x_wconf 89' lang='lat' dir='ltr'><strong>tamen</strong></span> <span class='ocrx_word' id='word_1_467' title='bbox 2642 1782 2912 1839; x_wconf 83' lang='lat' dir='ltr'><strong>asserunt,</strong></span> <span class='ocrx_word' id='word_1_468' title='bbox 2944 1775 3035 1844; x_wconf 88' lang='lat' dir='ltr'><strong>qui</strong></span> <span class='ocrx_word' id='word_1_469' title='bbox 3068 1774 3406 1848; x_wconf 77' lang='lat' dir='ltr'><strong>distinguunt</strong></span> <span class='ocrx_word' id='word_1_470' title='bbox 3431 1779 3515 1833; x_wconf 87' lang='lat' dir='ltr'><strong>iu-</strong></span> 
     </span>
    </p>
   </div>
   <div class='ocr_carea' id='block_1_64' title="bbox 1836 1850 3514 1936">
    <p class='ocr_par' dir='ltr' id='par_1_64' title="bbox 1836 1850 3514 1936">
     <span class='ocr_line' id='line_1_64' title="bbox 1836 1850 3514 1936; baseline 0.008 -22"><span class='ocrx_word' id='word_1_471' title='bbox 1836 1850 1886 1914; x_wconf 81' lang='grc' dir='ltr'><strong>Β</strong></span> <span class='ocrx_word' id='word_1_472' title='bbox 1912 1864 1996 1913; x_wconf 89' lang='lat' dir='ltr'><strong>ter</strong></span> <span class='ocrx_word' id='word_1_473' title='bbox 2022 1858 2189 1915; x_wconf 87' lang='lat' dir='ltr'><strong>verba</strong></span> <span class='ocrx_word' id='word_1_474' title='bbox 2220 1858 2519 1927; x_wconf 86' lang='lat' dir='ltr'><strong>subtiliter,</strong></span> <span class='ocrx_word' id='word_1_475' title='bbox 2548 1876 2669 1916; x_wconf 90' lang='lat' dir='ltr'><strong>cum</strong></span> <span class='ocrx_word' id='word_1_476' title='bbox 2701 1863 2792 1933; x_wconf 88' lang='lat' dir='ltr'><strong>qui</strong></span> <span class='ocrx_word' id='word_1_477' title='bbox 2819 1863 3105 1921; x_wconf 88' lang='lat' dir='ltr'><strong>conlidens</strong></span> <span class='ocrx_word' id='word_1_478' title='bbox 3139 1867 3267 1936; x_wconf 85' lang='lat' dir='ltr'><strong>sibi,</strong></span> <span class='ocrx_word' id='word_1_479' title='bbox 3303 1884 3363 1925; x_wconf 92' lang='lat' dir='ltr'><strong>se</strong></span> <span class='ocrx_word' id='word_1_480' title='bbox 3403 1871 3514 1927; x_wconf 89' lang='lat' dir='ltr'><strong>alio</strong></span> 
     </span>
    </p>
   </div>
   <div class='ocr_carea' id='block_1_65' title="bbox 1913 1950 3510 2034">
    <p class='ocr_par' dir='ltr' id='par_1_65' title="bbox 1913 1950 3510 2034">
     <span class='ocr_line' id='line_1_65' title="bbox 1913 1950 3510 2034; baseline 0.006 -28"><span class='ocrx_word' id='word_1_481' title='bbox 1913 1964 2037 2006; x_wconf 88' lang='lat' dir='ltr'><strong>esse</strong></span> <span class='ocrx_word' id='word_1_482' title='bbox 2066 1950 2368 2021; x_wconf 90' lang='lat' dir='ltr'><strong>meliorem,</strong></span> <span class='ocrx_word' id='word_1_483' title='bbox 2401 1951 2635 2022; x_wconf 87' lang='lat' dir='ltr'><strong>despicit</strong></span> <span class='ocrx_word' id='word_1_484' title='bbox 2660 1969 2786 2009; x_wconf 90' lang='lat' dir='ltr'><strong>eum</strong></span> <span class='ocrx_word' id='word_1_485' title='bbox 2815 1970 2976 2025; x_wconf 88' lang='lat' dir='ltr'><strong>quem</strong></span> <span class='ocrx_word' id='word_1_486' title='bbox 3001 1958 3311 2016; x_wconf 87' lang='lat' dir='ltr'><strong>inferiorem</strong></span> <span class='ocrx_word' id='word_1_487' title='bbox 3333 1971 3510 2034; x_wconf 87' lang='lat' dir='ltr'><strong>putat,</strong></span> 
     </span>
    </p>
   </div>
   <div class='ocr_carea' id='block_1_66' title="bbox 1913 2042 3517 2115">
    <p class='ocr_par' dir='ltr' id='par_1_66' title="bbox 1913 2042 3517 2115">
     <span class='ocr_line' id='line_1_66' title="bbox 1913 2042 3517 2115; baseline 0.009 -18"><span class='ocrx_word' id='word_1_488' title='bbox 1913 2048 1969 2097; x_wconf 89' lang='lat' dir='ltr'><strong>et</strong></span> <span class='ocrx_word' id='word_1_489' title='bbox 1996 2054 2183 2112; x_wconf 85' lang='lat' dir='ltr'><strong>super,</strong></span> <span class='ocrx_word' id='word_1_490' title='bbox 2211 2042 2262 2098; x_wconf 89' lang='lat' dir='ltr'><strong>id</strong></span> <span class='ocrx_word' id='word_1_491' title='bbox 2298 2050 2403 2110; x_wconf 85' lang='lat' dir='ltr'><strong>est,</strong></span> <span class='ocrx_word' id='word_1_492' title='bbox 2436 2045 2554 2113; x_wconf 88' lang='lat' dir='ltr'><strong>plus</strong></span> <span class='ocrx_word' id='word_1_493' title='bbox 2583 2046 2821 2115; x_wconf 85' lang='lat' dir='ltr'><strong>sapiens,</strong></span> <span class='ocrx_word' id='word_1_494' title='bbox 2857 2045 3203 2106; x_wconf 87' lang='lat' dir='ltr'><strong>humiliorem</strong></span> <span class='ocrx_word' id='word_1_495' title='bbox 3234 2054 3517 2113; x_wconf 73' lang='lat' dir='ltr'><strong>existimat</strong></span> 
     </span>
    </p>
   </div>
   <div class='ocr_carea' id='block_1_67' title="bbox 1912 2132 3516 2210">
    <p class='ocr_par' dir='ltr' id='par_1_67' title="bbox 1912 2132 3516 2210">
     <span class='ocr_line' id='line_1_67' title="bbox 1912 2132 3516 2210; baseline 0.009 -22"><span class='ocrx_word' id='word_1_496' title='bbox 1912 2132 2133 2204; x_wconf 75' lang='lat' dir='ltr'><strong>dignum</strong></span> <span class='ocrx_word' id='word_1_497' title='bbox 2163 2148 2289 2190; x_wconf 88' lang='lat' dir='ltr'><strong>esse</strong></span> <span class='ocrx_word' id='word_1_498' title='bbox 2324 2144 2662 2206; x_wconf 89' lang='lat' dir='ltr'><strong>contemptu.</strong></span> <span class='ocrx_word' id='word_1_499' title='bbox 2711 2136 2843 2194; x_wconf 84' lang='lat' dir='ltr'><strong>Tale</strong></span> <span class='ocrx_word' id='word_1_500' title='bbox 2871 2140 2996 2210; x_wconf 87' lang='lat' dir='ltr'><strong>quid</strong></span> <span class='ocrx_word' id='word_1_501' title='bbox 3027 2143 3394 2202; x_wconf 79' lang='lat' dir='ltr'><strong>intumescens</strong></span> <span class='ocrx_word' id='word_1_502' title='bbox 3422 2164 3516 2203; x_wconf 68' lang='lat' dir='ltr'><strong>su~</strong></span> 
     </span>
    </p>
   </div>
   <div class='ocr_carea' id='block_1_68' title="bbox 1913 2226 3518 2312">
    <p class='ocr_par' dir='ltr' id='par_1_68' title="bbox 1913 2226 3518 2312">
     <span class='ocr_line' id='line_1_68' title="bbox 1913 2226 3518 2312; baseline 0.011 -32"><span class='ocrx_word' id='word_1_503' title='bbox 1913 2226 2115 2295; x_wconf 76' lang='lat' dir='ltr'><strong>perbia:</strong></span> <span class='ocrx_word' id='word_1_504' title='bbox 2143 2226 2402 2297; x_wconf 85' lang='lat' dir='ltr'><strong>vanitate,</strong></span> <span class='ocrx_word' id='word_1_505' title='bbox 2450 2232 2506 2284; x_wconf 88' lang='lat' dir='ltr'><strong>et</strong></span> <span class='ocrx_word' id='word_1_506' title='bbox 2531 2231 2730 2286; x_wconf 73' lang='lat' dir='ltr'><strong>ccc-lum</strong></span> <span class='ocrx_word' id='word_1_507' title='bbox 2766 2232 2967 2303; x_wconf 88' lang='lat' dir='ltr'><strong>ipsum,</strong></span> <span class='ocrx_word' id='word_1_508' title='bbox 3019 2236 3298 2308; x_wconf 89' lang='lat' dir='ltr'><strong>solemque</strong></span> <span class='ocrx_word' id='word_1_509' title='bbox 3336 2239 3518 2312; x_wconf 83' lang='lat' dir='ltr'><strong>despi-</strong></span> 
     </span>
    </p>
   </div>
   <div class='ocr_carea' id='block_1_69' title="bbox 1912 2322 3510 2397">
    <p class='ocr_par' dir='ltr' id='par_1_69' title="bbox 1912 2322 3510 2397">
     <span class='ocr_line' id='line_1_69' title="bbox 1912 2322 3510 2397; baseline 0.009 -19"><span class='ocrx_word' id='word_1_510' title='bbox 1912 2322 2066 2379; x_wconf 85' lang='lat' dir='ltr'><strong>ciens</strong></span> <span class='ocrx_word' id='word_1_511' title='bbox 2116 2323 2260 2394; x_wconf 90' lang='lat' dir='ltr'><strong>apud</strong></span> <span class='ocrx_word' id='word_1_512' title='bbox 2314 2323 2536 2380; x_wconf 66' lang='lat' dir='ltr'><strong>Graecos</strong></span> <span class='ocrx_word' id='word_1_513' title='bbox 2584 2323 2613 2364; x_wconf 72' lang='grc' dir='ltr'>δ</span> <span class='ocrx_word' id='word_1_514' title='bbox 2668 2326 2887 2397; x_wconf 89' lang='lat' dir='ltr'><strong>quidam</strong></span> <span class='ocrx_word' id='word_1_515' title='bbox 2938 2328 3143 2386; x_wconf 75' lang='lat' dir='ltr'><strong>dixisse</strong></span> <span class='ocrx_word' id='word_1_516' title='bbox 3188 2332 3510 2393; x_wconf 87' lang='lat' dir='ltr'><strong>deluditur:</strong></span> 
     </span>
    </p>
   </div>
   <div class='ocr_carea' id='block_1_70' title="bbox 1911 2418 3513 2496">
    <p class='ocr_par' dir='ltr' id='par_1_70' title="bbox 1911 2418 3513 2496">
     <span class='ocr_line' id='line_1_70' title="bbox 1911 2418 3513 2496; baseline 0.009 -24"><span class='ocrx_word' id='word_1_517' title='bbox 1911 2418 2197 2493; x_wconf 72' lang='grc' dir='ltr'><strong>’Δεροϐατῶ</strong></span> <span class='ocrx_word' id='word_1_518' title='bbox 2226 2419 2311 2473; x_wconf 75' lang='grc' dir='ltr'><strong>καί</strong></span> <span class='ocrx_word' id='word_1_519' title='bbox 2337 2427 2626 2496; x_wconf 76' lang='grc' dir='ltr'><strong>περιφρονῶ</strong></span> <span class='ocrx_word' id='word_1_520' title='bbox 2654 2422 2744 2476; x_wconf 77' lang='grc' dir='ltr'><strong>τὸν</strong></span> <span class='ocrx_word' id='word_1_521' title='bbox 2770 2422 2906 2480; x_wconf 75' lang='grc' dir='ltr'><strong>ἥλιον</strong></span> <span class='ocrx_word' id='word_1_522' title='bbox 2927 2464 2942 2489; x_wconf 83' lang='grc'><strong>,</strong></span> <span class='ocrx_word' id='word_1_523' title='bbox 2988 2423 3133 2494; x_wconf 85' lang='lat' dir='ltr'><strong>quod</strong></span> <span class='ocrx_word' id='word_1_524' title='bbox 3179 2439 3277 2482; x_wconf 86' lang='lat' dir='ltr'><strong>nos</strong></span> <span class='ocrx_word' id='word_1_525' title='bbox 3318 2426 3513 2486; x_wconf 84' lang='lat' dir='ltr'><strong>Latine</strong></span> 
     </span>
    </p>
   </div>
   <div class='ocr_carea' id='block_1_71' title="bbox 1918 2512 3517 2589">
    <p class='ocr_par' dir='ltr' id='par_1_71' title="bbox 1918 2512 3517 2589">
     <span class='ocr_line' id='line_1_71' title="bbox 1918 2512 3517 2589; baseline 0.006 -22"><span class='ocrx_word' id='word_1_526' title='bbox 1918 2527 2208 2582; x_wconf 87' lang='lat' dir='ltr'><strong>possumus</strong></span> <span class='ocrx_word' id='word_1_527' title='bbox 2237 2512 2445 2580; x_wconf 84' lang='lat' dir='ltr'><strong>dicere,</strong></span> <span class='ocrx_word' id='word_1_528' title='bbox 2479 2513 2690 2569; x_wconf 86' lang='lat' dir='ltr'><strong>Scando</strong></span> <span class='ocrx_word' id='word_1_529' title='bbox 2716 2532 2805 2587; x_wconf 89' lang='lat' dir='ltr'><strong>per</strong></span> <span class='ocrx_word' id='word_1_530' title='bbox 2832 2533 3025 2583; x_wconf 89' lang='lat' dir='ltr'><strong>aerem,</strong></span> <span class='ocrx_word' id='word_1_531' title='bbox 3050 2526 3097 2571; x_wconf 91' lang='lat' dir='ltr'><strong>et</strong></span> <span class='ocrx_word' id='word_1_532' title='bbox 3118 2517 3284 2589; x_wconf 82' lang='lat' dir='ltr'><strong>pluris</strong></span> <span class='ocrx_word' id='word_1_533' title='bbox 3304 2536 3383 2577; x_wconf 89' lang='lat' dir='ltr'><strong>me</strong></span> <span class='ocrx_word' id='word_1_534' title='bbox 3400 2525 3517 2577; x_wconf 80' lang='lat' dir='ltr'><strong>novi</strong></span> 
     </span>
    </p>
   </div>
   <div class='ocr_carea' id='block_1_72' title="bbox 1913 2605 3514 2684">
    <p class='ocr_par' dir='ltr' id='par_1_72' title="bbox 1913 2605 3514 2684">
     <span class='ocr_line' id='line_1_72' title="bbox 1913 2605 3514 2684; baseline 0.006 -24"><span class='ocrx_word' id='word_1_535' title='bbox 1913 2621 2020 2661; x_wconf 83' lang='lat' dir='ltr'><strong>esse</strong></span> <span class='ocrx_word' id='word_1_536' title='bbox 2062 2621 2217 2677; x_wconf 83' lang='lat' dir='ltr'><strong>quam</strong></span> <span class='ocrx_word' id='word_1_537' title='bbox 2261 2605 2441 2660; x_wconf 88' lang='lat' dir='ltr'><strong>solem.</strong></span> <span class='ocrx_word' id='word_1_538' title='bbox 2485 2606 2847 2684; x_wconf 72' lang='grc' dir='ltr'><strong>Περιφρὸνησις</strong></span> <span class='ocrx_word' id='word_1_539' title='bbox 2891 2623 3041 2677; x_wconf 81' lang='lat' dir='ltr'><strong>ergo,</strong></span> <span class='ocrx_word' id='word_1_540' title='bbox 3088 2625 3209 2678; x_wconf 67' lang='lat' dir='ltr'><strong>quae</strong></span> <span class='ocrx_word' id='word_1_541' title='bbox 3254 2624 3401 2667; x_wconf 88' lang='lat' dir='ltr'><strong>nunc</strong></span> <span class='ocrx_word' id='word_1_542' title='bbox 3445 2615 3514 2671; x_wconf 80' lang='lat' dir='ltr'><strong>ad</strong></span> 
     </span>
    </p>
   </div>
   <div class='ocr_carea' id='block_1_73' title="bbox 1914 2698 3514 2770">
    <p class='ocr_par' dir='ltr' id='par_1_73' title="bbox 1914 2698 3514 2770">
     <span class='ocr_line' id='line_1_73' title="bbox 1914 2698 3514 2770; baseline 0.006 -17"><span class='ocrx_word' id='word_1_543' title='bbox 1914 2698 2093 2754; x_wconf 89' lang='lat' dir='ltr'><strong>Titum</strong></span> <span class='ocrx_word' id='word_1_544' title='bbox 2138 2700 2377 2770; x_wconf 87' lang='lat' dir='ltr'><strong>ponitur,</strong></span> <span class='ocrx_word' id='word_1_545' title='bbox 2415 2700 2565 2754; x_wconf 90' lang='lat' dir='ltr'><strong>illum</strong></span> <span class='ocrx_word' id='word_1_546' title='bbox 2619 2716 2847 2756; x_wconf 88' lang='lat' dir='ltr'><strong>sensum</strong></span> <span class='ocrx_word' id='word_1_547' title='bbox 2884 2702 3046 2758; x_wconf 87' lang='lat' dir='ltr'><strong>habet</strong></span> <span class='ocrx_word' id='word_1_548' title='bbox 3078 2719 3092 2757; x_wconf 86' lang='lat'><strong>:</strong></span> <span class='ocrx_word' id='word_1_549' title='bbox 3125 2702 3293 2759; x_wconf 86' lang='lat' dir='ltr'><strong>Nemo</strong></span> <span class='ocrx_word' id='word_1_550' title='bbox 3323 2721 3514 2763; x_wconf 88' lang='lat' dir='ltr'><strong>eorum</strong></span> 
     </span>
    </p>
   </div>
   <div class='ocr_carea' id='block_1_74' title="bbox 1915 2790 3518 2866">
    <p class='ocr_par' dir='ltr' id='par_1_74' title="bbox 1915 2790 3518 2866">
     <span class='ocr_line' id='line_1_74' title="bbox 1915 2790 3518 2866; baseline 0.007 -21"><span class='ocrx_word' id='word_1_551' title='bbox 1915 2793 2003 2863; x_wconf 91' lang='lat' dir='ltr'><strong>qui</strong></span> <span class='ocrx_word' id='word_1_552' title='bbox 2034 2794 2085 2847; x_wconf 90' lang='lat' dir='ltr'><strong>in</strong></span> <span class='ocrx_word' id='word_1_553' title='bbox 2118 2790 2378 2847; x_wconf 74' lang='lat' dir='ltr'><strong>Ecclesiis</strong></span> <span class='ocrx_word' id='word_1_554' title='bbox 2410 2800 2558 2857; x_wconf 81' lang='lat' dir='ltr'><strong>sunt,</strong></span> <span class='ocrx_word' id='word_1_555' title='bbox 2594 2800 2644 2847; x_wconf 87' lang='lat' dir='ltr'><strong>te</strong></span> <span class='ocrx_word' id='word_1_556' title='bbox 2667 2794 2909 2863; x_wconf 83' lang='lat' dir='ltr'><strong>segniter</strong></span> <span class='ocrx_word' id='word_1_557' title='bbox 2937 2807 3129 2865; x_wconf 71' lang='lat' dir='ltr'><strong>agente</strong></span> <span class='ocrx_word' id='word_1_558' title='bbox 3150 2798 3228 2853; x_wconf 89' lang='lat' dir='ltr'><strong>sic</strong></span> <span class='ocrx_word' id='word_1_559' title='bbox 3255 2800 3422 2866; x_wconf 80' lang='lat' dir='ltr'><strong>vivat,</strong></span> <span class='ocrx_word' id='word_1_560' title='bbox 3458 2810 3518 2857; x_wconf 86' lang='lat' dir='ltr'><strong>ut</strong></span> 
     </span>
    </p>
   </div>
   <div class='ocr_carea' id='block_1_75' title="bbox 1915 2885 3518 2954">
    <p class='ocr_par' dir='ltr' id='par_1_75' title="bbox 1915 2885 3518 2954">
     <span class='ocr_line' id='line_1_75' title="bbox 1915 2885 3518 2954; baseline 0.005 -13"><span class='ocrx_word' id='word_1_561' title='bbox 1915 2901 1974 2942; x_wconf 90' lang='lat' dir='ltr'><strong>se</strong></span> <span class='ocrx_word' id='word_1_562' title='bbox 2004 2892 2157 2954; x_wconf 84' lang='lat' dir='ltr'><strong>putet</strong></span> <span class='ocrx_word' id='word_1_563' title='bbox 2186 2901 2309 2942; x_wconf 56' lang='lat' dir='ltr'><strong>esse</strong></span> <span class='ocrx_word' id='word_1_564' title='bbox 2342 2885 2649 2941; x_wconf 89' lang='lat' dir='ltr'><strong>meliorem.</strong></span> <span class='ocrx_word' id='word_1_565' title='bbox 2701 2886 2889 2954; x_wconf 86' lang='lat' dir='ltr'><strong>Qualis</strong></span> <span class='ocrx_word' id='word_1_566' title='bbox 2922 2890 3066 2943; x_wconf 87' lang='lat' dir='ltr'><strong>enim</strong></span> <span class='ocrx_word' id='word_1_567' title='bbox 3095 2888 3382 2947; x_wconf 74' lang='lat' dir='ltr'><strong>:cdilicatio</strong></span> <span class='ocrx_word' id='word_1_568' title='bbox 3413 2896 3518 2949; x_wconf 89' lang='lat' dir='ltr'><strong>crit</strong></span> 
     </span>
    </p>
   </div>
   <div class='ocr_carea' id='block_1_76' title="bbox 1915 2977 3517 3054">
    <p class='ocr_par' dir='ltr' id='par_1_76' title="bbox 1915 2977 3517 3054">
     <span class='ocr_line' id='line_1_76' title="bbox 1915 2977 3517 3054; baseline 0.004 -20"><span class='ocrx_word' id='word_1_569' title='bbox 1915 2977 2188 3050; x_wconf 88' lang='lat' dir='ltr'><strong>discipuli,</strong></span> <span class='ocrx_word' id='word_1_570' title='bbox 2238 2979 2285 3034; x_wconf 87' lang='lat' dir='ltr'><strong>si</strong></span> <span class='ocrx_word' id='word_1_571' title='bbox 2336 2993 2398 3034; x_wconf 89' lang='lat' dir='ltr'><strong>se</strong></span> <span class='ocrx_word' id='word_1_572' title='bbox 2444 2979 2713 3050; x_wconf 81' lang='lat' dir='ltr'><strong>intelligat</strong></span> <span class='ocrx_word' id='word_1_573' title='bbox 2760 2981 3023 3050; x_wconf 76' lang='lat' dir='ltr'><strong>magistro</strong></span> <span class='ocrx_word' id='word_1_574' title='bbox 3059 2997 3182 3038; x_wconf 87' lang='lat' dir='ltr'><strong>esse</strong></span> <span class='ocrx_word' id='word_1_575' title='bbox 3205 2984 3517 3054; x_wconf 78' lang='lat' dir='ltr'><strong>majorem?</strong></span> 
     </span>
    </p>
   </div>
   <div class='ocr_carea' id='block_1_77' title="bbox 1915 3068 3517 3145">
    <p class='ocr_par' dir='ltr' id='par_1_77' title="bbox 1915 3068 3517 3145">
     <span class='ocr_line' id='line_1_77' title="bbox 1915 3068 3517 3145; baseline 0.005 -18"><span class='ocrx_word' id='word_1_576' title='bbox 1915 3068 2071 3127; x_wconf 84' lang='lat' dir='ltr'><strong>Unde</strong></span> <span class='ocrx_word' id='word_1_577' title='bbox 2104 3086 2212 3126; x_wconf 92' lang='lat' dir='ltr'><strong>non</strong></span> <span class='ocrx_word' id='word_1_578' title='bbox 2243 3071 2416 3127; x_wconf 89' lang='lat' dir='ltr'><strong>solum</strong></span> <span class='ocrx_word' id='word_1_579' title='bbox 2446 3070 2727 3142; x_wconf 80' lang='lat' dir='ltr'><strong>episcopi,</strong></span> <span class='ocrx_word' id='word_1_580' title='bbox 2759 3073 3066 3145; x_wconf 80' lang='lat' dir='ltr'><strong>presbyteri</strong></span> <span class='ocrx_word' id='word_1_581' title='bbox 3092 3084 3146 3130; x_wconf 88' lang='lat' dir='ltr'><strong>et</strong></span> <span class='ocrx_word' id='word_1_582' title='bbox 3173 3075 3385 3133; x_wconf 86' lang='lat' dir='ltr'><strong>diaconi</strong></span> <span class='ocrx_word' id='word_1_583' title='bbox 3414 3080 3517 3136; x_wconf 84' lang='lat' dir='ltr'><strong>tle-</strong></span> 
     </span>
    </p>
   </div>
   <div class='ocr_carea' id='block_1_78' title="bbox 1915 3162 3516 3238">
    <p class='ocr_par' dir='ltr' id='par_1_78' title="bbox 1915 3162 3516 3238">
     <span class='ocr_line' id='line_1_78' title="bbox 1915 3162 3516 3238; baseline 0.006 -20"><span class='ocrx_word' id='word_1_584' title='bbox 1915 3162 2045 3219; x_wconf 89' lang='lat' dir='ltr'><strong>bent</strong></span> <span class='ocrx_word' id='word_1_585' title='bbox 2070 3179 2400 3235; x_wconf 80' lang='lat' dir='ltr'><strong>magnopere</strong></span> <span class='ocrx_word' id='word_1_586' title='bbox 2431 3162 2720 3234; x_wconf 77' lang='lat' dir='ltr'><strong>providere</strong></span> <span class='ocrx_word' id='word_1_587' title='bbox 2758 3174 2815 3219; x_wconf 90' lang='lat' dir='ltr'><strong>ut</strong></span> <span class='ocrx_word' id='word_1_588' title='bbox 2843 3173 3095 3221; x_wconf 90' lang='lat' dir='ltr'><strong>cunctum</strong></span> <span class='ocrx_word' id='word_1_589' title='bbox 3123 3167 3384 3238; x_wconf 87' lang='lat' dir='ltr'><strong>populum</strong></span> <span class='ocrx_word' id='word_1_590' title='bbox 3424 3174 3516 3228; x_wconf 86' lang='lat' dir='ltr'><strong>cui</strong></span> 
     </span>
    </p>
   </div>
   <div class='ocr_carea' id='block_1_79' title="bbox 1915 3257 3514 3331">
    <p class='ocr_par' dir='ltr' id='par_1_79' title="bbox 1915 3257 3514 3331">
     <span class='ocr_line' id='line_1_79' title="bbox 1915 3257 3514 3331; baseline 0.003 -18"><span class='ocrx_word' id='word_1_591' title='bbox 1915 3258 2233 3331; x_wconf 64' lang='lat' dir='ltr'><strong>praesident,</strong></span> <span class='ocrx_word' id='word_1_592' title='bbox 2268 3257 2692 3313; x_wconf 86' lang='lat' dir='ltr'><strong>conversatione</strong></span> <span class='ocrx_word' id='word_1_593' title='bbox 2726 3272 2747 3296; x_wconf 76' lang='grc' dir='ltr'><strong>ε</strong></span> <span class='ocrx_word' id='word_1_594' title='bbox 2779 3267 2834 3313; x_wconf 92' lang='lat' dir='ltr'><strong>et</strong></span> <span class='ocrx_word' id='word_1_595' title='bbox 2864 3273 3123 3315; x_wconf 90' lang='lat' dir='ltr'><strong>sermone</strong></span> <span class='ocrx_word' id='word_1_596' title='bbox 3153 3264 3467 3331; x_wconf 80' lang='lat' dir='ltr'><strong>praecedant</strong></span> <span class='ocrx_word' id='word_1_597' title='bbox 3502 3282 3514 3319; x_wconf 75' lang='grc' dir='ltr'><em>τ</em></span> 
     </span>
    </p>
   </div>
   <div class='ocr_carea' id='block_1_80' title="bbox 1917 3347 3522 3421">
    <p class='ocr_par' dir='ltr' id='par_1_80' title="bbox 1917 3347 3522 3421">
     <span class='ocr_line' id='line_1_80' title="bbox 1917 3347 3522 3421; baseline 0.002 -15"><span class='ocrx_word' id='word_1_598' title='bbox 1917 3364 2108 3406; x_wconf 85' lang='lat' dir='ltr'><strong>verum</strong></span> <span class='ocrx_word' id='word_1_599' title='bbox 2139 3359 2193 3405; x_wconf 91' lang='lat' dir='ltr'><strong>et</strong></span> <span class='ocrx_word' id='word_1_600' title='bbox 2222 3347 2453 3405; x_wconf 84' lang='lat' dir='ltr'><strong>inferior</strong></span> <span class='ocrx_word' id='word_1_601' title='bbox 2478 3350 2695 3420; x_wconf 76' lang='lat' dir='ltr'><strong>gradus,</strong></span> <span class='ocrx_word' id='word_1_602' title='bbox 2732 3350 3042 3417; x_wconf 72' lang='lat' dir='ltr'><strong>exurcistte,</strong></span> <span class='ocrx_word' id='word_1_603' title='bbox 3078 3351 3338 3421; x_wconf 86' lang='lat' dir='ltr'><strong>lectores,</strong></span> <span class='ocrx_word' id='word_1_604' title='bbox 3389 3354 3522 3409; x_wconf 66' lang='lat' dir='ltr'><strong>ardi-</strong></span> 
     </span>
    </p>
   </div>
   <div class='ocr_carea' id='block_1_81' title="bbox 1918 3443 3514 3514">
    <p class='ocr_par' dir='ltr' id='par_1_81' title="bbox 1918 3443 3514 3514">
     <span class='ocr_line' id='line_1_81' title="bbox 1918 3443 3514 3514; baseline 0.003 -15"><span class='ocrx_word' id='word_1_605' title='bbox 1918 3445 2015 3513; x_wconf 91' lang='lat' dir='ltr'><strong>tui,</strong></span> <span class='ocrx_word' id='word_1_606' title='bbox 2051 3452 2107 3500; x_wconf 89' lang='lat' dir='ltr'><strong>et</strong></span> <span class='ocrx_word' id='word_1_607' title='bbox 2132 3459 2328 3499; x_wconf 89' lang='lat' dir='ltr'><strong>omnes</strong></span> <span class='ocrx_word' id='word_1_608' title='bbox 2350 3443 2574 3499; x_wconf 88' lang='lat' dir='ltr'><strong>omnino</strong></span> <span class='ocrx_word' id='word_1_609' title='bbox 2605 3444 2693 3513; x_wconf 88' lang='lat' dir='ltr'><strong>qui</strong></span> <span class='ocrx_word' id='word_1_610' title='bbox 2725 3443 2910 3499; x_wconf 89' lang='lat' dir='ltr'><strong>domui</strong></span> <span class='ocrx_word' id='word_1_611' title='bbox 2943 3443 3040 3498; x_wconf 81' lang='lat' dir='ltr'><strong>Dei</strong></span> <span class='ocrx_word' id='word_1_612' title='bbox 3071 3446 3335 3500; x_wconf 76' lang='lat' dir='ltr'><strong>serviunt.</strong></span> <span class='ocrx_word' id='word_1_613' title='bbox 3378 3446 3514 3514; x_wconf 88' lang='lat' dir='ltr'><strong>Quia</strong></span> 
     </span>
    </p>
   </div>
   <div class='ocr_carea' id='block_1_82' title="bbox 1916 3532 3519 3607">
    <p class='ocr_par' dir='ltr' id='par_1_82' title="bbox 1916 3532 3519 3607">
     <span class='ocr_line' id='line_1_82' title="bbox 1916 3532 3519 3607; baseline 0.002 -17"><span class='ocrx_word' id='word_1_614' title='bbox 1916 3536 2273 3592; x_wconf 87' lang='lat' dir='ltr'><strong>vehementer</strong></span> <span class='ocrx_word' id='word_1_615' title='bbox 2314 3534 2624 3590; x_wconf 74' lang='lat' dir='ltr'><strong>Ecclesium</strong></span> <span class='ocrx_word' id='word_1_616' title='bbox 2675 3532 2876 3589; x_wconf 73' lang='lat' dir='ltr'><strong>Christi</strong></span> <span class='ocrx_word' id='word_1_617' title='bbox 2908 3535 3073 3607; x_wconf 75' lang='lat'><strong>729</strong></span> <span class='ocrx_word' id='word_1_618' title='bbox 3099 3535 3352 3603; x_wconf 89' lang='lat' dir='ltr'><strong>destruit,</strong></span> <span class='ocrx_word' id='word_1_619' title='bbox 3403 3553 3519 3594; x_wconf 58' lang='lat' dir='ltr'><strong>meo.</strong></span> 
     </span>
    </p>
   </div>
   <div class='ocr_carea' id='block_1_83' title="bbox 1919 3625 2911 3697">
    <p class='ocr_par' dir='ltr' id='par_1_83' title="bbox 1919 3625 2911 3697">
     <span class='ocr_line' id='line_1_83' title="bbox 1919 3625 2911 3697; baseline -0.002 -16"><span class='ocrx_word' id='word_1_620' title='bbox 1919 3626 2083 3682; x_wconf 87' lang='lat' dir='ltr'><strong>liores</strong></span> <span class='ocrx_word' id='word_1_621' title='bbox 2107 3626 2273 3682; x_wconf 84' lang='lat' dir='ltr'><strong>laicus</strong></span> <span class='ocrx_word' id='word_1_622' title='bbox 2314 3642 2436 3682; x_wconf 88' lang='lat' dir='ltr'><strong>esse</strong></span> <span class='ocrx_word' id='word_1_623' title='bbox 2464 3640 2624 3697; x_wconf 86' lang='lat' dir='ltr'><strong>quam</strong></span> <span class='ocrx_word' id='word_1_624' title='bbox 2657 3625 2911 3681; x_wconf 84' lang='lat' dir='ltr'><strong>clericos.</strong></span> 
     </span>
    </p>
   </div>
   <div class='ocr_carea' id='block_1_84' title="bbox 1994 3715 3519 3794">
    <p class='ocr_par' dir='ltr' id='par_1_84' title="bbox 1994 3715 3519 3794">
     <span class='ocr_line' id='line_1_84' title="bbox 1994 3715 3519 3794; baseline 0.005 -22"><span class='ocrx_word' id='word_1_625' title='bbox 1994 3718 2148 3791; x_wconf 85' lang='lat' dir='ltr'><strong>(Cap.</strong></span> <span class='ocrx_word' id='word_1_626' title='bbox 2184 3717 2350 3774; x_wconf 85' lang='lat' dir='ltr'><strong>lll.—-</strong></span> <span class='ocrx_word' id='word_1_627' title='bbox 2382 3715 2541 3773; x_wconf 80' lang='lat' dir='ltr'><strong>Vcrs.</strong></span> <span class='ocrx_word' id='word_1_628' title='bbox 2576 3718 2631 3786; x_wconf 77' lang='lat'><strong>1,</strong></span> <span class='ocrx_word' id='word_1_629' title='bbox 2658 3717 2743 3790; x_wconf 68' lang='lat' dir='ltr'><strong>it.)</strong></span> <span class='ocrx_word' id='word_1_630' title='bbox 2770 3718 3002 3774; x_wconf 79' lang='lat' dir='ltr'><strong>Admone</strong></span> <span class='ocrx_word' id='word_1_631' title='bbox 3046 3720 3171 3775; x_wconf 84' lang='lat' dir='ltr'><strong>illos</strong></span> <span class='ocrx_word' id='word_1_632' title='bbox 3194 3721 3519 3794; x_wconf 83' lang='lat' dir='ltr'><strong>principibus</strong></span> 
     </span>
    </p>
   </div>
   <div class='ocr_carea' id='block_1_85' title="bbox 1918 3811 3514 3889">
    <p class='ocr_par' dir='ltr' id='par_1_85' title="bbox 1918 3811 3514 3889">
     <span class='ocr_line' id='line_1_85' title="bbox 1918 3811 3514 3889; baseline 0.004 -24"><span class='ocrx_word' id='word_1_633' title='bbox 1918 3818 1965 3866; x_wconf 87' lang='lat' dir='ltr'><strong>et</strong></span> <span class='ocrx_word' id='word_1_634' title='bbox 2001 3811 2339 3881; x_wconf 84' lang='lat' dir='ltr'><strong>potestatibus</strong></span> <span class='ocrx_word' id='word_1_635' title='bbox 2367 3811 2601 3866; x_wconf 81' lang='lat' dir='ltr'><strong>subditos</strong></span> <span class='ocrx_word' id='word_1_636' title='bbox 2636 3827 2767 3879; x_wconf 87' lang='lat' dir='ltr'><strong>esse,</strong></span> <span class='ocrx_word' id='word_1_637' title='bbox 2791 3812 2998 3867; x_wconf 69' lang='lat' dir='ltr'><strong>obezlire</strong></span> <span class='ocrx_word' id='word_1_638' title='bbox 3029 3815 3138 3868; x_wconf 86' lang='lat' dir='ltr'><strong>:ad</strong></span> <span class='ocrx_word' id='word_1_639' title='bbox 3179 3828 3330 3870; x_wconf 88' lang='lat' dir='ltr'><strong>omne</strong></span> <span class='ocrx_word' id='word_1_640' title='bbox 3383 3834 3514 3889; x_wconf 82' lang='lat' dir='ltr'><strong>opus</strong></span> 
     </span>
    </p>
   </div>
   <div class='ocr_carea' id='block_1_86' title="bbox 1916 3903 3523 3978">
    <p class='ocr_par' dir='ltr' id='par_1_86' title="bbox 1916 3903 3523 3978">
     <span class='ocr_line' id='line_1_86' title="bbox 1916 3903 3523 3978; baseline 0.004 -21"><span class='ocrx_word' id='word_1_641' title='bbox 1916 3904 2109 3958; x_wconf 84' lang='lat' dir='ltr'><strong>bonum</strong></span> <span class='ocrx_word' id='word_1_642' title='bbox 2157 3915 2367 3975; x_wconf 87' lang='lat' dir='ltr'><strong>paratas</strong></span> <span class='ocrx_word' id='word_1_643' title='bbox 2405 3918 2516 3959; x_wconf 85' lang='lat' dir='ltr'><strong>esse</strong></span> <span class='ocrx_word' id='word_1_644' title='bbox 2542 3919 2561 3958; x_wconf 91' lang='lat'><strong><em>:</em></strong></span> <span class='ocrx_word' id='word_1_645' title='bbox 2586 3905 2841 3959; x_wconf 85' lang='lat' dir='ltr'><strong>neminem</strong></span> <span class='ocrx_word' id='word_1_646' title='bbox 2872 3903 3252 3978; x_wconf 84' lang='lat' dir='ltr'><strong>blasphemare,</strong></span> <span class='ocrx_word' id='word_1_647' title='bbox 3280 3922 3382 3962; x_wconf 86' lang='lat' dir='ltr'><strong>non</strong></span> <span class='ocrx_word' id='word_1_648' title='bbox 3414 3909 3523 3965; x_wconf 84' lang='lat' dir='ltr'><strong>titi-</strong></span> 
     </span>
    </p>
   </div>
   <div class='ocr_carea' id='block_1_87' title="bbox 1916 3997 3521 4070">
    <p class='ocr_par' dir='ltr' id='par_1_87' title="bbox 1916 3997 3521 4070">
     <span class='ocr_line' id='line_1_87' title="bbox 1916 3997 3521 4070; baseline 0.004 -19"><span class='ocrx_word' id='word_1_649' title='bbox 1916 4014 2069 4070; x_wconf 88' lang='lat' dir='ltr'><strong>gosos</strong></span> <span class='ocrx_word' id='word_1_650' title='bbox 2106 4014 2213 4052; x_wconf 83' lang='lat' dir='ltr'><strong>esse</strong></span> <span class='ocrx_word' id='word_1_651' title='bbox 2246 4014 2262 4051; x_wconf 91' lang='lat'><strong><em>:</em></strong></span> <span class='ocrx_word' id='word_1_652' title='bbox 2291 4013 2399 4052; x_wconf 87' lang='lat' dir='ltr'><strong>esse</strong></span> <span class='ocrx_word' id='word_1_653' title='bbox 2449 3997 2728 4065; x_wconf 82' lang='lat' dir='ltr'><strong>modestos,</strong></span> <span class='ocrx_word' id='word_1_654' title='bbox 2758 4010 2959 4053; x_wconf 80' lang='lat' dir='ltr'><strong>omnem</strong></span> <span class='ocrx_word' id='word_1_655' title='bbox 3010 4003 3330 4057; x_wconf 83' lang='lat' dir='ltr'><strong>ostendentes</strong></span> <span class='ocrx_word' id='word_1_656' title='bbox 3371 4020 3521 4058; x_wconf 80' lang='lat' dir='ltr'><strong>tuan-</strong></span> 
     </span>
    </p>
   </div>
   <div class='ocr_carea' id='block_1_88' title="bbox 1917 4089 3521 4163">
    <p class='ocr_par' dir='ltr' id='par_1_88' title="bbox 1917 4089 3521 4163">
     <span class='ocr_line' id='line_1_88' title="bbox 1917 4089 3521 4163; baseline 0.004 -19"><span class='ocrx_word' id='word_1_657' title='bbox 1917 4090 2243 4144; x_wconf 85' lang='lat' dir='ltr'><strong>suetudinem</strong></span> <span class='ocrx_word' id='word_1_658' title='bbox 2262 4089 2329 4144; x_wconf 80' lang='lat' dir='ltr'><strong>ad</strong></span> <span class='ocrx_word' id='word_1_659' title='bbox 2356 4104 2533 4144; x_wconf 87' lang='lat' dir='ltr'><strong>omnes</strong></span> <span class='ocrx_word' id='word_1_660' title='bbox 2560 4089 2813 4145; x_wconf 83' lang='lat' dir='ltr'><strong>homines.</strong></span> <span class='ocrx_word' id='word_1_661' title='bbox 2841 4090 2973 4146; x_wconf 81' lang='lat' dir='ltr'><strong>Tale</strong></span> <span class='ocrx_word' id='word_1_662' title='bbox 3001 4093 3130 4163; x_wconf 84' lang='lat' dir='ltr'><strong>quid</strong></span> <span class='ocrx_word' id='word_1_663' title='bbox 3156 4100 3211 4149; x_wconf 89' lang='lat' dir='ltr'><strong>et</strong></span> <span class='ocrx_word' id='word_1_664' title='bbox 3230 4093 3298 4149; x_wconf 88' lang='lat' dir='ltr'><strong>ad</strong></span> <span class='ocrx_word' id='word_1_665' title='bbox 3323 4092 3521 4151; x_wconf 77' lang='lat' dir='ltr'><strong>ltoma-</strong></span> 
     </span>
    </p>
   </div>
   <div class='ocr_carea' id='block_1_89' title="bbox 1920 4179 3519 4254">
    <p class='ocr_par' dir='ltr' id='par_1_89' title="bbox 1920 4179 3519 4254">
     <span class='ocr_line' id='line_1_89' title="bbox 1920 4179 3519 4254; baseline 0.004 -18"><span class='ocrx_word' id='word_1_666' title='bbox 1920 4197 2017 4237; x_wconf 87' lang='lat' dir='ltr'><strong>nos</strong></span> <span class='ocrx_word' id='word_1_667' title='bbox 2046 4180 2308 4236; x_wconf 75' lang='lat' dir='ltr'><strong>scribitur</strong></span> <span class='ocrx_word' id='word_1_668' title='bbox 2342 4199 2353 4235; x_wconf 90' lang='lat'><strong>:</strong></span> <span class='ocrx_word' id='word_1_669' title='bbox 2382 4179 2564 4243; x_wconf 73' lang='lat' dir='ltr'><strong>Ouinis</strong></span> <span class='ocrx_word' id='word_1_670' title='bbox 2590 4182 2769 4235; x_wconf 78' lang='lat' dir='ltr'><strong>anima</strong></span> <span class='ocrx_word' id='word_1_671' title='bbox 2794 4182 3128 4251; x_wconf 85' lang='lat' dir='ltr'><strong>potestatibus</strong></span> <span class='ocrx_word' id='word_1_672' title='bbox 3163 4188 3519 4254; x_wconf 77' lang='lat' dir='ltr'><strong>superioribus</strong></span> 
     </span>
    </p>
   </div>
   <div class='ocr_carea' id='block_1_90' title="bbox 1918 4273 3513 4350">
    <p class='ocr_par' dir='ltr' id='par_1_90' title="bbox 1918 4273 3513 4350">
     <span class='ocr_line' id='line_1_90' title="bbox 1918 4273 3513 4350; baseline 0.003 -21"><span class='ocrx_word' id='word_1_673' title='bbox 1918 4274 2125 4329; x_wconf 82' lang='lat' dir='ltr'><strong>subdita</strong></span> <span class='ocrx_word' id='word_1_674' title='bbox 2168 4276 2255 4329; x_wconf 83' lang='lat' dir='ltr'><strong>sit.</strong></span> <span class='ocrx_word' id='word_1_675' title='bbox 2291 4273 2414 4331; x_wconf 86' lang='lat' dir='ltr'><strong>Non</strong></span> <span class='ocrx_word' id='word_1_676' title='bbox 2444 4280 2517 4329; x_wconf 88' lang='lat' dir='ltr'><strong>est</strong></span> <span class='ocrx_word' id='word_1_677' title='bbox 2567 4276 2702 4328; x_wconf 84' lang='lat' dir='ltr'><strong>enim</strong></span> <span class='ocrx_word' id='word_1_678' title='bbox 2732 4283 2958 4345; x_wconf 85' lang='lat' dir='ltr'><strong>potestas</strong></span> <span class='ocrx_word' id='word_1_679' title='bbox 2997 4276 3102 4329; x_wconf 87' lang='lat' dir='ltr'><strong>nisi</strong></span> <span class='ocrx_word' id='word_1_680' title='bbox 3132 4293 3164 4330; x_wconf 84' lang='lat' dir='ltr'><strong>a</strong></span> <span class='ocrx_word' id='word_1_681' title='bbox 3195 4275 3305 4332; x_wconf 86' lang='lat' dir='ltr'><strong>Deo</strong></span> <span class='ocrx_word' id='word_1_682' title='bbox 3333 4277 3513 4350; x_wconf 80' lang='lat' dir='ltr'><strong>(llam.</strong></span> 
     </span>
    </p>
   </div>
   <div class='ocr_carea' id='block_1_91' title="bbox 1920 4366 3521 4441">
    <p class='ocr_par' dir='ltr' id='par_1_91' title="bbox 1920 4366 3521 4441">
     <span class='ocr_line' id='line_1_91' title="bbox 1920 4366 3521 4441; baseline 0.003 -19"><span class='ocrx_word' id='word_1_683' title='bbox 1920 4382 2036 4434; x_wconf 80' lang='lat' dir='ltr'><strong>xm,</strong></span> <span class='ocrx_word' id='word_1_684' title='bbox 2068 4368 2139 4437; x_wconf 88' lang='lat' dir='ltr'><strong>l).</strong></span> <span class='ocrx_word' id='word_1_685' title='bbox 2166 4367 2322 4434; x_wconf 80' lang='lat' dir='ltr'><strong>Quod</strong></span> <span class='ocrx_word' id='word_1_686' title='bbox 2350 4366 2572 4438; x_wconf 89' lang='lat' dir='ltr'><strong>quidem</strong></span> <span class='ocrx_word' id='word_1_687' title='bbox 2598 4374 2956 4436; x_wconf 85' lang='lat' dir='ltr'><strong>praeceptum,</strong></span> <span class='ocrx_word' id='word_1_688' title='bbox 2981 4379 3035 4425; x_wconf 92' lang='lat' dir='ltr'><strong>et</strong></span> <span class='ocrx_word' id='word_1_689' title='bbox 3068 4369 3178 4434; x_wconf 89' lang='lat' dir='ltr'><strong>hic,</strong></span> <span class='ocrx_word' id='word_1_690' title='bbox 3208 4380 3265 4427; x_wconf 88' lang='lat' dir='ltr'><strong>et</strong></span> <span class='ocrx_word' id='word_1_691' title='bbox 3290 4370 3363 4427; x_wconf 88' lang='lat' dir='ltr'><strong>ibi</strong></span> <span class='ocrx_word' id='word_1_692' title='bbox 3393 4388 3521 4441; x_wconf 88' lang='lat' dir='ltr'><strong>pro-</strong></span> 
     </span>
    </p>
   </div>
   <div class='ocr_carea' id='block_1_92' title="bbox 1920 4456 3518 4531">
    <p class='ocr_par' dir='ltr' id='par_1_92' title="bbox 1920 4456 3518 4531">
     <span class='ocr_line' id='line_1_92' title="bbox 1920 4456 3518 4531; baseline 0.005 -19"><span class='ocrx_word' id='word_1_693' title='bbox 1920 4467 2110 4529; x_wconf 88' lang='lat' dir='ltr'><strong>pterea</strong></span> <span class='ocrx_word' id='word_1_694' title='bbox 2161 4466 2291 4527; x_wconf 89' lang='lat' dir='ltr'><strong>puto</strong></span> <span class='ocrx_word' id='word_1_695' title='bbox 2332 4456 2711 4527; x_wconf 87' lang='lat' dir='ltr'><strong>editum,quia</strong></span> <span class='ocrx_word' id='word_1_696' title='bbox 2759 4456 2913 4513; x_wconf 80' lang='lat' dir='ltr'><strong>Judtc</strong></span> <span class='ocrx_word' id='word_1_697' title='bbox 2966 4458 3179 4515; x_wconf 61' lang='grc' dir='ltr'><strong>(ἰθΙὶΙωί</strong></span> <span class='ocrx_word' id='word_1_698' title='bbox 3230 4476 3328 4531; x_wconf 89' lang='lat' dir='ltr'><strong>per</strong></span> <span class='ocrx_word' id='word_1_699' title='bbox 3384 4465 3518 4521; x_wconf 83' lang='lat' dir='ltr'><strong>illud</strong></span> 
     </span>
    </p>
   </div>
   <div class='ocr_carea' id='block_1_93' title="bbox 1921 4550 3519 4635">
    <p class='ocr_par' dir='ltr' id='par_1_93' title="bbox 1921 4550 3519 4635">
     <span class='ocr_line' id='line_1_93' title="bbox 1921 4550 3519 4635; baseline 0.007 -30"><span class='ocrx_word' id='word_1_700' title='bbox 1921 4560 2137 4622; x_wconf 88' lang='lat' dir='ltr'><strong>tempus</strong></span> <span class='ocrx_word' id='word_1_701' title='bbox 2171 4550 2369 4623; x_wconf 82' lang='lat' dir='ltr'><strong>dogma</strong></span> <span class='ocrx_word' id='word_1_702' title='bbox 2395 4551 2573 4605; x_wconf 88' lang='lat' dir='ltr'><strong>adhuc</strong></span> <span class='ocrx_word' id='word_1_703' title='bbox 2609 4550 2847 4635; x_wconf 73' lang='lat' dir='ltr'><strong>vigebat,</strong></span> <span class='ocrx_word' id='word_1_704' title='bbox 2874 4560 2931 4607; x_wconf 92' lang='lat' dir='ltr'><strong>et</strong></span> <span class='ocrx_word' id='word_1_705' title='bbox 2978 4552 3212 4610; x_wconf 85' lang='lat' dir='ltr'><strong>habebat</strong></span> <span class='ocrx_word' id='word_1_706' title='bbox 3254 4557 3519 4627; x_wconf 82' lang='lat' dir='ltr'><strong>plurimos</strong></span> 
     </span>
    </p>
   </div>
   <div class='ocr_carea' id='block_1_94' title="bbox 217 4630 3521 4723">
    <p class='ocr_par' dir='ltr' id='par_1_94' title="bbox 217 4630 3521 4723">
     <span class='ocr_line' id='line_1_94' title="bbox 217 4630 3521 4723; baseline -0.002 -13"><span class='ocrx_word' id='word_1_707' title='bbox 217 4668 339 4710; x_wconf 86' lang='lat' dir='ltr'><strong>sum</strong></span> <span class='ocrx_word' id='word_1_708' title='bbox 367 4630 559 4708; x_wconf 78' lang='lat' dir='ltr'><strong>facere</strong></span> <span class='ocrx_word' id='word_1_709' title='bbox 581 4630 884 4706; x_wconf 83' lang='lat' dir='ltr'><strong>diversum.</strong></span> <span class='ocrx_word' id='word_1_710' title='bbox 920 4648 1076 4718; x_wconf 90' lang='lat' dir='ltr'><strong>Quod</strong></span> <span class='ocrx_word' id='word_1_711' title='bbox 1105 4630 1431 4705; x_wconf 32' lang='lat' dir='ltr'><strong>autem—non</strong></span> <span class='ocrx_word' id='word_1_712' title='bbox 1476 4646 1701 4703; x_wconf 90' lang='lat' dir='ltr'><strong>fortuito</strong></span> <span class='ocrx_word' id='word_1_713' title='bbox 1721 4693 1735 4717; x_wconf 94' lang='lat'><strong>,</strong></span> <span class='ocrx_word' id='word_1_714' title='bbox 1761 4660 1815 4705; x_wconf 93' lang='lat' dir='ltr'><strong>et</strong></span> <span class='ocrx_word' id='word_1_715' title='bbox 1839 4630 1893 4694; x_wconf 79' lang='lat' dir='ltr'><strong>D</strong></span> <span class='ocrx_word' id='word_1_716' title='bbox 1919 4653 2241 4708; x_wconf 88' lang='lat' dir='ltr'><strong>sectatores,</strong></span> <span class='ocrx_word' id='word_1_717' title='bbox 2272 4643 2429 4711; x_wconf 83' lang='lat' dir='ltr'><strong>cujus</strong></span> <span class='ocrx_word' id='word_1_718' title='bbox 2450 4652 2504 4697; x_wconf 92' lang='lat' dir='ltr'><strong>et</strong></span> <span class='ocrx_word' id='word_1_719' title='bbox 2531 4643 2583 4697; x_wconf 91' lang='lat' dir='ltr'><strong>in</strong></span> <span class='ocrx_word' id='word_1_720' title='bbox 2606 4630 2837 4697; x_wconf 70' lang='lat' dir='ltr'><strong>Actibus</strong></span> <span class='ocrx_word' id='word_1_721' title='bbox 2860 4643 3254 4723; x_wconf 80' lang='lat' dir='ltr'><strong>Apostolorum</strong></span> <span class='ocrx_word' id='word_1_722' title='bbox 3285 4648 3344 4703; x_wconf 85' lang='lat' dir='ltr'><strong>ﬁt</strong></span> <span class='ocrx_word' id='word_1_723' title='bbox 3367 4665 3521 4707; x_wconf 83' lang='lat' dir='ltr'><strong>meu-</strong></span> 
     </span>
    </p>
   </div>
   <div class='ocr_carea' id='block_1_95' title="bbox 220 4734 3522 4813">
    <p class='ocr_par' dir='ltr' id='par_1_95' title="bbox 220 4734 3522 4813">
     <span class='ocr_line' id='line_1_95' title="bbox 220 4734 3522 4813; baseline -0.001 -12"><span class='ocrx_word' id='word_1_724' title='bbox 220 4753 279 4801; x_wconf 88' lang='lat' dir='ltr'><strong>ut</strong></span> <span class='ocrx_word' id='word_1_725' title='bbox 306 4743 461 4810; x_wconf 89' lang='lat' dir='ltr'><strong>libet,</strong></span> <span class='ocrx_word' id='word_1_726' title='bbox 492 4742 688 4799; x_wconf 86' lang='lat' dir='ltr'><strong>Paulus</strong></span> <span class='ocrx_word' id='word_1_727' title='bbox 719 4741 1026 4813; x_wconf 85' lang='lat' dir='ltr'><strong>apostolus,</strong></span> <span class='ocrx_word' id='word_1_728' title='bbox 1058 4754 1165 4796; x_wconf 88' lang='lat' dir='ltr'><strong>non</strong></span> <span class='ocrx_word' id='word_1_729' title='bbox 1211 4739 1391 4794; x_wconf 89' lang='lat' dir='ltr'><strong>solum</strong></span> <span class='ocrx_word' id='word_1_730' title='bbox 1421 4737 1735 4793; x_wconf 85' lang='lat' dir='ltr'><strong>nominibus</strong></span> <span class='ocrx_word' id='word_1_731' title='bbox 1761 4747 1818 4795; x_wconf 88' lang='lat' dir='ltr'><strong>et</strong></span> <span class='ocrx_word' id='word_1_732' title='bbox 1915 4739 2015 4805; x_wconf 87' lang='lat' dir='ltr'><strong>tio,</strong></span> <span class='ocrx_word' id='word_1_733' title='bbox 2044 4738 2327 4807; x_wconf 88' lang='lat' dir='ltr'><strong>Scriptura</strong></span> <span class='ocrx_word' id='word_1_734' title='bbox 2364 4737 2637 4791; x_wconf 88' lang='lat' dir='ltr'><strong>referente</strong></span> <span class='ocrx_word' id='word_1_735' title='bbox 2670 4752 2684 4787; x_wconf 91' lang='lat'><strong>:</strong></span> <span class='ocrx_word' id='word_1_736' title='bbox 2715 4734 2846 4789; x_wconf 81' lang='lat' dir='ltr'><strong>Ante</strong></span> <span class='ocrx_word' id='word_1_737' title='bbox 2875 4736 2965 4790; x_wconf 84' lang='lat' dir='ltr'><strong>Itos</strong></span> <span class='ocrx_word' id='word_1_738' title='bbox 2990 4739 3126 4793; x_wconf 79' lang='lat' dir='ltr'><strong>enim</strong></span> <span class='ocrx_word' id='word_1_739' title='bbox 3153 4739 3265 4796; x_wconf 86' lang='lat' dir='ltr'><strong>dies</strong></span> <span class='ocrx_word' id='word_1_740' title='bbox 3293 4744 3522 4798; x_wconf 77' lang='lat' dir='ltr'><strong>sun-calt</strong></span> 
     </span>
    </p>
   </div>
   <div class='ocr_carea' id='block_1_96' title="bbox 217 4827 3516 4908">
    <p class='ocr_par' dir='ltr' id='par_1_96' title="bbox 217 4827 3516 4908">
     <span class='ocr_line' id='line_1_96' title="bbox 217 4827 3516 4908; baseline -0.002 -15"><span class='ocrx_word' id='word_1_741' title='bbox 217 4837 428 4901; x_wconf 79' lang='lat' dir='ltr'><strong>verbis,</strong></span> <span class='ocrx_word' id='word_1_742' title='bbox 458 4852 646 4892; x_wconf 86' lang='lat' dir='ltr'><strong>verum</strong></span> <span class='ocrx_word' id='word_1_743' title='bbox 671 4834 834 4893; x_wconf 89' lang='lat' dir='ltr'><strong>etiam</strong></span> <span class='ocrx_word' id='word_1_744' title='bbox 866 4833 1346 4908; x_wconf 63' lang='lat' dir='ltr'><strong>prapositionibus</strong></span> <span class='ocrx_word' id='word_1_745' title='bbox 1373 4830 1610 4889; x_wconf 83' lang='lat' dir='ltr'><strong>diversis</strong></span> <span class='ocrx_word' id='word_1_746' title='bbox 1638 4840 1818 4889; x_wconf 88' lang='lat' dir='ltr'><strong>utatur</strong></span> <span class='ocrx_word' id='word_1_747' title='bbox 1914 4828 2180 4895; x_wconf 80' lang='lat' dir='ltr'><strong>Theottas,</strong></span> <span class='ocrx_word' id='word_1_748' title='bbox 2208 4829 2408 4894; x_wconf 82' lang='lat' dir='ltr'><strong>dicens,</strong></span> <span class='ocrx_word' id='word_1_749' title='bbox 2443 4827 2717 4898; x_wconf 83' lang='lat' dir='ltr'><strong>quemdam</strong></span> <span class='ocrx_word' id='word_1_750' title='bbox 2747 4845 2801 4882; x_wconf 87' lang='lat' dir='ltr'><strong>se</strong></span> <span class='ocrx_word' id='word_1_751' title='bbox 2830 4842 2938 4884; x_wconf 82' lang='lat' dir='ltr'><strong>esse</strong></span> <span class='ocrx_word' id='word_1_752' title='bbox 2975 4844 3224 4902; x_wconf 86' lang='lat' dir='ltr'><strong>magnum</strong></span> <span class='ocrx_word' id='word_1_753' title='bbox 3256 4849 3276 4888; x_wconf 91' lang='lat'><strong><em>:</em></strong></span> <span class='ocrx_word' id='word_1_754' title='bbox 3302 4835 3387 4888; x_wconf 83' lang='lat' dir='ltr'><strong>cui</strong></span> <span class='ocrx_word' id='word_1_755' title='bbox 3415 4852 3516 4905; x_wconf 85' lang='lat' dir='ltr'><strong>ap-</strong></span> 
     </span>
    </p>
   </div>
   <div class='ocr_carea' id='block_1_97' title="bbox 221 4924 1819 5002">
    <p class='ocr_par' dir='ltr' id='par_1_97' title="bbox 221 4924 1819 5002">
     <span class='ocr_line' id='line_1_97' title="bbox 221 4924 1819 5002; baseline -0.003 -17"><span class='ocrx_word' id='word_1_756' title='bbox 221 4946 325 5002; x_wconf 87' lang='lat' dir='ltr'><strong>pro</strong></span> <span class='ocrx_word' id='word_1_757' title='bbox 350 4929 614 4984; x_wconf 86' lang='lat' dir='ltr'><strong>varietate</strong></span> <span class='ocrx_word' id='word_1_758' title='bbox 641 4942 952 4995; x_wconf 75' lang='lat' dir='ltr'><strong>causarum,</strong></span> <span class='ocrx_word' id='word_1_759' title='bbox 994 4929 1345 4998; x_wconf 88' lang='lat' dir='ltr'><strong>perspicuum</strong></span> <span class='ocrx_word' id='word_1_760' title='bbox 1373 4924 1491 4982; x_wconf 85' lang='lat' dir='ltr'><strong>fieri</strong></span> <span class='ocrx_word' id='word_1_761' title='bbox 1524 4925 1722 4996; x_wconf 87' lang='lat' dir='ltr'><strong>poterit</strong></span> <span class='ocrx_word' id='word_1_762' title='bbox 1748 4941 1819 4981; x_wconf 81' lang='lat' dir='ltr'><strong>ex</strong></span> 
     </span>
    </p>
   </div>
   <div class='ocr_carea' id='block_1_98' title="bbox 224 5017 1822 5091">
    <p class='ocr_par' dir='ltr' id='par_1_98' title="bbox 224 5017 1822 5091">
     <span class='ocr_line' id='line_1_98' title="bbox 224 5017 1822 5091; baseline -0.001 -15"><span class='ocrx_word' id='word_1_763' title='bbox 224 5036 294 5077; x_wconf 89' lang='lat' dir='ltr'><strong>eo</strong></span> <span class='ocrx_word' id='word_1_764' title='bbox 322 5018 467 5091; x_wconf 84' lang='lat' dir='ltr'><strong>quod</strong></span> <span class='ocrx_word' id='word_1_765' title='bbox 495 5019 607 5074; x_wconf 89' lang='lat' dir='ltr'><strong>ait:</strong></span> <span class='ocrx_word' id='word_1_766' title='bbox 641 5017 836 5074; x_wconf 76' lang='lat' dir='ltr'><strong>Mulier</strong></span> <span class='ocrx_word' id='word_1_767' title='bbox 865 5021 1000 5075; x_wconf 86' lang='lat' dir='ltr'><strong>enim</strong></span> <span class='ocrx_word' id='word_1_768' title='bbox 1026 5036 1091 5075; x_wconf 60' lang='lat' dir='ltr'><strong>ea:</strong></span> <span class='ocrx_word' id='word_1_769' title='bbox 1113 5021 1244 5086; x_wconf 83' lang='lat' dir='ltr'><strong>viro,</strong></span> <span class='ocrx_word' id='word_1_770' title='bbox 1274 5020 1352 5075; x_wconf 83' lang='lat' dir='ltr'><strong>vir</strong></span> <span class='ocrx_word' id='word_1_771' title='bbox 1371 5036 1490 5074; x_wconf 80' lang='lat' dir='ltr'><strong>vero</strong></span> <span class='ocrx_word' id='word_1_772' title='bbox 1512 5036 1602 5091; x_wconf 88' lang='lat' dir='ltr'><strong>per</strong></span> <span class='ocrx_word' id='word_1_773' title='bbox 1635 5018 1822 5074; x_wconf 84' lang='lat' dir='ltr'><strong>mulie-</strong></span> 
     </span>
    </p>
   </div>
   <div class='ocr_carea' id='block_1_99' title="bbox 225 5110 1821 5185">
    <p class='ocr_par' dir='ltr' id='par_1_99' title="bbox 225 5110 1821 5185">
     <span class='ocr_line' id='line_1_99' title="bbox 225 5110 1821 5185; baseline -0.001 -17"><span class='ocrx_word' id='word_1_774' title='bbox 225 5129 335 5170; x_wconf 87' lang='lat' dir='ltr'><strong>rem</strong></span> <span class='ocrx_word' id='word_1_775' title='bbox 365 5111 437 5184; x_wconf 86' lang='grc' dir='ltr'><strong>(η</strong></span> <span class='ocrx_word' id='word_1_776' title='bbox 460 5110 583 5167; x_wconf 85' lang='lat' dir='ltr'><strong>Cor.</strong></span> <span class='ocrx_word' id='word_1_777' title='bbox 613 5126 693 5180; x_wconf 73' lang='grc' dir='ltr'>ιι,</span> <span class='ocrx_word' id='word_1_778' title='bbox 730 5111 838 5185; x_wconf 65' lang='lat' dir='ltr'><strong>t2).</strong></span> <span class='ocrx_word' id='word_1_779' title='bbox 866 5114 935 5169; x_wconf 83' lang='lat' dir='ltr'><strong>Et</strong></span> <span class='ocrx_word' id='word_1_780' title='bbox 962 5112 1092 5169; x_wconf 88' lang='lat' dir='ltr'><strong>alibi</strong></span> <span class='ocrx_word' id='word_1_781' title='bbox 1119 5131 1132 5168; x_wconf 90' lang='lat'>:</span> <span class='ocrx_word' id='word_1_782' title='bbox 1169 5113 1304 5182; x_wconf 82' lang='lat' dir='ltr'><strong>Quia</strong></span> <span class='ocrx_word' id='word_1_783' title='bbox 1334 5130 1398 5169; x_wconf 78' lang='lat' dir='ltr'><strong>ea:</strong></span> <span class='ocrx_word' id='word_1_784' title='bbox 1423 5129 1482 5168; x_wconf 92' lang='lat' dir='ltr'><strong>eo</strong></span> <span class='ocrx_word' id='word_1_785' title='bbox 1509 5123 1555 5168; x_wconf 80' lang='lat' dir='ltr'><strong>et</strong></span> <span class='ocrx_word' id='word_1_786' title='bbox 1585 5129 1673 5184; x_wconf 89' lang='lat' dir='ltr'><strong>per</strong></span> <span class='ocrx_word' id='word_1_787' title='bbox 1702 5128 1821 5168; x_wconf 87' lang='lat' dir='ltr'><strong>eum</strong></span> 
     </span>
    </p>
   </div>
   <div class='ocr_carea' id='block_1_100' title="bbox 226 5203 1821 5279">
    <p class='ocr_par' dir='ltr' id='par_1_100' title="bbox 226 5203 1821 5279">
     <span class='ocr_line' id='line_1_100' title="bbox 226 5203 1821 5279; baseline -0.001 -17"><span class='ocrx_word' id='word_1_788' title='bbox 226 5216 275 5263; x_wconf 85' lang='lat' dir='ltr'><strong>et</strong></span> <span class='ocrx_word' id='word_1_789' title='bbox 306 5207 360 5261; x_wconf 85' lang='lat' dir='ltr'><strong>in</strong></span> <span class='ocrx_word' id='word_1_790' title='bbox 403 5207 516 5279; x_wconf 84' lang='lat' dir='ltr'><strong>ipso</strong></span> <span class='ocrx_word' id='word_1_791' title='bbox 556 5210 679 5260; x_wconf 78' lang='lat' dir='ltr'><strong>sunt</strong></span> <span class='ocrx_word' id='word_1_792' title='bbox 704 5205 880 5261; x_wconf 87' lang='lat' dir='ltr'><strong>omnia</strong></span> <span class='ocrx_word' id='word_1_793' title='bbox 916 5203 1095 5279; x_wconf 83' lang='lat' dir='ltr'><strong>(Rom.</strong></span> <span class='ocrx_word' id='word_1_794' title='bbox 1126 5222 1205 5272; x_wconf 80' lang='grc' dir='ltr'>ιιι,</span> <span class='ocrx_word' id='word_1_795' title='bbox 1236 5206 1354 5277; x_wconf 74' lang='grc'><strong>56).</strong></span> <span class='ocrx_word' id='word_1_796' title='bbox 1387 5204 1498 5263; x_wconf 86' lang='lat' dir='ltr'><strong>Nec</strong></span> <span class='ocrx_word' id='word_1_797' title='bbox 1532 5222 1638 5261; x_wconf 91' lang='lat' dir='ltr'><strong>non</strong></span> <span class='ocrx_word' id='word_1_798' title='bbox 1668 5215 1725 5262; x_wconf 90' lang='lat' dir='ltr'><strong>et</strong></span> <span class='ocrx_word' id='word_1_799' title='bbox 1752 5204 1821 5261; x_wconf 91' lang='lat' dir='ltr'><strong>il-</strong></span> 
     </span>
    </p>
   </div>
   <div class='ocr_carea' id='block_1_101' title="bbox 224 5288 1822 5371">
    <p class='ocr_par' dir='ltr' id='par_1_101' title="bbox 224 5288 1822 5371">
     <span class='ocr_line' id='line_1_101' title="bbox 224 5288 1822 5371; baseline -0.001 -15"><span class='ocrx_word' id='word_1_800' title='bbox 224 5288 343 5369; x_wconf 79' lang='lat' dir='ltr'><strong>lltd,</strong></span> <span class='ocrx_word' id='word_1_801' title='bbox 378 5292 582 5354; x_wconf 81' lang='lat' dir='ltr'><strong>Paulus</strong></span> <span class='ocrx_word' id='word_1_802' title='bbox 611 5295 880 5371; x_wconf 79' lang='lat' dir='ltr'><strong>apostolus</strong></span> <span class='ocrx_word' id='word_1_803' title='bbox 904 5314 1012 5354; x_wconf 87' lang='lat' dir='ltr'><strong>non</strong></span> <span class='ocrx_word' id='word_1_804' title='bbox 1047 5299 1114 5354; x_wconf 88' lang='lat' dir='ltr'><strong>ab</strong></span> <span class='ocrx_word' id='word_1_805' title='bbox 1142 5298 1438 5353; x_wconf 81' lang='lat' dir='ltr'><strong>hominibus</strong></span> <span class='ocrx_word' id='word_1_806' title='bbox 1462 5340 1479 5368; x_wconf 94' lang='lat'><strong>,</strong></span> <span class='ocrx_word' id='word_1_807' title='bbox 1530 5314 1689 5369; x_wconf 85' lang='lat' dir='ltr'><strong>neque</strong></span> <span class='ocrx_word' id='word_1_808' title='bbox 1730 5315 1822 5371; x_wconf 86' lang='lat' dir='ltr'><strong>per</strong></span> 
     </span>
    </p>
   </div>
   <div class='ocr_carea' id='block_1_102' title="bbox 296 5470 1824 5550">
    <p class='ocr_par' dir='ltr' id='par_1_102' title="bbox 296 5470 1824 5550">
     <span class='ocr_line' id='line_1_102' title="bbox 296 5470 1824 5550; baseline -0.001 -15"><span class='ocrx_word' id='word_1_809' title='bbox 296 5486 323 5517; x_wconf 73' lang='grc'><strong>⁸</strong></span> <span class='ocrx_word' id='word_1_810' title='bbox 344 5470 580 5535; x_wconf 73' lang='lat' dir='ltr'><strong>Deerant</strong></span> <span class='ocrx_word' id='word_1_811' title='bbox 606 5484 774 5550; x_wconf 76' lang='lat' dir='ltr'><strong>penes</strong></span> <span class='ocrx_word' id='word_1_812' title='bbox 785 5476 1164 5534; x_wconf 71' lang='lat' dir='ltr'><strong>Martiautetttn</strong></span> <span class='ocrx_word' id='word_1_813' title='bbox 1187 5478 1375 5544; x_wconf 86' lang='lat' dir='ltr'><strong>verba,</strong></span> <span class='ocrx_word' id='word_1_814' title='bbox 1399 5487 1448 5534; x_wconf 89' lang='lat' dir='ltr'><strong>et</strong></span> <span class='ocrx_word' id='word_1_815' title='bbox 1467 5478 1824 5548; x_wconf 85' lang='lat' dir='ltr'><strong>admiramini,</strong></span> 
     </span>
    </p>
   </div>
   <div class='ocr_carea' id='block_1_103' title="bbox 221 5550 1823 5621">
    <p class='ocr_par' dir='ltr' id='par_1_103' title="bbox 221 5550 1823 5621">
     <span class='ocr_line' id='line_1_103' title="bbox 221 5550 1823 5621; baseline 0 -16"><span class='ocrx_word' id='word_1_816' title='bbox 221 5560 343 5621; x_wconf 72' lang='lat' dir='ltr'><strong>qua:</strong></span> <span class='ocrx_word' id='word_1_817' title='bbox 382 5564 505 5621; x_wconf 83' lang='lat' dir='ltr'><strong>cum</strong></span> <span class='ocrx_word' id='word_1_818' title='bbox 550 5551 606 5604; x_wconf 89' lang='lat' dir='ltr'><strong>in</strong></span> <span class='ocrx_word' id='word_1_819' title='bbox 653 5550 779 5605; x_wconf 86' lang='lat' dir='ltr'><strong>aliis</strong></span> <span class='ocrx_word' id='word_1_820' title='bbox 825 5550 1008 5616; x_wconf 86' lang='lat' dir='ltr'><strong>libris,</strong></span> <span class='ocrx_word' id='word_1_821' title='bbox 1041 5553 1458 5621; x_wconf 72' lang='lat' dir='ltr'><strong>tumprrecipue</strong></span> <span class='ocrx_word' id='word_1_822' title='bbox 1488 5552 1540 5605; x_wconf 91' lang='lat' dir='ltr'><strong>in</strong></span> <span class='ocrx_word' id='word_1_823' title='bbox 1582 5566 1644 5605; x_wconf 88' lang='lat' dir='ltr'><strong>ea</strong></span> <span class='ocrx_word' id='word_1_824' title='bbox 1676 5559 1823 5618; x_wconf 85' lang='lat' dir='ltr'><strong>sunt,</strong></span> 
     </span>
    </p>
   </div>
   <div class='ocr_carea' id='block_1_104' title="bbox 222 5620 1828 5709">
    <p class='ocr_par' dir='ltr' id='par_1_104' title="bbox 222 5620 1828 5709">
     <span class='ocr_line' id='line_1_104' title="bbox 222 5620 1828 5709; baseline 0.002 -33"><span class='ocrx_word' id='word_1_825' title='bbox 222 5620 327 5709; x_wconf 79' lang='lat' dir='ltr'><strong>qua</strong></span> <span class='ocrx_word' id='word_1_826' title='bbox 360 5620 727 5709; x_wconf 63' lang='lat' dir='ltr'><strong>Hieronymus</strong></span> <span class='ocrx_word' id='word_1_827' title='bbox 755 5623 927 5709; x_wconf 78' lang='lat' dir='ltr'><strong>utitur</strong></span> <span class='ocrx_word' id='word_1_828' title='bbox 952 5632 1054 5679; x_wconf 80' lang='grc' dir='ltr'><strong>τῶν</strong></span> <span class='ocrx_word' id='word_1_829' title='bbox 1082 5620 1227 5677; x_wconf 80' lang='lat' dir='ltr'><strong>LXX</strong></span> <span class='ocrx_word' id='word_1_830' title='bbox 1256 5620 1530 5692; x_wconf 79' lang='lat' dir='ltr'><strong>versione,</strong></span> <span class='ocrx_word' id='word_1_831' title='bbox 1577 5625 1664 5678; x_wconf 78' lang='grc' dir='ltr'><strong>καὶ</strong></span> <span class='ocrx_word' id='word_1_832' title='bbox 1706 5623 1828 5679; x_wconf 81' lang='grc' dir='ltr'><strong>θαν-</strong></span> 
     </span>
    </p>
   </div>
   <div class='ocr_carea' id='block_1_105' title="bbox 223 5694 1827 5894">
    <p class='ocr_par' dir='ltr' id='par_1_105' title="bbox 223 5694 1827 5894">
     <span class='ocr_line' id='line_1_105' title="bbox 223 5694 1827 5894; baseline 0.002 -77"><span class='ocrx_word' id='word_1_833' title='bbox 223 5694 883 5894; x_wconf 46' lang='grc' dir='ltr'><strong>ῖῖΞΞΞι-ἓῖυοξῒδᾋαξῗιξιοά</strong></span> <span class='ocrx_word' id='word_1_834' title='bbox 926 5758 993 5821; x_wconf 82' lang='lat' dir='ltr'><strong>At</strong></span> <span class='ocrx_word' id='word_1_835' title='bbox 1003 5756 1344 5836; x_wconf 73' lang='lat' dir='ltr'><strong>iStophattem</strong></span> <span class='ocrx_word' id='word_1_836' title='bbox 1373 5763 1425 5820; x_wconf 86' lang='lat' dir='ltr'><strong>in</strong></span> <span class='ocrx_word' id='word_1_837' title='bbox 1448 5763 1620 5841; x_wconf 65' lang='grc' dir='ltr'><strong>Νέφῦλ.</strong></span> <span class='ocrx_word' id='word_1_838' title='bbox 1648 5763 1827 5823; x_wconf 81' lang='lat' dir='ltr'><strong>Scena</strong></span> 
     </span>
    </p>
   </div>
   <div class='ocr_carea' id='block_1_106' title="bbox 1921 4919 3518 4997">
    <p class='ocr_par' dir='ltr' id='par_1_106' title="bbox 1921 4919 3518 4997">
     <span class='ocr_line' id='line_1_106' title="bbox 1921 4919 3518 4997; baseline -0.005 -18"><span class='ocrx_word' id='word_1_839' title='bbox 1921 4924 2078 4995; x_wconf 85' lang='lat' dir='ltr'><strong>positi</strong></span> <span class='ocrx_word' id='word_1_840' title='bbox 2120 4930 2240 4977; x_wconf 83' lang='lat' dir='ltr'><strong>sunt</strong></span> <span class='ocrx_word' id='word_1_841' title='bbox 2276 4922 2374 4976; x_wconf 85' lang='lat' dir='ltr'><strong>viri</strong></span> <span class='ocrx_word' id='word_1_842' title='bbox 2423 4920 2571 4992; x_wconf 85' lang='lat' dir='ltr'><strong>quasi</strong></span> <span class='ocrx_word' id='word_1_843' title='bbox 2601 4921 2702 4974; x_wconf 88' lang='lat' dir='ltr'><strong>tria</strong></span> <span class='ocrx_word' id='word_1_844' title='bbox 2750 4919 2921 4974; x_wconf 87' lang='lat' dir='ltr'><strong>millia</strong></span> <span class='ocrx_word' id='word_1_845' title='bbox 2954 4921 3156 4992; x_wconf 74' lang='lat' dir='ltr'><strong>(Actor.</strong></span> <span class='ocrx_word' id='word_1_846' title='bbox 3195 4941 3250 4989; x_wconf 93' lang='lat' dir='ltr'><strong>v,</strong></span> <span class='ocrx_word' id='word_1_847' title='bbox 3274 4922 3402 4995; x_wconf 79' lang='lat'><strong>36);</strong></span> <span class='ocrx_word' id='word_1_848' title='bbox 3436 4935 3518 4997; x_wconf 57' lang='lat' dir='ltr'><strong>et,</strong></span> 
     </span>
    </p>
   </div>
   <div class='ocr_carea' id='block_1_107' title="bbox 1919 5012 3523 5092">
    <p class='ocr_par' dir='ltr' id='par_1_107' title="bbox 1919 5012 3523 5092">
     <span class='ocr_line' id='line_1_107' title="bbox 1919 5012 3523 5092; baseline 0.002 -20"><span class='ocrx_word' id='word_1_849' title='bbox 1919 5027 2035 5092; x_wconf 84' lang='lat' dir='ltr'><strong>post</strong></span> <span class='ocrx_word' id='word_1_850' title='bbox 2081 5017 2218 5071; x_wconf 86' lang='lat' dir='ltr'><strong>hunc</strong></span> <span class='ocrx_word' id='word_1_851' title='bbox 2250 5016 2477 5070; x_wconf 72' lang='lat' dir='ltr'><strong>surrexit</strong></span> <span class='ocrx_word' id='word_1_852' title='bbox 2513 5015 2567 5069; x_wconf 91' lang='lat' dir='ltr'><strong>in</strong></span> <span class='ocrx_word' id='word_1_853' title='bbox 2597 5013 2775 5069; x_wconf 84' lang='lat' dir='ltr'><strong>diebus</strong></span> <span class='ocrx_word' id='word_1_854' title='bbox 2803 5028 2987 5068; x_wconf 81' lang='lat' dir='ltr'><strong>census</strong></span> <span class='ocrx_word' id='word_1_855' title='bbox 3019 5012 3189 5069; x_wconf 76' lang='lat' dir='ltr'><strong>ludas</strong></span> <span class='ocrx_word' id='word_1_856' title='bbox 3221 5014 3475 5073; x_wconf 78' lang='lat' dir='ltr'><strong>Galilwus</strong></span> <span class='ocrx_word' id='word_1_857' title='bbox 3501 5035 3523 5076; x_wconf 88' lang='lat'><strong><em>:</em></strong></span> 
     </span>
    </p>
   </div>
   <div class='ocr_carea' id='block_1_108' title="bbox 1924 5105 3526 5180">
    <p class='ocr_par' dir='ltr' id='par_1_108' title="bbox 1924 5105 3526 5180">
     <span class='ocr_line' id='line_1_108' title="bbox 1924 5105 3526 5180; baseline 0.004 -16"><span class='ocrx_word' id='word_1_858' title='bbox 1924 5110 2015 5180; x_wconf 91' lang='lat' dir='ltr'><strong>qui</strong></span> <span class='ocrx_word' id='word_1_859' title='bbox 2049 5108 2198 5165; x_wconf 87' lang='lat' dir='ltr'><strong>inter</strong></span> <span class='ocrx_word' id='word_1_860' title='bbox 2233 5118 2435 5164; x_wconf 66' lang='lat' dir='ltr'><strong>cmtera</strong></span> <span class='ocrx_word' id='word_1_861' title='bbox 2476 5106 2580 5164; x_wconf 90' lang='lat' dir='ltr'><strong>hoc</strong></span> <span class='ocrx_word' id='word_1_862' title='bbox 2609 5106 2761 5179; x_wconf 82' lang='lat' dir='ltr'><strong>quasi</strong></span> <span class='ocrx_word' id='word_1_863' title='bbox 2794 5105 3078 5178; x_wconf 89' lang='lat' dir='ltr'><strong>probabile</strong></span> <span class='ocrx_word' id='word_1_864' title='bbox 3102 5108 3417 5178; x_wconf 85' lang='lat' dir='ltr'><strong>proferebat</strong></span> <span class='ocrx_word' id='word_1_865' title='bbox 3456 5122 3526 5170; x_wconf 76' lang='lat' dir='ltr'><strong>ex</strong></span> 
     </span>
    </p>
   </div>
   <div class='ocr_carea' id='block_1_109' title="bbox 1926 5201 3525 5276">
    <p class='ocr_par' dir='ltr' id='par_1_109' title="bbox 1926 5201 3525 5276">
     <span class='ocr_line' id='line_1_109' title="bbox 1926 5201 3525 5276; baseline 0.003 -16"><span class='ocrx_word' id='word_1_866' title='bbox 1926 5203 2092 5276; x_wconf 83' lang='lat' dir='ltr'><strong>Lege,</strong></span> <span class='ocrx_word' id='word_1_867' title='bbox 2124 5203 2331 5259; x_wconf 89' lang='lat' dir='ltr'><strong>nullum</strong></span> <span class='ocrx_word' id='word_1_868' title='bbox 2378 5201 2586 5260; x_wconf 89' lang='lat' dir='ltr'><strong>debere</strong></span> <span class='ocrx_word' id='word_1_869' title='bbox 2634 5202 2923 5258; x_wconf 89' lang='lat' dir='ltr'><strong>Dominum</strong></span> <span class='ocrx_word' id='word_1_870' title='bbox 2972 5202 3083 5257; x_wconf 88' lang='lat' dir='ltr'><strong>nisi</strong></span> <span class='ocrx_word' id='word_1_871' title='bbox 3131 5204 3307 5260; x_wconf 89' lang='lat' dir='ltr'><strong>solum</strong></span> <span class='ocrx_word' id='word_1_872' title='bbox 3351 5205 3525 5265; x_wconf 83' lang='lat' dir='ltr'><strong>Deum</strong></span> 
     </span>
    </p>
   </div>
   <div class='ocr_carea' id='block_1_110' title="bbox 1926 5297 3528 5374">
    <p class='ocr_par' dir='ltr' id='par_1_110' title="bbox 1926 5297 3528 5374">
     <span class='ocr_line' id='line_1_110' title="bbox 1926 5297 3528 5374; baseline 0.004 -21"><span class='ocrx_word' id='word_1_873' title='bbox 1926 5298 2112 5356; x_wconf 90' lang='lat' dir='ltr'><strong>vocari</strong></span> <span class='ocrx_word' id='word_1_874' title='bbox 2146 5316 2159 5354; x_wconf 91' lang='lat'><strong>:</strong></span> <span class='ocrx_word' id='word_1_875' title='bbox 2189 5305 2245 5355; x_wconf 89' lang='lat' dir='ltr'><strong>et</strong></span> <span class='ocrx_word' id='word_1_876' title='bbox 2270 5312 2365 5356; x_wconf 89' lang='lat' dir='ltr'><strong>eos</strong></span> <span class='ocrx_word' id='word_1_877' title='bbox 2393 5299 2483 5370; x_wconf 89' lang='lat' dir='ltr'><strong>qui</strong></span> <span class='ocrx_word' id='word_1_878' title='bbox 2533 5297 2600 5354; x_wconf 90' lang='lat' dir='ltr'><strong>ad</strong></span> <span class='ocrx_word' id='word_1_879' title='bbox 2642 5298 2906 5370; x_wconf 89' lang='lat' dir='ltr'><strong>templum</strong></span> <span class='ocrx_word' id='word_1_880' title='bbox 2936 5297 3178 5356; x_wconf 89' lang='lat' dir='ltr'><strong>decimas</strong></span> <span class='ocrx_word' id='word_1_881' title='bbox 3222 5299 3528 5374; x_wconf 74' lang='lat' dir='ltr'><strong>deferrent,</strong></span> 
     </span>
    </p>
   </div>
   <div class='ocr_carea' id='block_1_111' title="bbox 2009 5479 3529 5559">
    <p class='ocr_par' dir='ltr' id='par_1_111' title="bbox 2009 5479 3529 5559">
     <span class='ocr_line' id='line_1_111' title="bbox 2009 5479 3529 5559; baseline 0.009 -26"><span class='ocrx_word' id='word_1_882' title='bbox 2009 5490 2030 5519; x_wconf 74' lang='grc' dir='ltr'><strong>ο</strong></span> <span class='ocrx_word' id='word_1_883' title='bbox 2064 5479 2354 5559; x_wconf 49' lang='lat' dir='ltr'><strong>Victorius,</strong></span> <span class='ocrx_word' id='word_1_884' title='bbox 2386 5482 2794 5559; x_wconf 55' lang='lat' dir='ltr'><strong>conversatione,</strong></span> <span class='ocrx_word' id='word_1_885' title='bbox 2830 5497 3063 5559; x_wconf 77' lang='lat' dir='ltr'><strong>sermone</strong></span> <span class='ocrx_word' id='word_1_886' title='bbox 3089 5501 3151 5539; x_wconf 88' lang='lat' dir='ltr'><strong>ac</strong></span> <span class='ocrx_word' id='word_1_887' title='bbox 3174 5486 3409 5559; x_wconf 61' lang='lat' dir='ltr'><strong>scientia,</strong></span> <span class='ocrx_word' id='word_1_888' title='bbox 3438 5496 3529 5548; x_wconf 82' lang='lat' dir='ltr'><strong>re-</strong></span> 
     </span>
    </p>
   </div>
   <div class='ocr_carea' id='block_1_112' title="bbox 1930 5551 3527 5627">
    <p class='ocr_par' dir='ltr' id='par_1_112' title="bbox 1930 5551 3527 5627">
     <span class='ocr_line' id='line_1_112' title="bbox 1930 5551 3527 5627; baseline 0.007 -20"><span class='ocrx_word' id='word_1_889' title='bbox 1930 5551 2103 5627; x_wconf 81' lang='lat' dir='ltr'><strong>stituit</strong></span> <span class='ocrx_word' id='word_1_890' title='bbox 2128 5553 2194 5605; x_wconf 87' lang='lat' dir='ltr'><strong>ad</strong></span> <span class='ocrx_word' id='word_1_891' title='bbox 2229 5552 2515 5627; x_wconf 77' lang='lat' dir='ltr'><strong>lectionem</strong></span> <span class='ocrx_word' id='word_1_892' title='bbox 2540 5552 2782 5627; x_wconf 54' lang='lat' dir='ltr'><strong>Gtgttiani</strong></span> <span class='ocrx_word' id='word_1_893' title='bbox 2813 5567 2928 5617; x_wconf 84' lang='lat' dir='ltr'><strong>vttt,</strong></span> <span class='ocrx_word' id='word_1_894' title='bbox 2956 5569 3008 5625; x_wconf 90' lang='lat' dir='ltr'><strong>q.</strong></span> <span class='ocrx_word' id='word_1_895' title='bbox 3042 5556 3096 5619; x_wconf 78' lang='grc'><strong>1,</strong></span> <span class='ocrx_word' id='word_1_896' title='bbox 3126 5572 3243 5625; x_wconf 85' lang='lat' dir='ltr'><strong>cap.</strong></span> <span class='ocrx_word' id='word_1_897' title='bbox 3297 5551 3481 5627; x_wconf 61' lang='lat' dir='ltr'><strong>Qun-lis</strong></span> <span class='ocrx_word' id='word_1_898' title='bbox 3503 5576 3527 5620; x_wconf 89' lang='lat'><strong><em>:</em></strong></span> 
     </span>
    </p>
   </div>
   <div class='ocr_carea' id='block_1_113' title="bbox 1931 5622 3525 5696">
    <p class='ocr_par' dir='ltr' id='par_1_113' title="bbox 1931 5622 3525 5696">
     <span class='ocr_line' id='line_1_113' title="bbox 1931 5622 3525 5696; baseline 0.002 -19"><span class='ocrx_word' id='word_1_899' title='bbox 1931 5624 2226 5696; x_wconf 80' lang='lat' dir='ltr'><strong>subditque</strong></span> <span class='ocrx_word' id='word_1_900' title='bbox 2276 5623 2351 5677; x_wconf 90' lang='lat' dir='ltr'><strong>ibi</strong></span> <span class='ocrx_word' id='word_1_901' title='bbox 2399 5625 2537 5679; x_wconf 90' lang='lat' dir='ltr'><strong>ultra</strong></span> <span class='ocrx_word' id='word_1_902' title='bbox 2571 5622 2840 5696; x_wconf 64' lang='lat' dir='ltr'><strong>Aidituos,</strong></span> <span class='ocrx_word' id='word_1_903' title='bbox 2872 5622 3009 5696; x_wconf 75' lang='lat' dir='ltr'><strong>quos</strong></span> <span class='ocrx_word' id='word_1_904' title='bbox 3037 5622 3291 5682; x_wconf 62' lang='lat' dir='ltr'><strong>custo&#39;tes</strong></span> <span class='ocrx_word' id='word_1_905' title='bbox 3315 5622 3525 5690; x_wconf 49' lang='lat' dir='ltr'><strong>sudium</strong></span> 
     </span>
    </p>
   </div>
   <div class='ocr_carea' id='block_1_114' title="bbox 1931 5694 3522 5776">
    <p class='ocr_par' dir='ltr' id='par_1_114' title="bbox 1931 5694 3522 5776">
     <span class='ocr_line' id='line_1_114' title="bbox 1931 5694 3522 5776; baseline 0.008 -30"><span class='ocrx_word' id='word_1_906' title='bbox 1931 5694 2223 5776; x_wconf 51' lang='lat' dir='ltr'><strong>gratia-nus</strong></span> <span class='ocrx_word' id='word_1_907' title='bbox 2250 5704 2425 5771; x_wconf 69' lang='lat' dir='ltr'><strong>vocat,</strong></span> <span class='ocrx_word' id='word_1_908' title='bbox 2461 5695 2799 5776; x_wconf 10' lang='lat' dir='ltr'><strong>intentionem</strong></span> <span class='ocrx_word' id='word_1_909' title='bbox 2832 5694 3045 5765; x_wconf 82' lang='lat' dir='ltr'><strong>quoque</strong></span> <span class='ocrx_word' id='word_1_910' title='bbox 3073 5698 3196 5776; x_wconf 75' lang='lat' dir='ltr'><strong>lieri</strong></span> <span class='ocrx_word' id='word_1_911' title='bbox 3231 5702 3297 5776; x_wconf 67' lang='lat' dir='ltr'><strong>tle</strong></span> <span class='ocrx_word' id='word_1_912' title='bbox 3340 5704 3522 5776; x_wconf 82' lang='lat' dir='ltr'><strong>acoly-</strong></span> 
     </span>
    </p>
   </div>
   <div class='ocr_carea' id='block_1_115' title="bbox 1933 5763 3514 5841">
    <p class='ocr_par' dir='ltr' id='par_1_115' title="bbox 1933 5763 3514 5841">
     <span class='ocr_line' id='line_1_115' title="bbox 1933 5763 3514 5841; baseline 0.008 -23"><span class='ocrx_word' id='word_1_913' title='bbox 1933 5763 2206 5841; x_wconf 60' lang='lat' dir='ltr'><strong>tltis._iloc</strong></span> <span class='ocrx_word' id='word_1_914' title='bbox 2238 5777 2365 5820; x_wconf 86' lang='lat' dir='ltr'><strong>vero</strong></span> <span class='ocrx_word' id='word_1_915' title='bbox 2395 5763 2523 5841; x_wconf 63' lang='lat' dir='ltr'><strong>Satis</strong></span> <span class='ocrx_word' id='word_1_916' title='bbox 2546 5765 2764 5841; x_wconf 69' lang='lat' dir='ltr'><strong>abunde</strong></span> <span class='ocrx_word' id='word_1_917' title='bbox 2791 5763 2937 5841; x_wconf 71' lang='lat' dir='ltr'><strong>erat,</strong></span> <span class='ocrx_word' id='word_1_918' title='bbox 2961 5763 3029 5823; x_wconf 78' lang='lat' dir='ltr'><strong>ut</strong></span> <span class='ocrx_word' id='word_1_919' title='bbox 3073 5763 3514 5841; x_wconf 45' lang='lat' dir='ltr'><strong>interpolatum}</strong></span> 
     </span>
    </p>
   </div>
   <div class='ocr_carea' id='block_1_116' title="bbox 1932 5835 3095 5913">
    <p class='ocr_par' dir='ltr' id='par_1_116' title="bbox 1932 5835 3095 5913">
     <span class='ocr_line' id='line_1_116' title="bbox 1932 5835 3095 5913; baseline 0.004 -21"><span class='ocrx_word' id='word_1_920' title='bbox 1932 5835 2191 5893; x_wconf 82' lang='lat' dir='ltr'><strong>Gratiano</strong></span> <span class='ocrx_word' id='word_1_921' title='bbox 2223 5846 2426 5894; x_wconf 78' lang='lat' dir='ltr'><strong>textum</strong></span> <span class='ocrx_word' id='word_1_922' title='bbox 2458 5835 2514 5894; x_wconf 69' lang='grc' dir='ltr'><strong>ε.</strong></span> <span class='ocrx_word' id='word_1_923' title='bbox 2546 5835 2720 5895; x_wconf 80' lang='lat' dir='ltr'><strong>Patris</strong></span> <span class='ocrx_word' id='word_1_924' title='bbox 2753 5837 3095 5913; x_wconf 70' lang='lat' dir='ltr'><strong>intelligeret.</strong></span> 
     </span>
    </p>
   </div>
  </div>
