4032 6328
521 279 626 345 591

1783 261 1842 319 S.
1883 253 2158 318 EUSEBII
2195 252 2586 316 HIERONYMI

3713 250 3835 311 593

522 392 730 457 Caesari
759 388 964 452 tributa
993 402 1102 446 non
1138 381 1394 442 reddere.
1424 379 1559 450 Quae
1589 375 1816 434 hmresis
1848 376 2118 431 intantum
2145 375 2197 437 Δ
2226 375 2399 432 tribus
2428 374 2481 431 in
2515 380 2700 430 mente
2728 368 2946 429 Garizin
2975 366 3288 427 constitutae
3329 365 3459 433 sint,
3487 373 3548 422 ut
3589 364 3832 422 benedi-

524 498 798 556 creverat,
831 495 890 542 ut
934 483 1098 541 etiam
1135 476 1538 534 Pharisaeorum
1565 480 1622 528 et
1651 470 1881 526 multam
1913 478 2121 538 partem

523 583 711 657 populi
761 575 1112 636 conturbaret
1159 591 1172 624 :
1215 570 1290 624 ita
1344 575 1407 623 ut
1448 564 1518 620 ad
1567 563 1854 619 Dominum
1903 575 2122 632 quoque

522 652 772 731 nostrum
803 665 1106 723 referretur
1139 659 1259 716 haec
1287 657 1520 730 quaestio
1550 672 1566 712 :
1602 655 1743 710 Licet
1774 653 1967 710 Cwsari
1995 652 2124 708 dare

524 764 799 828 tributum,
830 775 900 813 an
927 773 1028 811 non
1057 753 1220 826 (Mat.
1246 767 1384 816 χχιι,
1418 745 1570 823 17)Τ
1605 746 1814 816 Quibus
1859 744 2124 800 Dominus

521 857 845 932 prudenter,
873 861 1144 922 cauteque
1194 843 1541 917 respondens
1588 841 1667 896 ait
1700 859 1713 895 :
1747 839 1972 895 Reddite
2006 853 2124 909 qua:

519 929 639 1007 sunt
667 947 910 1013 Casaris,
940 942 1176 999 Caesari:
1199 948 1250 995 et
1295 953 1411 1006 qua:
1463 945 1587 992 sunt
1633 933 1754 1001 Dei,
1788 931 1901 988 Deo
1930 929 2120 1005 (Ibid.,

519 1042 637 1116 21).
664 1039 766 1098 Cui
811 1033 1162 1108 responsioni
1204 1029 1410 1088 Paulus
1457 1026 1742 1098 apostolus
1790 1037 2122 1094 congruens,

517 1114 680 1192 docet
709 1127 1116 1202 principatibus
1135 1135 1190 1180 et
1210 1119 1586 1194 potestatibus
1607 1117 1897 1174 credentes
1921 1114 2125 1171 debere

519 1243 650 1286 esse
673 1226 976 1296 subjectos.
1008 1221 1203 1298 Ἀρχαὶ
1228 1215 1431 1288 quippe
1459 1228 1581 1284 qua:
1609 1211 1865 1282 leguntur
1895 1208 1946 1263 in
1971 1207 2123 1264 Grae-

518 1337 624 1392 co,
671 1317 849 1390 magis
903 1313 1228 1387 principatus
1275 1323 1436 1380 quam
1485 1304 1746 1378 principes
1789 1309 1988 1357 sonant
2021 1316 2036 1356 :
2069 1306 2127 1355 et

522 1416 698 1485 ipsam
742 1407 1059 1480 signiﬁcant
1100 1410 1459 1475 potestatem,
1491 1413 1600 1453 non
1634 1411 1730 1452 eos
1757 1395 1850 1467 qui
1887 1393 1942 1448 in
1971 1399 2124 1464 pote-

525 1484 673 1561 state
703 1510 834 1558 sunt
863 1498 1138 1554 homines.
1164 1493 1273 1552 Sed
1302 1492 1427 1565 quia
1449 1490 1685 1555 dixerat,
1717 1488 1951 1542 Admone
1977 1484 2120 1552 illos,

520 1595 898 1670 principatibus
923 1601 974 1648 et
1003 1588 1340 1664 potestatibus
1367 1586 1605 1642 subditos
1629 1599 1768 1639 esse:
1799 1587 2020 1653 poterat
2040 1578 2124 1634 his

522 1693 616 1762 qui
643 1697 915 1746 tormenta
938 1679 1496 1749 formidant,occasio
1523 1676 1591 1732 ad
1621 1674 1933 1745 negandum
1961 1670 2077 1727 dari
2104 1689 2118 1724 :

2225 476 2417 526 cerent
2443 466 2670 537 populo,
2699 474 2754 522 et
2782 480 2904 536 qua:
2925 463 2981 519 in
3005 469 3192 518 monte
3221 459 3414 525 altero,
3440 465 3499 513 ut
3527 456 3833 514 maledice-

2225 571 2371 618 rent.
2421 559 2638 625 Ruben,
2669 557 2763 628 qui
2811 555 3181 612 maculaverat
3220 551 3439 608 thnrum
3479 547 3743 620 parentis,
3764 555 3834 605 et

2227 651 2472 708 Zabulon
2501 650 2834 706 novissimus
2859 647 3003 703 ﬁlius
3037 645 3171 714 Liae,
3202 651 3261 699 et
3280 641 3607 698 ancillarum
3635 638 3829 708 liberi,

2228 747 2283 802 in
2314 753 2502 801 monte
2548 743 2685 799 Ebal
2715 742 2824 816 [AL
2863 738 3024 812 Eliel]
3057 744 3356 810 ponuntur,
3389 742 3450 791 ut
3493 732 3834 790 maledicam

2225 843 2308 900 eis
2337 841 2427 913 qui
2469 837 2856 895 maledictione
2893 842 3024 891 sunt
3062 831 3214 904 digni
3243 829 3427 900 (Deut.
3459 827 3658 898 xxvn).
3680 825 3834 883 Lon—

2224 950 2353 1004 gum
2381 940 2468 989 est
2507 931 2555 988 si
2584 944 2733 986 nunc
2759 941 3078 986 enumerem
3122 921 3398 995 quomodo
3419 919 3616 989 Jacob,
3638 918 3733 991 qui
3756 916 3834 974 ad

2227 1025 2662 1084 benedictionem
2707 1029 2992 1078 vocaverat
3035 1018 3178 1074 ﬁlios
3205 1015 3423 1088 (Genes.
3453 1030 3601 1082 sus,
3636 1011 3717 1082 1),
3745 1010 3838 1068 di-

2227 1133 2360 1176 cens
2389 1135 2402 1172 :
2435 1126 2490 1173 ut
2521 1114 2823 1170 benedicam
2851 1112 3026 1179 vobis,
3052 1120 3241 1182 postea
3291 1106 3448 1180 quasi
3493 1105 3548 1161 in
3592 1101 3838 1161 benedi-

2234 1212 2415 1268 ctione
2433 1208 2736 1273 consociet,
2770 1205 3078 1262 maledictus
3108 1207 3258 1275 {uror
3299 1216 3504 1266 eorum,
3532 1198 3661 1271 quia
3704 1212 3836 1268 pro-

2229 1323 2326 1361 caa:
2355 1321 2372 1359 :
2399 1313 2456 1360 et
2488 1304 2606 1375 ipse
2628 1301 2897 1357 Dominus
2933 1299 3188 1369 loquatur
3232 1296 3286 1351 in
3327 1291 3532 1352 Genesi
3557 1311 3570 1346 :
3595 1290 3837 1348 Maledi-

2225 1406 2308 1453 cta
2357 1404 2498 1450 terra
2542 1395 2596 1448 in
2651 1392 2892 1464 aperibus
2942 1389 3044 1444 tuis
3076 1386 3232 1460 (Gen.
3265 1401 3359 1455 nt,
3393 1384 3506 1456 l7).
3539 1382 3650 1440 Hoc
3675 1397 3834 1439 nunc

2227 1499 2435 1548 tantum
2473 1488 2691 1544 dixisse
2728 1485 2989 1550 sufﬁciat,
3021 1481 3169 1554 quod
3210 1478 3591 1550 blasphemare
3614 1475 3835 1534 Christi

2225 1581 2526 1653 discipulos
2553 1595 2662 1636 non
2687 1585 2907 1650 oportet
2939 1594 2952 1630 :
2983 1589 3084 1631 nec
3111 1571 3256 1644 quod
3288 1570 3534 1637 additur,
3563 1584 3673 1625 esse
3715 1566 3834 1622 liti-

2228 1677 2418 1748 giosos.
2449 1672 2609 1746 731
2638 1671 2695 1727 Si
2724 1671 2871 1726 enim
2908 1682 3100 1723 sumus
3135 1664 3233 1719 lilii
3275 1663 3447 1734 pacis,
3479 1669 3536 1716 et
3569 1658 3832 1715 volumus

522 1783 677 1853 juxta
709 1777 956 1850 Apostoli
977 1775 1182 1830 dictum
1211 1787 1273 1828 se
1300 1775 1622 1826 assererent
1650 1763 2045 1837 principatibus
2065 1768 2121 1817 et
2149 1770 2199 1832 Β
2224 1783 2396 1840 super
2422 1781 2520 1822 nos
2549 1778 2740 1835 pacem
2773 1761 3142 1833 requiescere,
3175 1766 3232 1811 et
3261 1753 3597 1811 accessimus
3641 1750 3708 1806 ad
3735 1749 3834 1806 ιε.

517 1870 884 1946 potestatibus
908 1882 1039 1923 esse
1059 1864 1357 1934 subjectos,
1377 1870 1434 1917 et
1458 1861 1638 1916 facere
1664 1857 1806 1930 quod
1826 1857 2116 1927 juberent;

519 1973 810 2037 propterea
833 1959 1070 2030 subjecit
1095 1974 1112 2015 :
1140 1956 1360 2012 Obcdire
1385 1953 1456 2009 ad
1481 1969 1636 2009 omne,
1660 1967 1791 2023 opus
1819 1949 2030 2004 bonum.
2060 1945 2120 2004 Si

517 2059 724 2114 bonum
756 2065 840 2111 est
878 2052 1022 2124 quod
1059 2047 1308 2122 praecipit
1343 2049 1648 2118 imperator
1685 2053 1742 2100 et
1777 2057 2007 2114 praeses,
2032 2040 2121 2112 ju-

514 2148 698 2205 bentis
745 2145 1057 2214 obsequere
1100 2138 1402 2197 voluntati.
1457 2137 1558 2193 Sin
1606 2149 1741 2192 vero
1790 2132 2014 2201 malum,
2065 2139 2126 2187 et

513 2252 707 2302 contra
756 2241 926 2296 Deum
973 2237 1158 2308 sapit:
1191 2232 1473 2306 responde
1511 2233 1563 2288 ei
1610 2230 1746 2287 illud
1793 2229 1865 2285 de
1894 2227 2123 2284 Actibus

519 2336 941 2411 apostolorum:
978 2331 1201 2387 Obedire
1237 2337 1444 2401 oportet
1477 2326 1586 2382 Deo
1625 2324 1792 2396 magis
1841 2339 2002 2396 quam
2031 2323 2124 2376 Ito-

518 2429 743 2486 miuibus
771 2426 910 2502 (Act.
943 2440 998 2490 ν,
1022 2421 1139 2494 29).
1167 2420 1281 2476 Hoc
1308 2419 1487 2490 ipsum
1519 2426 1576 2474 et
1604 2415 1674 2472 de
1699 2413 1879 2471 servis
1927 2412 2125 2469 intelli-

517 2535 711 2595 gamus
741 2517 884 2590 apud
914 2516 1193 2581 dominos,
1227 2519 1283 2567 et
1311 2510 1382 2566 de
1422 2509 1682 2566 uxoribus
1711 2505 1853 2578 apud
1877 2504 2045 2572 viros,
2070 2511 2127 2560 et

517 2616 587 2672 de
601 2614 728 2670 ﬁliis
755 2610 902 2684 apud
949 2615 1232 2681 parentes,
1262 2602 1406 2677 quod
1435 2604 1488 2659 in
1517 2602 1629 2657 illis
1655 2609 1864 2657 tantum
1890 2597 2128 2654 debeant

518 2705 784 2770 dominis,
819 2702 974 2764 viris.
1003 2696 1324 2772 parentibus
1352 2710 1477 2750 esse
1524 2693 1688 2766 73o
1715 2691 1972 2762 subjecti,
2003 2704 2126 2760 quae

518 2808 711 2856 contra
740 2797 839 2853 Dei
861 2793 1115 2851 mandata
1139 2807 1246 2847 non
1276 2798 1304 2827 α
1325 2788 1573 2844 veniunt.
1597 2785 1753 2854 Quod
1785 2799 1917 2841 vero
1945 2782 2129 2854 sequi-

519 2905 610 2950 tur
650 2909 663 2947 :
706 2890 933 2946 Paratas
963 2903 1094 2954 esse,
1122 2883 1416 2956 dupliciter
1453 2880 1764 2953 legendum,
1795 2887 1856 2935 ut
1881 2877 1970 2934 vel
1998 2876 2128 2933 sub-

520 2988 798 3055 audiatur,
823 2985 892 3042 ad
943 2997 1105 3039 omne
1155 2994 1293 3052 Opus
1342 2979 1546 3034 bonum
1589 2986 1813 3048 paratos
1842 2987 1966 3030 esse
1995 2990 2008 3025 :
2039 2969 2127 3027 vel

522 3091 680 3139 certe
703 3094 826 3136 cum
858 3074 1236 3148 superioribus
1267 3071 1529 3144 copulato
1557 3069 1664 3125 hoc
1694 3066 1839 3140 quod
1876 3067 1976 3135 ait,
2009 3064 2127 3119 obe-

2225 1859 2460 1917 rusalem
2489 1857 2798 1923 caelestem,
2821 1869 2945 1925 qua:
2973 1868 3042 1908 ex
3062 1864 3198 1923 pace
3225 1863 3421 1905 nomen
3449 1845 3687 1919 accepit,
3701 1859 3833 1901 cum

2226 1953 2312 2011 his
2335 1953 2428 2025 qui
2457 1950 2695 2007 oderunt
2720 1961 2932 2019 pacem,
2963 1944 3262 2000 habeamus
3293 1956 3485 2013 pacem
3519 1957 3532 1994 :
3567 1949 3625 1996 et
3653 1953 3835 2010 quan-

2226 2057 2340 2104 tum
2390 2045 2448 2101 in
2499 2043 2659 2100 nobis
2705 2050 2789 2099 est
2839 2055 2964 2096 cum
3005 2037 3260 2094 omnibus
3289 2033 3610 2092 hominibus
3651 2030 3833 2106 pacati

2224 2140 2399 2196 simus
2429 2156 2443 2192 :
2475 2153 2583 2194 non
2617 2135 2794 2192 solum
2846 2148 2970 2188 cum
3022 2127 3310 2196 modestis,
3338 2126 3437 2184 sed
3492 2126 3660 2181 etiam
3701 2140 3830 2181 cum

2225 2231 2463 2298 rixosis;
2494 2226 2621 2301 quia
2660 2227 2809 2284 nulla
2843 2225 3019 2280 virtus
3047 2231 3132 2279 est
3162 2221 3308 2278 ferre
3341 2225 3663 2275 mansuetos
3697 2235 3708 2270 :
3739 2217 3830 2273 lo-

2227 2339 2462 2396 cumque
2488 2322 2680 2379 demus
2709 2318 2830 2387 irae,
2857 2332 3078 2373 omnem
3113 2312 3476 2371 ostendentes
3510 2317 3834 2367 mansuetu-

2226 2417 2412 2475 dinem
2454 2415 2523 2472 ad
2565 2427 2760 2470 omnes
2801 2408 3054 2466 homines
3087 2425 3099 2459 :
3131 2421 3238 2462 non
3277 2403 3424 2477 quod
3453 2418 3610 2458 vanae
3639 2398 3834 2472 glorite

2227 2509 2502 2570 desiderio
2539 2522 2640 2564 nos
2685 2519 2812 2562 esse
2856 2508 3176 2559 mansuetos
3218 2497 3478 2554 omnibus
3515 2491 3833 2550 hominibus

2227 2603 2520 2664 ostendere
2565 2601 2862 2657 debeamus
2894 2615 2907 2648 :
2939 2596 3036 2650 sed
3080 2593 3210 2650 dum
3251 2606 3446 2648 omnes
3497 2589 3746 2653 ferimus,
3776 2592 3838 2643 et

2228 2699 2444 2772 injuria:
2477 2698 2650 2753 vicem
2695 2711 2805 2752 non
2849 2690 3230 2764 rependimus,
3256 2688 3377 2759 ipsa
3415 2700 3581 2757 opera
3613 2682 3836 2740 notiora

2227 2793 2501 2850 universis
2524 2790 2678 2846 ﬁant.
2710 2788 2903 2845 Potest
2928 2784 3129 2856 aliquis
3168 2781 3239 2838 ob
3273 2779 3595 2851 jactantiam
3625 2783 3684 2833 et
3707 2775 3839 2846 opi-

2229 2885 2449 2943 nionem
2478 2881 2624 2954 vulgi
2669 2893 2965 2950 auramque
3009 2874 3333 2949 popularem
3385 2869 3649 2927 simulare
3681 2866 3837 2938 apud

2229 2976 2494 3051 quosdam
2524 2972 3023 3036 mansuetudinem,
3055 2977 3110 3024 et
3132 2967 3342 3038 ﬁngere
3371 2962 3694 3019 bonitatem.
3720 2958 3838 3016 Sed

2232 3071 2327 3126 ubi
2353 3085 2461 3126 non
2493 3077 2579 3125 est
2601 3082 2731 3124 vera
2775 3072 2834 3122 et
2863 3063 3099 3135 genuina
3128 3070 3185 3117 et
3220 3055 3397 3115 solida
3437 3052 3836 3122 mansuetudo,

523 3176 638 3231 dire
659 3174 728 3228 ad
760 3187 912 3227 omne
951 3185 1079 3243 apus
1118 3167 1332 3233 bonum,
1369 3173 1424 3220 et
1456 3163 1738 3234 hucusque
1766 3159 1940 3226 ﬁnito,
1971 3153 2127 3228 quasi

2232 3167 2419 3225 nescio
2450 3182 2520 3223 an
2547 3180 2672 3222 eum
2699 3178 2824 3221 esse
2845 3167 3191 3218 mansuetum
3221 3155 3395 3230 possit
3423 3151 3678 3210 omnibus
3705 3165 3838 3222 per-

523 3267 672 3324 aliud
727 3264 1010 3337 proprium
1053 3269 1111 3317 et
1147 3257 1391 3332 speciale
1421 3265 1754 3329 praeceptum
1787 3250 1883 3318 sit,
1911 3256 2123 3322 paratos

524 3377 655 3428 esse,
677 3358 834 3430 juxta
860 3354 994 3412 illud
1017 3352 1165 3425 quod
1198 3353 1253 3407 in
1283 3348 1534 3407 Levitico
1568 3345 1833 3417 scriptum
1857 3351 1944 3398 est
1975 3339 2133 3396 :Hir-

523 3453 743 3525 cumqui
765 3450 1018 3506 emittitur
1032 3445 1312 3502 maledicta
1336 3441 1519 3516 papuli
1533 3439 1897 3504 sustinentem,
1914 3433 2057 3488 tradi
2075 3433 2131 3486 in

523 3563 710 3604 manus
736 3544 960 3599 hominis
1006 3540 1183 3614 parati
1222 3535 1420 3610 (Leuit.
1445 3549 1560 3602 xvr,
1593 3531 1712 3606 21).
1741 3530 1799 3587 Si
1837 3529 1961 3601 quis
2001 3541 2132 3600 ergo

523 3652 754 3716 paratus
792 3649 900 3705 est,
932 3647 992 3693 ut
1032 3639 1402 3706 ἀποπομπαῖον
1449 3637 1658 3695 teneat,
1686 3635 1744 3682 et
1799 3623 1997 3682 educat
2019 3621 2127 3696 (At.

529 3733 792 3807 deducat]
811 3733 967 3790 illum
997 3729 1054 3786 in
1080 3729 1385 3793 desertum,
1416 3732 1471 3779 et
1493 3721 1567 3778 ibi
1590 3736 1715 3778 eum
1749 3716 2052 3790 disperdat,
2078 3723 2136 3773 et

526 3837 791 3902 quantum
825 3825 879 3880 in
914 3839 975 3878 se
1000 3829 1106 3891 est,
1139 3826 1293 3876 sorte
1332 3812 1736 3872 maledictionis
1774 3808 2131 3876 exterminet,

529 3924 726 3980 iscum
770 3915 1068 3981 obedierit,
1095 3911 1248 3970 omni
1301 3908 1456 3980 operi
1509 3906 1658 3963 bono
1703 3905 1868 3962 etiam
1911 3911 2134 3973 paratus

533 4016 661 4072 erit.
695 4012 882 4067 Potest
923 4015 1112 4065 autem
1151 4013 1208 4063 et
1235 4003 1399 4059 aliter
1427 3999 1628 4071 accipi,
1661 4008 1873 4072 paratos
1895 4011 2003 4051 esse
2026 4010 2046 4050 :
2076 3999 2137 4048 ut

534 4104 717 4164 omnia
760 4113 1119 4174 quaecumque
1169 4095 1395 4153 evenire
1426 4098 1675 4165 possunt,
1706 4089 1814 4146 sibi
1861 4088 1914 4144 in
1951 4085 2136 4142 animo

533 4198 925 4273 lapraeligurent
955 4212 969 4248 :
1004 4201 1208 4251 etcum
1234 4186 1561 4253 acciderint,
1591 4182 1726 4240 nihil
1755 4182 1909 4254 quasi
1938 4194 2135 4235 novum

539 4291 875 4356 sustineant,
903 4284 1003 4343 sed
1029 4285 1110 4341 eis
1141 4289 1450 4354 praeparata
1482 4278 1593 4334 sint
1624 4276 1828 4333 omnia.
1861 4273 2138 4328 Neminem

538 4399 782 4460 quoque,
817 4380 1198 4452 blasphemare,
1226 4389 1334 4430 non
1365 4370 1690 4443 simpliciter
1717 4366 2006 4438 accipitur.
2028 4364 2139 4421 Nec

542 4458 692 4538 enim
722 4477 821 4543 ait,
846 4473 1121 4532 neminem
1151 4469 1430 4526 hominem
1476 4464 1858 4536 blaSphemare
1883 4481 1897 4516 :
1919 4460 2014 4517 sed
2036 4458 2136 4516 ab-

2227 3259 2508 3421 sm2d\?tlilr.s.
2557 3349 2594 3405 3
2631 3345 2835 3419 seqq.)
2867 3339 3095 3398 Fuimus
3137 3339 3277 3396 enim
3318 3333 3609 3410 aliquando
3649 3341 3698 3389 et
3734 3347 3838 3388 nos

2231 3443 2401 3510 stulti,
2430 3440 2801 3506 inobedientes,
2845 3444 3100 3500 errantes,
3148 3431 3425 3489 servientes
3471 3424 3740 3483 desideriis
3790 3429 3840 3477 et

2230 3535 2583 3609 uoluptatibus
2611 3532 2802 3600 uariis,
2831 3530 2887 3584 in
2928 3527 3135 3583 ntalitia
3177 3535 3226 3581 et
3260 3525 3317 3580 in
3350 3523 3549 3578 invidia
3596 3527 3838 3592 agentes,

2233 3631 2436 3699 odiosi,
2487 3629 2718 3684 odientes
2774 3625 3112 3680 alterutrum.
3160 3619 3290 3675 Cum
3329 3627 3502 3673 autem
3543 3615 3744 3670 bonitas
3793 3619 3841 3668 et

2234 3723 2534 3780 humanitas
2565 3720 2742 3776 illuxit
2774 3715 3066 3775 Saluatoris
3097 3713 3261 3768 nostri
3293 3709 3394 3766 Dei
3426 3726 3445 3765 :
3473 3725 3578 3764 non
3611 3723 3674 3763 ea:
3711 3723 3842 3778 ope-

2233 3821 2375 3875 ribus
2392 3816 2635 3889 justitiw,
2667 3829 2782 3885 qua:
2819 3812 3037 3884 fecimus
3065 3825 3193 3875 nos;
3221 3805 3311 3863 sed
3348 3807 3635 3861 secundum
3679 3801 3842 3858 mise-

2234 3911 2521 3967 ricordiam
2545 3923 2695 3964 suam
2732 3905 2950 3962 saluauit
2979 3919 3094 3966 nos,
3126 3917 3217 3974 per
3247 3900 3518 3954 lavacrum
3559 3909 3840 3968 regenera-

2237 4003 2392 4060 tionis
2415 4012 2463 4059 et
2490 3998 2840 4056 renovationis
2880 3994 3112 4068 Spiritus
3133 3992 3324 4056 sancti,
3356 4004 3508 4062 quem
3541 3985 3839 4056 eﬂ'uditsu-

2237 4114 2329 4170 per
2375 4112 2468 4151 nos
2519 4091 2797 4163 opulenter
2836 4105 2927 4160 per
2971 4085 3154 4142 Iesum
3199 4082 3463 4138 Christum
3506 4079 3837 4138 Salvatorem

2239 4199 2497 4257 nostrum,
2531 4195 2586 4240 ut
2611 4183 2896 4258 justiﬁcati
2945 4179 3091 4235 illius
3130 4178 3325 4251 gratia,
3357 4174 3584 4231 heredes
3632 4171 3835 4244 efﬁcia-

2239 4299 2355 4337 mur
2374 4278 2659 4336 secundum
2681 4292 2820 4347 spent
2842 4275 2958 4330 vita:
2981 4281 3206 4329 ceterum.
3236 4269 3458 4338 Quaerat
3481 4265 3684 4337 aliquis
3701 4277 3836 4337 quo-

2241 4371 2407 4430 modo
2437 4370 2638 4426 Paulus
2682 4367 2850 4424 fuerit
2885 4366 3110 4430 stultus,
3159 4361 3498 4429 incredulus,
3527 4373 3751 4426 errans,
3779 4363 3835 4412 et

2241 4466 2490 4524 serviens
2520 4463 2684 4518 variis
2706 4459 3003 4518 desideriis
3029 4466 3085 4514 et
3114 4453 3489 4526 voluptatibus
3515 4453 3568 4508 in
3600 4451 3831 4518 malitia,

538 4573 740 4640 solute,
773 4567 1049 4625 neminem
1087 4584 1098 4618 :
1133 4579 1244 4620 non
1272 4560 1554 4632 angelum,
1582 4573 1690 4614 non
1718 4557 1955 4627 aliquam
1981 4568 2129 4610 crea-

2242 4571 2298 4616 et
2331 4561 2384 4616 in
2425 4556 2647 4627 invidia,
2678 4555 2927 4620 odiosus,
2960 4561 3018 4608 et
3046 4549 3270 4617 odicns,
3299 4559 3595 4620 antequam
3639 4545 3834 4600 Salva-

537 4675 718 4722 turam
750 4661 870 4718 Dei.
908 4657 1104 4715 Omnia
1151 4655 1353 4727 quippe
1381 4668 1501 4724 qua:
1555 4668 1585 4708 a
1634 4651 1748 4706 Deo
1793 4650 1932 4704 facta
1985 4655 2137 4715 sunt,

538 4757 701 4814 valde
725 4756 864 4812 bona
892 4762 1047 4808 sunt.
1094 4749 1320 4816 Quando
1366 4745 1595 4802 Michael
1646 4742 1990 4814 archangelus
2021 4757 2139 4794 cum

540 4846 750 4906 diabolo
783 4843 1084 4917 disputabat
1123 4841 1186 4896 de
1220 4838 1394 4910 Moysi
1439 4853 1677 4908 corpore,
1712 4851 1812 4890 non
1848 4834 1949 4904 fuit
1981 4847 2141 4886 ausus

536 4943 734 5013 inferre
777 4938 1046 5012 judicium
1076 4933 1430 5004 blasphemiae,
1460 4931 1552 4986 sed
1597 4929 1753 4998 dixit,
1785 4928 2004 4996 imperet
2052 4923 2145 4978 tibi

536 5035 684 5092 Deus
717 5031 868 5104 (Iud.
897 5029 998 5099 rx).
1023 5026 1082 5082 Si
1113 5027 1276 5098 igitur
1307 5022 1532 5079 Michael
1559 5035 1664 5076 non
1701 5020 1798 5075 fuit
1827 5033 1994 5074 ausus
2024 5018 2144 5073 dia-

534 5127 690 5192 bolo,
737 5133 793 5180 et
837 5130 989 5176 certe
1029 5116 1419 5174 maledictione
1470 5112 1827 5185 dignissimo,
1874 5110 2137 5181 judicium

536 5221 744 5277 inferre
794 5212 1155 5284 blaSphemizc
1200 5229 1211 5264 :
1255 5216 1460 5280 quanto
1501 5208 1673 5278 magis
1723 5221 1821 5262 nos
1874 5205 1944 5261 ab
1991 5205 2139 5260 omni

535 5309 836 5368 maledicto
887 5305 1008 5376 puri
1040 5317 1166 5359 esse
1211 5300 1506 5357 debemus?
1535 5299 1848 5356 Merebatur
1893 5297 2142 5353 diabolus

548 5399 906 5458 maledictum
940 5415 951 5448 :
977 5394 1077 5452 sed
1105 5409 1204 5465 per
1233 5391 1551 5463 archangeli
1579 5406 1641 5447 os
1669 5389 2005 5461 blaSphemia
2031 5389 2145 5444 exi-

541 5508 606 5552 re
654 5505 760 5547 non
791 5487 999 5545 debuit.
1044 5485 1246 5556 Relege
1293 5493 1507 5541 veteres
1554 5483 1741 5550 libros,
1772 5491 1831 5539 et
1873 5481 1996 5537 vide
2022 5497 2142 5552 quae

551 5732 564 5744 ι
612 5663 638 5744 _"
663 5661 1016 5744 gisterciens.
1051 5672 1212 5744 mss,
1243 5675 1342 5744 non
1361 5661 1593 5732 fuerant,
1620 5668 1678 5719 et
1693 5675 1841 5734 mox,
1864 5661 2138 5737 dupliciter

544 5729 960 5806 intelligendum,
984 5745 1081 5802 pro
1113 5729 1400 5801 legendum.

2244 4653 2379 4710 toris
2420 4650 2594 4708 nostri
2642 4648 2859 4704 bonitas
2898 4654 3062 4718 atque
3097 4642 3392 4700 clementia
3433 4656 3531 4712 per
3560 4641 3832 4696 lavacrum

2242 4744 2496 4803 secundae
2531 4740 2966 4812 regenerationis
3005 4753 3131 4794 eum
3175 4737 3387 4792 salvum
3437 4734 3645 4790 faceret
3677 4752 3692 4789 :
3725 4747 3833 4790 non

2245 4857 2313 4897 ex
2334 4838 2561 4911 justitiac
2587 4835 2852 4905 operibus
2884 4848 3005 4905 quae
3041 4833 3270 4898 fecerat,
3299 4829 3394 4908 sed
3423 4844 3489 4885 ex
3524 4829 3834 4884 misericor—

2244 4933 2332 4990 dia
2357 4947 2474 4997 sna,
2502 4930 2679 4986 ell‘uso
2708 4927 3058 4984 abundanter
3096 4935 3152 4982 et
3191 4925 3343 4996 large
3367 4940 3534 4995 super
3562 4922 3834 4993 apostolos

2248 5039 2416 5102 atque
2436 5026 2725 5083 credentes
2754 5040 2850 5096 per
2865 5023 3053 5079 Jesum
3075 5019 3350 5077 Christum
3370 5019 3577 5090 Spiritu
3605 5027 3829 5074 sancto:

2247 5131 2306 5177 ut
2329 5119 2706 5176 haereditatem
2740 5115 2931 5187 gratiae
2967 5113 3274 5180 consecuti,
3297 5127 3452 5183 spem
3478 5112 3607 5166 vita:
3637 5111 3691 5167 in
3713 5125 3832 5181 pcr-

2247 5222 2471 5284 petuum
2515 5209 2884 5281 possiderent.
2916 5206 2983 5261 Et
3017 5215 3167 5262 certe
3199 5204 3428 5276 legimus
3464 5217 3590 5259 eum
3637 5217 3828 5259 secun-

2247 5304 2375 5360 dum
2407 5303 2674 5374 justitiam
2706 5316 2826 5370 qua:
2857 5299 2912 5354 in
2943 5298 3087 5369 Lege
3132 5306 3216 5352 est
3245 5297 3365 5352 sine
3407 5295 3632 5367 querela
3671 5294 3828 5349 fuisse

2244 5395 2627 5453 circumcisum
2667 5403 2856 5449 octava
2890 5391 2980 5448 die
3009 5387 3273 5464 (Philipp.
3303 5404 3386 5456 ιιι,
3424 5387 3520 5458 5):
3550 5388 3827 5444 Hebraeum

2249 5501 2315 5542 ex
2341 5485 2612 5553 Hebraeis,
2646 5485 2946 5542 secundum
2989 5482 3196 5553 Legem
3235 5481 3595 5549 Pharisreum,
3629 5480 3697 5536 de
3739 5476 3827 5537 ηις

2316 5663 2346 5705 ι’
2375 5664 2479 5724 Alii
2510 5665 2661 5734 editi,
2692 5665 2745 5721 in
2773 5664 2948 5722 animo
2970 5665 3310 5740 prceﬁgerent.
