4034 6350
239 310 353 371 593

796 318 1452 383 COMMENTARIORUM
1489 323 1558 384 ΙΝ
1597 324 1988 387 EPISTOLAM
2025 327 2120 387 AD
2156 329 2376 390 TlTUM
2414 331 2641 391 LIBER.
2684 332 2840 392 CAP.
2882 334 2973 392 ill.

3434 338 3542 401 59‘

234 424 313 482 bu
339 425 657 499 Benjamin,
690 430 963 488 eruditum
993 433 1060 489 ad
1088 434 1256 506 pedes
1299 437 1642 506 Gamalielis,
1674 451 1732 498 et
1770 443 1840 498 ab
1864 447 1918 508 Α
1943 445 2258 502 hominibus.
2293 449 2407 504 lloc
2426 450 2572 521 quod
2594 450 2692 518 ait,
2726 450 2898 520 fidelis
2927 467 3119 521 sermo,
3155 449 3223 512 ad
3249 456 3536 527 superiora

234 517 476 574 infantia
522 521 694 576 sacris
734 521 961 580 Litteris
989 525 1300 584 institutum
1341 531 1543 602 (Actor.
1568 535 1726 607 xm).
1758 538 1841 594 Ad

236 611 386 680 quod
420 612 812 682 respondetur,
838 615 999 690 732
1025 617 1246 676 Judaos
1269 623 1362 690 qui
1391 633 1520 680 ante
1548 625 1839 685 adventum

229 699 552 760 Salvatoris
593 717 645 762 et
683 707 996 777 passionem
1037 713 1178 782 ejus,
1202 723 1258 770 et
1282 720 1742 778 resurrectionem
1783 723 1839 780 in

225 792 385 865 Lege
417 800 622 854 versati
649 809 799 868 sunt,
824 802 955 859 licet
983 819 1092 861 non
1117 807 1356 877 plenam,
1388 818 1628 869 attamen
1654 815 1835 886 aliqua

224 904 301 946 ex
331 899 495 960 parte
522 893 786 952 habuisse
800 896 1071 968 justitiam
1099 919 1112 954 :
1145 903 1289 958 sicut
1306 905 1526 963 Simeon
1550 924 1764 982 quoque
1782 921 1838 969 et

229 979 396 1038 Anna
423 986 771 1056 prophetissa
790 990 842 1046 in
869 994 1076 1062 templo
1095 994 1193 1051 Dei
1213 999 1460 1056 serviens
1483 979 1582 1057 esti
1595 979 1830 1075 reperta.

225 1071 535 1147 Postquam
567 1094 701 1136 vero
735 1083 970 1153 populus
999 1087 1384 1160 conclamavit,
1413 1071 1693 1168 Cruci/Ege,
1713 1114 1835 1152 cru-

221 1166 383 1239 ciﬁge
407 1186 528 1223 eum
544 1188 564 1237 ;
603 1189 707 1228 non
734 1175 982 1233 habemus
1025 1196 1198 1251 regem
1236 1184 1338 1238 nisi
1363 1166 1626 1243 Ctesarem
1647 1189 1830 1263 (Joan.

217 1276 333 1333 nx,
372 1265 513 1340 15):
543 1278 599 1324 et
632 1288 645 1320 :
676 1270 906 1347 Sanguis
933 1277 1049 1347 ejus
1091 1297 1249 1351 super
1273 1299 1399 1352 nos,
1426 1295 1475 1340 et
1509 1304 1665 1360 super
1690 1291 1831 1359 filios

217 1364 435 1412 nostros
456 1358 904 1434 (Mat.xxv,27),
935 1377 991 1423 et
1013 1368 1254 1428 ablatum
1286 1383 1372 1430 est
1401 1377 1471 1434 ab
1497 1358 1583 1435 eis
1601 1358 1829 1453 regnum

215 1446 339 1515 Dei,
375 1457 438 1506 et
465 1453 726 1510 traditum
765 1458 913 1526 genti
962 1459 1188 1519 facienti
1221 1465 1429 1524 fructus
1455 1469 1618 1541 ejus:
1651 1446 1718 1530 ex
1762 1489 1830 1530 eo

211 1545 479 1608 tempore
513 1547 604 1614 qui
635 1544 687 1600 in
725 1547 999 1606 Christum
1030 1568 1140 1609 non
1172 1557 1436 1626 credidit,
1460 1561 1560 1618 fuit
1595 1564 1820 1632 stultus,

207 1633 598 1703 errabundus,
630 1637 972 1708 incredulus,
1006 1653 1063 1700 et
1088 1647 1336 1706 serviens
1373 1652 1542 1709 variis
1578 1657 1825 1728 voluptao

205 1724 384 1782 tibus.
413 1732 630 1786 Annon
656 1731 814 1789 nobis
841 1731 952 1806 [AL
977 1736 1158 1811 vobis]
1185 1740 1403 1799 videtur
1429 1744 1627 1802 Paulus
1655 1724 1826 1807 fuisse

1939 541 2280 613 jungendum
2305 552 2427 611 est,
2458 543 2511 598 in
2543 545 2744 615 quibus
2774 546 3150 617 praemiserat,
3182 559 3236 602 ut
3269 550 3545 620 iustiﬁcati

1941 633 2105 705 ipsius
2127 636 2330 708 gratia,
2364 636 2590 691 Iueredes
2620 638 2905 708 efﬁciamur
2935 641 3225 695 secundum
3249 657 3397 713 spem
3423 644 3542 697 vita!

1941 739 2166 784 ceteram.
2195 731 2398 800 Dignus
2428 731 2577 787 enim
2611 732 2718 789 lide
2748 747 2916 805 super
2947 733 3268 792 haereditate
3291 737 3388 794 Dei
3421 752 3544 792 ser-

1939 835 2052 888 mo,
2085 831 2140 878 et
2168 837 2337 893 super
2359 839 2457 895 spe
2481 824 2612 880 vita:
2641 834 2885 882 aeternae.
2920 825 3078 884 Unde
3109 835 3332 899 oportet
3351 828 3421 884 de
3449 829 3536 884 his

1938 926 2048 966 non
2074 911 2327 982 dubium,
2359 928 2468 970 non
2498 915 2783 972 timentem
2807 925 2864 972 et
2891 919 3067 988 ipsum
3098 920 3360 989 credere,
3393 931 3449 977 et
3482 930 3541 977 ut

1937 1005 2168 1061 credant
2192 1007 2405 1074 caeteri,
2437 1008 2765 1064 conﬁrmare
2785 1051 2803 1077 ,
2832 1023 2940 1066 non
2967 1011 3146 1068 solum
3181 1021 3364 1070 autem
3407 1014 3537 1084 hoc,

1933 1097 2033 1154 sed
2063 1107 2118 1153 et
2141 1098 2244 1154 hoc
2273 1113 2400 1154 cum
2423 1100 2646 1157 exteris
2677 1100 2802 1167 his,
2833 1105 2928 1173 qui
2957 1104 3238 1162 voluerint
3265 1106 3493 1163 credere
3521 1149 3537 1174 ,

1933 1184 2369 1246 confirmandum
2401 1198 2486 1246 est
2513 1206 2528 1244 :
2559 1200 2899 1263 quapropter
2925 1193 3042 1249 ait:
3073 1203 3120 1248 et
3148 1195 3211 1251 de
3237 1197 3316 1251 his
3342 1196 3457 1251 volo
3488 1206 3536 1252 te

1932 1283 2262 1353 confirmare.
2284 1282 2387 1350 Qui
2413 1292 2599 1341 autem
2621 1285 2722 1339 ista
2743 1298 2876 1340 vere
2895 1299 3022 1341 esse
3046 1286 3406 1355 crediderint,
3441 1303 3538 1345 nc-

1930 1390 2088 1434 cesse
2116 1384 2206 1433 est
2227 1392 2421 1434 curam
2453 1379 2697 1436 habeant
2716 1377 2985 1435 bonorum
3013 1394 3265 1453 operum,
3296 1398 3396 1454 per
3415 1399 3539 1456 qua:

1930 1471 2224 1530 haereditas
2253 1472 2390 1542 Dei,
2421 1482 2478 1530 et
2501 1490 2630 1547 spes
2655 1475 2784 1532 vita:
2810 1485 3154 1548 praeparatur
3183 1487 3427 1534 aeternae.
3463 1478 3536 1534 Et

1928 1566 2156 1637 pulchre
2182 1574 2242 1622 ut
2268 1568 2536 1637 majorem
2564 1566 2728 1624 ﬁdem
2754 1566 3014 1638 faceret,
3055 1584 3166 1624 non
3207 1569 3388 1635 dixit,
3437 1569 3531 1641 qui

1926 1659 2161 1716 credunt
2189 1659 2507 1716 hominibus
2530 1705 2546 1728 ,
2591 1660 2691 1717 sed
2728 1662 2820 1731 qui
2859 1660 3098 1717 credunt
3121 1660 3256 1717 Deo.
3288 1660 3530 1716 Necesse

1924 1761 2012 1810 est
2041 1755 2212 1821 enim,
2245 1765 2306 1811 ut
2333 1770 2523 1812 curam
2551 1755 2825 1812 honorum
2855 1770 3088 1826 operum
3116 1756 3373 1824 habeant,
3407 1772 3531 1828 qua:

202 1819 440 1887 stultus,
472 1823 692 1894 quando
723 1826 960 1886 habebat
992 1831 1174 1888 zelum
1203 1834 1324 1902 Dei,
1358 1837 1457 1894 sed
1487 1854 1594 1896 non
1624 1857 1821 1899 secun-
1849 1836 1898 1898 Β
1923 1819 2215 1920 adimpleta
2245 1890 2262 1918 ,
2314 1857 2371 1906 et
2411 1850 2562 1906 omni
2593 1848 2777 1908 studio
2803 1859 3120 1924 perpetrata
3145 1891 3164 1920 ,
3207 1859 3340 1907 sunt
3383 1851 3528 1906 bona

201 1912 338 1969 dum
396 1915 724 1981 scientiam;
777 1930 830 1977 et
887 1927 1320 1997 persequebatur
1375 1929 1680 1990 Ecclesium
1718 1952 1732 1992 :
1766 1946 1822 1994 et

198 2005 579 2078 lapidantium
628 2011 970 2085 Stephanum
1013 2022 1338 2080 vestimenta
1368 2028 1665 2086 servabat?
1695 2047 1819 2088 cum

197 2098 256 2155 in
290 2107 516 2157 tantum
548 2103 658 2160 odii
687 2118 882 2164 contra
909 2109 1256 2172 Salvatorem
1281 2118 1574 2192 instigatus
1600 2139 1820 2181 exarse-

196 2193 307 2261 rit,
347 2205 420 2250 ut
465 2197 676 2256 litteras
722 2215 754 2256 a
798 2203 1177 2265 sacerdotibus
1234 2213 1528 2284 acciperet,
1580 2234 1813 2290 pergens

197 2286 551 2347 Damascum
578 2291 644 2348 ad
683 2309 778 2351 eos
807 2297 902 2369 qui
934 2299 988 2354 in
1013 2298 1288 2358 Christum
1312 2286 1662 2365 crediderant
1682 2286 1815 2368 vin-

195 2379 480 2438 ciendosl
504 2385 611 2440 Aut
638 2387 778 2443 ullas
807 2398 1026 2460 poterat
1054 2391 1261 2451 habere
1287 2397 1521 2454 virtutes
1557 2403 1676 2458 sine
1697 2403 1812 2462 vir-

195 2481 317 2530 tute
355 2474 458 2532 Dei
485 2476 689 2534 Christi
719 2481 880 2552 Jesu,
915 2493 1011 2540 aut
1051 2497 1374 2546 :estuantem
1401 2490 1677 2550 ﬂammam
1715 2512 1810 2552 re-

195 2568 494 2640 stinguere
525 2574 893 2644 voluptatum,
920 2593 1046 2636 cum
1079 2597 1187 2637 non
1212 2596 1358 2642 esset
1379 2587 1641 2658 templum
1668 2589 1808 2646 Dei?

195 2658 334 2727 Quae
378 2670 566 2719 autem
613 2665 793 2737 major
846 2680 1031 2740 potest
1061 2689 1185 2730 esse
1227 2675 1431 2734 malitia
1485 2688 1541 2736 et
1577 2680 1804 2754 invidia,

193 2765 370 2821 quam
413 2765 608 2812 contra
655 2759 916 2817 absentes
959 2765 1220 2835 epistolas
1249 2783 1490 2839 sumere,
1516 2782 1571 2828 et
1608 2773 1808 2847 ubique

192 2843 413 2903 Christi
441 2861 654 2909 vastare
679 2853 1014 2928 discipulos;
1041 2861 1193 2918 nolle
1211 2863 1388 2934 ipsum
1411 2866 1620 2922 salvum
1645 2843 1802 2924 ﬁeri:

194 2950 248 2994 et
273 2944 500 2999 castoris
524 2946 617 3017 qui
648 2949 786 3005 salvi
824 2965 952 3008 esse
989 2962 1264 3026 poterant,
1297 2958 1543 3017 invidere
1574 2980 1585 3016 :
1621 2963 1806 3020 odisse

191 3030 550 3095 Christianos
602 3050 660 3097 et
710 3056 1114 3119 consequenter
1175 3051 1246 3107 ab
1307 3055 1566 3112 omnibus
1613 3058 1801 3117 odium

190 3132 689 3200 promereri?Quis
709 3148 889 3194 autem
916 3142 1091 3212 major
1103 3157 1282 3212 error,
1309 3155 1364 3201 et
1386 3147 1439 3202 in
1462 3148 1799 3221 obedientia,

1926 1940 2190 2012 utiliaque
2215 1941 2593 1998 credentibus.

1992 2033 2178 2106 (Vers.
2205 2035 2287 2107 9.)
2315 2036 2518 2092 Stultos
2536 2046 2708 2091 autem
2729 2037 3062 2109 quaestiones,
3088 2047 3137 2092 et
3157 2041 3517 2111 genealogias,

1921 2135 1971 2181 et
1993 2129 2362 2196 contentiones,
2385 2137 2436 2183 et
2457 2146 2657 2200 pugnas
2679 2146 2794 2200 quae
2815 2130 3025 2185 veniunt
3047 2147 3110 2186 ea:
3129 2129 3286 2203 Lege,
3312 2133 3480 2186 devita
3501 2148 3522 2188 :
3582 2133 3586 2138 ⁷

1920 2218 2062 2274 Sunt
2088 2221 2275 2293 quippe
2300 2221 2511 2276 inutiles
2538 2229 2587 2275 et
2615 2237 2779 2275 vanae.
2814 2221 2953 2290 Quia
2983 2223 3317 2293 multiplices
3346 2232 3402 2279 et
3429 2223 3521 2279 di-

1917 2333 2092 2376 versa:
2120 2330 2248 2375 sunt
2273 2318 2605 2389 quaestiones
2627 2360 2644 2385 ,
2685 2326 2980 2388 propterea
3023 2317 3281 2373 Salomon
3315 2319 3383 2374 de
3429 2318 3514 2374 his

1915 2417 2008 2489 qui
2035 2423 2284 2488 quaarunt
2315 2413 2509 2478 Deum,
2535 2412 2752 2467 locutus
2774 2419 2880 2477 est,
2903 2410 3094 2466 dicens
3119 2429 3132 2464 :
3156 2411 3310 2466 Recte
3335 2420 3515 2465 autem

1913 2516 2198 2577 quwrentes
2219 2522 2356 2571 eum,
2379 2505 2682 2558 invenerunt
2702 2517 2887 2575 pacem
2911 2498 3093 2575 (Prov.
3123 2516 3242 2565 vm,
3267 2501 3382 2574 35).
3407 2501 3514 2569 Qui

1913 2599 2080 2673 igitur
2102 2601 2272 2656 Deum
2299 2613 2405 2654 non
2428 2606 2579 2654 recte
2606 2605 2883 2668 quaerunt,
2915 2609 3107 2666 pacem
3133 2594 3380 2650 invenire
3403 2611 3514 2651 non

1911 2701 2161 2763 possunt.
2177 2691 2419 2746 Plurima
2438 2691 2688 2760 exempla
2706 2698 2832 2744 sunt
2849 2687 3212 2760 quaerentium
3233 2701 3343 2742 non
3358 2697 3513 2743 recte

1911 2787 2104 2844 Deum.
2124 2788 2297 2845 Judaai
2322 2800 2485 2856 prave
2506 2785 2965 2856 qumruntDeum,
2990 2793 3278 2856 sperantes
3298 2798 3359 2838 se
3380 2799 3506 2839 eum

1909 2885 2154 2940 invenire
2172 2897 2331 2956 posse
2344 2882 2463 2937 sine
2476 2879 2717 2936 Christo.
2740 2877 3011 2946 llaeretici,
3025 2891 3170 2931 vano
3191 2890 3506 2932 sermonum

1907 2977 2136 3047 strepitu
2163 2983 2594 3044 concrepantes,
2640 2979 2892 3043 quaerunt
2920 2985 3081 3042 quem
3113 2969 3361 3072 invenire
3392 2981 3504 3072 non

1906 3077 2158 3142 possunt.
2184 3065 2509 3137 Philosophi
2538 3079 2752 3138 quoque
2782 3073 2840 3120 et
2865 3063 3080 3120 barbari
3109 3062 3178 3118 de
3206 3061 3319 3117 Deo
3351 3061 3507 3115 varia

1905 3167 2207 3222 sentientes
2229 3204 2245 3231 ,
2293 3160 2636 3233 quaesierunt
2673 3160 2867 3214 Deum.
2909 3157 3018 3215 Sed
3048 3157 3173 3228 quia
3203 3171 3315 3210 non
3348 3163 3505 3211 recte

191 3230 251 3278 et
273 3223 559 3294 vecordia,
590 3243 749 3299 quam
778 3241 1068 3305 postquam
1097 3238 1389 3309 respiravit
1409 3240 1548 3310 dies,
1575 3253 1630 3299 et
1659 3260 1798 3316 pra:-

1906 3223 2283 3334 quaesierunt,
2313 3223 2547 3310 fuerunt
2576 3268 2764 3309 eorum
2797 3250 2960 3305 fatuae
2990 3248 3326 3320 quaestiones
3351 3290 3364 3316 ,
3394 3264 3504 3319 pu-

193 3315 474 3372 terierunt
517 3318 742 3389 umbrae,
769 3323 974 3395 Legem
999 3325 1259 3385 abolitam
1302 3333 1443 3389 velle
1473 3315 1717 3406 servare,
1741 3347 1800 3395 et

190 3403 388 3463 dicere
421 3425 433 3462 :
469 3407 554 3464 Ne
590 3417 960 3483 attrectaveris,
988 3434 1052 3473 ne
1071 3423 1372 3494 contigeris,
1397 3441 1461 3480 ne
1484 3403 1792 3499 gustaveris,

191 3508 246 3554 et
279 3511 582 3573 apparente
616 3507 796 3563 solido
816 3509 940 3566 cibo
967 3521 1024 3567 et
1047 3513 1212 3582 virili,
1248 3515 1495 3574 infantia:
1522 3520 1662 3577 lacte
1690 3539 1790 3579 cu-

190 3606 328 3664 pere
349 3601 377 3632 ι
408 3597 620 3666 potari?
644 3599 967 3673 Diligentius
981 3607 1350 3678 attendamus,
1374 3619 1430 3666 et
1455 3614 1794 3674 inveniemus

189 3685 244 3742 in
293 3690 560 3758 praesenti
600 3693 841 3764 capitulo
883 3697 1387 3758 manifestissimam
1437 3705 1788 3767 Trinitatem.

189 3777 518 3854 Benignitas
547 3786 754 3860 quippe
783 3798 948 3862 atque
970 3793 1267 3852 clementia
1291 3797 1592 3857 Salvatoris
1618 3805 1791 3862 nostri

187 3871 314 3941 Dei,
348 3890 455 3932 non
510 3879 746 3937 alterius
785 3899 946 3956 quam
989 3886 1090 3946 Dei
1133 3889 1334 3959 Patris,
1378 3910 1474 3964 per
1513 3896 1788 3955 lavacrum

186 3973 668 4045 regenerationis,
723 3987 780 4033 et
828 3984 1243 4044 renovationem
1307 3987 1546 4060 Spiritus
1590 3995 1786 4064 sancti,

187 4075 354 4131 quem
383 4064 580 4122 effudit
607 4081 775 4140 super
807 4087 910 4128 nos
938 4075 1155 4135 abunde
1177 4095 1274 4151 per
1291 4081 1478 4140 Jesum
1507 4087 1786 4145 Christum

185 4151 533 4214 Salvatorem
594 4171 874 4234 nostrum,
916 4163 946 4206 δ
989 4168 1311 4239 justiticavit
1364 4192 1464 4233 nos
1518 4180 1570 4234 in
1620 4183 1785 4237 vitam

186 4255 474 4304 aeternam.
517 4250 676 4310 Salus
723 4259 1085 4330 credentium,
1119 4268 1442 4338 mysterium
1501 4271 1786 4329 Trinitatis

191 4347 300 4396 est.
336 4339 448 4397 Alii
471 4343 610 4402 hunc
631 4348 808 4406 locum
840 4353 918 4409 ita
939 4354 1272 4430 intelligunt,
1298 4371 1360 4418 ut
1386 4380 1494 4421 non
1523 4367 1590 4424 de
1614 4369 1786 4426 Paulo

187 4440 246 4488 et
276 4435 565 4504 apostolis,
597 4442 694 4497 sed
742 4445 844 4502 sub
874 4451 1253 4518 apostolorum
1284 4471 1540 4530 persona,
1566 4462 1633 4517 de
1661 4463 1784 4520 aliis

183 4523 392 4583 dictum
439 4540 682 4602 putent:
723 4546 784 4592 ut
821 4543 1098 4611 quomodo
1139 4548 1241 4602 sub
1284 4523 1539 4621 persona,
1575 4570 1694 4622 sua,
1727 4565 1782 4612 et

181 4617 405 4692 Apollo,
439 4633 496 4680 et
522 4623 723 4698 Cephm
745 4630 814 4687 de
839 4633 1185 4695 dissensione
1211 4649 1266 4696 et
1285 4617 1612 4714 schismate,
1637 4617 1781 4718 quod

180 4713 451 4785 arguebat
482 4719 536 4774 in
564 4719 872 4779 Corinthiis
894 4728 1056 4800 733
1088 4739 1174 4788 est
1212 4732 1428 4791 locutus
1458 4755 1471 4792 :
1500 4738 1574 4793 ita
1599 4713 1769 4798 etiam

177 4803 234 4859 in
284 4811 539 4877 praesenti
565 4811 710 4881 loco,
740 4832 803 4872 se
832 4827 889 4874 et
923 4823 1203 4890 apostolos
1243 4831 1557 4902 nominans,
1589 4847 1780 4894 omnes

179 4899 272 4970 qui
305 4900 360 4954 in
389 4898 614 4960 Christo
644 4909 1016 4982 crediderant,
1050 4919 1241 4987 quales
1284 4921 1490 4980 fuerint
1531 4898 1658 4984 ante
1690 4947 1779 4987 re-

176 4993 593 5061 generationem
623 4999 823 5059 lavacri
854 5007 1060 5076 vitalis,
1093 5015 1420 5073 ostenderit.
1447 5018 1621 5078 Simul
1677 5039 1777 5082 au-

179 5089 288 5138 tem
321 5093 379 5139 et
411 5083 692 5147 humilitas
717 5093 837 5164 ejus
861 5109 947 5155 est
971 5102 1317 5180 admiranda,
1344 5113 1488 5183 quod
1525 5119 1616 5188 qui
1657 5135 1778 5176 om-

176 5179 704 5288 nemohumilita‘tem
733 5189 842 5263 [ΑΙ.
868 5196 1189 5275 utilitatem]
1217 5179 1592 5282 iustitiamque
1611 5213 1772 5288 Legis

173 5272 326 5340 quasi
359 5273 684 5348 quisquilias
702 5293 758 5337 et
783 5272 1135 5358 purgamenta
1157 5272 1775 5371 co_ntempsit,.rectevse

174 5365 291 5422 sine
318 5366 550 5428 Christo
573 5375 720 5434 vitiis
745 5383 1000 5439 omnibus
1022 5389 1262 5446 servisse
1285 5399 1623 5456 memorarit.

245 5458 429 5562 [Veis
452 5463 534 5537 8.)
561 5463 774 5526 Fidelis
790 5489 983 5543 sermo,
1006 5487 1054 5532 et
1076 5480 1141 5536 de
1160 5482 1240 5538 his
1261 5487 1375 5540 volo
1397 5497 1446 5542 te
1468 5494 1776 5562 conﬁrmare

171 5549 284 5623 [ΑΙ.
306 5557 586 5634 αῄἱνιιιανε]
611 5605 626 5629 ,
660 5575 722 5621 ut
751 5584 932 5625 curam
957 5571 1182 5630 habeant
1209 5579 1352 5637 bonis
1377 5549 1617 5654 operibus
1640 5549 1775 5662 pres;

171 5659 284 5700 esse
312 5651 402 5720 qui
428 5654 650 5712 credunt
678 5660 733 5715 in
762 5660 1016 5722 Domino.
1041 5666 1173 5726 Haec
1202 5673 1338 5730 bona
1367 5651 1506 5747 sunt,
1542 5691 1589 5736 et
1615 5651 1765 5741 utilia

245 5831 265 5855 ⁸
304 5832 504 5897 Vitiose
534 5856 703 5912 penes
735 5844 1112 5905 Martianaeum
1143 5850 1439 5924 legebatur,
1472 5859 1689 5925 portari.
1781 5835 1786 5842 ’

1904 3354 2135 3409 tantium
2153 3349 2324 3406 Deum
2349 3347 2604 3402 humanis
2622 3343 2879 3402 sensibus
2902 3357 3064 3414 posse
3084 3338 3498 3410 comprehendi.

1899 3449 1984 3507 Ab
2013 3447 2100 3504 bis
2132 3447 2302 3518 igitur
2328 3442 2529 3498 Paulus
2555 3455 2654 3496 nos
2684 3446 2910 3494 revocat
2935 3434 3350 3506 qutestionibus.
3379 3431 3501 3539 Cae-

1899 3553 2076 3600 terum
2116 3541 2184 3598 ad
2226 3539 2542 3610 sapientes,
2583 3544 2640 3591 et
2663 3548 2784 3605 qua:
2806 3530 3210 3601 Scripturarnm
3252 3530 3501 3583 auctori-

1895 3643 2008 3692 tate
2035 3631 2202 3708 735.
2225 3640 2356 3688 sunt
2385 3628 2555 3692 fultae,
2590 3626 2762 3697 magis
2787 3621 3106 3725 cohortatur
3133 3628 3190 3674 et
3209 3626 3497 3725 provocat,

1896 3739 2295 3802 praeceptorum
2319 3739 2429 3780 non
2455 3719 2672 3778 nescius
2694 3714 3002 3818 Salvatoris
3022 3755 3038 3780 ,
3068 3713 3123 3769 in
3154 3713 3350 3818 quibus
3476 3728 3496 3766 :

1897 3824 2126 3894 Quaerite
2156 3830 2202 3877 et
2227 3819 2520 3884 invenietis,
2551 3814 2754 3888 pulsate
2782 3819 2829 3865 et
2855 3810 3124 3880 aperietur
3146 3806 3307 3872 vobis,
3340 3806 3496 3878 petite

1894 3929 1942 3975 et
1971 3917 2186 3972 dabitur
2213 3913 2381 3969 vobis.
2415 3909 2600 3966 Omnis
2630 3909 2763 3963 enim
2792 3905 2882 3979 qui
2911 3901 3091 3974 queerit
3121 3900 3315 3955 invenit
3359 3897 3491 3972 [AL

1889 4009 2160 4084 inveniet],
2180 4017 2227 4063 et
2255 4007 2344 4078 qui
2368 4007 2496 4080 petit
2511 4003 2702 4074 accipit
2722 3999 2834 4072 [AL
2848 3993 3114 4067 accipiet],
3136 4005 3184 4049 et
3205 3995 3294 4066 qui
3313 3992 3490 4063 pulsat

1890 4105 2149 4180 aperietur
2173 4103 2221 4158 ei
2249 4099 2424 4172 (Luc.
2463 4114 2545 4165 XI,
2573 4097 2635 4169 );
2679 4094 2843 4151 modo
2875 4107 2982 4146 non
3029 4090 3101 4145 sit
3136 4099 3339 4158 corpus
3385 4101 3491 4140 no-

1888 4209 2062 4255 strum
2098 4194 2374 4253 subditum
2415 4190 2660 4266 peccatis
2685 4232 2701 4257 ,
2737 4196 2796 4244 et
2820 4182 3161 4282 ingredietur
3269 4193 3370 4282 nos
3398 4194 3492 4282 sa-

1888 4289 2116 4361 pientia.
2169 4285 2502 4342 Exerceatur
2531 4294 2730 4339 sensus
2755 4319 2772 4344 ,
2818 4290 2974 4332 mens
3013 4271 3259 4345 qumidie
3301 4270 3493 4326 divina

1885 4384 2122 4441 lectione
2156 4389 2451 4452 pascatur:
2480 4386 2536 4433 et
2564 4374 3133 4470 quastiones-nostite
3161 4365 3345 4470 stulttze
3376 4377 3490 4470 non

1885 4485 2051 4533 erunt
2085 4474 2440 4547 quaestiones.
2470 4469 2626 4538 Quod
2657 4475 2839 4560 autem
2879 4463 2955 4518 ait
2993 4481 3006 4516 :
3051 4458 3405 4560 genealogias
3437 4465 3488 4512 et

1887 4567 2242 4624 contentiones
2271 4573 2319 4619 et
2345 4565 2493 4618 rixas
2515 4602 2531 4627 ,
2571 4575 2687 4632 quae
2723 4556 2934 4612 veniunt
2962 4570 3024 4609 ex
3049 4551 3186 4624 Lege
3209 4591 3225 4618 ,
3270 4551 3442 4604 devita
3465 4589 3485 4616 ,

1888 4662 2111 4736 praprie
2134 4659 2317 4732 pulsat
2340 4655 2583 4720 Judteos,
2613 4652 2704 4749 qui
2731 4652 2786 4706 in
2811 4663 2880 4749 eo
2899 4661 2961 4703 se
2979 4647 3280 4749 jactantet.
3292 4648 3488 4749 putant

1884 4755 2047 4827 Legis
2075 4753 2282 4809 habere
2310 4748 2560 4806 notitiam
2594 4786 2612 4814 ,
2652 4745 2699 4799 si
2730 4743 2952 4798 nomina
2983 4746 3208 4842 teneant
3237 4737 3485 4807 singulo-

1883 4865 2005 4907 rum
2036 4864 2050 4902 :
2078 4861 2201 4918 quae
2230 4843 2354 4914 quia
2386 4839 2621 4897 barbara
2648 4845 2796 4903 sunt,
2827 4843 2883 4890 el
2904 4830 3265 4903 etymologias
3285 4842 3482 4885 eorum

1884 4958 1990 5001 non
2013 4939 2297 5006 novimus,
2322 4935 2650 5006 plerumque
2671 4937 2934 4998 corrupte
2955 4922 3316 5026 proierunt‘ur
3334 4936 3365 4976 a
3389 4933 3490 4975 no-

1881 5037 1991 5094 bis.
2024 5033 2162 5090 Etsi
2194 5031 2333 5086 forte
2363 5024 2730 5086 erraverimus
2757 5020 2876 5095 [Αι.
2905 5016 3210 5118 erravimus
3225 5013 3260 5118 ].
3287 5013 3346 5118 in
3388 5027 3484 5118 ac-

1879 5138 2065 5192 centu,
2099 5126 2153 5183 in
2183 5123 2508 5182 extensione
2534 5129 2587 5176 et
2611 5117 2879 5172 brevitate
2899 5110 3146 5212 syllabze,
3173 5107 3261 5212 vel
3287 5107 3481 5212 brevia

1875 5220 2261 5295 producentes,
2279 5215 2371 5272 vel
2392 5212 2655 5286 producta
2676 5202 3226 5303 breviantes,usolent
3244 5197 3480 5303 irridere

1876 5290 1976 5370 nos
2001 5309 2312 5381 imperitiae,
2347 5307 2586 5362 maxime
2617 5303 2672 5357 in
2704 5295 3128 5370 aspirationibus
3157 5304 3213 5349 et
3245 5290 3472 5363 quibus-

1876 5408 2004 5464 dam
2023 5421 2149 5462 cum
2177 5418 2367 5459 rasura
2390 5400 2532 5472 gulae
2552 5396 2752 5453 litteris
2771 5387 3258 5466 proferendisJioc
3284 5393 3474 5442 autem

1878 5506 2061 5560 evenit
2086 5498 2229 5571 quod
2257 5493 2402 5553 LXX
2433 5496 2762 5564 interpretes
2783 5531 2801 5560 ,
2842 5502 2938 5560 per
2967 5499 3105 5558 quos
3121 5480 3469 5588 .inCrzecu—m

1875 5607 2182 5652 sermonem
2210 5590 2321 5646 Lex
2350 5586 2533 5644 divina
2560 5583 2824 5640 translata
2851 5587 2958 5648 est,
2987 5575 3299 5649 specialiter
3323 5584 3474 5628 us'rn

1874 5687 2113 5745 litteram
2143 5692 2199 5741 et
2227 5697 2339 5752 MN,
2371 5689 2432 5739 et
2456 5689 2686 5736 caeteras
2714 5670 3020 5732 istiusmodi
3051 5668 3203 5743 (quia
3225 5682 3351 5726 cum
3373 5664 3482 5721 du-

1946 5862 1974 5903 b
1999 5863 2161 5931 Olim,
2194 5863 2467 5934 viviﬁcavt't
2497 5879 2514 5918 :
2541 5860 3043 5924 contradicentibus
3071 5879 3152 5921 ms
3170 5879 3234 5922 s.,
3275 5907 3298 5916 ..
3402 5908 3404 5911 .
