4032 6318
547 285 655 347 593

1778 269 1835 329 8.
1877 266 2147 335 IUSEBII.
2184 261 2559 333 HIERONYMI

3739 246 3850 319 596

555 404 685 476 plicl
716 400 1051 476 aspiratione
1080 398 1136 452 in
1165 394 1409 451 Grecam
1435 389 1673 460 linguam
1703 384 2003 445 transferre
2032 398 2141 476 non
2169 384 2221 447 Α
2248 379 2600 476 pervertisset
2643 374 2802 450 quasi
2850 371 3141 476 exadytis
3186 378 3245 439 et
3291 368 3520 476 oraculo
3564 366 3856 436 deierabat

557 474 855 570 poterant)
899 494 1020 549 aliis
1063 487 1262 545 litteris
1298 484 1500 539 additis
1537 485 1950 551 expresserunt.
1982 474 2146 533 Verbi

555 565 742 658 causa,
767 565 1033 648 lllvﬂa’lel,
1064 578 1260 635 Rachel
1282 577 1534 643 dicerent
1556 591 1572 630 ι
1598 580 1656 628 et
1671 569 1877 637 Jeriho,
1899 565 2144 629 Jericlto:

556 691 613 739 et
652 680 866 737 Hebron
888 722 903 746 ,
937 675 1172 731 Chebron
1196 688 1216 729 :
1244 682 1296 728 et
1327 670 1458 727 Seor
1478 709 1493 733 ,
1536 667 1702 738 Segor
1730 684 1744 719 :
1776 664 1831 723 in
1861 663 1986 719 aliis
2015 676 2145 727 vero

553 789 651 830 eos
694 780 925 828 conatus
957 769 1062 825 iste
1094 764 1273 822 deﬁcit
1315 762 1443 835 [ΑΙ.
1478 754 1743 830 defecit].
1787 755 1921 813 Nam
1959 768 2060 811 nos
2093 761 2148 813 et

552 866 730 925 Grmci
762 879 924 919 unam
959 869 1169 916 tantum
1200 860 1437 914 litteram
1461 873 1486 911 s
1510 895 1528 921 ,
1558 854 1823 910 habemus
1846 893 1861 918 ,
1908 849 1986 905 illi
2017 862 2148 905 vero

553 971 690 1029 tres,
724 970 956 1025 saneea,
990 969 1145 1023 sane,
1176 962 1232 1009 et
1256 967 1338 1008 sm
1363 969 1379 1006 :
1408 964 1527 1020 quae
1552 947 1801 1003 diversos
1827 956 1994 1001 sonos
2025 956 2149 1011 pos-

553 1053 756 1109 sident.
792 1050 949 1104 Isaac
979 1057 1035 1105 et
1071 1047 1203 1102 Sion
1237 1061 1333 1116 per
1361 1057 1495 1098 sane
1526 1040 1822 1097 scribitur:
1851 1035 2022 1095 Israel
2050 1050 2148 1105 per

550 1162 665 1214 sm,
708 1152 764 1201 et
805 1154 987 1200 tamen
1027 1152 1134 1197 non
1173 1147 1333 1195 sonat
1365 1137 1468 1194 hoc
1503 1134 1649 1207 quod
1679 1132 1953 1189 scribitur.
1987 1130 2145 1196 8cm,

551 1255 652 1296 rex
682 1235 1152 1299 Amorrhaaorum,
1188 1246 1284 1301 per
1313 1242 1525 1287 succis
1555 1228 1799 1284 litteram
1822 1237 1876 1283 et
1906 1240 2147 1294 pronun-

556 1332 727 1387 tiatur
748 1340 802 1386 et
824 1326 1105 1385 scribitur.
1135 1325 1193 1381 8i
1223 1325 1388 1397 igitur
1412 1339 1441 1377 a
1470 1322 1628 1378 nobis
1654 1321 1774 1377 haec
1793 1320 2072 1379 nominum
2095 1325 2151 1373 et

553 1420 758 1490 linguae
782 1418 1061 1482 idiomata,
1091 1425 1148 1470 ut
1170 1414 1424 1469 videlicet
1447 1411 1697 1473 barbara,
1722 1423 1829 1467 non
1855 1409 1923 1465 ita
1948 1406 2152 1463 fuerint

555 1520 817 1576 expressa
840 1547 856 1575 ,
888 1513 948 1558 ut
977 1502 1392 1574 exprimuntur.
1423 1499 1493 1561 ab
1524 1496 1765 1561 Hebraeis
1786 1536 1801 1563 ,
1830 1496 2012 1553 solent
2053 1507 2149 1557 ca-

556 1600 817 1655 chinnum
846 1597 1119 1662 attollere,
1150 1606 1204 1652 et
1230 1597 1418 1665 jnrare
1443 1608 1503 1647 se
1527 1576 1743 1662 penitus
1772 1589 1982 1655 nescire
2003 1586 2148 1660 quod

554 1694 809 1749 dicimus.
834 1690 991 1747 Unde
1012 1699 1068 1745 et
1088 1689 1246 1745 nobis
1265 1703 1408 1745 cura:
1431 1684 1530 1745 fuit
1552 1698 1743 1745 omnes
1764 1681 1968 1749 veteris
1992 1680 2152 1753 Legis

2249 470 2543 545 quasdam,
2574 478 2635 527 ut
2661 469 2764 527 sibi
2793 466 3101 535 videbatur,
3139 462 3451 525 solutiones
3471 503 3490 541 ,
3520 475 3650 519 cum
3682 460 3855 539 magis

2250 561 2508 619 debuerit
2529 560 2803 632 justitiam
2836 569 2893 619 et
2923 556 3383 623 misericordiam,
3412 563 3468 621 et
3495 552 3855 617 dilectionem

2252 654 2350 723 Dei
2377 669 2657 726 quaerere,
2691 661 2748 713 et
2774 660 2901 727 post
2936 651 3067 717 illa,
3115 648 3166 707 si
3196 648 3339 705 forte
3368 647 3705 709 occurrisset
3728 686 3745 714 ,
3783 642 3860 711 de

2249 749 2568 815 nominibus
2607 757 2664 804 et
2692 746 2937 813 numeris
2982 742 3294 817 disputare.
3344 738 3492 807 Satis
3530 736 3759 803 forsitan
3786 735 3861 807 de

2250 841 2607 905 Hebraeorum
2654 836 2956 912 supercilio
2996 845 3056 899 et
3099 834 3385 909 plusquam
3430 844 3663 891 necesse
3695 827 3862 896 fuerit

2251 934 2560 995 dixerimus
2588 950 2604 987 :
2637 932 2732 990 sed
2762 929 2980 989 occasio
3006 926 3164 989 nobis
3190 925 3316 989 data
3349 932 3459 993 est,
3492 923 3560 981 de
3587 920 3859 1003 genealo-

2252 1026 2358 1101 giis
2386 1035 2442 1085 et
2471 1024 2824 1085 contentione
2855 1030 2914 1081 et
2940 1020 3075 1088 rixis
3103 1060 3118 1083 .
3161 1031 3286 1090 quae
3318 1032 3383 1081 ex
3415 1014 3563 1085 Lege
3585 1010 3859 1083 veniunt,

2252 1117 2579 1181 disserendi.
2612 1114 2931 1182 Dialectici,
2976 1126 3208 1193 quorum
3234 1108 3563 1173 AristOteles
3589 1107 3855 1187 princeps

2253 1221 2368 1281 est,
2426 1211 2605 1268 solent
2635 1207 3167 1287 argumentationum
3199 1203 3338 1259 retia
3377 1201 3634 1265 tendere,
3664 1207 3722 1263 et
3749 1212 3852 1263 va-

2252 1318 2373 1383 gam
2417 1302 2707 1358 rhetorica:
2744 1300 3051 1361 libertatem
3101 1295 3267 1381 736
3316 1296 3370 1361 in
3403 1291 3859 1367 syllogismorum

2252 1396 2464 1473 Spineta
2504 1393 2856 1457 concludere.
2896 1391 2958 1451 lli
2987 1404 3117 1465 ergo
3143 1390 3235 1460 qui
3266 1386 3322 1451 in
3356 1401 3423 1443 eo
3462 1392 3603 1441 totos
3633 1385 3755 1440 dies
3800 1392 3866 1441 et

2254 1496 2443 1547 noctes
2475 1496 2681 1555 terunt,
2712 1494 2770 1543 ut
2798 1483 2883 1541 vel
2912 1482 3295 1555 interrogent,
3329 1476 3414 1534 vel
3441 1474 3816 1555 respondeant
3849 1516 3866 1544 ,

2253 1581 2340 1645 vel
2366 1580 2495 1638 dent
2541 1575 2978 1653 propositionem
3006 1618 3022 1645 ,
3063 1573 3151 1629 vel
3183 1572 3497 1642 accipiant,
3527 1575 3819 1629 assumant
3852 1608 3869 1635 ,

2256 1672 2606 1739 conﬁrment,
2634 1681 2799 1743 atque
2821 1665 3173 1734 concludant,
3198 1663 3464 1736 quosdam
3486 1657 3871 1715 contentiosos

555 1783 761 1848 libros,
794 1796 931 1851 quos
955 1780 1038 1837 vir
1066 1778 1261 1835 doctus
1289 1773 1647 1840 Adamantius
1689 1773 1742 1841 in
1788 1770 2027 1841 Hexapln
2067 1749 2153 1833 ὁὶ·
2186 1776 2235 1847 β
2265 1775 2486 1831 vocant,
2517 1766 2611 1841 qui
2640 1774 2700 1823 ut
2724 1763 2882 1827 libet,
2915 1775 3022 1815 non
3046 1758 3284 1831 ratione,
3312 1754 3414 1813 sed
3444 1751 3731 1810 stomacho
3751 1749 3871 1807 dis-

556 1880 838 1944 gesscrat,
872 1869 939 1925 de
961 1866 1287 1923 Caesariensi
1321 1864 1656 1923 bibliotheca
1699 1862 2006 1934 descriptos
2031 1900 2048 1930 ,
2093 1875 2159 1921 ex

556 1965 692 2034 ipsis
718 1960 1050 2023 autlienticis
1072 1958 1384 2026 emendare,
1415 1958 1472 2013 in
1494 1956 1689 2027 quibus
1709 1966 1767 2012 et
1794 1954 1907 2033 ipsa
1930 1953 2158 2019 Hebraea

556 2054 802 2125 propriis
823 2059 954 2107 sunt
972 2049 1379 2115 characteribus
1391 2047 1557 2103 verba
1570 2045 1845 2117 descripta
1861 2061 1875 2110 ;
1890 2054 1943 2099 et
1956 2043 2160 2109 Griecis

556 2143 759 2201 litteris
781 2140 996 2199 tramite
1017 2152 1274 2210 expressa
1294 2136 1499 2193 vicino.
1526 2134 1721 2202 Aquila
1743 2133 1907 2191 etiam
1934 2143 1985 2187 et
2001 2132 2160 2203 Sym-

555 2233 807 2299 machus,
839 2228 1190 2301 Septuaginta
1219 2241 1435 2299 quoque
1458 2234 1514 2280 et
1542 2224 1847 2278 Theodotio
1878 2238 2036 2277 suum
2071 2238 2161 2278 or-

558 2320 745 2377 dinem
775 2326 984 2373 tenent.
1017 2312 1273 2371 Nonnulli
1303 2308 1466 2385 735
1497 2326 1628 2366 vero
1659 2310 1782 2365 libri
1825 2319 1880 2365 et
1921 2309 2159 2365 maxime

558 2412 619 2470 hi
648 2412 740 2483 qui
774 2407 1186 2481 apudllebraeos
1214 2420 1373 2460 versu
1390 2402 1676 2477 compositi
1701 2412 1855 2471 sunt,
1885 2412 2003 2459 tres
2026 2404 2160 2459 alias

557 2502 831 2558 editiones
853 2497 1064 2555 additas
1086 2495 1325 2551 habent:
1350 2510 1508 2566 quam
1536 2494 1780 2573 quintam
1798 2534 1813 2559 ,
1844 2500 1899 2547 et
1918 2503 2155 2562 sextam,

559 2602 613 2650 et
636 2592 923 2663 septimam
957 2587 1365 2647 translationem
1385 2596 1582 2645 vocant
1605 2604 1616 2639 :
1637 2585 2017 2641 auctoritatem
2042 2585 2160 2640 sine

560 2681 882 2741 nominibus
906 2681 1265 2750 interpretum
1287 2690 1631 2732 consecutas.
1651 2675 1778 2732 Hzec
1800 2685 1824 2713 α
1849 2674 2160 2732 immortale

554 2779 699 2839 illud
728 2778 1005 2851 ingenium
1029 2791 1129 2831 suo
1155 2774 1315 2831 nobis
1340 2773 1529 2831 labore
1550 2771 1794 2842 donavit,
1826 2782 1885 2828 ut
1911 2787 2017 2829 non
2046 2787 2160 2829 ma-

559 2887 807 2947 gnopere
835 2873 1286 2944 pertimescamus
1313 2867 1659 2941 supercilium
1689 2867 2002 2925 Judaeorum
2024 2912 2040 2939 ,
2071 2886 2161 2926 so-

559 2966 690 3022 lutis
719 2964 900 3033 labiis,
933 2970 987 3017 et
1012 2962 1227 3017 obtorta
1256 2960 1461 3032 lingua,
1492 2968 1548 3015 et
1572 2958 1842 3015 stridente
1871 2960 2072 3027 saliva,
2103 2971 2160 3017 et

558 3073 688 3116 rasa
721 3058 877 3121 fauce
902 3053 1277 3131 gaudentium.
1314 3053 1418 3109 Est
1445 3060 1500 3108 et
1528 3053 1635 3113 illis
1674 3052 1782 3108 alia
1823 3051 2039 3110 occasio
2069 3070 2159 3109 su-

2266 1866 2458 1931 pntent
2488 1854 2837 1928 litigantium.
2865 1852 2922 1908 Si
2949 1852 3115 1923 igitur
3143 1847 3221 1904 illi
3245 1847 3350 1903 hoc
3373 1844 3608 1919 faciunt,
3630 1855 3867 1917 quorum

2265 1953 2486 2024 proprie
2514 1967 2604 2009 ars
2631 1947 2909 2005 contentio
2950 1956 3034 1999 est
3064 1984 3081 2011 ,
3128 1941 3261 2016 quid
3300 1939 3464 2005 debet
3493 1940 3676 1993 facere
3701 1934 3871 2001 Chri-

2262 2047 2477 2103 stianus
2499 2042 2604 2099 nisi
2626 2040 2851 2097 omnino
2876 2036 3067 2117 fugere
3085 2031 3531 2095 cententionem?
3556 2028 3711 2095 Rixte
3734 2042 3870 2099 quo-

2263 2154 2371 2210 que
2398 2138 2601 2211 legales
2634 2135 2849 2208 penitus
2882 2128 3212 2204 respuendae
3240 2138 3410 2197 sunt,
3453 2134 3510 2181 et
3537 2122 3861 2183 Iudaeorum

2265 2230 2517 2287 stultitia:
2545 2225 2950 2298 relinquendae.
2982 2222 3123 2283 Sunt
3151 2220 3294 2297 enim
3334 2218 3557 2285 inutiles
3585 2228 3641 2272 et
3670 2230 3828 2281 vanae
3848 2259 3864 2285 ,

2264 2340 2390 2397 qua:
2413 2332 2620 2378 tantum
2649 2320 2891 2393 speciem
2918 2317 3165 2381 scientia:
3197 2314 3403 2370 habent
3429 2330 3445 2367 :
3470 2318 3737 2371 cartorum
3768 2323 3872 2365 nec

2264 2418 2596 2482 dicentibus,
2621 2431 2724 2472 nec
2746 2412 3093 2477 audientibus
3117 2417 3365 2481 prosunt.
3389 2403 3530 2474 Quid
3553 2404 3705 2460 enim
3729 2401 3867 2463 mihi

2262 2512 2488 2583 prodest
2514 2511 2660 2568 scire
2689 2518 2820 2580 quot
2848 2521 3025 2565 annos
3059 2503 3260 2560 vixerit
3285 2500 3671 2568 Matliusalem,
3700 2506 3872 2571 quoto

2263 2605 2441 2665 artatis
2470 2618 2582 2658 suae
2611 2616 2756 2657 anno
2783 2600 3043 2657 Salomon
3075 2595 3304 2655 sortitus
3332 2594 3403 2650 sit
3430 2591 3726 2669 conjugem
3745 2632 3762 2658 ,
3798 2606 3867 2655 ne

2263 2695 2494 2755 forsitan
2528 2694 2777 2751 Roboam
2812 2691 3109 2747 undecimo
3151 2686 3330 2753 aetatis
3359 2684 3507 2741 illius
3538 2697 3685 2759 anno
3709 2692 3872 2740 natus

2262 2805 2388 2848 esse
2416 2788 2722 2846 credatur?
2756 2798 2813 2843 et
2839 2786 3011 2845 multa
3044 2781 3396 2848 istiusmodi,
3436 2795 3562 2864 qttae
3591 2788 3686 2849 aut
3722 2777 3874 2839 diffi-

2262 2882 2370 2939 cile
2408 2891 2496 2937 est
2536 2880 2782 2936 invenire
2814 2885 3041 2950 propter
3085 2876 3349 2933 librorum
3395 2874 3726 2928 varietatem
3753 2911 3771 2937 ,
3821 2878 3876 2927 et

2261 2974 2429 3048 (dum
2462 2973 2724 3045 paulatim
2756 2970 2825 3027 de
2851 2967 3213 3027 inemendatis
3245 2962 3590 3023 inemendata
3617 2963 3875 3020 scribun-

2263 3067 2377 3139 tur)
2405 3080 2623 3123 errores
2651 3064 2879 3119 inolitos
2906 3079 2921 3117 :
2946 3069 3041 3117 aut
3069 3062 3235 3117 etiam
3272 3058 3321 3114 si
3352 3057 3726 3125 inveniremus
3754 3070 3873 3111 ma-

557 3151 786 3225 perbiae,
815 3150 1072 3224 quoniam
1104 3148 1247 3207 sicut
1277 3160 1376 3202 nos
1403 3146 1495 3216 qui
1516 3143 1697 3201 Latini
1724 3158 1935 3212 sumus,
1967 3142 2154 3200 Latina

2266 3175 2374 3232 gno
2409 3158 2591 3214 studio
2618 3165 2673 3214 et
2697 3156 2890 3213 labore
2917 3195 2935 3231 ,
2986 3153 3124 3229 nihil
3164 3150 3448 3225 profutura
3488 3147 3869 3222 cognovimus.

557 3243 778 3303 nomina
811 3250 868 3303 et
892 3241 1134 3314 origines
1178 3240 1249 3296 de
1291 3239 1476 3310 lingua
1519 3249 1705 3294 nostra
1746 3239 1999 3295 habentia
2032 3236 2154 3312 [ΑΙ.

557 3340 923 3416 trahentia],
968 3341 1180 3397 facilius
1215 3340 1498 3395 memoria:
1538 3337 1804 3394 tradimus
1848 3356 1864 3394 :
1909 3339 1981 3393 ita
2016 3337 2095 3393 illi
2127 3353 2159 3393 a

555 3449 727 3508 parva
756 3442 939 3502 aetate,
970 3432 1266 3491 vernacula
1298 3433 1381 3486 sui
1411 3431 1681 3485 sermonis
1708 3430 1967 3485 vocabula
1999 3431 2155 3500 peni-

557 3528 794 3587 tissimis
817 3527 929 3599 [AL
953 3523 1338 3605 peritissimis]
1368 3522 1622 3578 sensibus
1643 3522 1976 3578 imbibernnt
2006 3539 2019 3577 :
2045 3520 2155 3595 [ΑΙ.

559 3618 981 3691 imbuernnt[et
1010 3618 1081 3673 ab
1111 3615 1344 3672 exordio
1374 3614 1546 3670 Adam
1572 3628 1743 3685 usque
1773 3614 1840 3668 ad
1854 3625 2157 3670 extremum

556 3711 888 3782 Zorobabel,
920 3709 1171 3769 omnium
1201 3705 1585 3781 generationes
1613 3706 1687 3760 ita
1718 3707 2034 3763 memoriter
2062 3722 2158 3764 ve-

557 3806 866 3879 lociterque
893 3810 1252 3877 percurrunt,
1294 3807 1354 3855 ut
1393 3812 1488 3855 eos
1519 3812 1679 3854 suum
1705 3840 1718 3864 ,
1764 3808 1921 3869 putes
1949 3797 2157 3855 referre

558 3913 785 3956 nomen.
813 3896 927 3952 Hoc
953 3909 1053 3949 nos
1077 3895 1166 3967 qui
1193 3903 1287 3948 aut
1316 3892 1451 3949 alias
1482 3891 1695 3947 litteras
1723 3890 2034 3959 didicimus,
2062 3902 2157 3948 aut

559 3998 713 4049 certe
743 4004 869 4046 sero
897 3986 1232 4043 credidimus
1267 3986 1318 4040 in
1341 3984 1646 4052 Christum,
1677 3994 1774 4041 aut
1802 3987 1968 4041 etiam
1998 3986 2041 4041 si
2074 3988 2158 4042 in-

553 4082 737 4139 fantes
751 4093 939 4136 sumus
954 4078 1217 4134 Ecclesiae
1234 4078 1547 4146 mancipati,
1562 4079 1735 4147 magis
1749 4076 2153 4146 Scripturarum

555 4188 778 4234 sensum
804 4187 964 4245 quam
998 4169 1165 4225 verba
1202 4178 1475 4225 sectamur
1518 4189 1531 4224 :
1576 4172 1619 4223 si
1646 4169 1786 4225 forte
1810 4185 1915 4225 non
1941 4172 2009 4225 ita
2043 4169 2152 4244 [AL

559 4276 692 4327 tacet
709 4263 807 4341 ita]
825 4265 1097 4328 novimus,
1119 4270 1309 4333 putant
1335 4276 1395 4317 se
1424 4262 1479 4316 in
1504 4260 1813 4317 nominibus
1830 4261 2151 4335 referendis,

2263 3250 2608 3324 Frequenter
2634 3247 2836 3308 accidit
2872 3254 2939 3304 ut
2980 3244 3276 3311 habeamus
3302 3256 3509 3322 pugnas
3541 3238 3724 3312 Legis,
3757 3254 3870 3297 non

2262 3346 2333 3402 ob
2362 3343 2699 3401 desiderium
2732 3341 3020 3408 veritatis;
3067 3337 3164 3395 sed
3195 3337 3265 3393 ob
3286 3334 3610 3408 iactantiam
3640 3331 3866 3404 glorias,

2261 3440 2392 3497 dum
2415 3439 2559 3511 apud
2585 3451 2680 3495 eos
2704 3436 2794 3509 qui
2821 3432 3076 3503 audiunt,
3108 3431 3258 3493 docui
3285 3431 3537 3487 volumus
3565 3427 3867 3484 aestimari:

2260 3543 2356 3588 aut
2384 3542 2534 3588 certe
2567 3547 2634 3595 ex
2664 3530 2768 3585 hoc
2794 3526 3112 3587 rumuscqu
3144 3527 3325 3598 turpia
3352 3531 3629 3579 sectamur
3660 3520 3821 3591 lucra
3851 3537 3866 3577 :

2260 3626 2400 3695 Quid
2447 3624 2592 3682 enim
2642 3622 2866 3697 prodest
2896 3618 3283 3703 spumantibus
3312 3616 3473 3675 labiis
3500 3656 3517 3685 ,
3568 3623 3627 3671 et
3663 3614 3867 3672 latratu

2258 3719 2470 3789 garrire
2501 3732 2698 3773 canum
2730 3733 2745 3771 :
2774 3730 2896 3779 cum
2929 3712 3161 3793 simplex
3186 3707 3245 3767 ei
3266 3709 3545 3767 moderata
3573 3709 3867 3791 responsio

2259 3820 2354 3865 aut
2381 3810 2556 3880 possit
2582 3818 2632 3864 te
2660 3808 2884 3878 placare
2914 3807 2960 3864 si
2992 3821 3123 3865 vera
3149 3813 3254 3873 est,
3283 3810 3381 3858 aut
3402 3802 3450 3857 si
3476 3800 3639 3881 falsa,
3664 3797 3694 3840 ι
3725 3799 3867 3869 leni-

2258 3911 2345 3960 ter
2374 3914 2428 3957 et
2464 3901 2806 3972 placabiliter
2834 3897 3151 3960 emendari?

2331 3995 2520 4070 (Vers.
2551 3995 2649 4063 10,
2683 3994 2802 4065 11.)
2836 3992 3158 4051 "(creticum
3186 3989 3447 4045 hominem
3474 3995 3592 4066 post
3621 4002 3779 4043 unam
3814 3996 3860 4043 et

2257 4089 2475 4144 alterum
2521 4087 2905 4157 correptionem
2943 4083 3113 4147 devita
3144 4098 3162 4135 :
3194 4083 3360 4137 sciens
3403 4081 3541 4153 quod
3580 4078 3859 4140 subversas

2257 4191 2333 4238 est
2360 4182 2651 4257 ejusmodi,
2684 4188 2733 4237 et
2764 4180 3026 4252 delinquit
3048 4178 3143 4261 qui
3169 4185 3249 4241 est
3274 4195 3307 4232 a
3332 4176 3606 4246 semetipso
3632 4174 3856 4247 damnu-

2257 4285 2357 4331 tua.
2388 4275 2595 4331 Nomen
2629 4273 2949 4349 haereseos,
2992 4279 3050 4327 et
3076 4271 3129 4327 iu
3174 4268 3417 4341 Epistola
3446 4266 3512 4322 ad
3539 4265 3854 4335 Corinthios

556 4370 614 4416 et
633 4360 685 4414 in
716 4358 1106 4428 supputatione
1123 4369 1413 4425 annorum,
1433 4362 1489 4411 et
1513 4355 1565 4410 in
1588 4353 1881 4425 nepetibus
1906 4365 1959 4411 et
1985 4356 2154 4412 alme-

2259 4369 2478 4440 ponitur
2507 4385 2522 4422 :
2556 4365 2775 4440 Oportet
2802 4367 2937 4421 enim
2975 4374 3026 4421 et
3063 4366 3282 4421 hereses
3325 4364 3381 4419 in
3419 4362 3571 4418 nobis
3599 4378 3711 4418 esse
3735 4403 3754 4435 ,
3802 4369 3852 4427 ut

558 4451 814 4524 potibus,
850 4450 998 4516 avis,
1031 4448 1272 4520 proavis,
1307 4455 1362 4502 et
1393 4449 1596 4514 atavis,
1629 4448 1925 4504 doctiores.
1954 4449 2149 4505 Audivi

2259 4462 2460 4536 probati
2504 4463 2694 4535 quique
2747 4461 3011 4533 manifesti
3061 4461 3192 4529 ﬁant
3239 4458 3299 4533 (l
3328 4454 3451 4514 Cor.
3483 4472 3572 4526 ιι,
3606 4454 3745 4526 19).
3791 4454 3854 4514 Et

556 4560 662 4618 θςο
681 4543 969 4616 quemdam
1001 4542 1070 4598 de
1091 4540 1361 4608 Hebraeis,
1386 4540 1477 4619 (Ιυὶ
1504 4539 1765 4611 εθΒοητω
1791 4541 1845 4595 in
1868 4539 2145 4598 Ch'iSlum
2174 4556 2229 4627 Ι)
2254 4524 2320 4613 ad
2378 4524 2619 4614 Galaias'
2645 4555 2791 4612 inter
2838 4524 3020 4610 carnis
3061 4524 3226 4624 opera
3246 4524 3251 4527 ⁷
3272 4524 3593 4617 numeratur
3623 4568 3639 4605 :
3674 4524 3851 4613 Alani-

558 4640 866 4699 credidisse
894 4637 1224 4703 simulabat,
1276 4635 1346 4693 de
1372 4635 1704 4707 genealogiis
1732 4635 1947 4692 Domini
1979 4638 2152 4693 nostri
2251 4649 2384 4720 [θεία
2412 4658 2588 4705 autem
2624 4655 2745 4703 sum
2782 4663 2941 4718 ορενα
2983 4646 3155 4709 carni,
3184 4662 3203 4701 ε
3237 4660 3352 4715 qua,
3387 4650 3512 4701 sum
3547 4641 3848 4713 “micam,

555 4735 693 4797 Jesu
720 4732 948 4802 Christi,
980 4746 1102 4807 quae
1131 4730 1335 4801 scripta
1372 4740 1499 4786 sunt
1530 4729 1582 4785 in
1615 4730 1889 4799 Mattharo,
1918 4740 1974 4787 et
2003 4731 2148 4788 Luca
2249 4723 2579 4797 ίηηηηηάειεα
2620 4782 2636 4807 ,
2706 4739 2919 4795 luxuria
2945 4780 2960 4807 ,
3023 4737 3329 4793 maintain};
3354 4780 3369 4803 ,
3416 4735 3663 4811 υεηεβεία
3689 4775 3706 4801 ,
3752 4731 3850 4789 δηί.

551 4828 738 4889 facere
756 4824 1113 4896 quaestionem
1130 4840 1145 4889 ;
1173 4822 1315 4895 quod
1339 4821 1595 4878 videlicet
1615 4838 1643 4876 a
1662 4823 1957 4879 Salomone
1979 4840 2147 4896 usque
2247 4833 2456 4888 micitiw
2479 4874 2495 4900 ,
2543 4833 2894 4888 contentiones
2916 4876 2931 4905 ,
2987 4830 3343 4891 aemulationes
3366 4873 3383 4900 ,
3451 4828 3546 4885 ira:
3579 4869 3597 4895 ,
3663 4827 3795 4882 riam
3829 4864 3845 4894 ,

549 4923 621 4981 ad
648 4920 856 4993 Ioseph
882 4961 898 4989 ,
932 4933 1036 4977 nec
1064 4931 1298 4977 numero
1327 4915 1431 4972 sibi
1457 4959 1471 4984 ,
1520 4932 1625 4972 nec
1652 4917 2043 4974 vocabulorum
2075 4934 2149 4974 ae-
2250 4924 2612 4993 dissentiones,
2652 4924 2895 4993 laterem,
2927 4923 3159 4993 invidiae,
3187 4922 3475 4988 ebrietates,
3516 4919 3845 4977 comessatio-

551 5017 814 5089 qualitate
858 5011 1207 5071 consentiant
1250 5028 1264 5066 :
1308 5010 1401 5089 qui
1439 5024 1562 5066 cum
1604 5010 1770 5067 corda
1812 5012 2141 5083 simplicium
2244 5033 2374 5086 nes,
2422 5026 2473 5074 et
2509 5024 2697 5074 caetera
2731 5017 2814 5073 his
2851 5018 3049 5074 similia
3073 5056 3089 5089 ,
3134 5032 3250 5088 qua:
3289 5013 3518 5083 medico
3548 5012 3689 5077 uobis
3716 5012 3845 5067 sicut

567 5227 581 5242 ι
628 5164 655 5195 ι
695 5154 931 5239 Praestat
958 5155 1133 5224 ipsum
1164 5152 1532 5224 ﬂexaplorum
1557 5153 1855 5225 specimen,
1886 5170 1955 5212 ex
1982 5156 2154 5231 mergi

538 5238 676 5284 tiam
704 5228 1000 5285 ascribere.
1807 5260 1813 5277 ι

2259 5157 2459 5219 codicis
2488 5157 2792 5217 Barberinii
2821 5157 2889 5216 ad
2914 5157 3055 5217 Osce
3076 5154 3164 5225 xt',
3194 5156 3249 5222 1,
3279 5154 3371 5212 hie
3398 5154 3453 5212 in
3480 5151 3702 5211 lectorls
3727 5165 3844 5224 gra-

730 5322 893 5375 Hebr.
1049 5318 1058 5375 l
1099 5320 1235 5375 Idem
1271 5321 1430 5375 Gram.
1466 5321 1560 5375 litt.
1600 5322 1611 5375 l
1821 5324 1950 5375 Aau.
2167 5324 2179 5375 Ι
2386 5327 2520 5375 Svm.
2721 5324 2739 5375 l
2942 5320 3087 5374 LXX.
3285 5328 3298 5375 t
3451 5317 3699 5373 Theodot.

3306 5381 3617 5472 Ὀτξνήπιος
3638 5379 3836 5472 Ἰσρςήλ

3309 5459 3656 5530 adﬂante};
3667 5452 3833 5516 αὐτὸν,

3310 5524 3523 5585 ἄνθ-ἀλέσαι
3571 5524 3678 5588 uidit
3732 5541 3832 5597 μον

3314 5600 3364 5664 ἐξ
3410 5599 3695 5672 Αἰγύπτου.

2942 5320 3087 5374 LXX.

2743 5383 2860 5444 Ὀτι
2882 5392 3059 5461 νήπιος
3075 5384 3279 5461 Ἰσραήλ

2746 5463 2833 5515 καὶ
2878 5458 2977 5531 ἐγώ
3028 5458 3279 5531 ἠγάτὲησῂα

2745 5529 2921 5597 «erat;
2945 5533 3030 5587 καὶ
3052 5529 3102 5595 εξ
3120 5529 3279 5600 Λιγύ-

2743 5623 2877 5659 ara-ou
2910 5602 3144 5665 κέκληται
3171 5599 3281 5663 916.-

815 5740 873 5753 ..
977 5739 1009 5753 ..
1054 5692 1061 5737 '
1282 5741 1294 5751 .
1458 5742 1468 5752 .
1520 5750 1527 5753 _
1608 5692 1748 5748 Ιμ⁰ν“
1939 5752 1945 5753 ,
2172 5692 2181 5723 '
2369 5744 2383 5753 .
2715 5692 2864 5753 .¹μ⁰υ’

543 5737 713 5821 Porro
740 5738 827 5821 uniti
860 5696 1146 5821 in_aliqir0t
1173 5740 1347 5802 libris,
1381 5696 1872 5821 qttintanliytiiioque
1899 5752 1956 5799 et
1990 5696 2194 5800 sextam
2210 5786 2228 5814 ,
2259 5744 2567 5821 aedemum
2594 5696 2873 5821 εει)ιὲὥέϊῆ
2902 5742 3168 5799 εάἱιίοηθε
3188 5696 3459 5821 βάἱέξὶιὲίίτ
3492 5753 3592 5796 δυο
3614 5747 3829 5811 (ιυυεειυθ

536 5806 731 5862 ordine
751 5806 1176 5863 Tlieodotionem
1207 5806 1698 5880 consequebantur.
1746 5878 1753 5885 ν
1781 5806 1800 5812 ’
2210 5806 2224 5814 ’
2325 5814 2355 5855 δ
2394 5815 2511 5872 Duo
2538 5806 2671 5871 mss;
2704 5813 2887 5871 leniter
2913 5831 2947 5870 α
2970 5822 3041 5883 te,
3071 5822 3118 5870 et
3145 5806 3482 5884 placabiliter.

1821 5324 1950 5376 Aau.

1902 5338 1950 5375 u.

1622 5383 1757 5478 Ὀιιςι⁸
1785 5338 1910 5477 152?;
1951 5387 2154 5478 Ἰσραήλ

1626 5462 1712 5511 καὶ
1729 5460 1977 5528 ἠγάπησα
1999 5460 2154 5515 ἀύτὸν

1626 5531 1724 5603 ξιοιᾷΔ
1757 5531 1857 5589 ἀπὸ
1894 5532 2153 5603 Αἰγύπτου

1629 5600 1842 5657 ἐκάλεσα
1895 5600 1981 5657 ’τὸῦ
2046 5603 2155 5657 υἱόν

1099 5320 1235 5377 Idem
1271 5321 1430 5385 Grato.
1466 5321 1560 5381 litt.

591 5369 923 5453 Sit-.2571}:
962 5393 1017 5440 ν)
1050 5369 1057 5463 1
1087 5369 1587 5463 ιξῗῖνεᾏἾσρἆῆλ

544 5464 797 5519 ὩἽἽΪὩὩ
841 5457 1324 5535 ῚΠΞΠΝἺξουεαϐηοῖδ
1394 5457 1599 5535 Δμι.ιε’ρ.μιοι’-

694 5537 707 5582 !
741 5539 830 5589 ἐξ,
857 5530 1237 5616 ΤΝᾫᾸσ-ραιμ
1252 5530 1438 5603 καραθι
1459 5530 1594 5601 ﬁant.

2386 5327 2520 5390 Sym.

2180 5385 2299 5467 Ὀτι
2346 5385 2468 5452 παῖς
2511 5388 2716 5467 Ἰσραήλ

2186 5463 2271 5535 καί
2290 5462 2639 5535 ἠγαπημένςίςο
2664 5462 2715 5526 ἕξ

2186 5533 2442 5619 Αξγύτὲτου
2468 5533 2715 5592 uiximus

2185 5624 2295 5669 νιος
2319 5625 2441 5677 μου.

2167 5324 2181 5723 ὶ

2721 5324 2739 5726 Ι

3285 5328 3304 5726 i

1600 5322 1615 5748 ἴ
