  <div class='ocr_page' id='page_1' title='image "/cluster/home/n/w/nwhite01/storage/ocr_20150623/26/uva.x000826568/306.png"; bbox 0 0 4034 6370; ppageno 0'>
   <div class='ocr_carea' id='block_1_1' title="bbox 218 327 327 395">
    <p class='ocr_par' dir='ltr' id='par_1_1' title="bbox 218 327 327 395">
     <span class='ocr_line' id='line_1_1' title="bbox 218 327 327 395; baseline -0.101 0"><span class='ocrx_word' id='word_1_1' title='bbox 218 327 327 395; x_wconf 68' lang='grc'><strong>397</strong></span> 
     </span>
    </p>
   </div>
   <div class='ocr_carea' id='block_1_2' title="bbox 777 325 2973 403">
    <p class='ocr_par' dir='ltr' id='par_1_2' title="bbox 777 325 2973 403">
     <span class='ocr_line' id='line_1_2' title="bbox 777 325 2973 403; baseline 0.003 -19"><span class='ocrx_word' id='word_1_2' title='bbox 777 325 1435 388; x_wconf 70' lang='lat' dir='ltr'><strong>COMMENTARIOBUM</strong></span> <span class='ocrx_word' id='word_1_3' title='bbox 1474 328 1542 391; x_wconf 73' lang='lat' dir='ltr'><strong>lN</strong></span> <span class='ocrx_word' id='word_1_4' title='bbox 1581 327 1983 398; x_wconf 57' lang='lat' dir='ltr'><strong>EPISTOLAK</strong></span> <span class='ocrx_word' id='word_1_5' title='bbox 2025 329 2123 403; x_wconf 71' lang='lat' dir='ltr'><strong>AD</strong></span> <span class='ocrx_word' id='word_1_6' title='bbox 2157 328 2374 399; x_wconf 72' lang='lat' dir='ltr'><strong>TITUM</strong></span> <span class='ocrx_word' id='word_1_7' title='bbox 2412 331 2646 391; x_wconf 82' lang='lat' dir='ltr'><strong>LIBER.</strong></span> <span class='ocrx_word' id='word_1_8' title='bbox 2684 332 2842 391; x_wconf 81' lang='lat' dir='ltr'><strong>CAP.</strong></span> <span class='ocrx_word' id='word_1_9' title='bbox 2882 330 2973 393; x_wconf 83' lang='grc'><strong>111.</strong></span> 
     </span>
    </p>
   </div>
   <div class='ocr_carea' id='block_1_3' title="bbox 222 443 3538 533">
    <p class='ocr_par' dir='ltr' id='par_1_3' title="bbox 222 443 3538 533">
     <span class='ocr_line' id='line_1_3' title="bbox 222 443 3538 533; baseline 0.002 -31"><span class='ocrx_word' id='word_1_10' title='bbox 222 443 387 521; x_wconf 72' lang='lat'><strong>737</strong></span> <span class='ocrx_word' id='word_1_11' title='bbox 412 445 638 518; x_wconf 70' lang='lat' dir='ltr'><strong>prch</strong></span> <span class='ocrx_word' id='word_1_12' title='bbox 665 459 686 502; x_wconf 90' lang='lat'><strong><em>:</em></strong></span> <span class='ocrx_word' id='word_1_13' title='bbox 712 446 958 518; x_wconf 76' lang='lat' dir='ltr'><strong>quoniam</strong></span> <span class='ocrx_word' id='word_1_14' title='bbox 986 446 1075 519; x_wconf 78' lang='lat' dir='ltr'><strong>qui</strong></span> <span class='ocrx_word' id='word_1_15' title='bbox 1104 445 1217 507; x_wconf 80' lang='lat' dir='ltr'><strong>lues</strong></span> <span class='ocrx_word' id='word_1_16' title='bbox 1245 457 1442 519; x_wconf 82' lang='lat' dir='ltr'><strong>agunt,</strong></span> <span class='ocrx_word' id='word_1_17' title='bbox 1472 464 1695 520; x_wconf 81' lang='lat' dir='ltr'><strong><em>regnum</em></strong></span> <span class='ocrx_word' id='word_1_18' title='bbox 1725 445 1826 505; x_wconf 85' lang='lat' dir='ltr'><strong>Dei</strong></span> <span class='ocrx_word' id='word_1_19' title='bbox 1854 450 1908 521; x_wconf 66' lang='grc' dir='ltr'>Α</span> <span class='ocrx_word' id='word_1_20' title='bbox 1930 448 2220 509; x_wconf 88' lang='lat' dir='ltr'><strong>damnatus</strong></span> <span class='ocrx_word' id='word_1_21' title='bbox 2252 467 2265 508; x_wconf 86' lang='lat'><strong>:</strong></span> <span class='ocrx_word' id='word_1_22' title='bbox 2313 451 2444 533; x_wconf 92' lang='lat' dir='ltr'><strong>quia</strong></span> <span class='ocrx_word' id='word_1_23' title='bbox 2472 449 2798 522; x_wconf 80' lang='lat' dir='ltr'><strong>fornicator,</strong></span> <span class='ocrx_word' id='word_1_24' title='bbox 2841 451 3081 524; x_wconf 75' lang='lat' dir='ltr'><strong>adulter,</strong></span> <span class='ocrx_word' id='word_1_25' title='bbox 3129 451 3405 517; x_wconf 84' lang='lat' dir='ltr'><strong>homicida</strong></span> <span class='ocrx_word' id='word_1_26' title='bbox 3431 493 3448 521; x_wconf 94' lang='lat'><strong>,</strong></span> <span class='ocrx_word' id='word_1_27' title='bbox 3479 464 3538 511; x_wconf 90' lang='lat' dir='ltr'><strong>et</strong></span> 
     </span>
    </p>
   </div>
   <div class='ocr_carea' id='block_1_4' title="bbox 217 537 1827 615">
    <p class='ocr_par' dir='ltr' id='par_1_4' title="bbox 217 537 1827 615">
     <span class='ocr_line' id='line_1_4' title="bbox 217 537 1827 615; baseline 0.001 -18"><span class='ocrx_word' id='word_1_28' title='bbox 217 555 321 597; x_wconf 84' lang='lat' dir='ltr'><strong>non</strong></span> <span class='ocrx_word' id='word_1_29' title='bbox 344 539 681 610; x_wconf 80' lang='lat' dir='ltr'><strong>possidebunt</strong></span> <span class='ocrx_word' id='word_1_30' title='bbox 704 537 855 612; x_wconf 80' lang='lat' dir='ltr'><strong>(Gal.</strong></span> <span class='ocrx_word' id='word_1_31' title='bbox 875 554 930 606; x_wconf 71' lang='grc' dir='ltr'><strong>ν,</strong></span> <span class='ocrx_word' id='word_1_32' title='bbox 952 538 1016 603; x_wconf 67' lang='grc'><strong>19</strong></span> <span class='ocrx_word' id='word_1_33' title='bbox 1033 538 1220 610; x_wconf 75' lang='lat' dir='ltr'><strong>seqq.).</strong></span> <span class='ocrx_word' id='word_1_34' title='bbox 1244 538 1305 594; x_wconf 89' lang='lat' dir='ltr'><strong>In</strong></span> <span class='ocrx_word' id='word_1_35' title='bbox 1324 538 1521 615; x_wconf 89' lang='lat' dir='ltr'><strong>quibus</strong></span> <span class='ocrx_word' id='word_1_36' title='bbox 1539 539 1827 613; x_wconf 70' lang='lat' dir='ltr'><strong>diligenter</strong></span> 
     </span>
    </p>
   </div>
   <div class='ocr_carea' id='block_1_5' title="bbox 218 629 1828 707">
    <p class='ocr_par' dir='ltr' id='par_1_5' title="bbox 218 629 1828 707">
     <span class='ocr_line' id='line_1_5' title="bbox 218 629 1828 707; baseline 0.001 -19"><span class='ocrx_word' id='word_1_37' title='bbox 218 639 307 688; x_wconf 88' lang='lat' dir='ltr'><strong>est</strong></span> <span class='ocrx_word' id='word_1_38' title='bbox 332 631 735 693; x_wconf 86' lang='lat' dir='ltr'><strong>observandum</strong></span> <span class='ocrx_word' id='word_1_39' title='bbox 755 673 770 697; x_wconf 88' lang='lat'><strong>,</strong></span> <span class='ocrx_word' id='word_1_40' title='bbox 795 630 945 707; x_wconf 89' lang='lat' dir='ltr'><strong>quod</strong></span> <span class='ocrx_word' id='word_1_41' title='bbox 966 629 1243 701; x_wconf 89' lang='lat' dir='ltr'><strong>quomodo</strong></span> <span class='ocrx_word' id='word_1_42' title='bbox 1272 641 1470 689; x_wconf 62' lang='lat' dir='ltr'><strong>caetera</strong></span> <span class='ocrx_word' id='word_1_43' title='bbox 1499 632 1632 689; x_wconf 86' lang='lat' dir='ltr'><strong>vitia</strong></span> <span class='ocrx_word' id='word_1_44' title='bbox 1655 677 1670 701; x_wconf 91' lang='lat'><strong>,</strong></span> <span class='ocrx_word' id='word_1_45' title='bbox 1702 646 1828 703; x_wconf 65' lang='lat' dir='ltr'><strong>quae</strong></span> 
     </span>
    </p>
   </div>
   <div class='ocr_carea' id='block_1_6' title="bbox 221 723 1826 797">
    <p class='ocr_par' dir='ltr' id='par_1_6' title="bbox 221 723 1826 797">
     <span class='ocr_line' id='line_1_6' title="bbox 221 723 1826 797; baseline 0 -15"><span class='ocrx_word' id='word_1_46' title='bbox 221 724 365 782; x_wconf 90' lang='lat' dir='ltr'><strong>inter</strong></span> <span class='ocrx_word' id='word_1_47' title='bbox 408 723 597 781; x_wconf 88' lang='lat' dir='ltr'><strong>carnis</strong></span> <span class='ocrx_word' id='word_1_48' title='bbox 634 738 804 797; x_wconf 81' lang='lat' dir='ltr'><strong>opera</strong></span> <span class='ocrx_word' id='word_1_49' title='bbox 845 732 1130 783; x_wconf 84' lang='lat' dir='ltr'><strong>numerata</strong></span> <span class='ocrx_word' id='word_1_50' title='bbox 1171 732 1335 791; x_wconf 91' lang='lat' dir='ltr'><strong>sunt,</strong></span> <span class='ocrx_word' id='word_1_51' title='bbox 1382 724 1682 781; x_wconf 87' lang='lat' dir='ltr'><strong>excludunt</strong></span> <span class='ocrx_word' id='word_1_52' title='bbox 1721 739 1826 782; x_wconf 88' lang='lat' dir='ltr'><strong>nos</strong></span> 
     </span>
    </p>
   </div>
   <div class='ocr_carea' id='block_1_7' title="bbox 223 817 1825 892">
    <p class='ocr_par' dir='ltr' id='par_1_7' title="bbox 223 817 1825 892">
     <span class='ocr_line' id='line_1_7' title="bbox 223 817 1825 892; baseline 0.001 -18"><span class='ocrx_word' id='word_1_53' title='bbox 223 817 329 892; x_wconf 78' lang='lat' dir='ltr'><strong>[AL</strong></span> <span class='ocrx_word' id='word_1_54' title='bbox 349 817 743 892; x_wconf 88' lang='lat' dir='ltr'><strong>excluduntur]</strong></span> <span class='ocrx_word' id='word_1_55' title='bbox 771 832 802 873; x_wconf 90' lang='lat' dir='ltr'><strong>a</strong></span> <span class='ocrx_word' id='word_1_56' title='bbox 832 834 1005 891; x_wconf 81' lang='lat' dir='ltr'><strong>regno</strong></span> <span class='ocrx_word' id='word_1_57' title='bbox 1036 818 1131 874; x_wconf 88' lang='lat' dir='ltr'><strong>Dei</strong></span> <span class='ocrx_word' id='word_1_58' title='bbox 1166 836 1180 873; x_wconf 89' lang='lat'><strong>:</strong></span> <span class='ocrx_word' id='word_1_59' title='bbox 1210 819 1285 873; x_wconf 89' lang='lat' dir='ltr'><strong>ita</strong></span> <span class='ocrx_word' id='word_1_60' title='bbox 1312 818 1482 881; x_wconf 84' lang='lat' dir='ltr'><strong>etiam</strong></span> <span class='ocrx_word' id='word_1_61' title='bbox 1521 819 1678 875; x_wconf 88' lang='lat' dir='ltr'><strong>nobis</strong></span> <span class='ocrx_word' id='word_1_62' title='bbox 1709 819 1825 876; x_wconf 69' lang='lat' dir='ltr'><strong>hae-</strong></span> 
     </span>
    </p>
   </div>
   <div class='ocr_carea' id='block_1_8' title="bbox 220 910 1826 983">
    <p class='ocr_par' dir='ltr' id='par_1_8' title="bbox 220 910 1826 983">
     <span class='ocr_line' id='line_1_8' title="bbox 220 910 1826 983; baseline 0.001 -15"><span class='ocrx_word' id='word_1_63' title='bbox 220 926 374 970; x_wconf 88' lang='lat' dir='ltr'><strong>reses</strong></span> <span class='ocrx_word' id='word_1_64' title='bbox 389 910 641 969; x_wconf 90' lang='lat' dir='ltr'><strong>auferant</strong></span> <span class='ocrx_word' id='word_1_65' title='bbox 663 925 892 983; x_wconf 79' lang='lat' dir='ltr'><strong>regnum</strong></span> <span class='ocrx_word' id='word_1_66' title='bbox 922 910 1056 977; x_wconf 87' lang='lat' dir='ltr'><strong>Dei;</strong></span> <span class='ocrx_word' id='word_1_67' title='bbox 1087 918 1274 971; x_wconf 89' lang='lat' dir='ltr'><strong>etnon</strong></span> <span class='ocrx_word' id='word_1_68' title='bbox 1299 911 1530 968; x_wconf 78' lang='lat' dir='ltr'><strong>interest</strong></span> <span class='ocrx_word' id='word_1_69' title='bbox 1551 912 1826 982; x_wconf 88' lang='lat' dir='ltr'><strong>quomodo</strong></span> 
     </span>
    </p>
   </div>
   <div class='ocr_carea' id='block_1_9' title="bbox 221 1004 1823 1076">
    <p class='ocr_par' dir='ltr' id='par_1_9' title="bbox 221 1004 1823 1076">
     <span class='ocr_line' id='line_1_9' title="bbox 221 1004 1823 1076; baseline -0.001 -14"><span class='ocrx_word' id='word_1_70' title='bbox 221 1006 367 1076; x_wconf 82' lang='lat' dir='ltr'><strong>quis,</strong></span> <span class='ocrx_word' id='word_1_71' title='bbox 400 1005 529 1062; x_wconf 89' lang='lat' dir='ltr'><strong>dum</strong></span> <span class='ocrx_word' id='word_1_72' title='bbox 561 1013 771 1061; x_wconf 87' lang='lat' dir='ltr'><strong>tantum</strong></span> <span class='ocrx_word' id='word_1_73' title='bbox 801 1005 1128 1062; x_wconf 77' lang='lat' dir='ltr'><strong>excludatur</strong></span> <span class='ocrx_word' id='word_1_74' title='bbox 1156 1021 1186 1059; x_wconf 89' lang='lat' dir='ltr'><strong>a</strong></span> <span class='ocrx_word' id='word_1_75' title='bbox 1217 1020 1407 1076; x_wconf 88' lang='lat' dir='ltr'><strong>regno.</strong></span> <span class='ocrx_word' id='word_1_76' title='bbox 1440 1004 1597 1075; x_wconf 87' lang='lat' dir='ltr'><strong>Quod</strong></span> <span class='ocrx_word' id='word_1_77' title='bbox 1639 1015 1823 1062; x_wconf 89' lang='lat' dir='ltr'><strong>autem</strong></span> 
     </span>
    </p>
   </div>
   <div class='ocr_carea' id='block_1_10' title="bbox 222 1097 1825 1171">
    <p class='ocr_par' dir='ltr' id='par_1_10' title="bbox 222 1097 1825 1171">
     <span class='ocr_line' id='line_1_10' title="bbox 222 1097 1825 1171; baseline -0.002 -16"><span class='ocrx_word' id='word_1_78' title='bbox 222 1100 396 1171; x_wconf 84' lang='lat' dir='ltr'><strong>magis</strong></span> <span class='ocrx_word' id='word_1_79' title='bbox 420 1102 620 1157; x_wconf 86' lang='lat' dir='ltr'><strong>mirum</strong></span> <span class='ocrx_word' id='word_1_80' title='bbox 650 1099 722 1155; x_wconf 87' lang='lat' dir='ltr'><strong>sit</strong></span> <span class='ocrx_word' id='word_1_81' title='bbox 753 1100 916 1154; x_wconf 88' lang='lat' dir='ltr'><strong>etiam</strong></span> <span class='ocrx_word' id='word_1_82' title='bbox 947 1097 1083 1153; x_wconf 90' lang='lat' dir='ltr'><strong>illud</strong></span> <span class='ocrx_word' id='word_1_83' title='bbox 1110 1098 1180 1154; x_wconf 92' lang='lat' dir='ltr'><strong>de</strong></span> <span class='ocrx_word' id='word_1_84' title='bbox 1204 1098 1429 1155; x_wconf 82' lang='lat' dir='ltr'><strong>Actibus</strong></span> <span class='ocrx_word' id='word_1_85' title='bbox 1456 1099 1825 1169; x_wconf 84' lang='lat' dir='ltr'><strong>apostolorum</strong></span> 
     </span>
    </p>
   </div>
   <div class='ocr_carea' id='block_1_11' title="bbox 219 1190 1824 1261">
    <p class='ocr_par' dir='ltr' id='par_1_11' title="bbox 219 1190 1824 1261">
     <span class='ocr_line' id='line_1_11' title="bbox 219 1190 1824 1261; baseline 0 -12"><span class='ocrx_word' id='word_1_86' title='bbox 219 1190 433 1249; x_wconf 79' lang='lat' dir='ltr'><strong>videtur</strong></span> <span class='ocrx_word' id='word_1_87' title='bbox 449 1205 574 1246; x_wconf 90' lang='lat' dir='ltr'><strong>esse</strong></span> <span class='ocrx_word' id='word_1_88' title='bbox 589 1190 969 1261; x_wconf 67' lang='lat' dir='ltr'><strong>relegendum,</strong></span> <span class='ocrx_word' id='word_1_89' title='bbox 994 1190 1155 1245; x_wconf 81' lang='lat' dir='ltr'><strong>fidem</strong></span> <span class='ocrx_word' id='word_1_90' title='bbox 1176 1199 1421 1245; x_wconf 88' lang='lat' dir='ltr'><strong>nostram</strong></span> <span class='ocrx_word' id='word_1_91' title='bbox 1446 1191 1501 1245; x_wconf 91' lang='lat' dir='ltr'><strong>in</strong></span> <span class='ocrx_word' id='word_1_92' title='bbox 1523 1190 1824 1257; x_wconf 83' lang='lat' dir='ltr'><strong>Christum,</strong></span> 
     </span>
    </p>
   </div>
   <div class='ocr_carea' id='block_1_12' title="bbox 224 1282 1827 1355">
    <p class='ocr_par' dir='ltr' id='par_1_12' title="bbox 224 1282 1827 1355">
     <span class='ocr_line' id='line_1_12' title="bbox 224 1282 1827 1355; baseline -0.001 -13"><span class='ocrx_word' id='word_1_93' title='bbox 224 1292 279 1343; x_wconf 85' lang='lat' dir='ltr'><strong>et</strong></span> <span class='ocrx_word' id='word_1_94' title='bbox 321 1282 770 1341; x_wconf 84' lang='lat' dir='ltr'><strong>Ecclesiasticam</strong></span> <span class='ocrx_word' id='word_1_95' title='bbox 800 1283 1149 1354; x_wconf 87' lang='lat' dir='ltr'><strong>disciplinam</strong></span> <span class='ocrx_word' id='word_1_96' title='bbox 1177 1325 1194 1352; x_wconf 91' lang='lat'><strong>,</strong></span> <span class='ocrx_word' id='word_1_97' title='bbox 1232 1283 1344 1354; x_wconf 86' lang='lat' dir='ltr'><strong>jam</strong></span> <span class='ocrx_word' id='word_1_98' title='bbox 1377 1291 1509 1339; x_wconf 90' lang='lat' dir='ltr'><strong>tunc</strong></span> <span class='ocrx_word' id='word_1_99' title='bbox 1538 1298 1569 1340; x_wconf 92' lang='lat' dir='ltr'><strong>a</strong></span> <span class='ocrx_word' id='word_1_100' title='bbox 1606 1300 1827 1355; x_wconf 87' lang='lat' dir='ltr'><strong>perver-</strong></span> 
     </span>
    </p>
   </div>
   <div class='ocr_carea' id='block_1_13' title="bbox 222 1375 1827 1448">
    <p class='ocr_par' dir='ltr' id='par_1_13' title="bbox 222 1375 1827 1448">
     <span class='ocr_line' id='line_1_13' title="bbox 222 1375 1827 1448; baseline 0.002 -15"><span class='ocrx_word' id='word_1_101' title='bbox 222 1376 297 1447; x_wconf 80' lang='lat' dir='ltr'><strong>sis</strong></span> <span class='ocrx_word' id='word_1_102' title='bbox 324 1375 641 1433; x_wconf 88' lang='lat' dir='ltr'><strong>hominibus</strong></span> <span class='ocrx_word' id='word_1_103' title='bbox 686 1376 943 1435; x_wconf 76' lang='lat' dir='ltr'><strong>hteresim</strong></span> <span class='ocrx_word' id='word_1_104' title='bbox 991 1386 1378 1448; x_wconf 82' lang='lat' dir='ltr'><strong>nuncupatam.</strong></span> <span class='ocrx_word' id='word_1_105' title='bbox 1403 1376 1517 1433; x_wconf 83' lang='lat' dir='ltr'><strong>Nos</strong></span> <span class='ocrx_word' id='word_1_106' title='bbox 1554 1378 1716 1445; x_wconf 87' lang='lat' dir='ltr'><strong>enim,</strong></span> <span class='ocrx_word' id='word_1_107' title='bbox 1745 1380 1827 1437; x_wconf 87' lang='lat' dir='ltr'><strong>in-</strong></span> 
     </span>
    </p>
   </div>
   <div class='ocr_carea' id='block_1_14' title="bbox 222 1467 1828 1541">
    <p class='ocr_par' dir='ltr' id='par_1_14' title="bbox 222 1467 1828 1541">
     <span class='ocr_line' id='line_1_14' title="bbox 222 1467 1828 1541; baseline 0.001 -17"><span class='ocrx_word' id='word_1_108' title='bbox 222 1468 415 1541; x_wconf 89' lang='lat' dir='ltr'><strong>quiunt</strong></span> <span class='ocrx_word' id='word_1_109' title='bbox 440 1467 617 1526; x_wconf 67' lang='lat' dir='ltr'><strong>Judaei</strong></span> <span class='ocrx_word' id='word_1_110' title='bbox 636 1469 705 1525; x_wconf 88' lang='lat' dir='ltr'><strong>ad</strong></span> <span class='ocrx_word' id='word_1_111' title='bbox 736 1469 1043 1539; x_wconf 81' lang='lat' dir='ltr'><strong>apostolum</strong></span> <span class='ocrx_word' id='word_1_112' title='bbox 1065 1468 1317 1540; x_wconf 88' lang='lat' dir='ltr'><strong>Paulum,</strong></span> <span class='ocrx_word' id='word_1_113' title='bbox 1351 1486 1445 1526; x_wconf 89' lang='lat' dir='ltr'><strong>nec</strong></span> <span class='ocrx_word' id='word_1_114' title='bbox 1476 1469 1678 1526; x_wconf 80' lang='lat' dir='ltr'><strong>litteras</strong></span> <span class='ocrx_word' id='word_1_115' title='bbox 1706 1486 1739 1525; x_wconf 88' lang='lat' dir='ltr'><strong>a</strong></span> <span class='ocrx_word' id='word_1_116' title='bbox 1780 1478 1828 1525; x_wconf 90' lang='lat' dir='ltr'><strong>te</strong></span> 
     </span>
    </p>
   </div>
   <div class='ocr_carea' id='block_1_15' title="bbox 220 1559 1826 1636">
    <p class='ocr_par' dir='ltr' id='par_1_15' title="bbox 220 1559 1826 1636">
     <span class='ocr_line' id='line_1_15' title="bbox 220 1559 1826 1636; baseline 0.002 -21"><span class='ocrx_word' id='word_1_117' title='bbox 220 1561 514 1630; x_wconf 78' lang='lat' dir='ltr'><strong>accepimus</strong></span> <span class='ocrx_word' id='word_1_118' title='bbox 557 1562 622 1616; x_wconf 83' lang='lat' dir='ltr'><strong>de</strong></span> <span class='ocrx_word' id='word_1_119' title='bbox 659 1559 852 1617; x_wconf 67' lang='lat' dir='ltr'><strong>Iudaea</strong></span> <span class='ocrx_word' id='word_1_120' title='bbox 878 1560 987 1636; x_wconf 77' lang='grc' dir='ltr'><strong>[ΑΙ.</strong></span> <span class='ocrx_word' id='word_1_121' title='bbox 1018 1560 1084 1615; x_wconf 88' lang='lat' dir='ltr'><strong>de</strong></span> <span class='ocrx_word' id='word_1_122' title='bbox 1119 1571 1237 1619; x_wconf 83' lang='lat' dir='ltr'><strong>te...</strong></span> <span class='ocrx_word' id='word_1_123' title='bbox 1275 1578 1307 1615; x_wconf 79' lang='grc' dir='ltr'><em>α</em></span> <span class='ocrx_word' id='word_1_124' title='bbox 1336 1559 1572 1633; x_wconf 75' lang='lat' dir='ltr'><strong>ludam],</strong></span> <span class='ocrx_word' id='word_1_125' title='bbox 1620 1579 1714 1618; x_wconf 87' lang='lat' dir='ltr'><strong>nec</strong></span> <span class='ocrx_word' id='word_1_126' title='bbox 1740 1578 1826 1618; x_wconf 81' lang='lat' dir='ltr'><strong>ve—</strong></span> 
     </span>
    </p>
   </div>
   <div class='ocr_carea' id='block_1_16' title="bbox 220 1653 1828 1727">
    <p class='ocr_par' dir='ltr' id='par_1_16' title="bbox 220 1653 1828 1727">
     <span class='ocr_line' id='line_1_16' title="bbox 220 1653 1828 1727; baseline 0.001 -19"><span class='ocrx_word' id='word_1_127' title='bbox 220 1654 366 1708; x_wconf 82' lang='lat' dir='ltr'><strong>niens</strong></span> <span class='ocrx_word' id='word_1_128' title='bbox 390 1655 508 1727; x_wconf 85' lang='lat' dir='ltr'><strong>quis</strong></span> <span class='ocrx_word' id='word_1_129' title='bbox 537 1653 603 1708; x_wconf 88' lang='lat' dir='ltr'><strong>de</strong></span> <span class='ocrx_word' id='word_1_130' title='bbox 632 1654 885 1726; x_wconf 75' lang='lat' dir='ltr'><strong>fratribus</strong></span> <span class='ocrx_word' id='word_1_131' title='bbox 910 1655 1241 1710; x_wconf 79' lang='lat' dir='ltr'><strong>annuntiarit</strong></span> <span class='ocrx_word' id='word_1_132' title='bbox 1283 1656 1462 1723; x_wconf 86' lang='lat' dir='ltr'><strong>nobis,</strong></span> <span class='ocrx_word' id='word_1_133' title='bbox 1492 1664 1581 1709; x_wconf 88' lang='lat' dir='ltr'><strong>aut</strong></span> <span class='ocrx_word' id='word_1_134' title='bbox 1623 1655 1828 1711; x_wconf 87' lang='lat' dir='ltr'><strong>locutus</strong></span> 
     </span>
    </p>
   </div>
   <div class='ocr_carea' id='block_1_17' title="bbox 219 1746 1826 1819">
    <p class='ocr_par' dir='ltr' id='par_1_17' title="bbox 219 1746 1826 1819">
     <span class='ocr_line' id='line_1_17' title="bbox 219 1746 1826 1819; baseline -0.001 -14"><span class='ocrx_word' id='word_1_135' title='bbox 219 1754 294 1805; x_wconf 82' lang='lat' dir='ltr'><strong>est</strong></span> <span class='ocrx_word' id='word_1_136' title='bbox 317 1748 508 1819; x_wconf 77' lang='lat' dir='ltr'><strong>aliquis</strong></span> <span class='ocrx_word' id='word_1_137' title='bbox 535 1747 600 1803; x_wconf 85' lang='lat' dir='ltr'><strong>de</strong></span> <span class='ocrx_word' id='word_1_138' title='bbox 618 1755 666 1803; x_wconf 88' lang='lat' dir='ltr'><strong>te</strong></span> <span class='ocrx_word' id='word_1_139' title='bbox 686 1748 739 1801; x_wconf 88' lang='lat' dir='ltr'><strong>in</strong></span> <span class='ocrx_word' id='word_1_140' title='bbox 759 1747 978 1805; x_wconf 84' lang='lat' dir='ltr'><strong>malum.</strong></span> <span class='ocrx_word' id='word_1_141' title='bbox 1001 1746 1236 1803; x_wconf 82' lang='lat' dir='ltr'><strong>Petimus</strong></span> <span class='ocrx_word' id='word_1_142' title='bbox 1260 1757 1453 1814; x_wconf 88' lang='lat' dir='ltr'><strong>autem,</strong></span> <span class='ocrx_word' id='word_1_143' title='bbox 1476 1756 1530 1802; x_wconf 88' lang='lat' dir='ltr'><strong>ut</strong></span> <span class='ocrx_word' id='word_1_144' title='bbox 1552 1749 1826 1803; x_wconf 88' lang='lat' dir='ltr'><strong>audiamus</strong></span> 
     </span>
    </p>
   </div>
   <div class='ocr_carea' id='block_1_18' title="bbox 1928 545 3539 619">
    <p class='ocr_par' dir='ltr' id='par_1_18' title="bbox 1928 545 3539 619">
     <span class='ocr_line' id='line_1_18' title="bbox 1928 545 3539 619; baseline 0.002 -17"><span class='ocrx_word' id='word_1_145' title='bbox 1928 554 2125 603; x_wconf 85' lang='lat' dir='ltr'><strong>caetera</strong></span> <span class='ocrx_word' id='word_1_146' title='bbox 2148 546 2304 613; x_wconf 89' lang='lat' dir='ltr'><strong>vitia,</strong></span> <span class='ocrx_word' id='word_1_147' title='bbox 2335 560 2432 618; x_wconf 85' lang='lat' dir='ltr'><strong>per</strong></span> <span class='ocrx_word' id='word_1_148' title='bbox 2470 545 2798 609; x_wconf 83' lang='lat' dir='ltr'><strong>sacerdotes</strong></span> <span class='ocrx_word' id='word_1_149' title='bbox 2834 546 2904 603; x_wconf 91' lang='lat' dir='ltr'><strong>de</strong></span> <span class='ocrx_word' id='word_1_150' title='bbox 2934 546 3177 613; x_wconf 80' lang='lat' dir='ltr'><strong>Ecclesia</strong></span> <span class='ocrx_word' id='word_1_151' title='bbox 3215 548 3539 619; x_wconf 86' lang='lat' dir='ltr'><strong>propellun-</strong></span> 
     </span>
    </p>
   </div>
   <div class='ocr_carea' id='block_1_19' title="bbox 1926 639 3531 715">
    <p class='ocr_par' dir='ltr' id='par_1_19' title="bbox 1926 639 3531 715">
     <span class='ocr_line' id='line_1_19' title="bbox 1926 639 3531 715; baseline -0.001 -18"><span class='ocrx_word' id='word_1_152' title='bbox 1926 647 2035 709; x_wconf 89' lang='lat' dir='ltr'><strong>t_ur.</strong></span> <span class='ocrx_word' id='word_1_153' title='bbox 2069 639 2323 715; x_wconf 66' lang='lat' dir='ltr'><strong>Hotretici</strong></span> <span class='ocrx_word' id='word_1_154' title='bbox 2344 647 2527 709; x_wconf 75' lang='lat' dir='ltr'><strong>autem</strong></span> <span class='ocrx_word' id='word_1_155' title='bbox 2544 639 2599 696; x_wconf 92' lang='lat' dir='ltr'><strong>in</strong></span> <span class='ocrx_word' id='word_1_156' title='bbox 2623 641 2953 711; x_wconf 90' lang='lat' dir='ltr'><strong>semetipsos</strong></span> <span class='ocrx_word' id='word_1_157' title='bbox 2973 640 3303 703; x_wconf 87' lang='lat' dir='ltr'><strong>sententiam</strong></span> <span class='ocrx_word' id='word_1_158' title='bbox 3329 640 3531 705; x_wconf 75' lang='lat' dir='ltr'><strong>ferunt,</strong></span> 
     </span>
    </p>
   </div>
   <div class='ocr_carea' id='block_1_20' title="bbox 1927 730 3533 801">
    <p class='ocr_par' dir='ltr' id='par_1_20' title="bbox 1927 730 3533 801">
     <span class='ocr_line' id='line_1_20' title="bbox 1927 730 3533 801; baseline -0.002 -10"><span class='ocrx_word' id='word_1_159' title='bbox 1927 745 2029 795; x_wconf 86' lang='lat' dir='ltr'><strong>suo</strong></span> <span class='ocrx_word' id='word_1_160' title='bbox 2056 732 2290 789; x_wconf 90' lang='lat' dir='ltr'><strong>arbitrio</strong></span> <span class='ocrx_word' id='word_1_161' title='bbox 2327 732 2398 795; x_wconf 87' lang='lat' dir='ltr'><strong>de</strong></span> <span class='ocrx_word' id='word_1_162' title='bbox 2436 731 2686 788; x_wconf 85' lang='lat' dir='ltr'><strong>Ecclesia</strong></span> <span class='ocrx_word' id='word_1_163' title='bbox 2722 731 3044 789; x_wconf 87' lang='lat' dir='ltr'><strong>recedentes</strong></span> <span class='ocrx_word' id='word_1_164' title='bbox 3083 749 3096 785; x_wconf 94' lang='lat'>:</span> <span class='ocrx_word' id='word_1_165' title='bbox 3129 745 3251 801; x_wconf 69' lang='lat' dir='ltr'><strong>qum</strong></span> <span class='ocrx_word' id='word_1_166' title='bbox 3289 730 3533 787; x_wconf 88' lang='lat' dir='ltr'><strong>recessio</strong></span> 
     </span>
    </p>
   </div>
   <div class='ocr_carea' id='block_1_21' title="bbox 1926 823 3537 897">
    <p class='ocr_par' dir='ltr' id='par_1_21' title="bbox 1926 823 3537 897">
     <span class='ocr_line' id='line_1_21' title="bbox 1926 823 3537 897; baseline 0 -18"><span class='ocrx_word' id='word_1_167' title='bbox 1926 825 2168 897; x_wconf 68' lang='lat' dir='ltr'><strong>propria:</strong></span> <span class='ocrx_word' id='word_1_168' title='bbox 2212 823 2570 883; x_wconf 70' lang='lat' dir='ltr'><strong>conscientia:</strong></span> <span class='ocrx_word' id='word_1_169' title='bbox 2602 825 2818 883; x_wconf 92' lang='lat' dir='ltr'><strong>videtur</strong></span> <span class='ocrx_word' id='word_1_170' title='bbox 2845 840 2972 883; x_wconf 91' lang='lat' dir='ltr'><strong>esse</strong></span> <span class='ocrx_word' id='word_1_171' title='bbox 3000 826 3305 882; x_wconf 86' lang='lat' dir='ltr'><strong>damnatio.</strong></span> <span class='ocrx_word' id='word_1_172' title='bbox 3343 835 3365 865; x_wconf 74' lang='grc' dir='ltr'>ο</span> <span class='ocrx_word' id='word_1_173' title='bbox 3389 824 3537 880; x_wconf 83' lang='lat' dir='ltr'><strong>inter</strong></span> 
     </span>
    </p>
   </div>
   <div class='ocr_carea' id='block_1_22' title="bbox 1930 914 3537 989">
    <p class='ocr_par' dir='ltr' id='par_1_22' title="bbox 1930 914 3537 989">
     <span class='ocr_line' id='line_1_22' title="bbox 1930 914 3537 989; baseline 0 -17"><span class='ocrx_word' id='word_1_174' title='bbox 1930 914 2184 972; x_wconf 35' lang='lat' dir='ltr'><strong>haeresim</strong></span> <span class='ocrx_word' id='word_1_175' title='bbox 2218 923 2274 970; x_wconf 91' lang='lat' dir='ltr'><strong>et</strong></span> <span class='ocrx_word' id='word_1_176' title='bbox 2308 914 2544 970; x_wconf 84' lang='lat' dir='ltr'><strong>schisma</strong></span> <span class='ocrx_word' id='word_1_177' title='bbox 2578 914 2684 971; x_wconf 87' lang='lat' dir='ltr'><strong>hoc</strong></span> <span class='ocrx_word' id='word_1_178' title='bbox 2713 930 2838 972; x_wconf 89' lang='lat' dir='ltr'><strong>esse</strong></span> <span class='ocrx_word' id='word_1_179' title='bbox 2858 916 3216 986; x_wconf 82' lang='lat' dir='ltr'><strong>arbitrantur,</strong></span> <span class='ocrx_word' id='word_1_180' title='bbox 3248 915 3392 989; x_wconf 90' lang='lat' dir='ltr'><strong>quod</strong></span> <span class='ocrx_word' id='word_1_181' title='bbox 3422 914 3537 972; x_wconf 75' lang='lat' dir='ltr'><strong>bte-</strong></span> 
     </span>
    </p>
   </div>
   <div class='ocr_carea' id='block_1_23' title="bbox 1927 1005 3534 1077">
    <p class='ocr_par' dir='ltr' id='par_1_23' title="bbox 1927 1005 3534 1077">
     <span class='ocr_line' id='line_1_23' title="bbox 1927 1005 3534 1077; baseline -0.001 -13"><span class='ocrx_word' id='word_1_182' title='bbox 1927 1007 2069 1064; x_wconf 85' lang='lat' dir='ltr'><strong>resis</strong></span> <span class='ocrx_word' id='word_1_183' title='bbox 2120 1020 2442 1077; x_wconf 87' lang='lat' dir='ltr'><strong>perversum</strong></span> <span class='ocrx_word' id='word_1_184' title='bbox 2493 1006 2687 1075; x_wconf 86' lang='lat' dir='ltr'><strong>dOgma</strong></span> <span class='ocrx_word' id='word_1_185' title='bbox 2734 1005 2933 1063; x_wconf 85' lang='lat' dir='ltr'><strong>habeat</strong></span> <span class='ocrx_word' id='word_1_186' title='bbox 2982 1026 2993 1062; x_wconf 91' lang='lat'>:</span> <span class='ocrx_word' id='word_1_187' title='bbox 3040 1009 3275 1063; x_wconf 90' lang='lat' dir='ltr'><strong>schisma</strong></span> <span class='ocrx_word' id='word_1_188' title='bbox 3309 1016 3534 1077; x_wconf 82' lang='lat' dir='ltr'><strong>propter</strong></span> 
     </span>
    </p>
   </div>
   <div class='ocr_carea' id='block_1_24' title="bbox 1926 1098 3529 1171">
    <p class='ocr_par' dir='ltr' id='par_1_24' title="bbox 1926 1098 3529 1171">
     <span class='ocr_line' id='line_1_24' title="bbox 1926 1098 3529 1171; baseline -0.001 -14"><span class='ocrx_word' id='word_1_189' title='bbox 1926 1098 2301 1171; x_wconf 87' lang='lat' dir='ltr'><strong>episcopalem</strong></span> <span class='ocrx_word' id='word_1_190' title='bbox 2348 1098 2749 1155; x_wconf 86' lang='lat' dir='ltr'><strong>dissensionem</strong></span> <span class='ocrx_word' id='word_1_191' title='bbox 2793 1100 2863 1153; x_wconf 89' lang='lat' dir='ltr'><strong>ab</strong></span> <span class='ocrx_word' id='word_1_192' title='bbox 2909 1099 3155 1156; x_wconf 85' lang='lat' dir='ltr'><strong>Ecclesia</strong></span> <span class='ocrx_word' id='word_1_193' title='bbox 3199 1109 3529 1171; x_wconf 78' lang='lat' dir='ltr'><strong>separetur:</strong></span> 
     </span>
    </p>
   </div>
   <div class='ocr_carea' id='block_1_25' title="bbox 1927 1190 3531 1273">
    <p class='ocr_par' dir='ltr' id='par_1_25' title="bbox 1927 1190 3531 1273">
     <span class='ocr_line' id='line_1_25' title="bbox 1927 1190 3531 1273; baseline -0.003 -23"><span class='ocrx_word' id='word_1_194' title='bbox 1927 1194 2073 1266; x_wconf 89' lang='lat' dir='ltr'><strong>quod</strong></span> <span class='ocrx_word' id='word_1_195' title='bbox 2099 1194 2319 1265; x_wconf 89' lang='lat' dir='ltr'><strong>quidem</strong></span> <span class='ocrx_word' id='word_1_196' title='bbox 2370 1194 2426 1249; x_wconf 89' lang='lat' dir='ltr'><strong>in</strong></span> <span class='ocrx_word' id='word_1_197' title='bbox 2467 1192 2739 1273; x_wconf 83' lang='lat' dir='ltr'><strong>principio</strong></span> <span class='ocrx_word' id='word_1_198' title='bbox 2777 1190 2958 1263; x_wconf 89' lang='lat' dir='ltr'><strong>aliqua</strong></span> <span class='ocrx_word' id='word_1_199' title='bbox 3005 1208 3071 1247; x_wconf 89' lang='lat' dir='ltr'><strong>ex</strong></span> <span class='ocrx_word' id='word_1_200' title='bbox 3106 1201 3258 1263; x_wconf 85' lang='lat' dir='ltr'><strong>parte</strong></span> <span class='ocrx_word' id='word_1_201' title='bbox 3296 1191 3531 1262; x_wconf 75' lang='lat' dir='ltr'><strong>intelligi</strong></span> 
     </span>
    </p>
   </div>
   <div class='ocr_carea' id='block_1_26' title="bbox 1928 1282 3532 1358">
    <p class='ocr_par' dir='ltr' id='par_1_26' title="bbox 1928 1282 3532 1358">
     <span class='ocr_line' id='line_1_26' title="bbox 1928 1282 3532 1358; baseline -0.004 -16"><span class='ocrx_word' id='word_1_202' title='bbox 1928 1295 2132 1358; x_wconf 84' lang='lat' dir='ltr'><strong>potest.</strong></span> <span class='ocrx_word' id='word_1_203' title='bbox 2160 1284 2439 1343; x_wconf 69' lang='lat' dir='ltr'><strong>Cmterum</strong></span> <span class='ocrx_word' id='word_1_204' title='bbox 2491 1285 2701 1340; x_wconf 87' lang='lat' dir='ltr'><strong>nullum</strong></span> <span class='ocrx_word' id='word_1_205' title='bbox 2737 1282 2981 1341; x_wconf 83' lang='lat' dir='ltr'><strong>schisnta</strong></span> <span class='ocrx_word' id='word_1_206' title='bbox 3022 1298 3132 1339; x_wconf 88' lang='lat' dir='ltr'><strong>non</strong></span> <span class='ocrx_word' id='word_1_207' title='bbox 3161 1284 3265 1339; x_wconf 87' lang='lat' dir='ltr'><strong>sibi</strong></span> <span class='ocrx_word' id='word_1_208' title='bbox 3298 1284 3532 1354; x_wconf 79' lang='lat' dir='ltr'><strong>aliquam</strong></span> 
     </span>
    </p>
   </div>
   <div class='ocr_carea' id='block_1_27' title="bbox 1927 1376 3535 1453">
    <p class='ocr_par' dir='ltr' id='par_1_27' title="bbox 1927 1376 3535 1453">
     <span class='ocr_line' id='line_1_27' title="bbox 1927 1376 3535 1453; baseline -0.002 -18"><span class='ocrx_word' id='word_1_209' title='bbox 1927 1378 2192 1453; x_wconf 82' lang='lat' dir='ltr'><strong>contingit</strong></span> <span class='ocrx_word' id='word_1_210' title='bbox 2239 1377 2521 1443; x_wconf 74' lang='lat' dir='ltr'><strong>haeresim,</strong></span> <span class='ocrx_word' id='word_1_211' title='bbox 2562 1383 2621 1432; x_wconf 90' lang='lat' dir='ltr'><strong>ut</strong></span> <span class='ocrx_word' id='word_1_212' title='bbox 2643 1387 2792 1433; x_wconf 87' lang='lat' dir='ltr'><strong>recte</strong></span> <span class='ocrx_word' id='word_1_213' title='bbox 2831 1376 2901 1433; x_wconf 90' lang='lat' dir='ltr'><strong>ab</strong></span> <span class='ocrx_word' id='word_1_214' title='bbox 2946 1376 3193 1432; x_wconf 78' lang='lat' dir='ltr'><strong>Ecclesia</strong></span> <span class='ocrx_word' id='word_1_215' title='bbox 3232 1380 3535 1433; x_wconf 81' lang='lat' dir='ltr'><strong>recessisse</strong></span> 
     </span>
    </p>
   </div>
   <div class='ocr_carea' id='block_1_28' title="bbox 1925 1473 2202 1529">
    <p class='ocr_par' dir='ltr' id='par_1_28' title="bbox 1925 1473 2202 1529">
     <span class='ocr_line' id='line_1_28' title="bbox 1925 1473 2202 1529; baseline -0.007 0"><span class='ocrx_word' id='word_1_216' title='bbox 1925 1473 2202 1529; x_wconf 85' lang='lat' dir='ltr'><strong>videatur.</strong></span> 
     </span>
    </p>
   </div>
   <div class='ocr_carea' id='block_1_29' title="bbox 2002 1561 3537 1638">
    <p class='ocr_par' dir='ltr' id='par_1_29' title="bbox 2002 1561 3537 1638">
     <span class='ocr_line' id='line_1_29' title="bbox 2002 1561 3537 1638; baseline -0.002 -19"><span class='ocrx_word' id='word_1_217' title='bbox 2002 1564 2187 1638; x_wconf 78' lang='lat' dir='ltr'><strong>(Vers.</strong></span> <span class='ocrx_word' id='word_1_218' title='bbox 2226 1564 2346 1638; x_wconf 68' lang='grc'><strong>12.)</strong></span> <span class='ocrx_word' id='word_1_219' title='bbox 2378 1562 2509 1623; x_wconf 87' lang='lat' dir='ltr'><strong>Cum</strong></span> <span class='ocrx_word' id='word_1_220' title='bbox 2544 1566 2733 1621; x_wconf 78' lang='lat' dir='ltr'><strong>misero</strong></span> <span class='ocrx_word' id='word_1_221' title='bbox 2763 1564 2831 1620; x_wconf 87' lang='lat' dir='ltr'><strong>ad</strong></span> <span class='ocrx_word' id='word_1_222' title='bbox 2857 1572 2907 1618; x_wconf 87' lang='lat' dir='ltr'><strong>te</strong></span> <span class='ocrx_word' id='word_1_223' title='bbox 2931 1563 3200 1625; x_wconf 79' lang='lat' dir='ltr'><strong>Artemon.</strong></span> <span class='ocrx_word' id='word_1_224' title='bbox 3223 1573 3312 1619; x_wconf 86' lang='lat' dir='ltr'><strong>aut</strong></span> <span class='ocrx_word' id='word_1_225' title='bbox 3346 1561 3537 1634; x_wconf 78' lang='lat' dir='ltr'><strong>Tychi-</strong></span> 
     </span>
    </p>
   </div>
   <div class='ocr_carea' id='block_1_30' title="bbox 1929 1655 3536 1731">
    <p class='ocr_par' dir='ltr' id='par_1_30' title="bbox 1929 1655 3536 1731">
     <span class='ocr_line' id='line_1_30' title="bbox 1929 1655 3536 1731; baseline -0.001 -18"><span class='ocrx_word' id='word_1_226' title='bbox 1929 1675 2080 1725; x_wconf 88' lang='lat' dir='ltr'><strong>cum,</strong></span> <span class='ocrx_word' id='word_1_227' title='bbox 2131 1658 2322 1731; x_wconf 77' lang='lat' dir='ltr'><strong>festina</strong></span> <span class='ocrx_word' id='word_1_228' title='bbox 2350 1660 2521 1719; x_wconf 73' lang='lat' dir='ltr'><strong>venire</strong></span> <span class='ocrx_word' id='word_1_229' title='bbox 2548 1659 2617 1715; x_wconf 87' lang='lat' dir='ltr'><strong>ad</strong></span> <span class='ocrx_word' id='word_1_230' title='bbox 2640 1674 2719 1713; x_wconf 88' lang='lat' dir='ltr'><strong>me</strong></span> <span class='ocrx_word' id='word_1_231' title='bbox 2759 1655 3084 1729; x_wconf 78' lang='lat' dir='ltr'><strong>NicOpolim,</strong></span> <span class='ocrx_word' id='word_1_232' title='bbox 3117 1656 3188 1709; x_wconf 77' lang='lat' dir='ltr'><strong>ibi</strong></span> <span class='ocrx_word' id='word_1_233' title='bbox 3216 1657 3350 1713; x_wconf 87' lang='lat' dir='ltr'><strong>enim</strong></span> <span class='ocrx_word' id='word_1_234' title='bbox 3375 1657 3536 1715; x_wconf 72' lang='lat' dir='ltr'><strong>statui</strong></span> 
     </span>
    </p>
   </div>
   <div class='ocr_carea' id='block_1_31' title="bbox 1930 1750 3523 1825">
    <p class='ocr_par' dir='ltr' id='par_1_31' title="bbox 1930 1750 3523 1825">
     <span class='ocr_line' id='line_1_31' title="bbox 1930 1750 3523 1825; baseline 0 -20"><span class='ocrx_word' id='word_1_235' title='bbox 1930 1750 2185 1809; x_wconf 79' lang='lat' dir='ltr'><strong>hiemare.</strong></span> <span class='ocrx_word' id='word_1_236' title='bbox 2214 1752 2472 1825; x_wconf 77' lang='lat' dir='ltr'><strong>Legimus</strong></span> <span class='ocrx_word' id='word_1_237' title='bbox 2497 1752 2554 1807; x_wconf 87' lang='lat' dir='ltr'><strong>in</strong></span> <span class='ocrx_word' id='word_1_238' title='bbox 2582 1752 2811 1808; x_wconf 73' lang='lat' dir='ltr'><strong>exordio</strong></span> <span class='ocrx_word' id='word_1_239' title='bbox 2836 1750 2993 1819; x_wconf 82' lang='lat' dir='ltr'><strong>istius</strong></span> <span class='ocrx_word' id='word_1_240' title='bbox 3021 1751 3312 1821; x_wconf 66' lang='lat' dir='ltr'><strong>Epistulae:</strong></span> <span class='ocrx_word' id='word_1_241' title='bbox 3346 1750 3523 1822; x_wconf 72' lang='lat' dir='ltr'><strong>Hujus</strong></span> 
     </span>
    </p>
   </div>
   <div class='ocr_carea' id='block_1_32' title="bbox 217 1840 3535 1916">
    <p class='ocr_par' dir='ltr' id='par_1_32' title="bbox 217 1840 3535 1916">
     <span class='ocr_line' id='line_1_32' title="bbox 217 1840 3535 1916; baseline 0 -21"><span class='ocrx_word' id='word_1_242' title='bbox 217 1857 251 1905; x_wconf 77' lang='grc' dir='ltr'><strong><em>α</em></strong></span> <span class='ocrx_word' id='word_1_243' title='bbox 278 1849 328 1896; x_wconf 84' lang='lat' dir='ltr'><strong>te</strong></span> <span class='ocrx_word' id='word_1_244' title='bbox 345 1841 478 1914; x_wconf 86' lang='lat' dir='ltr'><strong>quid</strong></span> <span class='ocrx_word' id='word_1_245' title='bbox 500 1842 731 1897; x_wconf 84' lang='lat' dir='ltr'><strong>sentias:</strong></span> <span class='ocrx_word' id='word_1_246' title='bbox 760 1842 824 1895; x_wconf 82' lang='lat' dir='ltr'><strong>de</strong></span> <span class='ocrx_word' id='word_1_247' title='bbox 850 1840 1044 1897; x_wconf 75' lang='lat' dir='ltr'><strong>hteresi</strong></span> <span class='ocrx_word' id='word_1_248' title='bbox 1065 1843 1200 1897; x_wconf 82' lang='lat' dir='ltr'><strong>enim</strong></span> <span class='ocrx_word' id='word_1_249' title='bbox 1221 1843 1323 1897; x_wconf 87' lang='lat' dir='ltr'><strong>ista</strong></span> <span class='ocrx_word' id='word_1_250' title='bbox 1354 1855 1532 1897; x_wconf 85' lang='lat' dir='ltr'><strong>uotum</strong></span> <span class='ocrx_word' id='word_1_251' title='bbox 1557 1854 1631 1898; x_wconf 87' lang='lat' dir='ltr'><strong>est</strong></span> <span class='ocrx_word' id='word_1_252' title='bbox 1654 1844 1824 1908; x_wconf 75' lang='lat' dir='ltr'><strong>nobis,</strong></span> <span class='ocrx_word' id='word_1_253' title='bbox 1856 1850 1903 1915; x_wconf 78' lang='grc' dir='ltr'><strong>Β</strong></span> <span class='ocrx_word' id='word_1_254' title='bbox 1930 1844 2005 1899; x_wconf 89' lang='lat' dir='ltr'><strong>rei</strong></span> <span class='ocrx_word' id='word_1_255' title='bbox 2031 1843 2200 1916; x_wconf 87' lang='lat' dir='ltr'><strong>gratia</strong></span> <span class='ocrx_word' id='word_1_256' title='bbox 2226 1843 2414 1915; x_wconf 78' lang='lat' dir='ltr'><strong>reliqui</strong></span> <span class='ocrx_word' id='word_1_257' title='bbox 2434 1854 2481 1897; x_wconf 88' lang='lat' dir='ltr'><strong>te</strong></span> <span class='ocrx_word' id='word_1_258' title='bbox 2502 1842 2685 1911; x_wconf 66' lang='lat' dir='ltr'><strong>Creten,</strong></span> <span class='ocrx_word' id='word_1_259' title='bbox 2712 1854 2766 1897; x_wconf 90' lang='lat' dir='ltr'><strong>ut</strong></span> <span class='ocrx_word' id='word_1_260' title='bbox 2791 1860 2852 1898; x_wconf 89' lang='lat' dir='ltr'><strong>ea</strong></span> <span class='ocrx_word' id='word_1_261' title='bbox 2873 1859 2999 1914; x_wconf 71' lang='lat' dir='ltr'><strong>qua:</strong></span> <span class='ocrx_word' id='word_1_262' title='bbox 3021 1843 3234 1896; x_wconf 86' lang='lat' dir='ltr'><strong>deerant</strong></span> <span class='ocrx_word' id='word_1_263' title='bbox 3258 1841 3491 1914; x_wconf 80' lang='lat' dir='ltr'><strong>corrigas</strong></span> <span class='ocrx_word' id='word_1_264' title='bbox 3514 1857 3535 1898; x_wconf 90' lang='lat'><strong><em>:</em></strong></span> 
     </span>
    </p>
   </div>
   <div class='ocr_carea' id='block_1_33' title="bbox 217 1934 1829 2007">
    <p class='ocr_par' dir='ltr' id='par_1_33' title="bbox 217 1934 1829 2007">
     <span class='ocr_line' id='line_1_33' title="bbox 217 1934 1829 2007; baseline 0 -18"><span class='ocrx_word' id='word_1_265' title='bbox 217 1934 341 2005; x_wconf 80' lang='lat' dir='ltr'><strong>quia</strong></span> <span class='ocrx_word' id='word_1_266' title='bbox 370 1935 560 2007; x_wconf 87' lang='lat' dir='ltr'><strong>ubique</strong></span> <span class='ocrx_word' id='word_1_267' title='bbox 587 1936 634 1989; x_wconf 90' lang='lat' dir='ltr'><strong>ei</strong></span> <span class='ocrx_word' id='word_1_268' title='bbox 664 1934 1046 1991; x_wconf 77' lang='lat' dir='ltr'><strong>contradicitur</strong></span> <span class='ocrx_word' id='word_1_269' title='bbox 1078 1934 1217 2007; x_wconf 77' lang='lat' dir='ltr'><strong>(Act.</strong></span> <span class='ocrx_word' id='word_1_270' title='bbox 1254 1950 1445 2001; x_wconf 73' lang='lat' dir='ltr'><strong>xxvm,</strong></span> <span class='ocrx_word' id='word_1_271' title='bbox 1476 1934 1569 1999; x_wconf 71' lang='lat' dir='ltr'><strong>Si,</strong></span> <span class='ocrx_word' id='word_1_272' title='bbox 1597 1934 1714 2004; x_wconf 74' lang='lat'><strong>22).</strong></span> <span class='ocrx_word' id='word_1_273' title='bbox 1760 1934 1829 1993; x_wconf 84' lang='lat' dir='ltr'><strong>Et</strong></span> 
     </span>
    </p>
   </div>
   <div class='ocr_carea' id='block_1_34' title="bbox 216 2024 1827 2093">
    <p class='ocr_par' dir='ltr' id='par_1_34' title="bbox 216 2024 1827 2093">
     <span class='ocr_line' id='line_1_34' title="bbox 216 2024 1827 2093; baseline 0 -13"><span class='ocrx_word' id='word_1_274' title='bbox 216 2025 345 2091; x_wconf 82' lang='lat' dir='ltr'><strong>licet</strong></span> <span class='ocrx_word' id='word_1_275' title='bbox 375 2042 577 2091; x_wconf 83' lang='lat' dir='ltr'><strong>nomen</strong></span> <span class='ocrx_word' id='word_1_276' title='bbox 625 2025 902 2082; x_wconf 66' lang='lat' dir='ltr'><strong>haereseos</strong></span> <span class='ocrx_word' id='word_1_277' title='bbox 945 2025 1117 2081; x_wconf 86' lang='lat' dir='ltr'><strong>Mileti</strong></span> <span class='ocrx_word' id='word_1_278' title='bbox 1159 2040 1265 2080; x_wconf 92' lang='lat' dir='ltr'><strong>non</strong></span> <span class='ocrx_word' id='word_1_279' title='bbox 1296 2024 1529 2093; x_wconf 89' lang='lat' dir='ltr'><strong>dicatur,</strong></span> <span class='ocrx_word' id='word_1_280' title='bbox 1575 2040 1606 2078; x_wconf 87' lang='lat' dir='ltr'><strong>a</strong></span> <span class='ocrx_word' id='word_1_281' title='bbox 1656 2024 1827 2083; x_wconf 84' lang='lat' dir='ltr'><strong>Paulo</strong></span> 
     </span>
    </p>
   </div>
   <div class='ocr_carea' id='block_1_35' title="bbox 220 2116 1826 2191">
    <p class='ocr_par' dir='ltr' id='par_1_35' title="bbox 220 2116 1826 2191">
     <span class='ocr_line' id='line_1_35' title="bbox 220 2116 1826 2191; baseline -0.001 -17"><span class='ocrx_word' id='word_1_282' title='bbox 220 2127 406 2183; x_wconf 80' lang='lat' dir='ltr'><strong>tamen</strong></span> <span class='ocrx_word' id='word_1_283' title='bbox 433 2121 623 2191; x_wconf 53' lang='lat' dir='ltr'><strong>zopera</strong></span> <span class='ocrx_word' id='word_1_284' title='bbox 652 2118 1034 2185; x_wconf 86' lang='lat' dir='ltr'><strong>nominantur,</strong></span> <span class='ocrx_word' id='word_1_285' title='bbox 1083 2117 1341 2187; x_wconf 87' lang='lat' dir='ltr'><strong>loquente</strong></span> <span class='ocrx_word' id='word_1_286' title='bbox 1371 2116 1437 2171; x_wconf 90' lang='lat' dir='ltr'><strong>ad</strong></span> <span class='ocrx_word' id='word_1_287' title='bbox 1478 2116 1826 2190; x_wconf 83' lang='lat' dir='ltr'><strong>presbyteros</strong></span> 
     </span>
    </p>
   </div>
   <div class='ocr_carea' id='block_1_36' title="bbox 217 2210 1825 2284">
    <p class='ocr_par' dir='ltr' id='par_1_36' title="bbox 217 2210 1825 2284">
     <span class='ocr_line' id='line_1_36' title="bbox 217 2210 1825 2284; baseline -0.003 -15"><span class='ocrx_word' id='word_1_288' title='bbox 217 2212 486 2270; x_wconf 73' lang='lat' dir='ltr'><strong>Ecclesiae</strong></span> <span class='ocrx_word' id='word_1_289' title='bbox 515 2230 532 2267; x_wconf 85' lang='lat'><strong>:</strong></span> <span class='ocrx_word' id='word_1_290' title='bbox 574 2212 688 2284; x_wconf 87' lang='lat' dir='ltr'><strong>Ego</strong></span> <span class='ocrx_word' id='word_1_291' title='bbox 730 2214 837 2267; x_wconf 86' lang='lat' dir='ltr'><strong>scio</strong></span> <span class='ocrx_word' id='word_1_292' title='bbox 875 2211 1123 2280; x_wconf 87' lang='lat' dir='ltr'><strong>quoniam</strong></span> <span class='ocrx_word' id='word_1_293' title='bbox 1153 2210 1353 2264; x_wconf 80' lang='lat' dir='ltr'><strong>uenient</strong></span> <span class='ocrx_word' id='word_1_294' title='bbox 1385 2221 1500 2280; x_wconf 88' lang='lat' dir='ltr'><strong>post</strong></span> <span class='ocrx_word' id='word_1_295' title='bbox 1530 2210 1825 2265; x_wconf 81' lang='lat' dir='ltr'><strong>abscessum</strong></span> 
     </span>
    </p>
   </div>
   <div class='ocr_carea' id='block_1_37' title="bbox 216 2302 1825 2378">
    <p class='ocr_par' dir='ltr' id='par_1_37' title="bbox 216 2302 1825 2378">
     <span class='ocr_line' id='line_1_37' title="bbox 216 2302 1825 2378; baseline -0.006 -14"><span class='ocrx_word' id='word_1_296' title='bbox 216 2323 389 2364; x_wconf 82' lang='lat' dir='ltr'><strong>meum</strong></span> <span class='ocrx_word' id='word_1_297' title='bbox 415 2307 529 2378; x_wconf 88' lang='lat' dir='ltr'><strong>lupi</strong></span> <span class='ocrx_word' id='word_1_298' title='bbox 554 2321 733 2377; x_wconf 77' lang='lat' dir='ltr'><strong>graues</strong></span> <span class='ocrx_word' id='word_1_299' title='bbox 769 2306 823 2361; x_wconf 79' lang='lat' dir='ltr'><strong>in</strong></span> <span class='ocrx_word' id='word_1_300' title='bbox 852 2321 938 2359; x_wconf 81' lang='lat' dir='ltr'><strong>vos</strong></span> <span class='ocrx_word' id='word_1_301' title='bbox 962 2346 976 2370; x_wconf 91' lang='lat'><strong>,</strong></span> <span class='ocrx_word' id='word_1_302' title='bbox 1009 2320 1113 2359; x_wconf 87' lang='lat' dir='ltr'><strong>non</strong></span> <span class='ocrx_word' id='word_1_303' title='bbox 1152 2310 1417 2373; x_wconf 82' lang='lat' dir='ltr'><strong>parcentes</strong></span> <span class='ocrx_word' id='word_1_304' title='bbox 1452 2302 1595 2376; x_wconf 82' lang='lat' dir='ltr'><strong>gregi</strong></span> <span class='ocrx_word' id='word_1_305' title='bbox 1622 2318 1642 2358; x_wconf 87' lang='lat'><strong><em>:</em></strong></span> <span class='ocrx_word' id='word_1_306' title='bbox 1684 2310 1730 2357; x_wconf 86' lang='lat' dir='ltr'><strong>et</strong></span> <span class='ocrx_word' id='word_1_307' title='bbox 1760 2318 1825 2356; x_wconf 74' lang='lat' dir='ltr'><strong>ex</strong></span> 
     </span>
    </p>
   </div>
   <div class='ocr_carea' id='block_1_38' title="bbox 213 2395 1825 2472">
    <p class='ocr_par' dir='ltr' id='par_1_38' title="bbox 213 2395 1825 2472">
     <span class='ocr_line' id='line_1_38' title="bbox 213 2395 1825 2472; baseline -0.004 -17"><span class='ocrx_word' id='word_1_308' title='bbox 213 2400 357 2455; x_wconf 67' lang='lat' dir='ltr'><strong>vobis</strong></span> <span class='ocrx_word' id='word_1_309' title='bbox 383 2399 514 2470; x_wconf 81' lang='lat' dir='ltr'><strong>ipsis</strong></span> <span class='ocrx_word' id='word_1_310' title='bbox 539 2407 852 2472; x_wconf 72' lang='lat' dir='ltr'><strong>consurgent</strong></span> <span class='ocrx_word' id='word_1_311' title='bbox 881 2397 977 2452; x_wconf 83' lang='lat' dir='ltr'><strong>viri</strong></span> <span class='ocrx_word' id='word_1_312' title='bbox 1003 2397 1269 2469; x_wconf 83' lang='lat' dir='ltr'><strong>loquentes</strong></span> <span class='ocrx_word' id='word_1_313' title='bbox 1290 2412 1554 2469; x_wconf 84' lang='lat' dir='ltr'><strong>perversa,</strong></span> <span class='ocrx_word' id='word_1_314' title='bbox 1581 2404 1637 2453; x_wconf 88' lang='lat' dir='ltr'><strong>ut</strong></span> <span class='ocrx_word' id='word_1_315' title='bbox 1661 2395 1825 2450; x_wconf 86' lang='lat' dir='ltr'><strong>abdu-</strong></span> 
     </span>
    </p>
   </div>
   <div class='ocr_carea' id='block_1_39' title="bbox 214 2488 1823 2561">
    <p class='ocr_par' dir='ltr' id='par_1_39' title="bbox 214 2488 1823 2561">
     <span class='ocr_line' id='line_1_39' title="bbox 214 2488 1823 2561; baseline -0.004 -11"><span class='ocrx_word' id='word_1_316' title='bbox 214 2502 337 2551; x_wconf 82' lang='lat' dir='ltr'><strong>cant</strong></span> <span class='ocrx_word' id='word_1_317' title='bbox 388 2490 683 2560; x_wconf 81' lang='lat' dir='ltr'><strong>discipulos</strong></span> <span class='ocrx_word' id='word_1_318' title='bbox 730 2499 847 2560; x_wconf 86' lang='lat' dir='ltr'><strong>post</strong></span> <span class='ocrx_word' id='word_1_319' title='bbox 894 2506 949 2545; x_wconf 87' lang='lat' dir='ltr'><strong>se</strong></span> <span class='ocrx_word' id='word_1_320' title='bbox 986 2488 1128 2561; x_wconf 82' lang='lat' dir='ltr'><strong>(Art.</strong></span> <span class='ocrx_word' id='word_1_321' title='bbox 1159 2505 1268 2555; x_wconf 87' lang='lat' dir='ltr'><strong>xx,</strong></span> <span class='ocrx_word' id='word_1_322' title='bbox 1310 2489 1406 2559; x_wconf 58' lang='lat' dir='ltr'><strong>Q9,</strong></span> <span class='ocrx_word' id='word_1_323' title='bbox 1442 2489 1554 2561; x_wconf 79' lang='lat'><strong>50).</strong></span> <span class='ocrx_word' id='word_1_324' title='bbox 1597 2489 1725 2545; x_wconf 53' lang='lat' dir='ltr'><strong>Huic</strong></span> <span class='ocrx_word' id='word_1_325' title='bbox 1768 2490 1823 2545; x_wconf 91' lang='lat' dir='ltr'><strong>in</strong></span> 
     </span>
    </p>
   </div>
   <div class='ocr_carea' id='block_1_40' title="bbox 217 2580 1819 2653">
    <p class='ocr_par' dir='ltr' id='par_1_40' title="bbox 217 2580 1819 2653">
     <span class='ocr_line' id='line_1_40' title="bbox 217 2580 1819 2653; baseline -0.004 -10"><span class='ocrx_word' id='word_1_326' title='bbox 217 2582 457 2643; x_wconf 90' lang='lat' dir='ltr'><strong>transitu</strong></span> <span class='ocrx_word' id='word_1_327' title='bbox 494 2581 639 2640; x_wconf 85' lang='lat' dir='ltr'><strong>dicta</strong></span> <span class='ocrx_word' id='word_1_328' title='bbox 668 2580 799 2649; x_wconf 86' lang='lat' dir='ltr'><strong>sint,</strong></span> <span class='ocrx_word' id='word_1_329' title='bbox 829 2581 921 2636; x_wconf 90' lang='lat' dir='ltr'><strong>ubi</strong></span> <span class='ocrx_word' id='word_1_330' title='bbox 958 2591 1015 2637; x_wconf 92' lang='lat' dir='ltr'><strong>et</strong></span> <span class='ocrx_word' id='word_1_331' title='bbox 1047 2581 1177 2636; x_wconf 89' lang='lat' dir='ltr'><strong>alibi</strong></span> <span class='ocrx_word' id='word_1_332' title='bbox 1223 2581 1449 2637; x_wconf 67' lang='lat' dir='ltr'><strong>haeresis</strong></span> <span class='ocrx_word' id='word_1_333' title='bbox 1487 2581 1819 2653; x_wconf 87' lang='lat' dir='ltr'><strong>appelletur.</strong></span> 
     </span>
    </p>
   </div>
   <div class='ocr_carea' id='block_1_41' title="bbox 213 2674 1819 2748">
    <p class='ocr_par' dir='ltr' id='par_1_41' title="bbox 213 2674 1819 2748">
     <span class='ocr_line' id='line_1_41' title="bbox 213 2674 1819 2748; baseline -0.004 -13"><span class='ocrx_word' id='word_1_334' title='bbox 213 2676 373 2735; x_wconf 89' lang='lat' dir='ltr'><strong>Nunc</strong></span> <span class='ocrx_word' id='word_1_335' title='bbox 400 2677 582 2748; x_wconf 89' lang='lat' dir='ltr'><strong>ipsum</strong></span> <span class='ocrx_word' id='word_1_336' title='bbox 609 2690 805 2735; x_wconf 85' lang='lat' dir='ltr'><strong>nomen</strong></span> <span class='ocrx_word' id='word_1_337' title='bbox 834 2675 1051 2731; x_wconf 89' lang='lat' dir='ltr'><strong>videtur</strong></span> <span class='ocrx_word' id='word_1_338' title='bbox 1075 2674 1395 2745; x_wconf 84' lang='lat' dir='ltr'><strong>plenissime</strong></span> <span class='ocrx_word' id='word_1_339' title='bbox 1423 2674 1819 2733; x_wconf 88' lang='lat' dir='ltr'><strong>ventilandum.</strong></span> 
     </span>
    </p>
   </div>
   <div class='ocr_carea' id='block_1_42' title="bbox 213 2766 1826 2837">
    <p class='ocr_par' dir='ltr' id='par_1_42' title="bbox 213 2766 1826 2837">
     <span class='ocr_line' id='line_1_42' title="bbox 213 2766 1826 2837; baseline -0.004 -7"><span class='ocrx_word' id='word_1_340' title='bbox 213 2770 456 2830; x_wconf 66' lang='lat' dir='ltr'><strong>Heresis</strong></span> <span class='ocrx_word' id='word_1_341' title='bbox 501 2769 695 2827; x_wconf 71' lang='lat' dir='ltr'><strong>Graece</strong></span> <span class='ocrx_word' id='word_1_342' title='bbox 731 2768 801 2825; x_wconf 85' lang='lat' dir='ltr'><strong>ab</strong></span> <span class='ocrx_word' id='word_1_343' title='bbox 828 2768 1100 2825; x_wconf 86' lang='lat' dir='ltr'><strong>electione</strong></span> <span class='ocrx_word' id='word_1_344' title='bbox 1145 2767 1377 2834; x_wconf 89' lang='lat' dir='ltr'><strong>dicitur,</strong></span> <span class='ocrx_word' id='word_1_345' title='bbox 1429 2767 1573 2837; x_wconf 89' lang='lat' dir='ltr'><strong>quod</strong></span> <span class='ocrx_word' id='word_1_346' title='bbox 1613 2766 1826 2823; x_wconf 88' lang='lat' dir='ltr'><strong>scilicet</strong></span> 
     </span>
    </p>
   </div>
   <div class='ocr_carea' id='block_1_43' title="bbox 214 2857 1824 2935">
    <p class='ocr_par' dir='ltr' id='par_1_43' title="bbox 214 2857 1824 2935">
     <span class='ocr_line' id='line_1_43' title="bbox 214 2857 1824 2935; baseline -0.006 -12"><span class='ocrx_word' id='word_1_347' title='bbox 214 2863 598 2935; x_wconf 85' lang='lat' dir='ltr'><strong>unusquisque</strong></span> <span class='ocrx_word' id='word_1_348' title='bbox 619 2862 671 2919; x_wconf 88' lang='lat' dir='ltr'><strong>id</strong></span> <span class='ocrx_word' id='word_1_349' title='bbox 702 2862 808 2918; x_wconf 87' lang='lat' dir='ltr'><strong>sibi</strong></span> <span class='ocrx_word' id='word_1_350' title='bbox 838 2861 1003 2932; x_wconf 82' lang='lat' dir='ltr'><strong>eligat</strong></span> <span class='ocrx_word' id='word_1_351' title='bbox 1030 2858 1176 2932; x_wconf 89' lang='lat' dir='ltr'><strong>quod</strong></span> <span class='ocrx_word' id='word_1_352' title='bbox 1197 2859 1246 2916; x_wconf 90' lang='lat' dir='ltr'><strong>ei</strong></span> <span class='ocrx_word' id='word_1_353' title='bbox 1276 2858 1471 2914; x_wconf 89' lang='lat' dir='ltr'><strong>melius</strong></span> <span class='ocrx_word' id='word_1_354' title='bbox 1496 2873 1620 2915; x_wconf 86' lang='lat' dir='ltr'><strong>esse</strong></span> <span class='ocrx_word' id='word_1_355' title='bbox 1641 2857 1824 2915; x_wconf 86' lang='lat' dir='ltr'><strong>videa-</strong></span> 
     </span>
    </p>
   </div>
   <div class='ocr_carea' id='block_1_44' title="bbox 215 2954 1826 3028">
    <p class='ocr_par' dir='ltr' id='par_1_44' title="bbox 215 2954 1826 3028">
     <span class='ocr_line' id='line_1_44' title="bbox 215 2954 1826 3028; baseline -0.002 -12"><span class='ocrx_word' id='word_1_356' title='bbox 215 2969 329 3016; x_wconf 89' lang='lat' dir='ltr'><strong>tur.</strong></span> <span class='ocrx_word' id='word_1_357' title='bbox 351 2957 673 3028; x_wconf 81' lang='lat' dir='ltr'><strong>Philosophi</strong></span> <span class='ocrx_word' id='word_1_358' title='bbox 712 2971 932 3028; x_wconf 90' lang='lat' dir='ltr'><strong>quoque</strong></span> <span class='ocrx_word' id='word_1_359' title='bbox 967 2954 1172 3021; x_wconf 90' lang='lat' dir='ltr'><strong>Stoici,</strong></span> <span class='ocrx_word' id='word_1_360' title='bbox 1204 2954 1583 3026; x_wconf 85' lang='lat' dir='ltr'><strong>Peripatetici,</strong></span> <span class='ocrx_word' id='word_1_361' title='bbox 1616 2955 1826 3012; x_wconf 82' lang='lat' dir='ltr'><strong>Acade-</strong></span> 
     </span>
    </p>
   </div>
   <div class='ocr_carea' id='block_1_45' title="bbox 213 3045 1821 3119">
    <p class='ocr_par' dir='ltr' id='par_1_45' title="bbox 213 3045 1821 3119">
     <span class='ocr_line' id='line_1_45' title="bbox 213 3045 1821 3119; baseline -0.004 -12"><span class='ocrx_word' id='word_1_362' title='bbox 213 3051 366 3119; x_wconf 89' lang='lat' dir='ltr'><strong>mici,</strong></span> <span class='ocrx_word' id='word_1_363' title='bbox 398 3047 682 3119; x_wconf 84' lang='lat' dir='ltr'><strong>Epicurei,</strong></span> <span class='ocrx_word' id='word_1_364' title='bbox 705 3046 852 3103; x_wconf 91' lang='lat' dir='ltr'><strong>illius</strong></span> <span class='ocrx_word' id='word_1_365' title='bbox 873 3047 960 3103; x_wconf 85' lang='lat' dir='ltr'><strong>vel</strong></span> <span class='ocrx_word' id='word_1_366' title='bbox 985 3047 1134 3102; x_wconf 90' lang='lat' dir='ltr'><strong>illius</strong></span> <span class='ocrx_word' id='word_1_367' title='bbox 1156 3045 1434 3102; x_wconf 72' lang='lat' dir='ltr'><strong>haereseos</strong></span> <span class='ocrx_word' id='word_1_368' title='bbox 1457 3045 1821 3116; x_wconf 87' lang='lat' dir='ltr'><strong>appellantur.</strong></span> 
     </span>
    </p>
   </div>
   <div class='ocr_carea' id='block_1_46' title="bbox 214 3136 1820 3213">
    <p class='ocr_par' dir='ltr' id='par_1_46' title="bbox 214 3136 1820 3213">
     <span class='ocr_line' id='line_1_46' title="bbox 214 3136 1820 3213; baseline -0.007 -10"><span class='ocrx_word' id='word_1_369' title='bbox 214 3142 562 3213; x_wconf 77' lang='lat' dir='ltr'><strong>Supetnuum</strong></span> <span class='ocrx_word' id='word_1_370' title='bbox 591 3149 679 3197; x_wconf 92' lang='lat' dir='ltr'><strong>est</strong></span> <span class='ocrx_word' id='word_1_371' title='bbox 723 3140 805 3197; x_wconf 92' lang='lat' dir='ltr'><strong>ire</strong></span> <span class='ocrx_word' id='word_1_372' title='bbox 835 3155 933 3211; x_wconf 92' lang='lat' dir='ltr'><strong>per</strong></span> <span class='ocrx_word' id='word_1_373' title='bbox 962 3138 1208 3210; x_wconf 86' lang='lat' dir='ltr'><strong>singula,</strong></span> <span class='ocrx_word' id='word_1_374' title='bbox 1240 3147 1297 3195; x_wconf 92' lang='lat' dir='ltr'><strong>et</strong></span> <span class='ocrx_word' id='word_1_375' title='bbox 1330 3137 1683 3205; x_wconf 78' lang='lat' dir='ltr'><strong>Marcionem,</strong></span> <span class='ocrx_word' id='word_1_376' title='bbox 1714 3136 1820 3192; x_wconf 82' lang='lat' dir='ltr'><strong>Va-</strong></span> 
     </span>
    </p>
   </div>
   <div class='ocr_carea' id='block_1_47' title="bbox 1931 1934 3536 2010">
    <p class='ocr_par' dir='ltr' id='par_1_47' title="bbox 1931 1934 3536 2010">
     <span class='ocr_line' id='line_1_47' title="bbox 1931 1934 3536 2010; baseline -0.004 -17"><span class='ocrx_word' id='word_1_377' title='bbox 1931 1946 1983 1993; x_wconf 86' lang='lat' dir='ltr'><strong>et</strong></span> <span class='ocrx_word' id='word_1_378' title='bbox 2021 1938 2300 1992; x_wconf 87' lang='lat' dir='ltr'><strong>constituas</strong></span> <span class='ocrx_word' id='word_1_379' title='bbox 2345 1954 2437 2006; x_wconf 81' lang='lat' dir='ltr'><strong>per</strong></span> <span class='ocrx_word' id='word_1_380' title='bbox 2462 1937 2694 1992; x_wconf 79' lang='lat' dir='ltr'><strong>civitates</strong></span> <span class='ocrx_word' id='word_1_381' title='bbox 2740 1937 3102 2010; x_wconf 75' lang='lat' dir='ltr'><strong>presbyteros,</strong></span> <span class='ocrx_word' id='word_1_382' title='bbox 3132 1937 3267 1990; x_wconf 85' lang='lat' dir='ltr'><strong>sicut</strong></span> <span class='ocrx_word' id='word_1_383' title='bbox 3307 1952 3400 2009; x_wconf 84' lang='lat' dir='ltr'><strong>ego</strong></span> <span class='ocrx_word' id='word_1_384' title='bbox 3443 1934 3536 1988; x_wconf 86' lang='lat' dir='ltr'><strong>tibi</strong></span> 
     </span>
    </p>
   </div>
   <div class='ocr_carea' id='block_1_48' title="bbox 1933 2027 3537 2107">
    <p class='ocr_par' dir='ltr' id='par_1_48' title="bbox 1933 2027 3537 2107">
     <span class='ocr_line' id='line_1_48' title="bbox 1933 2027 3537 2107; baseline -0.001 -23"><span class='ocrx_word' id='word_1_385' title='bbox 1933 2029 2184 2101; x_wconf 84' lang='lat' dir='ltr'><strong>disposui.</strong></span> <span class='ocrx_word' id='word_1_386' title='bbox 2212 2028 2284 2087; x_wconf 87' lang='lat' dir='ltr'><strong>Ut</strong></span> <span class='ocrx_word' id='word_1_387' title='bbox 2320 2030 2446 2107; x_wconf 87' lang='lat' dir='ltr'><strong>quia</strong></span> <span class='ocrx_word' id='word_1_388' title='bbox 2485 2027 2785 2086; x_wconf 87' lang='lat' dir='ltr'><strong>Cretenses</strong></span> <span class='ocrx_word' id='word_1_389' title='bbox 2823 2045 2999 2101; x_wconf 89' lang='lat' dir='ltr'><strong>nuper</strong></span> <span class='ocrx_word' id='word_1_390' title='bbox 3028 2027 3413 2095; x_wconf 85' lang='lat' dir='ltr'><strong>crediderant,</strong></span> <span class='ocrx_word' id='word_1_391' title='bbox 3449 2042 3537 2083; x_wconf 86' lang='lat' dir='ltr'><strong>re-</strong></span> 
     </span>
    </p>
   </div>
   <div class='ocr_carea' id='block_1_49' title="bbox 1930 2122 3531 2199">
    <p class='ocr_par' dir='ltr' id='par_1_49' title="bbox 1930 2122 3531 2199">
     <span class='ocr_line' id='line_1_49' title="bbox 1930 2122 3531 2199; baseline -0.001 -23"><span class='ocrx_word' id='word_1_392' title='bbox 1930 2122 2163 2177; x_wconf 90' lang='lat' dir='ltr'><strong>cedente</strong></span> <span class='ocrx_word' id='word_1_393' title='bbox 2186 2122 2379 2190; x_wconf 84' lang='lat' dir='ltr'><strong>Paulo,</strong></span> <span class='ocrx_word' id='word_1_394' title='bbox 2410 2131 2468 2179; x_wconf 90' lang='lat' dir='ltr'><strong>et</strong></span> <span class='ocrx_word' id='word_1_395' title='bbox 2488 2122 2556 2177; x_wconf 90' lang='lat' dir='ltr'><strong>ad</strong></span> <span class='ocrx_word' id='word_1_396' title='bbox 2579 2122 2715 2178; x_wconf 90' lang='lat' dir='ltr'><strong>alias</strong></span> <span class='ocrx_word' id='word_1_397' title='bbox 2737 2122 3013 2199; x_wconf 73' lang='lat' dir='ltr'><strong>Ecclesiae</strong></span> <span class='ocrx_word' id='word_1_398' title='bbox 3046 2131 3390 2199; x_wconf 79' lang='lat' dir='ltr'><strong>transeunte,</strong></span> <span class='ocrx_word' id='word_1_399' title='bbox 3421 2135 3531 2175; x_wconf 89' lang='lat' dir='ltr'><strong>non</strong></span> 
     </span>
    </p>
   </div>
   <div class='ocr_carea' id='block_1_50' title="bbox 1930 2198 3535 2287">
    <p class='ocr_par' dir='ltr' id='par_1_50' title="bbox 1930 2198 3535 2287">
     <span class='ocr_line' id='line_1_50' title="bbox 1930 2198 3535 2287; baseline -0.001 -18"><span class='ocrx_word' id='word_1_400' title='bbox 1930 2212 2341 2269; x_wconf 87' lang='lat' dir='ltr'><strong>dimitterentur</strong></span> <span class='ocrx_word' id='word_1_401' title='bbox 2388 2214 2622 2287; x_wconf 88' lang='lat' dir='ltr'><strong>orphani</strong></span> <span class='ocrx_word' id='word_1_402' title='bbox 2674 2232 2688 2267; x_wconf 89' lang='lat'><strong>:</strong></span> <span class='ocrx_word' id='word_1_403' title='bbox 2720 2198 2819 2277; x_wconf 82' lang='lat' dir='ltr'><strong>sed</strong></span> <span class='ocrx_word' id='word_1_404' title='bbox 2859 2198 3133 2277; x_wconf 78' lang='lat' dir='ltr'><strong>haberent</strong></span> <span class='ocrx_word' id='word_1_405' title='bbox 3170 2213 3535 2287; x_wconf 80' lang='lat' dir='ltr'><strong>apostolicum</strong></span> 
     </span>
    </p>
   </div>
   <div class='ocr_carea' id='block_1_51' title="bbox 1931 2290 3528 2375">
    <p class='ocr_par' dir='ltr' id='par_1_51' title="bbox 1931 2290 3528 2375">
     <span class='ocr_line' id='line_1_51' title="bbox 1931 2290 3528 2375; baseline 0.002 -17"><span class='ocrx_word' id='word_1_406' title='bbox 1931 2303 2146 2372; x_wconf 90' lang='lat' dir='ltr'><strong>virum,</strong></span> <span class='ocrx_word' id='word_1_407' title='bbox 2194 2303 2287 2375; x_wconf 84' lang='lat' dir='ltr'><strong>qui</strong></span> <span class='ocrx_word' id='word_1_408' title='bbox 2331 2319 2394 2369; x_wconf 83' lang='lat' dir='ltr'><strong>ea</strong></span> <span class='ocrx_word' id='word_1_409' title='bbox 2422 2320 2544 2375; x_wconf 79' lang='lat' dir='ltr'><strong>quae</strong></span> <span class='ocrx_word' id='word_1_410' title='bbox 2571 2303 2911 2371; x_wconf 83' lang='lat' dir='ltr'><strong>videbantur</strong></span> <span class='ocrx_word' id='word_1_411' title='bbox 2938 2290 3165 2373; x_wconf 78' lang='lat' dir='ltr'><strong>deesse,</strong></span> <span class='ocrx_word' id='word_1_412' title='bbox 3205 2304 3528 2375; x_wconf 77' lang='lat' dir='ltr'><strong>corrigeret.</strong></span> 
     </span>
    </p>
   </div>
   <div class='ocr_carea' id='block_1_52' title="bbox 1931 2397 3534 2471">
    <p class='ocr_par' dir='ltr' id='par_1_52' title="bbox 1931 2397 3534 2471">
     <span class='ocr_line' id='line_1_52' title="bbox 1931 2397 3534 2471; baseline 0.001 -18"><span class='ocrx_word' id='word_1_413' title='bbox 1931 2398 2067 2471; x_wconf 79' lang='lat' dir='ltr'><strong>Quia</strong></span> <span class='ocrx_word' id='word_1_414' title='bbox 2099 2414 2232 2470; x_wconf 84' lang='lat' dir='ltr'><strong>ergo</strong></span> <span class='ocrx_word' id='word_1_415' title='bbox 2272 2409 2396 2468; x_wconf 89' lang='lat' dir='ltr'><strong>post</strong></span> <span class='ocrx_word' id='word_1_416' title='bbox 2436 2398 2850 2457; x_wconf 80' lang='lat' dir='ltr'><strong>fundamentum</strong></span> <span class='ocrx_word' id='word_1_417' title='bbox 2892 2397 3127 2455; x_wconf 86' lang='lat' dir='ltr'><strong>aliarum</strong></span> <span class='ocrx_word' id='word_1_418' title='bbox 3167 2397 3534 2455; x_wconf 70' lang='lat' dir='ltr'><strong>Et-clesiarum</strong></span> 
     </span>
    </p>
   </div>
   <div class='ocr_carea' id='block_1_53' title="bbox 1932 2490 3524 2567">
    <p class='ocr_par' dir='ltr' id='par_1_53' title="bbox 1932 2490 3524 2567">
     <span class='ocr_line' id='line_1_53' title="bbox 1932 2490 3524 2567; baseline -0.003 -20"><span class='ocrx_word' id='word_1_419' title='bbox 1932 2490 2276 2551; x_wconf 86' lang='lat' dir='ltr'><strong>necessarius</strong></span> <span class='ocrx_word' id='word_1_420' title='bbox 2300 2500 2422 2548; x_wconf 88' lang='lat' dir='ltr'><strong>erat</strong></span> <span class='ocrx_word' id='word_1_421' title='bbox 2449 2491 2624 2559; x_wconf 88' lang='lat' dir='ltr'><strong>Titus,</strong></span> <span class='ocrx_word' id='word_1_422' title='bbox 2653 2491 2745 2562; x_wconf 90' lang='lat' dir='ltr'><strong>qui</strong></span> <span class='ocrx_word' id='word_1_423' title='bbox 2774 2490 3065 2559; x_wconf 67' lang='lat' dir='ltr'><strong>aedilicium</strong></span> <span class='ocrx_word' id='word_1_424' title='bbox 3093 2497 3524 2567; x_wconf 75' lang='lat' dir='ltr'><strong>supersuueret,</strong></span> 
     </span>
    </p>
   </div>
   <div class='ocr_carea' id='block_1_54' title="bbox 1929 2580 3536 2661">
    <p class='ocr_par' dir='ltr' id='par_1_54' title="bbox 1929 2580 3536 2661">
     <span class='ocr_line' id='line_1_54' title="bbox 1929 2580 3536 2661; baseline -0.002 -22"><span class='ocrx_word' id='word_1_425' title='bbox 1929 2583 2122 2639; x_wconf 83' lang='lat' dir='ltr'><strong>scribit</strong></span> <span class='ocrx_word' id='word_1_426' title='bbox 2151 2584 2236 2653; x_wconf 90' lang='lat' dir='ltr'><strong>ei,</strong></span> <span class='ocrx_word' id='word_1_427' title='bbox 2273 2592 2332 2639; x_wconf 89' lang='lat' dir='ltr'><strong>ut</strong></span> <span class='ocrx_word' id='word_1_428' title='bbox 2369 2598 2491 2641; x_wconf 91' lang='lat' dir='ltr'><strong>cum</strong></span> <span class='ocrx_word' id='word_1_429' title='bbox 2538 2584 2802 2640; x_wconf 81' lang='lat' dir='ltr'><strong>Arteman</strong></span> <span class='ocrx_word' id='word_1_430' title='bbox 2829 2583 2917 2639; x_wconf 90' lang='lat' dir='ltr'><strong>vel</strong></span> <span class='ocrx_word' id='word_1_431' title='bbox 2964 2580 3262 2661; x_wconf 81' lang='lat' dir='ltr'><strong>Tychicum</strong></span> <span class='ocrx_word' id='word_1_432' title='bbox 3290 2625 3304 2649; x_wconf 94' lang='lat'><strong>,</strong></span> <span class='ocrx_word' id='word_1_433' title='bbox 3363 2596 3536 2639; x_wconf 87' lang='lat' dir='ltr'><strong>unum</strong></span> 
     </span>
    </p>
   </div>
   <div class='ocr_carea' id='block_1_55' title="bbox 1929 2677 3537 2752">
    <p class='ocr_par' dir='ltr' id='par_1_55' title="bbox 1929 2677 3537 2752">
     <span class='ocr_line' id='line_1_55' title="bbox 1929 2677 3537 2752; baseline -0.001 -17"><span class='ocrx_word' id='word_1_434' title='bbox 1929 2678 2141 2743; x_wconf 85' lang='lat' dir='ltr'><strong>scilicet</strong></span> <span class='ocrx_word' id='word_1_435' title='bbox 2159 2678 2419 2736; x_wconf 88' lang='lat' dir='ltr'><strong>eduobus</strong></span> <span class='ocrx_word' id='word_1_436' title='bbox 2440 2679 2532 2752; x_wconf 90' lang='lat' dir='ltr'><strong>qui</strong></span> <span class='ocrx_word' id='word_1_437' title='bbox 2556 2693 2744 2735; x_wconf 86' lang='lat' dir='ltr'><strong>secum</strong></span> <span class='ocrx_word' id='word_1_438' title='bbox 2764 2677 3003 2742; x_wconf 85' lang='lat' dir='ltr'><strong>fuerant,</strong></span> <span class='ocrx_word' id='word_1_439' title='bbox 3025 2677 3245 2739; x_wconf 80' lang='lat' dir='ltr'><strong>Cretam</strong></span> <span class='ocrx_word' id='word_1_440' title='bbox 3268 2677 3537 2741; x_wconf 81' lang='lat' dir='ltr'><strong>misisset,</strong></span> 
     </span>
    </p>
   </div>
   <div class='ocr_carea' id='block_1_56' title="bbox 1930 2770 3535 2845">
    <p class='ocr_par' dir='ltr' id='par_1_56' title="bbox 1930 2770 3535 2845">
     <span class='ocr_line' id='line_1_56' title="bbox 1930 2770 3535 2845; baseline -0.001 -17"><span class='ocrx_word' id='word_1_441' title='bbox 1930 2771 2257 2844; x_wconf 89' lang='lat' dir='ltr'><strong>impleturus</strong></span> <span class='ocrx_word' id='word_1_442' title='bbox 2278 2771 2388 2844; x_wconf 80' lang='lat' dir='ltr'><strong>[AL</strong></span> <span class='ocrx_word' id='word_1_443' title='bbox 2414 2771 2787 2845; x_wconf 88' lang='lat' dir='ltr'><strong>impleturum]</strong></span> <span class='ocrx_word' id='word_1_444' title='bbox 2800 2771 2977 2829; x_wconf 89' lang='lat' dir='ltr'><strong>locum</strong></span> <span class='ocrx_word' id='word_1_445' title='bbox 2988 2770 3137 2842; x_wconf 86' lang='lat' dir='ltr'><strong>ejus:</strong></span> <span class='ocrx_word' id='word_1_446' title='bbox 3162 2772 3279 2842; x_wconf 91' lang='lat' dir='ltr'><strong>ipse</strong></span> <span class='ocrx_word' id='word_1_447' title='bbox 3298 2770 3535 2842; x_wconf 86' lang='lat' dir='ltr'><strong>Nicopo-</strong></span> 
     </span>
    </p>
   </div>
   <div class='ocr_carea' id='block_1_57' title="bbox 1930 2863 3537 2934">
    <p class='ocr_par' dir='ltr' id='par_1_57' title="bbox 1930 2863 3537 2934">
     <span class='ocr_line' id='line_1_57' title="bbox 1930 2863 3537 2934; baseline -0.001 -14"><span class='ocrx_word' id='word_1_448' title='bbox 1930 2864 2026 2929; x_wconf 84' lang='lat' dir='ltr'><strong>lim</strong></span> <span class='ocrx_word' id='word_1_449' title='bbox 2045 2866 2286 2933; x_wconf 89' lang='lat' dir='ltr'><strong>veniret,</strong></span> <span class='ocrx_word' id='word_1_450' title='bbox 2304 2865 2375 2922; x_wconf 89' lang='lat' dir='ltr'><strong>ibi</strong></span> <span class='ocrx_word' id='word_1_451' title='bbox 2390 2879 2449 2921; x_wconf 90' lang='lat' dir='ltr'><strong>se</strong></span> <span class='ocrx_word' id='word_1_452' title='bbox 2462 2864 2826 2923; x_wconf 88' lang='lat' dir='ltr'><strong>hiematurum</strong></span> <span class='ocrx_word' id='word_1_453' title='bbox 2839 2880 2964 2922; x_wconf 89' lang='lat' dir='ltr'><strong>esse</strong></span> <span class='ocrx_word' id='word_1_454' title='bbox 2976 2874 3312 2923; x_wconf 81' lang='lat' dir='ltr'><strong>centestans.</strong></span> <span class='ocrx_word' id='word_1_455' title='bbox 3330 2863 3409 2923; x_wconf 83' lang='lat' dir='ltr'><strong>Ex</strong></span> <span class='ocrx_word' id='word_1_456' title='bbox 3428 2878 3537 2934; x_wconf 83' lang='lat' dir='ltr'><strong>quo</strong></span> 
     </span>
    </p>
   </div>
   <div class='ocr_carea' id='block_1_58' title="bbox 1928 2955 3534 3032">
    <p class='ocr_par' dir='ltr' id='par_1_58' title="bbox 1928 2955 3534 3032">
     <span class='ocr_line' id='line_1_58' title="bbox 1928 2955 3534 3032; baseline -0.002 -17"><span class='ocrx_word' id='word_1_457' title='bbox 1928 2969 2189 3031; x_wconf 90' lang='lat' dir='ltr'><strong>paternos</strong></span> <span class='ocrx_word' id='word_1_458' title='bbox 2210 2957 2365 3016; x_wconf 82' lang='lat' dir='ltr'><strong>Pauli</strong></span> <span class='ocrx_word' id='word_1_459' title='bbox 2385 2958 2437 3013; x_wconf 90' lang='lat' dir='ltr'><strong>in</strong></span> <span class='ocrx_word' id='word_1_460' title='bbox 2449 2955 2739 3015; x_wconf 84' lang='lat' dir='ltr'><strong>Cretenses</strong></span> <span class='ocrx_word' id='word_1_461' title='bbox 2759 2958 3055 3030; x_wconf 83' lang='lat' dir='ltr'><strong>probamus</strong></span> <span class='ocrx_word' id='word_1_462' title='bbox 3079 2957 3188 3032; x_wconf 82' lang='grc' dir='ltr'><strong>[ΑΙ.</strong></span> <span class='ocrx_word' id='word_1_463' title='bbox 3213 2957 3534 3030; x_wconf 88' lang='lat' dir='ltr'><strong>probemus]</strong></span> 
     </span>
    </p>
   </div>
   <div class='ocr_carea' id='block_1_59' title="bbox 1929 3049 3537 3123">
    <p class='ocr_par' dir='ltr' id='par_1_59' title="bbox 1929 3049 3537 3123">
     <span class='ocr_line' id='line_1_59' title="bbox 1929 3049 3537 3123; baseline -0.001 -16"><span class='ocrx_word' id='word_1_464' title='bbox 1929 3051 2180 3109; x_wconf 68' lang='lat' dir='ltr'><strong>allectus.</strong></span> <span class='ocrx_word' id='word_1_465' title='bbox 2212 3049 2598 3107; x_wconf 84' lang='lat' dir='ltr'><strong>Necessarium</strong></span> <span class='ocrx_word' id='word_1_466' title='bbox 2627 3049 2797 3108; x_wconf 85' lang='lat' dir='ltr'><strong>habet</strong></span> <span class='ocrx_word' id='word_1_467' title='bbox 2824 3050 3007 3111; x_wconf 85' lang='lat' dir='ltr'><strong>Titum</strong></span> <span class='ocrx_word' id='word_1_468' title='bbox 3038 3052 3091 3106; x_wconf 89' lang='lat' dir='ltr'><strong>in</strong></span> <span class='ocrx_word' id='word_1_469' title='bbox 3126 3050 3407 3123; x_wconf 81' lang='lat' dir='ltr'><strong>Evangelii</strong></span> <span class='ocrx_word' id='word_1_470' title='bbox 3433 3049 3537 3105; x_wconf 91' lang='lat' dir='ltr'><strong>mi-</strong></span> 
     </span>
    </p>
   </div>
   <div class='ocr_carea' id='block_1_60' title="bbox 1930 3143 3535 3207">
    <p class='ocr_par' dir='ltr' id='par_1_60' title="bbox 1930 3143 3535 3207">
     <span class='ocr_line' id='line_1_60' title="bbox 1930 3143 3535 3207; baseline -0.001 -4"><span class='ocrx_word' id='word_1_471' title='bbox 1930 3146 2224 3203; x_wconf 86' lang='lat' dir='ltr'><strong>nisterium</strong></span> <span class='ocrx_word' id='word_1_472' title='bbox 2251 3163 2264 3200; x_wconf 91' lang='lat'><strong>:</strong></span> <span class='ocrx_word' id='word_1_473' title='bbox 2295 3153 2478 3203; x_wconf 88' lang='lat' dir='ltr'><strong>tamen</strong></span> <span class='ocrx_word' id='word_1_474' title='bbox 2508 3159 2619 3199; x_wconf 91' lang='lat' dir='ltr'><strong>non</strong></span> <span class='ocrx_word' id='word_1_475' title='bbox 2651 3158 2776 3201; x_wconf 91' lang='lat' dir='ltr'><strong>eum</strong></span> <span class='ocrx_word' id='word_1_476' title='bbox 2816 3153 2947 3201; x_wconf 83' lang='lat' dir='ltr'><strong>ante</strong></span> <span class='ocrx_word' id='word_1_477' title='bbox 2967 3143 3037 3199; x_wconf 93' lang='lat' dir='ltr'><strong>ad</strong></span> <span class='ocrx_word' id='word_1_478' title='bbox 3066 3159 3126 3201; x_wconf 90' lang='lat' dir='ltr'><strong>se</strong></span> <span class='ocrx_word' id='word_1_479' title='bbox 3162 3144 3281 3201; x_wconf 88' lang='lat' dir='ltr'><strong>vult</strong></span> <span class='ocrx_word' id='word_1_480' title='bbox 3310 3143 3535 3207; x_wconf 88' lang='lat' dir='ltr'><strong>venire,</strong></span> 
     </span>
    </p>
   </div>
   <div class='ocr_carea' id='block_1_61' title="bbox 218 3229 3529 3309">
    <p class='ocr_par' dir='ltr' id='par_1_61' title="bbox 218 3229 3529 3309">
     <span class='ocr_line' id='line_1_61' title="bbox 218 3229 3529 3309; baseline 0 -13"><span class='ocrx_word' id='word_1_481' title='bbox 218 3237 516 3302; x_wconf 89' lang='lat' dir='ltr'><strong>lentinum,</strong></span> <span class='ocrx_word' id='word_1_482' title='bbox 545 3234 819 3307; x_wconf 81' lang='lat' dir='ltr'><strong>Apellem,</strong></span> <span class='ocrx_word' id='word_1_483' title='bbox 855 3232 1154 3302; x_wconf 87' lang='lat' dir='ltr'><strong>Ebionem,</strong></span> <span class='ocrx_word' id='word_1_484' title='bbox 1177 3231 1526 3296; x_wconf 69' lang='lat' dir='ltr'><strong>Montanum,</strong></span> <span class='ocrx_word' id='word_1_485' title='bbox 1561 3240 1619 3287; x_wconf 87' lang='lat' dir='ltr'><strong>et</strong></span> <span class='ocrx_word' id='word_1_486' title='bbox 1653 3229 1827 3287; x_wconf 76' lang='lat' dir='ltr'><strong>Mani-</strong></span> <span class='ocrx_word' id='word_1_487' title='bbox 1851 3245 1897 3308; x_wconf 75' lang='grc' dir='ltr'>ο</span> <span class='ocrx_word' id='word_1_488' title='bbox 1930 3238 2041 3295; x_wconf 87' lang='lat' dir='ltr'><strong>nisi</strong></span> <span class='ocrx_word' id='word_1_489' title='bbox 2071 3240 2126 3295; x_wconf 91' lang='lat' dir='ltr'><strong>in</strong></span> <span class='ocrx_word' id='word_1_490' title='bbox 2148 3238 2331 3297; x_wconf 89' lang='lat' dir='ltr'><strong>locum</strong></span> <span class='ocrx_word' id='word_1_491' title='bbox 2361 3238 2481 3309; x_wconf 81' lang='lat' dir='ltr'><strong>ejus</strong></span> <span class='ocrx_word' id='word_1_492' title='bbox 2511 3237 2791 3305; x_wconf 83' lang='lat' dir='ltr'><strong>Artemas,</strong></span> <span class='ocrx_word' id='word_1_493' title='bbox 2822 3237 2913 3293; x_wconf 87' lang='lat' dir='ltr'><strong>vel</strong></span> <span class='ocrx_word' id='word_1_494' title='bbox 2941 3236 3212 3307; x_wconf 82' lang='lat' dir='ltr'><strong>Tychicus</strong></span> <span class='ocrx_word' id='word_1_495' title='bbox 3239 3250 3529 3299; x_wconf 78' lang='lat' dir='ltr'><strong>successor</strong></span> 
     </span>
    </p>
   </div>
   <div class='ocr_carea' id='block_1_62' title="bbox 212 3325 1823 3397">
    <p class='ocr_par' dir='ltr' id='par_1_62' title="bbox 212 3325 1823 3397">
     <span class='ocr_line' id='line_1_62' title="bbox 212 3325 1823 3397; baseline -0.006 -8"><span class='ocrx_word' id='word_1_496' title='bbox 212 3332 428 3389; x_wconf 72' lang='lat' dir='ltr'><strong>chaeum</strong></span> <span class='ocrx_word' id='word_1_497' title='bbox 454 3346 579 3386; x_wconf 89' lang='lat' dir='ltr'><strong>cum</strong></span> <span class='ocrx_word' id='word_1_498' title='bbox 615 3329 729 3387; x_wconf 84' lang='lat' dir='ltr'><strong>suis</strong></span> <span class='ocrx_word' id='word_1_499' title='bbox 756 3342 1082 3385; x_wconf 87' lang='lat' dir='ltr'><strong>enumerare</strong></span> <span class='ocrx_word' id='word_1_500' title='bbox 1119 3325 1466 3397; x_wconf 84' lang='lat' dir='ltr'><strong>dogmatibus</strong></span> <span class='ocrx_word' id='word_1_501' title='bbox 1496 3342 1511 3379; x_wconf 89' lang='lat'><strong>:</strong></span> <span class='ocrx_word' id='word_1_502' title='bbox 1542 3339 1666 3381; x_wconf 89' lang='lat' dir='ltr'><strong>cum</strong></span> <span class='ocrx_word' id='word_1_503' title='bbox 1695 3340 1823 3396; x_wconf 86' lang='lat' dir='ltr'><strong>per-</strong></span> 
     </span>
    </p>
   </div>
   <div class='ocr_carea' id='block_1_63' title="bbox 210 3417 1825 3495">
    <p class='ocr_par' dir='ltr' id='par_1_63' title="bbox 210 3417 1825 3495">
     <span class='ocr_line' id='line_1_63' title="bbox 210 3417 1825 3495; baseline -0.004 -11"><span class='ocrx_word' id='word_1_504' title='bbox 210 3426 374 3484; x_wconf 81' lang='lat' dir='ltr'><strong>lacile</strong></span> <span class='ocrx_word' id='word_1_505' title='bbox 421 3424 497 3482; x_wconf 89' lang='lat' dir='ltr'><strong>sit</strong></span> <span class='ocrx_word' id='word_1_506' title='bbox 552 3423 850 3495; x_wconf 87' lang='lat' dir='ltr'><strong>unicuique</strong></span> <span class='ocrx_word' id='word_1_507' title='bbox 878 3437 1216 3493; x_wconf 83' lang='lat' dir='ltr'><strong>cognoscere</strong></span> <span class='ocrx_word' id='word_1_508' title='bbox 1255 3420 1453 3493; x_wconf 88' lang='lat' dir='ltr'><strong>quibus</strong></span> <span class='ocrx_word' id='word_1_509' title='bbox 1490 3417 1692 3491; x_wconf 89' lang='lat' dir='ltr'><strong>singuli</strong></span> <span class='ocrx_word' id='word_1_510' title='bbox 1724 3417 1825 3477; x_wconf 82' lang='lat' dir='ltr'><strong>du-</strong></span> 
     </span>
    </p>
   </div>
   <div class='ocr_carea' id='block_1_64' title="bbox 211 3514 1825 3579">
    <p class='ocr_par' dir='ltr' id='par_1_64' title="bbox 211 3514 1825 3579">
     <span class='ocr_line' id='line_1_64' title="bbox 211 3514 1825 3579; baseline -0.007 -1"><span class='ocrx_word' id='word_1_511' title='bbox 211 3529 415 3578; x_wconf 83' lang='lat' dir='ltr'><strong>cantur</strong></span> <span class='ocrx_word' id='word_1_512' title='bbox 432 3517 743 3577; x_wconf 89' lang='lat' dir='ltr'><strong>erroribus.</strong></span> <span class='ocrx_word' id='word_1_513' title='bbox 764 3516 931 3577; x_wconf 74' lang='lat' dir='ltr'><strong>Arius</strong></span> <span class='ocrx_word' id='word_1_514' title='bbox 951 3524 1010 3572; x_wconf 90' lang='lat' dir='ltr'><strong>et</strong></span> <span class='ocrx_word' id='word_1_515' title='bbox 1028 3514 1353 3579; x_wconf 86' lang='lat' dir='ltr'><strong>Eunomius,</strong></span> <span class='ocrx_word' id='word_1_516' title='bbox 1376 3523 1433 3571; x_wconf 90' lang='lat' dir='ltr'><strong>et</strong></span> <span class='ocrx_word' id='word_1_517' title='bbox 1457 3526 1612 3569; x_wconf 71' lang='lat' dir='ltr'><strong>novae</strong></span> <span class='ocrx_word' id='word_1_518' title='bbox 1634 3519 1825 3569; x_wconf 90' lang='lat' dir='ltr'><strong>auctor</strong></span> 
     </span>
    </p>
   </div>
   <div class='ocr_carea' id='block_1_65' title="bbox 212 3605 1825 3677">
    <p class='ocr_par' dir='ltr' id='par_1_65' title="bbox 212 3605 1825 3677">
     <span class='ocr_line' id='line_1_65' title="bbox 212 3605 1825 3677; baseline -0.007 -5"><span class='ocrx_word' id='word_1_519' title='bbox 212 3615 522 3677; x_wconf 82' lang='lat' dir='ltr'><strong>haereseos,</strong></span> <span class='ocrx_word' id='word_1_520' title='bbox 552 3614 765 3670; x_wconf 88' lang='lat' dir='ltr'><strong>utinam</strong></span> <span class='ocrx_word' id='word_1_521' title='bbox 798 3619 911 3667; x_wconf 86' lang='lat' dir='ltr'><strong>tam</strong></span> <span class='ocrx_word' id='word_1_522' title='bbox 941 3611 1063 3667; x_wconf 91' lang='lat' dir='ltr'><strong>noti</strong></span> <span class='ocrx_word' id='word_1_523' title='bbox 1081 3625 1193 3669; x_wconf 89' lang='lat' dir='ltr'><strong>non</strong></span> <span class='ocrx_word' id='word_1_524' title='bbox 1222 3618 1431 3677; x_wconf 83' lang='lat' dir='ltr'><strong>essent,</strong></span> <span class='ocrx_word' id='word_1_525' title='bbox 1456 3608 1635 3664; x_wconf 90' lang='lat' dir='ltr'><strong>minus</strong></span> <span class='ocrx_word' id='word_1_526' title='bbox 1662 3605 1825 3662; x_wconf 89' lang='lat' dir='ltr'><strong>forsi-</strong></span> 
     </span>
    </p>
   </div>
   <div class='ocr_carea' id='block_1_66' title="bbox 214 3699 1821 3783">
    <p class='ocr_par' dir='ltr' id='par_1_66' title="bbox 214 3699 1821 3783">
     <span class='ocr_line' id='line_1_66' title="bbox 214 3699 1821 3783; baseline -0.007 -16"><span class='ocrx_word' id='word_1_527' title='bbox 214 3716 306 3767; x_wconf 85' lang='lat' dir='ltr'><strong>tan</strong></span> <span class='ocrx_word' id='word_1_528' title='bbox 325 3706 595 3782; x_wconf 89' lang='lat' dir='ltr'><strong>plurimos</strong></span> <span class='ocrx_word' id='word_1_529' title='bbox 610 3704 986 3783; x_wconf 78' lang='lat' dir='ltr'><strong>decepissentl</strong></span> <span class='ocrx_word' id='word_1_530' title='bbox 1010 3702 1341 3769; x_wconf 60' lang='lat' dir='ltr'><strong>Hareticum</strong></span> <span class='ocrx_word' id='word_1_531' title='bbox 1360 3701 1527 3771; x_wconf 82' lang='lat' dir='ltr'><strong>igitur</strong></span> <span class='ocrx_word' id='word_1_532' title='bbox 1540 3699 1821 3757; x_wconf 89' lang='lat' dir='ltr'><strong>hominem</strong></span> 
     </span>
    </p>
   </div>
   <div class='ocr_carea' id='block_1_67' title="bbox 215 3791 1824 3874">
    <p class='ocr_par' dir='ltr' id='par_1_67' title="bbox 215 3791 1824 3874">
     <span class='ocr_line' id='line_1_67' title="bbox 215 3791 1824 3874; baseline -0.008 -16"><span class='ocrx_word' id='word_1_533' title='bbox 215 3811 339 3874; x_wconf 84' lang='lat' dir='ltr'><strong>post</strong></span> <span class='ocrx_word' id='word_1_534' title='bbox 369 3815 535 3857; x_wconf 87' lang='lat' dir='ltr'><strong>unam</strong></span> <span class='ocrx_word' id='word_1_535' title='bbox 568 3796 973 3867; x_wconf 80' lang='lat' dir='ltr'><strong>correptionem</strong></span> <span class='ocrx_word' id='word_1_536' title='bbox 1000 3834 1017 3861; x_wconf 91' lang='lat'><strong>,</strong></span> <span class='ocrx_word' id='word_1_537' title='bbox 1062 3795 1184 3850; x_wconf 88' lang='lat' dir='ltr'><strong>sive</strong></span> <span class='ocrx_word' id='word_1_538' title='bbox 1222 3801 1283 3849; x_wconf 91' lang='lat' dir='ltr'><strong>ut</strong></span> <span class='ocrx_word' id='word_1_539' title='bbox 1312 3793 1367 3847; x_wconf 90' lang='lat' dir='ltr'><strong>in</strong></span> <span class='ocrx_word' id='word_1_540' title='bbox 1394 3792 1588 3848; x_wconf 65' lang='lat' dir='ltr'><strong>Graeco</strong></span> <span class='ocrx_word' id='word_1_541' title='bbox 1628 3791 1824 3847; x_wconf 88' lang='lat' dir='ltr'><strong>melius</strong></span> 
     </span>
    </p>
   </div>
   <div class='ocr_carea' id='block_1_68' title="bbox 216 3887 1819 3971">
    <p class='ocr_par' dir='ltr' id='par_1_68' title="bbox 216 3887 1819 3971">
     <span class='ocr_line' id='line_1_68' title="bbox 216 3887 1819 3971; baseline -0.009 -21"><span class='ocrx_word' id='word_1_542' title='bbox 216 3894 475 3971; x_wconf 72' lang='lat' dir='ltr'><strong>habetur,</strong></span> <span class='ocrx_word' id='word_1_543' title='bbox 508 3892 775 3951; x_wconf 71' lang='grc' dir='ltr'><strong>νουθεσίαν</strong></span> <span class='ocrx_word' id='word_1_544' title='bbox 794 3934 810 3959; x_wconf 82' lang='grc'><em>,</em></span> <span class='ocrx_word' id='word_1_545' title='bbox 841 3888 1021 3944; x_wconf 89' lang='lat' dir='ltr'><strong>devita</strong></span> <span class='ocrx_word' id='word_1_546' title='bbox 1061 3904 1075 3942; x_wconf 87' lang='lat'><strong>:</strong></span> <span class='ocrx_word' id='word_1_547' title='bbox 1102 3887 1341 3945; x_wconf 78' lang='grc' dir='ltr'><strong>νουθεσία</strong></span> <span class='ocrx_word' id='word_1_548' title='bbox 1369 3894 1550 3940; x_wconf 89' lang='lat' dir='ltr'><strong>autem</strong></span> <span class='ocrx_word' id='word_1_549' title='bbox 1590 3898 1819 3938; x_wconf 87' lang='lat' dir='ltr'><strong>commo-</strong></span> 
     </span>
    </p>
   </div>
   <div class='ocr_carea' id='block_1_69' title="bbox 214 3976 1825 4051">
    <p class='ocr_par' dir='ltr' id='par_1_69' title="bbox 214 3976 1825 4051">
     <span class='ocr_line' id='line_1_69' title="bbox 214 3976 1825 4051; baseline -0.009 -8"><span class='ocrx_word' id='word_1_550' title='bbox 214 3989 473 4044; x_wconf 72' lang='lat' dir='ltr'><strong>nitionem</strong></span> <span class='ocrx_word' id='word_1_551' title='bbox 528 3984 703 4051; x_wconf 83' lang='lat' dir='ltr'><strong>magis</strong></span> <span class='ocrx_word' id='word_1_552' title='bbox 754 3990 813 4041; x_wconf 88' lang='lat' dir='ltr'><strong>et</strong></span> <span class='ocrx_word' id='word_1_553' title='bbox 859 3981 1155 4043; x_wconf 79' lang='lat' dir='ltr'><strong>doctrinam</strong></span> <span class='ocrx_word' id='word_1_554' title='bbox 1196 3979 1404 4050; x_wconf 78' lang='lat' dir='ltr'><strong>absque</strong></span> <span class='ocrx_word' id='word_1_555' title='bbox 1450 3976 1825 4048; x_wconf 88' lang='lat' dir='ltr'><strong>increpatione</strong></span> 
     </span>
    </p>
   </div>
   <div class='ocr_carea' id='block_1_70' title="bbox 215 4067 1821 4152">
    <p class='ocr_par' dir='ltr' id='par_1_70' title="bbox 215 4067 1821 4152">
     <span class='ocr_line' id='line_1_70' title="bbox 215 4067 1821 4152; baseline -0.01 -14"><span class='ocrx_word' id='word_1_556' title='bbox 215 4080 514 4152; x_wconf 78' lang='lat' dir='ltr'><strong>signiticet.</strong></span> <span class='ocrx_word' id='word_1_557' title='bbox 548 4076 771 4147; x_wconf 88' lang='lat' dir='ltr'><strong>Legitur</strong></span> <span class='ocrx_word' id='word_1_558' title='bbox 794 4076 847 4129; x_wconf 92' lang='lat' dir='ltr'><strong>in</strong></span> <span class='ocrx_word' id='word_1_559' title='bbox 870 4073 1082 4130; x_wconf 89' lang='lat' dir='ltr'><strong>Latinis</strong></span> <span class='ocrx_word' id='word_1_560' title='bbox 1107 4071 1391 4128; x_wconf 89' lang='lat' dir='ltr'><strong>codicibus</strong></span> <span class='ocrx_word' id='word_1_561' title='bbox 1432 4067 1605 4140; x_wconf 89' lang='lat' dir='ltr'><strong>(quod</strong></span> <span class='ocrx_word' id='word_1_562' title='bbox 1633 4082 1821 4124; x_wconf 88' lang='lat' dir='ltr'><strong>verum</strong></span> 
     </span>
    </p>
   </div>
   <div class='ocr_carea' id='block_1_71' title="bbox 214 4162 1823 4245">
    <p class='ocr_par' dir='ltr' id='par_1_71' title="bbox 214 4162 1823 4245">
     <span class='ocr_line' id='line_1_71' title="bbox 214 4162 1823 4245; baseline -0.007 -16"><span class='ocrx_word' id='word_1_563' title='bbox 214 4174 363 4245; x_wconf 87' lang='lat' dir='ltr'><strong>Papa</strong></span> <span class='ocrx_word' id='word_1_564' title='bbox 389 4186 606 4244; x_wconf 87' lang='lat' dir='ltr'><strong>quoque</strong></span> <span class='ocrx_word' id='word_1_565' title='bbox 631 4179 657 4207; x_wconf 75' lang='grc' dir='ltr'>ι</span> <span class='ocrx_word' id='word_1_566' title='bbox 678 4165 1013 4225; x_wconf 80' lang='lat' dir='ltr'><strong>Athanasius</strong></span> <span class='ocrx_word' id='word_1_567' title='bbox 1036 4162 1400 4237; x_wconf 88' lang='lat' dir='ltr'><strong>approbabat)</strong></span> <span class='ocrx_word' id='word_1_568' title='bbox 1418 4182 1429 4217; x_wconf 91' lang='lat'>:</span> <span class='ocrx_word' id='word_1_569' title='bbox 1447 4162 1578 4218; x_wconf 86' lang='lat' dir='ltr'><strong>Post</strong></span> <span class='ocrx_word' id='word_1_570' title='bbox 1599 4179 1754 4218; x_wconf 86' lang='lat' dir='ltr'><strong>unam</strong></span> <span class='ocrx_word' id='word_1_571' title='bbox 1776 4172 1823 4217; x_wconf 87' lang='lat' dir='ltr'><strong>et</strong></span> 
     </span>
    </p>
   </div>
   <div class='ocr_carea' id='block_1_72' title="bbox 217 4255 1827 4337">
    <p class='ocr_par' dir='ltr' id='par_1_72' title="bbox 217 4255 1827 4337">
     <span class='ocr_line' id='line_1_72' title="bbox 217 4255 1827 4337; baseline -0.007 -16"><span class='ocrx_word' id='word_1_572' title='bbox 217 4267 445 4321; x_wconf 86' lang='lat' dir='ltr'><strong>alteram</strong></span> <span class='ocrx_word' id='word_1_573' title='bbox 494 4263 922 4334; x_wconf 80' lang='lat' dir='ltr'><strong>correptionem;</strong></span> <span class='ocrx_word' id='word_1_574' title='bbox 977 4259 1125 4337; x_wconf 85' lang='lat' dir='ltr'><strong>quod</strong></span> <span class='ocrx_word' id='word_1_575' title='bbox 1168 4258 1380 4314; x_wconf 87' lang='lat' dir='ltr'><strong>scilicet</strong></span> <span class='ocrx_word' id='word_1_576' title='bbox 1428 4272 1537 4315; x_wconf 87' lang='lat' dir='ltr'><strong>non</strong></span> <span class='ocrx_word' id='word_1_577' title='bbox 1590 4255 1827 4312; x_wconf 80' lang='lat' dir='ltr'><strong>sufﬁciat</strong></span> 
     </span>
    </p>
   </div>
   <div class='ocr_carea' id='block_1_73' title="bbox 222 4348 1826 4423">
    <p class='ocr_par' dir='ltr' id='par_1_73' title="bbox 222 4348 1826 4423">
     <span class='ocr_line' id='line_1_73' title="bbox 222 4348 1826 4423; baseline -0.006 -11"><span class='ocrx_word' id='word_1_578' title='bbox 222 4364 436 4412; x_wconf 89' lang='lat' dir='ltr'><strong>tantum</strong></span> <span class='ocrx_word' id='word_1_579' title='bbox 466 4355 633 4410; x_wconf 91' lang='lat' dir='ltr'><strong>semel</strong></span> <span class='ocrx_word' id='word_1_580' title='bbox 650 4370 776 4411; x_wconf 89' lang='lat' dir='ltr'><strong>eum</strong></span> <span class='ocrx_word' id='word_1_581' title='bbox 800 4350 1033 4423; x_wconf 84' lang='lat' dir='ltr'><strong>corripi,</strong></span> <span class='ocrx_word' id='word_1_582' title='bbox 1053 4351 1141 4408; x_wconf 88' lang='lat' dir='ltr'><strong>vel</strong></span> <span class='ocrx_word' id='word_1_583' title='bbox 1167 4349 1504 4405; x_wconf 91' lang='lat' dir='ltr'><strong>commoneri</strong></span> <span class='ocrx_word' id='word_1_584' title='bbox 1529 4348 1621 4420; x_wconf 90' lang='lat' dir='ltr'><strong>qui</strong></span> <span class='ocrx_word' id='word_1_585' title='bbox 1644 4348 1826 4418; x_wconf 87' lang='lat' dir='ltr'><strong>aliquo</strong></span> 
     </span>
    </p>
   </div>
   <div class='ocr_carea' id='block_1_74' title="bbox 215 4441 1825 4519">
    <p class='ocr_par' dir='ltr' id='par_1_74' title="bbox 215 4441 1825 4519">
     <span class='ocr_line' id='line_1_74' title="bbox 215 4441 1825 4519; baseline -0.006 -13"><span class='ocrx_word' id='word_1_586' title='bbox 215 4450 296 4506; x_wconf 87' lang='lat' dir='ltr'><strong>sit</strong></span> <span class='ocrx_word' id='word_1_587' title='bbox 325 4448 654 4519; x_wconf 88' lang='lat' dir='ltr'><strong>depravatus</strong></span> <span class='ocrx_word' id='word_1_588' title='bbox 674 4461 871 4504; x_wconf 87' lang='lat' dir='ltr'><strong>errore</strong></span> <span class='ocrx_word' id='word_1_589' title='bbox 900 4463 913 4500; x_wconf 92' lang='lat'>:</span> <span class='ocrx_word' id='word_1_590' title='bbox 935 4445 1032 4501; x_wconf 89' lang='lat' dir='ltr'><strong>sed</strong></span> <span class='ocrx_word' id='word_1_591' title='bbox 1053 4455 1109 4500; x_wconf 89' lang='lat' dir='ltr'><strong>et</strong></span> <span class='ocrx_word' id='word_1_592' title='bbox 1134 4442 1373 4503; x_wconf 80' lang='lat' dir='ltr'><strong>secunda</strong></span> <span class='ocrx_word' id='word_1_593' title='bbox 1388 4445 1459 4503; x_wconf 83' lang='lat' dir='ltr'><strong>sit</strong></span> <span class='ocrx_word' id='word_1_594' title='bbox 1478 4444 1529 4503; x_wconf 87' lang='lat' dir='ltr'><strong>ei</strong></span> <span class='ocrx_word' id='word_1_595' title='bbox 1551 4441 1717 4514; x_wconf 65' lang='grc' dir='ltr'><strong>πο</strong></span> <span class='ocrx_word' id='word_1_596' title='bbox 1731 4441 1825 4499; x_wconf 62' lang='grc' dir='ltr'><strong>δός</strong></span> 
     </span>
    </p>
   </div>
   <div class='ocr_carea' id='block_1_75' title="bbox 217 4536 1823 4611">
    <p class='ocr_par' dir='ltr' id='par_1_75' title="bbox 217 4536 1823 4611">
     <span class='ocr_line' id='line_1_75' title="bbox 217 4536 1823 4611; baseline -0.006 -11"><span class='ocrx_word' id='word_1_597' title='bbox 217 4542 461 4600; x_wconf 87' lang='lat' dir='ltr'><strong>hibenda</strong></span> <span class='ocrx_word' id='word_1_598' title='bbox 483 4539 833 4607; x_wconf 90' lang='lat' dir='ltr'><strong>doctrina,ut</strong></span> <span class='ocrx_word' id='word_1_599' title='bbox 863 4540 916 4595; x_wconf 90' lang='lat' dir='ltr'><strong>in</strong></span> <span class='ocrx_word' id='word_1_600' title='bbox 933 4553 1034 4601; x_wconf 85' lang='lat' dir='ltr'><strong>ore</strong></span> <span class='ocrx_word' id='word_1_601' title='bbox 1062 4537 1293 4605; x_wconf 81' lang='lat' dir='ltr'><strong>duorum</strong></span> <span class='ocrx_word' id='word_1_602' title='bbox 1324 4536 1823 4611; x_wconf 84' lang='lat' dir='ltr'><strong>auttriumtestium</strong></span> 
     </span>
    </p>
   </div>
   <div class='ocr_carea' id='block_1_76' title="bbox 1928 3327 3535 3403">
    <p class='ocr_par' dir='ltr' id='par_1_76' title="bbox 1928 3327 3535 3403">
     <span class='ocr_line' id='line_1_76' title="bbox 1928 3327 3535 3403; baseline -0.004 -14"><span class='ocrx_word' id='word_1_603' title='bbox 1928 3330 2238 3389; x_wconf 82' lang='lat' dir='ltr'><strong>advenerit.</strong></span> <span class='ocrx_word' id='word_1_604' title='bbox 2268 3328 2551 3402; x_wconf 86' lang='lat' dir='ltr'><strong>Nicopolis</strong></span> <span class='ocrx_word' id='word_1_605' title='bbox 2579 3329 2697 3399; x_wconf 85' lang='lat' dir='ltr'><strong>ipsa</strong></span> <span class='ocrx_word' id='word_1_606' title='bbox 2724 3337 2833 3403; x_wconf 86' lang='lat' dir='ltr'><strong>est,</strong></span> <span class='ocrx_word' id='word_1_607' title='bbox 2858 3342 2980 3399; x_wconf 70' lang='lat' dir='ltr'><strong>qua:</strong></span> <span class='ocrx_word' id='word_1_608' title='bbox 3004 3327 3075 3383; x_wconf 91' lang='lat' dir='ltr'><strong>ob</strong></span> <span class='ocrx_word' id='word_1_609' title='bbox 3097 3327 3391 3384; x_wconf 89' lang='lat' dir='ltr'><strong>victoriam</strong></span> <span class='ocrx_word' id='word_1_610' title='bbox 3421 3328 3535 3383; x_wconf 83' lang='lat' dir='ltr'><strong>Au-</strong></span> 
     </span>
    </p>
   </div>
   <div class='ocr_carea' id='block_1_77' title="bbox 1927 3419 3533 3499">
    <p class='ocr_par' dir='ltr' id='par_1_77' title="bbox 1927 3419 3533 3499">
     <span class='ocr_line' id='line_1_77' title="bbox 1927 3419 3533 3499; baseline 0.001 -23"><span class='ocrx_word' id='word_1_611' title='bbox 1927 3423 2098 3493; x_wconf 84' lang='lat' dir='ltr'><strong>gusti,</strong></span> <span class='ocrx_word' id='word_1_612' title='bbox 2125 3421 2271 3494; x_wconf 91' lang='lat' dir='ltr'><strong>quod</strong></span> <span class='ocrx_word' id='word_1_613' title='bbox 2303 3421 2380 3479; x_wconf 86' lang='lat' dir='ltr'><strong>ibi</strong></span> <span class='ocrx_word' id='word_1_614' title='bbox 2411 3420 2710 3489; x_wconf 82' lang='lat' dir='ltr'><strong>Antonium</strong></span> <span class='ocrx_word' id='word_1_615' title='bbox 2734 3419 3194 3499; x_wconf 81' lang='lat' dir='ltr'><strong>Cleopatramque</strong></span> <span class='ocrx_word' id='word_1_616' title='bbox 3235 3420 3533 3491; x_wconf 79' lang='lat' dir='ltr'><strong>superarit,</strong></span> 
     </span>
    </p>
   </div>
   <div class='ocr_carea' id='block_1_78' title="bbox 1927 3514 2391 3585">
    <p class='ocr_par' dir='ltr' id='par_1_78' title="bbox 1927 3514 2391 3585">
     <span class='ocr_line' id='line_1_78' title="bbox 1927 3514 2391 3585; baseline -0.011 -12"><span class='ocrx_word' id='word_1_617' title='bbox 1927 3529 2129 3573; x_wconf 87' lang='lat' dir='ltr'><strong>nomen</strong></span> <span class='ocrx_word' id='word_1_618' title='bbox 2155 3514 2391 3585; x_wconf 84' lang='lat' dir='ltr'><strong>accepit.</strong></span> 
     </span>
    </p>
   </div>
   <div class='ocr_carea' id='block_1_79' title="bbox 2005 3605 3533 3682">
    <p class='ocr_par' dir='ltr' id='par_1_79' title="bbox 2005 3605 3533 3682">
     <span class='ocr_line' id='line_1_79' title="bbox 2005 3605 3533 3682; baseline -0.001 -19"><span class='ocrx_word' id='word_1_619' title='bbox 2005 3609 2190 3682; x_wconf 85' lang='lat' dir='ltr'><strong>(Vers.</strong></span> <span class='ocrx_word' id='word_1_620' title='bbox 2222 3606 2341 3680; x_wconf 76' lang='grc'><strong>15.)</strong></span> <span class='ocrx_word' id='word_1_621' title='bbox 2362 3609 2529 3681; x_wconf 78' lang='lat'><strong>739</strong></span> <span class='ocrx_word' id='word_1_622' title='bbox 2555 3607 2753 3663; x_wconf 88' lang='lat' dir='ltr'><strong>Zenam</strong></span> <span class='ocrx_word' id='word_1_623' title='bbox 2787 3607 2914 3679; x_wconf 83' lang='lat' dir='ltr'><strong>legis</strong></span> <span class='ocrx_word' id='word_1_624' title='bbox 2938 3607 3229 3673; x_wconf 77' lang='lat' dir='ltr'><strong>doctorem,</strong></span> <span class='ocrx_word' id='word_1_625' title='bbox 3257 3616 3307 3663; x_wconf 87' lang='lat' dir='ltr'><strong>et</strong></span> <span class='ocrx_word' id='word_1_626' title='bbox 3342 3605 3533 3682; x_wconf 58' lang='lat' dir='ltr'><strong>Apollo</strong></span> 
     </span>
    </p>
   </div>
   <div class='ocr_carea' id='block_1_80' title="bbox 1928 3699 3536 3775">
    <p class='ocr_par' dir='ltr' id='par_1_80' title="bbox 1928 3699 3536 3775">
     <span class='ocr_line' id='line_1_80' title="bbox 1928 3699 3536 3775; baseline -0.002 -15"><span class='ocrx_word' id='word_1_627' title='bbox 1928 3703 2150 3760; x_wconf 87' lang='lat' dir='ltr'><strong>sollicite</strong></span> <span class='ocrx_word' id='word_1_628' title='bbox 2180 3703 2438 3775; x_wconf 82' lang='lat' dir='ltr'><strong>prtemitte</strong></span> <span class='ocrx_word' id='word_1_629' title='bbox 2458 3742 2474 3769; x_wconf 92' lang='lat'><strong>,</strong></span> <span class='ocrx_word' id='word_1_630' title='bbox 2502 3710 2559 3758; x_wconf 85' lang='lat' dir='ltr'><strong>ut</strong></span> <span class='ocrx_word' id='word_1_631' title='bbox 2596 3700 2732 3757; x_wconf 86' lang='lat' dir='ltr'><strong>nihil</strong></span> <span class='ocrx_word' id='word_1_632' title='bbox 2758 3701 2868 3758; x_wconf 88' lang='lat' dir='ltr'><strong>illis</strong></span> <span class='ocrx_word' id='word_1_633' title='bbox 2891 3702 3043 3757; x_wconf 80' lang='lat' dir='ltr'><strong>desit.</strong></span> <span class='ocrx_word' id='word_1_634' title='bbox 3078 3699 3191 3761; x_wconf 85' lang='lat' dir='ltr'><strong>Iste</strong></span> <span class='ocrx_word' id='word_1_635' title='bbox 3222 3709 3310 3761; x_wconf 89' lang='lat' dir='ltr'><strong>est</strong></span> <span class='ocrx_word' id='word_1_636' title='bbox 3339 3699 3536 3773; x_wconf 81' lang='lat' dir='ltr'><strong>Apollo</strong></span> 
     </span>
    </p>
   </div>
   <div class='ocr_carea' id='block_1_81' title="bbox 1930 3792 3527 3868">
    <p class='ocr_par' dir='ltr' id='par_1_81' title="bbox 1930 3792 3527 3868">
     <span class='ocr_line' id='line_1_81' title="bbox 1930 3792 3527 3868; baseline -0.004 -15"><span class='ocrx_word' id='word_1_637' title='bbox 1930 3795 1999 3853; x_wconf 89' lang='lat' dir='ltr'><strong>de</strong></span> <span class='ocrx_word' id='word_1_638' title='bbox 2020 3810 2131 3868; x_wconf 90' lang='lat' dir='ltr'><strong>quo</strong></span> <span class='ocrx_word' id='word_1_639' title='bbox 2161 3805 2217 3852; x_wconf 88' lang='lat' dir='ltr'><strong>et</strong></span> <span class='ocrx_word' id='word_1_640' title='bbox 2246 3794 2312 3851; x_wconf 91' lang='lat' dir='ltr'><strong>ad</strong></span> <span class='ocrx_word' id='word_1_641' title='bbox 2349 3792 2667 3857; x_wconf 85' lang='lat' dir='ltr'><strong>Corinthios</strong></span> <span class='ocrx_word' id='word_1_642' title='bbox 2697 3792 2959 3851; x_wconf 85' lang='lat' dir='ltr'><strong>scribitur</strong></span> <span class='ocrx_word' id='word_1_643' title='bbox 2993 3811 3006 3847; x_wconf 90' lang='lat'><strong>:</strong></span> <span class='ocrx_word' id='word_1_644' title='bbox 3043 3792 3412 3865; x_wconf 79' lang='lat' dir='ltr'><strong>Unusquisque</strong></span> <span class='ocrx_word' id='word_1_645' title='bbox 3436 3808 3527 3847; x_wconf 78' lang='lat' dir='ltr'><strong>ue-</strong></span> 
     </span>
    </p>
   </div>
   <div class='ocr_carea' id='block_1_82' title="bbox 1930 3883 3533 3961">
    <p class='ocr_par' dir='ltr' id='par_1_82' title="bbox 1930 3883 3533 3961">
     <span class='ocr_line' id='line_1_82' title="bbox 1930 3883 3533 3961; baseline -0.002 -19"><span class='ocrx_word' id='word_1_646' title='bbox 1930 3897 2097 3943; x_wconf 86' lang='lat' dir='ltr'><strong>strum</strong></span> <span class='ocrx_word' id='word_1_647' title='bbox 2124 3888 2249 3945; x_wconf 84' lang='lat' dir='ltr'><strong>dicit</strong></span> <span class='ocrx_word' id='word_1_648' title='bbox 2282 3904 2302 3943; x_wconf 89' lang='lat'><strong><em>:</em></strong></span> <span class='ocrx_word' id='word_1_649' title='bbox 2324 3886 2437 3961; x_wconf 85' lang='lat' dir='ltr'><strong>Ego</strong></span> <span class='ocrx_word' id='word_1_650' title='bbox 2456 3903 2571 3943; x_wconf 85' lang='lat' dir='ltr'><strong>sum</strong></span> <span class='ocrx_word' id='word_1_651' title='bbox 2601 3883 2798 3957; x_wconf 88' lang='lat' dir='ltr'><strong>Pauli,</strong></span> <span class='ocrx_word' id='word_1_652' title='bbox 2833 3902 2926 3957; x_wconf 88' lang='lat' dir='ltr'><strong>ego</strong></span> <span class='ocrx_word' id='word_1_653' title='bbox 2964 3883 3355 3959; x_wconf 26' lang='lat' dir='ltr'><strong>autent‘Apollo</strong></span> <span class='ocrx_word' id='word_1_654' title='bbox 3374 3928 3390 3955; x_wconf 85' lang='lat'><strong>,</strong></span> <span class='ocrx_word' id='word_1_655' title='bbox 3440 3900 3533 3957; x_wconf 75' lang='lat' dir='ltr'><strong>ego</strong></span> 
     </span>
    </p>
   </div>
   <div class='ocr_carea' id='block_1_83' title="bbox 1928 3977 3537 4054">
    <p class='ocr_par' dir='ltr' id='par_1_83' title="bbox 1928 3977 3537 4054">
     <span class='ocr_line' id='line_1_83' title="bbox 1928 3977 3537 4054; baseline -0.001 -18"><span class='ocrx_word' id='word_1_656' title='bbox 1928 3999 2048 4037; x_wconf 78' lang='lat' dir='ltr'><strong>vero</strong></span> <span class='ocrx_word' id='word_1_657' title='bbox 2079 3980 2266 4054; x_wconf 78' lang='lat' dir='ltr'><strong>Ceplue</strong></span> <span class='ocrx_word' id='word_1_658' title='bbox 2322 3980 2368 4054; x_wconf 87' lang='grc' dir='ltr'><strong>(Ι</strong></span> <span class='ocrx_word' id='word_1_659' title='bbox 2398 3979 2519 4037; x_wconf 86' lang='lat' dir='ltr'><strong>Cor.</strong></span> <span class='ocrx_word' id='word_1_660' title='bbox 2570 3996 2617 4047; x_wconf 84' lang='grc' dir='ltr'><strong>ι,</strong></span> <span class='ocrx_word' id='word_1_661' title='bbox 2665 3978 2776 4052; x_wconf 74' lang='grc'><strong>12).</strong></span> <span class='ocrx_word' id='word_1_662' title='bbox 2807 3977 2934 4053; x_wconf 65' lang='lat' dir='ltr'><strong>Fuit</strong></span> <span class='ocrx_word' id='word_1_663' title='bbox 2961 3988 3148 4037; x_wconf 88' lang='lat' dir='ltr'><strong>autem</strong></span> <span class='ocrx_word' id='word_1_664' title='bbox 3183 3979 3267 4039; x_wconf 81' lang='lat' dir='ltr'><strong>vir</strong></span> <span class='ocrx_word' id='word_1_665' title='bbox 3296 3978 3537 4035; x_wconf 79' lang='lat' dir='ltr'><strong>Alexan-</strong></span> 
     </span>
    </p>
   </div>
   <div class='ocr_carea' id='block_1_84' title="bbox 1928 4072 3532 4144">
    <p class='ocr_par' dir='ltr' id='par_1_84' title="bbox 1928 4072 3532 4144">
     <span class='ocr_line' id='line_1_84' title="bbox 1928 4072 3532 4144; baseline -0.002 -13"><span class='ocrx_word' id='word_1_666' title='bbox 1928 4074 2123 4131; x_wconf 89' lang='lat' dir='ltr'><strong>drinus</strong></span> <span class='ocrx_word' id='word_1_667' title='bbox 2147 4086 2215 4130; x_wconf 87' lang='lat' dir='ltr'><strong>ex</strong></span> <span class='ocrx_word' id='word_1_668' title='bbox 2261 4073 2469 4130; x_wconf 62' lang='lat' dir='ltr'><strong>Iudaeis</strong></span> <span class='ocrx_word' id='word_1_669' title='bbox 2493 4114 2509 4141; x_wconf 92' lang='lat'><strong>,</strong></span> <span class='ocrx_word' id='word_1_670' title='bbox 2540 4073 2703 4129; x_wconf 85' lang='lat' dir='ltr'><strong>valde</strong></span> <span class='ocrx_word' id='word_1_671' title='bbox 2745 4073 3016 4144; x_wconf 85' lang='lat' dir='ltr'><strong>eloquens</strong></span> <span class='ocrx_word' id='word_1_672' title='bbox 3046 4081 3103 4128; x_wconf 90' lang='lat' dir='ltr'><strong>et</strong></span> <span class='ocrx_word' id='word_1_673' title='bbox 3128 4072 3428 4144; x_wconf 83' lang='lat' dir='ltr'><strong>perfectus</strong></span> <span class='ocrx_word' id='word_1_674' title='bbox 3475 4073 3532 4128; x_wconf 86' lang='lat' dir='ltr'><strong>in</strong></span> 
     </span>
    </p>
   </div>
   <div class='ocr_carea' id='block_1_85' title="bbox 1927 4164 3539 4240">
    <p class='ocr_par' dir='ltr' id='par_1_85' title="bbox 1927 4164 3539 4240">
     <span class='ocr_line' id='line_1_85' title="bbox 1927 4164 3539 4240; baseline -0.003 -15"><span class='ocrx_word' id='word_1_675' title='bbox 1927 4167 2094 4240; x_wconf 85' lang='lat' dir='ltr'><strong>Lege,</strong></span> <span class='ocrx_word' id='word_1_676' title='bbox 2126 4167 2419 4238; x_wconf 84' lang='lat' dir='ltr'><strong>episcopus</strong></span> <span class='ocrx_word' id='word_1_677' title='bbox 2456 4164 2871 4222; x_wconf 87' lang='lat' dir='ltr'><strong>Corinthiorum</strong></span> <span class='ocrx_word' id='word_1_678' title='bbox 2902 4182 2917 4220; x_wconf 93' lang='lat'><strong>:</strong></span> <span class='ocrx_word' id='word_1_679' title='bbox 2956 4180 3119 4235; x_wconf 89' lang='lat' dir='ltr'><strong>quem</strong></span> <span class='ocrx_word' id='word_1_680' title='bbox 3167 4172 3395 4234; x_wconf 86' lang='lat' dir='ltr'><strong>propter</strong></span> <span class='ocrx_word' id='word_1_681' title='bbox 3421 4164 3539 4220; x_wconf 84' lang='lat' dir='ltr'><strong>dis-</strong></span> 
     </span>
    </p>
   </div>
   <div class='ocr_carea' id='block_1_86' title="bbox 1931 4258 3539 4333">
    <p class='ocr_par' dir='ltr' id='par_1_86' title="bbox 1931 4258 3539 4333">
     <span class='ocr_line' id='line_1_86' title="bbox 1931 4258 3539 4333; baseline -0.004 -14"><span class='ocrx_word' id='word_1_682' title='bbox 1931 4262 2220 4321; x_wconf 80' lang='lat' dir='ltr'><strong>sensiones</strong></span> <span class='ocrx_word' id='word_1_683' title='bbox 2244 4277 2369 4333; x_wconf 69' lang='lat' dir='ltr'><strong>qua:</strong></span> <span class='ocrx_word' id='word_1_684' title='bbox 2398 4263 2452 4317; x_wconf 90' lang='lat' dir='ltr'><strong>in</strong></span> <span class='ocrx_word' id='word_1_685' title='bbox 2477 4260 2746 4317; x_wconf 89' lang='lat' dir='ltr'><strong>Corintho</strong></span> <span class='ocrx_word' id='word_1_686' title='bbox 2778 4268 2974 4326; x_wconf 88' lang='lat' dir='ltr'><strong>erant,</strong></span> <span class='ocrx_word' id='word_1_687' title='bbox 3027 4258 3096 4314; x_wconf 93' lang='lat' dir='ltr'><strong>ad</strong></span> <span class='ocrx_word' id='word_1_688' title='bbox 3122 4259 3359 4314; x_wconf 85' lang='lat' dir='ltr'><strong>vicinam</strong></span> <span class='ocrx_word' id='word_1_689' title='bbox 3385 4259 3539 4312; x_wconf 87' lang='lat' dir='ltr'><strong>insu-</strong></span> 
     </span>
    </p>
   </div>
   <div class='ocr_carea' id='block_1_87' title="bbox 1931 4350 3537 4423">
    <p class='ocr_par' dir='ltr' id='par_1_87' title="bbox 1931 4350 3537 4423">
     <span class='ocr_line' id='line_1_87' title="bbox 1931 4350 3537 4423; baseline -0.003 -14"><span class='ocrx_word' id='word_1_690' title='bbox 1931 4352 2041 4409; x_wconf 82' lang='lat' dir='ltr'><strong>lam</strong></span> <span class='ocrx_word' id='word_1_691' title='bbox 2069 4354 2291 4410; x_wconf 79' lang='lat' dir='ltr'><strong>Cretam</strong></span> <span class='ocrx_word' id='word_1_692' title='bbox 2330 4368 2456 4409; x_wconf 91' lang='lat' dir='ltr'><strong>cum</strong></span> <span class='ocrx_word' id='word_1_693' title='bbox 2490 4351 2638 4408; x_wconf 76' lang='lat' dir='ltr'><strong>Zeno</strong></span> <span class='ocrx_word' id='word_1_694' title='bbox 2684 4351 2823 4423; x_wconf 89' lang='lat' dir='ltr'><strong>legis</strong></span> <span class='ocrx_word' id='word_1_695' title='bbox 2853 4352 3080 4408; x_wconf 89' lang='lat' dir='ltr'><strong>doctore</strong></span> <span class='ocrx_word' id='word_1_696' title='bbox 3120 4350 3422 4420; x_wconf 86' lang='lat' dir='ltr'><strong>putandum</strong></span> <span class='ocrx_word' id='word_1_697' title='bbox 3449 4357 3537 4405; x_wconf 92' lang='lat' dir='ltr'><strong>est</strong></span> 
     </span>
    </p>
   </div>
   <div class='ocr_carea' id='block_1_88' title="bbox 1932 4443 3534 4517">
    <p class='ocr_par' dir='ltr' id='par_1_88' title="bbox 1932 4443 3534 4517">
     <span class='ocr_line' id='line_1_88' title="bbox 1932 4443 3534 4517; baseline -0.002 -15"><span class='ocrx_word' id='word_1_698' title='bbox 1932 4448 2355 4513; x_wconf 64' lang='lat' dir='ltr'><strong>transit-etesse;</strong></span> <span class='ocrx_word' id='word_1_699' title='bbox 2386 4456 2442 4504; x_wconf 89' lang='lat' dir='ltr'><strong>et</strong></span> <span class='ocrx_word' id='word_1_700' title='bbox 2473 4446 2626 4502; x_wconf 84' lang='lat' dir='ltr'><strong>Pauli</strong></span> <span class='ocrx_word' id='word_1_701' title='bbox 2666 4444 2912 4517; x_wconf 85' lang='lat' dir='ltr'><strong>Epistola</strong></span> <span class='ocrx_word' id='word_1_702' title='bbox 2946 4443 3385 4501; x_wconf 90' lang='lat' dir='ltr'><strong>dissensionibus</strong></span> <span class='ocrx_word' id='word_1_703' title='bbox 3411 4458 3534 4513; x_wconf 87' lang='lat' dir='ltr'><strong>quae</strong></span> 
     </span>
    </p>
   </div>
   <div class='ocr_carea' id='block_1_89' title="bbox 1930 4535 3533 4625">
    <p class='ocr_par' dir='ltr' id='par_1_89' title="bbox 1930 4535 3533 4625">
     <span class='ocr_line' id='line_1_89' title="bbox 1930 4535 3533 4625; baseline -0.005 -27"><span class='ocrx_word' id='word_1_704' title='bbox 1930 4541 2180 4611; x_wconf 78' lang='lat' dir='ltr'><strong>Corinthi</strong></span> <span class='ocrx_word' id='word_1_705' title='bbox 2202 4553 2336 4611; x_wconf 76' lang='lat' dir='ltr'><strong>ortte</strong></span> <span class='ocrx_word' id='word_1_706' title='bbox 2364 4541 2583 4625; x_wconf 76' lang='lat' dir='ltr'><strong>fuerant</strong></span> <span class='ocrx_word' id='word_1_707' title='bbox 2606 4540 3183 4613; x_wconf 87' lang='lat' dir='ltr'><strong>temperatis,rursum</strong></span> <span class='ocrx_word' id='word_1_708' title='bbox 3203 4535 3533 4594; x_wconf 87' lang='lat' dir='ltr'><strong>Corinthum</strong></span> 
     </span>
    </p>
   </div>
   <div class='ocr_carea' id='block_1_90' title="bbox 217 4629 3536 4717">
    <p class='ocr_par' dir='ltr' id='par_1_90' title="bbox 217 4629 3536 4717">
     <span class='ocr_line' id='line_1_90' title="bbox 217 4629 3536 4717; baseline -0.003 -20"><span class='ocrx_word' id='word_1_709' title='bbox 217 4645 329 4693; x_wconf 80' lang='lat' dir='ltr'><strong>stet</strong></span> <span class='ocrx_word' id='word_1_710' title='bbox 358 4650 525 4691; x_wconf 82' lang='lat' dir='ltr'><strong>omne</strong></span> <span class='ocrx_word' id='word_1_711' title='bbox 553 4635 806 4691; x_wconf 69' lang='lat' dir='ltr'><strong>verbum.</strong></span> <span class='ocrx_word' id='word_1_712' title='bbox 839 4633 1021 4703; x_wconf 59' lang='lat' dir='ltr'><strong>Quare</strong></span> <span class='ocrx_word' id='word_1_713' title='bbox 1046 4642 1230 4705; x_wconf 72' lang='lat' dir='ltr'><strong>autem</strong></span> <span class='ocrx_word' id='word_1_714' title='bbox 1255 4637 1379 4700; x_wconf 77' lang='lat' dir='ltr'><strong>post</strong></span> <span class='ocrx_word' id='word_1_715' title='bbox 1404 4630 1634 4699; x_wconf 69' lang='lat' dir='ltr'><strong>primam</strong></span> <span class='ocrx_word' id='word_1_716' title='bbox 1662 4637 1717 4683; x_wconf 75' lang='lat' dir='ltr'><strong>et</strong></span> <span class='ocrx_word' id='word_1_717' title='bbox 1744 4641 1825 4685; x_wconf 73' lang='lat' dir='ltr'><strong>Be-</strong></span> <span class='ocrx_word' id='word_1_718' title='bbox 1850 4642 1906 4717; x_wconf 70' lang='lat' dir='ltr'><strong>n</strong></span> <span class='ocrx_word' id='word_1_719' title='bbox 1930 4635 2243 4691; x_wconf 83' lang='lat' dir='ltr'><strong>revertisse.</strong></span> <span class='ocrx_word' id='word_1_720' title='bbox 2301 4633 2506 4693; x_wconf 77' lang='lat' dir='ltr'><strong>Zenam</strong></span> <span class='ocrx_word' id='word_1_721' title='bbox 2558 4648 2691 4690; x_wconf 82' lang='lat' dir='ltr'><strong>vero</strong></span> <span class='ocrx_word' id='word_1_722' title='bbox 2738 4630 2877 4703; x_wconf 87' lang='lat' dir='ltr'><strong>legis</strong></span> <span class='ocrx_word' id='word_1_723' title='bbox 2922 4632 3217 4689; x_wconf 90' lang='lat' dir='ltr'><strong>doctorem</strong></span> <span class='ocrx_word' id='word_1_724' title='bbox 3240 4672 3257 4699; x_wconf 93' lang='lat'><strong>,</strong></span> <span class='ocrx_word' id='word_1_725' title='bbox 3314 4630 3383 4685; x_wconf 88' lang='lat' dir='ltr'><strong>de</strong></span> <span class='ocrx_word' id='word_1_726' title='bbox 3426 4629 3536 4686; x_wconf 90' lang='lat' dir='ltr'><strong>alio</strong></span> 
     </span>
    </p>
   </div>
   <div class='ocr_carea' id='block_1_91' title="bbox 218 4721 1825 4797">
    <p class='ocr_par' dir='ltr' id='par_1_91' title="bbox 218 4721 1825 4797">
     <span class='ocr_line' id='line_1_91' title="bbox 218 4721 1825 4797; baseline -0.006 -11"><span class='ocrx_word' id='word_1_727' title='bbox 218 4729 459 4786; x_wconf 77' lang='lat' dir='ltr'><strong>cundum</strong></span> <span class='ocrx_word' id='word_1_728' title='bbox 509 4727 913 4797; x_wconf 89' lang='lat' dir='ltr'><strong>correptionem</strong></span> <span class='ocrx_word' id='word_1_729' title='bbox 944 4722 1275 4780; x_wconf 90' lang='lat' dir='ltr'><strong>devitandus</strong></span> <span class='ocrx_word' id='word_1_730' title='bbox 1304 4723 1396 4789; x_wconf 90' lang='lat' dir='ltr'><strong>sit,</strong></span> <span class='ocrx_word' id='word_1_731' title='bbox 1426 4721 1607 4778; x_wconf 87' lang='lat' dir='ltr'><strong>reddit</strong></span> <span class='ocrx_word' id='word_1_732' title='bbox 1631 4736 1825 4777; x_wconf 89' lang='lat' dir='ltr'><strong>causas</strong></span> 
     </span>
    </p>
   </div>
   <div class='ocr_carea' id='block_1_92' title="bbox 219 4813 1825 4890">
    <p class='ocr_par' dir='ltr' id='par_1_92' title="bbox 219 4813 1825 4890">
     <span class='ocr_line' id='line_1_92' title="bbox 219 4813 1825 4890; baseline -0.006 -12"><span class='ocrx_word' id='word_1_733' title='bbox 219 4820 413 4878; x_wconf 89' lang='lat' dir='ltr'><strong>dicens</strong></span> <span class='ocrx_word' id='word_1_734' title='bbox 445 4840 461 4876; x_wconf 85' lang='lat'><strong>:</strong></span> <span class='ocrx_word' id='word_1_735' title='bbox 486 4820 625 4889; x_wconf 77' lang='lat' dir='ltr'><strong>quod</strong></span> <span class='ocrx_word' id='word_1_736' title='bbox 653 4819 927 4877; x_wconf 80' lang='lat' dir='ltr'><strong>subversas</strong></span> <span class='ocrx_word' id='word_1_737' title='bbox 956 4829 1030 4873; x_wconf 89' lang='lat' dir='ltr'><strong>est</strong></span> <span class='ocrx_word' id='word_1_738' title='bbox 1061 4817 1351 4890; x_wconf 83' lang='lat' dir='ltr'><strong>ejusmodi,</strong></span> <span class='ocrx_word' id='word_1_739' title='bbox 1376 4825 1422 4871; x_wconf 89' lang='lat' dir='ltr'><strong>et</strong></span> <span class='ocrx_word' id='word_1_740' title='bbox 1452 4824 1626 4889; x_wconf 71' lang='lat' dir='ltr'><strong>peccat</strong></span> <span class='ocrx_word' id='word_1_741' title='bbox 1658 4813 1684 4853; x_wconf 74' lang='grc' dir='ltr'><strong>ι)</strong></span> <span class='ocrx_word' id='word_1_742' title='bbox 1709 4831 1825 4869; x_wconf 88' lang='lat' dir='ltr'><strong>cum</strong></span> 
     </span>
    </p>
   </div>
   <div class='ocr_carea' id='block_1_93' title="bbox 217 4905 1825 4982">
    <p class='ocr_par' dir='ltr' id='par_1_93' title="bbox 217 4905 1825 4982">
     <span class='ocr_line' id='line_1_93' title="bbox 217 4905 1825 4982; baseline -0.006 -14"><span class='ocrx_word' id='word_1_743' title='bbox 217 4914 289 4969; x_wconf 83' lang='lat' dir='ltr'><strong>sit</strong></span> <span class='ocrx_word' id='word_1_744' title='bbox 341 4930 376 4967; x_wconf 92' lang='lat' dir='ltr'><strong>a</strong></span> <span class='ocrx_word' id='word_1_745' title='bbox 417 4911 691 4982; x_wconf 84' lang='lat' dir='ltr'><strong>semetipso</strong></span> <span class='ocrx_word' id='word_1_746' title='bbox 722 4909 1022 4981; x_wconf 76' lang='lat' dir='ltr'><strong>damnatus.</strong></span> <span class='ocrx_word' id='word_1_747' title='bbox 1062 4908 1167 4981; x_wconf 78' lang='lat' dir='ltr'><strong>Qui</strong></span> <span class='ocrx_word' id='word_1_748' title='bbox 1214 4909 1360 4962; x_wconf 89' lang='lat' dir='ltr'><strong>enim</strong></span> <span class='ocrx_word' id='word_1_749' title='bbox 1407 4908 1577 4967; x_wconf 88' lang='lat' dir='ltr'><strong>semel</strong></span> <span class='ocrx_word' id='word_1_750' title='bbox 1631 4905 1825 4981; x_wconf 85' lang='lat' dir='ltr'><strong>hisque</strong></span> 
     </span>
    </p>
   </div>
   <div class='ocr_carea' id='block_1_94' title="bbox 220 4992 1826 5075">
    <p class='ocr_par' dir='ltr' id='par_1_94' title="bbox 220 4992 1826 5075">
     <span class='ocr_line' id='line_1_94' title="bbox 220 4992 1826 5075; baseline -0.006 -12"><span class='ocrx_word' id='word_1_751' title='bbox 220 5013 539 5075; x_wconf 88' lang='lat' dir='ltr'><strong>correptus,</strong></span> <span class='ocrx_word' id='word_1_752' title='bbox 562 5001 751 5058; x_wconf 88' lang='lat' dir='ltr'><strong>audito</strong></span> <span class='ocrx_word' id='word_1_753' title='bbox 770 5016 961 5057; x_wconf 88' lang='lat' dir='ltr'><strong>errore</strong></span> <span class='ocrx_word' id='word_1_754' title='bbox 978 5015 1101 5066; x_wconf 88' lang='lat' dir='ltr'><strong>suo,</strong></span> <span class='ocrx_word' id='word_1_755' title='bbox 1127 5014 1233 5054; x_wconf 91' lang='lat' dir='ltr'><strong>non</strong></span> <span class='ocrx_word' id='word_1_756' title='bbox 1251 4992 1365 5054; x_wconf 85' lang='lat' dir='ltr'><strong>vult</strong></span> <span class='ocrx_word' id='word_1_757' title='bbox 1386 4998 1611 5068; x_wconf 81' lang='lat' dir='ltr'><strong>corrigi,</strong></span> <span class='ocrx_word' id='word_1_758' title='bbox 1636 4996 1826 5054; x_wconf 82' lang='lat' dir='ltr'><strong>errare</strong></span> 
     </span>
    </p>
   </div>
   <div class='ocr_carea' id='block_1_95' title="bbox 220 5090 1825 5168">
    <p class='ocr_par' dir='ltr' id='par_1_95' title="bbox 220 5090 1825 5168">
     <span class='ocr_line' id='line_1_95' title="bbox 220 5090 1825 5168; baseline -0.008 -10"><span class='ocrx_word' id='word_1_759' title='bbox 220 5100 505 5157; x_wconf 80' lang='lat' dir='ltr'><strong>existimat</strong></span> <span class='ocrx_word' id='word_1_760' title='bbox 539 5097 906 5168; x_wconf 87' lang='lat' dir='ltr'><strong>corrigentem</strong></span> <span class='ocrx_word' id='word_1_761' title='bbox 949 5112 963 5149; x_wconf 92' lang='lat'><strong>:</strong></span> <span class='ocrx_word' id='word_1_762' title='bbox 995 5105 1052 5151; x_wconf 90' lang='lat' dir='ltr'><strong>et</strong></span> <span class='ocrx_word' id='word_1_763' title='bbox 1083 5095 1395 5152; x_wconf 82' lang='lat' dir='ltr'><strong>econtrario</strong></span> <span class='ocrx_word' id='word_1_764' title='bbox 1433 5108 1493 5149; x_wconf 90' lang='lat' dir='ltr'><strong>se</strong></span> <span class='ocrx_word' id='word_1_765' title='bbox 1515 5090 1589 5153; x_wconf 81' lang='lat' dir='ltr'><strong>ad</strong></span> <span class='ocrx_word' id='word_1_766' title='bbox 1618 5107 1825 5164; x_wconf 87' lang='lat' dir='ltr'><strong>pugnas</strong></span> 
     </span>
    </p>
   </div>
   <div class='ocr_carea' id='block_1_96' title="bbox 220 5185 1825 5264">
    <p class='ocr_par' dir='ltr' id='par_1_96' title="bbox 220 5185 1825 5264">
     <span class='ocr_line' id='line_1_96' title="bbox 220 5185 1825 5264; baseline -0.003 -14"><span class='ocrx_word' id='word_1_767' title='bbox 220 5202 280 5251; x_wconf 88' lang='lat' dir='ltr'><strong>et</strong></span> <span class='ocrx_word' id='word_1_768' title='bbox 304 5191 486 5264; x_wconf 81' lang='lat' dir='ltr'><strong>jurgia</strong></span> <span class='ocrx_word' id='word_1_769' title='bbox 512 5190 807 5247; x_wconf 90' lang='lat' dir='ltr'><strong>verborum</strong></span> <span class='ocrx_word' id='word_1_770' title='bbox 840 5202 1062 5258; x_wconf 87' lang='lat' dir='ltr'><strong>parans,</strong></span> <span class='ocrx_word' id='word_1_771' title='bbox 1094 5201 1219 5243; x_wconf 89' lang='lat' dir='ltr'><strong>eum</strong></span> <span class='ocrx_word' id='word_1_772' title='bbox 1248 5187 1359 5241; x_wconf 90' lang='lat' dir='ltr'><strong>vult</strong></span> <span class='ocrx_word' id='word_1_773' title='bbox 1408 5185 1762 5254; x_wconf 88' lang='lat' dir='ltr'><strong>lucrifacere,</strong></span> <span class='ocrx_word' id='word_1_774' title='bbox 1796 5200 1825 5245; x_wconf 79' lang='lat' dir='ltr'><strong>a</strong></span> 
     </span>
    </p>
   </div>
   <div class='ocr_carea' id='block_1_97' title="bbox 220 5276 1828 5358">
    <p class='ocr_par' dir='ltr' id='par_1_97' title="bbox 220 5276 1828 5358">
     <span class='ocr_line' id='line_1_97' title="bbox 220 5276 1828 5358; baseline -0.006 -15"><span class='ocrx_word' id='word_1_775' title='bbox 220 5300 333 5358; x_wconf 90' lang='lat' dir='ltr'><strong>quo</strong></span> <span class='ocrx_word' id='word_1_776' title='bbox 358 5285 607 5342; x_wconf 91' lang='lat' dir='ltr'><strong>docetur.</strong></span> <span class='ocrx_word' id='word_1_777' title='bbox 626 5282 930 5353; x_wconf 88' lang='lat' dir='ltr'><strong>Propterea</strong></span> <span class='ocrx_word' id='word_1_778' title='bbox 956 5294 1087 5337; x_wconf 89' lang='lat' dir='ltr'><strong>vero</strong></span> <span class='ocrx_word' id='word_1_779' title='bbox 1108 5295 1138 5334; x_wconf 93' lang='lat' dir='ltr'><strong>a</strong></span> <span class='ocrx_word' id='word_1_780' title='bbox 1166 5279 1463 5351; x_wconf 89' lang='lat' dir='ltr'><strong>semetipso</strong></span> <span class='ocrx_word' id='word_1_781' title='bbox 1484 5276 1686 5333; x_wconf 89' lang='lat' dir='ltr'><strong>dicitur</strong></span> <span class='ocrx_word' id='word_1_782' title='bbox 1703 5292 1828 5334; x_wconf 89' lang='lat' dir='ltr'><strong>esse</strong></span> 
     </span>
    </p>
   </div>
   <div class='ocr_carea' id='block_1_98' title="bbox 301 5416 1823 5500">
    <p class='ocr_par' dir='ltr' id='par_1_98' title="bbox 301 5416 1823 5500">
     <span class='ocr_line' id='line_1_98' title="bbox 301 5416 1823 5500; baseline -0.009 -14"><span class='ocrx_word' id='word_1_783' title='bbox 301 5439 327 5467; x_wconf 73' lang='grc'>⁸</span> <span class='ocrx_word' id='word_1_784' title='bbox 355 5429 498 5500; x_wconf 83' lang='lat' dir='ltr'><strong>Quin</strong></span> <span class='ocrx_word' id='word_1_785' title='bbox 532 5436 589 5485; x_wconf 90' lang='lat' dir='ltr'><strong>et</strong></span> <span class='ocrx_word' id='word_1_786' title='bbox 619 5426 734 5483; x_wconf 90' lang='lat' dir='ltr'><strong>sola</strong></span> <span class='ocrx_word' id='word_1_787' title='bbox 766 5440 913 5500; x_wconf 80' lang='lat' dir='ltr'><strong>nunc</strong></span> <span class='ocrx_word' id='word_1_788' title='bbox 939 5423 1149 5479; x_wconf 90' lang='lat' dir='ltr'><strong>obtinct</strong></span> <span class='ocrx_word' id='word_1_789' title='bbox 1173 5421 1544 5500; x_wconf 77' lang='lat' dir='ltr'><strong>in_plerisqne</strong></span> <span class='ocrx_word' id='word_1_790' title='bbox 1568 5416 1823 5500; x_wconf 74' lang='lat' dir='ltr'><strong>omnibus</strong></span> 
     </span>
    </p>
   </div>
   <div class='ocr_carea' id='block_1_99' title="bbox 224 5491 1676 5570">
    <p class='ocr_par' dir='ltr' id='par_1_99' title="bbox 224 5491 1676 5570">
     <span class='ocr_line' id='line_1_99' title="bbox 224 5491 1676 5570; baseline -0.012 -9"><span class='ocrx_word' id='word_1_791' title='bbox 224 5491 641 5570; x_wconf 50' lang='lat' dir='ltr'><strong>exemplaribus</strong></span> <span class='ocrx_word' id='word_1_792' title='bbox 663 5508 717 5553; x_wconf 92' lang='lat' dir='ltr'><strong>et</strong></span> <span class='ocrx_word' id='word_1_793' title='bbox 742 5496 882 5567; x_wconf 84' lang='lat' dir='ltr'><strong>apud</strong></span> <span class='ocrx_word' id='word_1_794' title='bbox 908 5508 1123 5570; x_wconf 79' lang='lat' dir='ltr'><strong>veteres</strong></span> <span class='ocrx_word' id='word_1_795' title='bbox 1145 5491 1467 5570; x_wconf 63' lang='lat' dir='ltr'><strong>scriptores,</strong></span> <span class='ocrx_word' id='word_1_796' title='bbox 1493 5491 1676 5570; x_wconf 79' lang='lat' dir='ltr'><strong>le_cti_o_.</strong></span> 
     </span>
    </p>
   </div>
   <div class='ocr_carea' id='block_1_100' title="bbox 303 5560 1826 5638">
    <p class='ocr_par' dir='ltr' id='par_1_100' title="bbox 303 5560 1826 5638">
     <span class='ocr_line' id='line_1_100' title="bbox 303 5560 1826 5638; baseline -0.009 -11"><span class='ocrx_word' id='word_1_797' title='bbox 303 5571 328 5611; x_wconf 72' lang='grc' dir='ltr'><strong>ιι</strong></span> <span class='ocrx_word' id='word_1_798' title='bbox 355 5560 456 5638; x_wconf 74' lang='grc' dir='ltr'><strong>ρἰιὶ</strong></span> <span class='ocrx_word' id='word_1_799' title='bbox 486 5573 631 5625; x_wconf 87' lang='lat' dir='ltr'><strong>hunc</strong></span> <span class='ocrx_word' id='word_1_800' title='bbox 659 5585 721 5624; x_wconf 65' lang='lat' dir='ltr'><strong>et</strong></span> <span class='ocrx_word' id='word_1_801' title='bbox 754 5560 1085 5638; x_wconf 73' lang='lat' dir='ltr'><strong>llierunynm</strong></span> <span class='ocrx_word' id='word_1_802' title='bbox 1111 5560 1288 5619; x_wconf 73' lang='lat' dir='ltr'><strong>locum</strong></span> <span class='ocrx_word' id='word_1_803' title='bbox 1321 5560 1826 5638; x_wconf 51' lang='lat' dir='ltr'><strong>Iztttdztt_llttblinntts</strong></span> 
     </span>
    </p>
   </div>
   <div class='ocr_carea' id='block_1_101' title="bbox 226 5628 1821 5713">
    <p class='ocr_par' dir='ltr' id='par_1_101' title="bbox 226 5628 1821 5713">
     <span class='ocr_line' id='line_1_101' title="bbox 226 5628 1821 5713; baseline -0.009 -12"><span class='ocrx_word' id='word_1_804' title='bbox 226 5643 284 5701; x_wconf 81' lang='lat' dir='ltr'><strong>in</strong></span> <span class='ocrx_word' id='word_1_805' title='bbox 305 5628 534 5713; x_wconf 68' lang='lat' dir='ltr'><strong>epistula</strong></span> <span class='ocrx_word' id='word_1_806' title='bbox 563 5628 1350 5713; x_wconf 68' lang='lat' dir='ltr'><strong>adllincmuruutRemensem</strong></span> <span class='ocrx_word' id='word_1_807' title='bbox 1375 5632 1519 5713; x_wconf 64' lang='lat' dir='ltr'><strong>apud</strong></span> <span class='ocrx_word' id='word_1_808' title='bbox 1543 5632 1821 5713; x_wconf 77' lang='lat' dir='ltr'><strong>SirtnOnd.</strong></span> 
     </span>
    </p>
   </div>
   <div class='ocr_carea' id='block_1_102' title="bbox 231 5705 1716 5783">
    <p class='ocr_par' dir='ltr' id='par_1_102' title="bbox 231 5705 1716 5783">
     <span class='ocr_line' id='line_1_102' title="bbox 231 5705 1716 5783; baseline -0.011 -12"><span class='ocrx_word' id='word_1_809' title='bbox 231 5705 367 5771; x_wconf 55' lang='lat' dir='ltr'><strong>tom&#39;.</strong></span> <span class='ocrx_word' id='word_1_810' title='bbox 400 5712 445 5780; x_wconf 87' lang='grc' dir='ltr'>Ι,</span> <span class='ocrx_word' id='word_1_811' title='bbox 480 5712 737 5783; x_wconf 78' lang='lat' dir='ltr'><strong>lcgithic,</strong></span> <span class='ocrx_word' id='word_1_812' title='bbox 761 5709 968 5783; x_wconf 76' lang='lat' dir='ltr'><strong>catusit</strong></span> <span class='ocrx_word' id='word_1_813' title='bbox 997 5710 1050 5762; x_wconf 86' lang='lat' dir='ltr'><strong>in</strong></span> <span class='ocrx_word' id='word_1_814' title='bbox 1077 5708 1351 5783; x_wconf 65' lang='lat' dir='ltr'><strong>semetipso</strong></span> <span class='ocrx_word' id='word_1_815' title='bbox 1380 5705 1716 5783; x_wconf 61' lang='lat' dir='ltr'><strong>deprauatus.</strong></span> 
     </span>
    </p>
   </div>
   <div class='ocr_carea' id='block_1_103' title="bbox 310 5771 1824 5843">
    <p class='ocr_par' dir='ltr' id='par_1_103' title="bbox 310 5771 1824 5843">
     <span class='ocr_line' id='line_1_103' title="bbox 310 5771 1824 5843; baseline -0.011 -3"><span class='ocrx_word' id='word_1_816' title='bbox 310 5796 331 5823; x_wconf 68' lang='grc' dir='ltr'>ε</span> <span class='ocrx_word' id='word_1_817' title='bbox 359 5771 635 5840; x_wconf 65' lang='lat' dir='ltr'><strong>Victorius</strong></span> <span class='ocrx_word' id='word_1_818' title='bbox 662 5784 728 5837; x_wconf 84' lang='lat' dir='ltr'><strong>ad</strong></span> <span class='ocrx_word' id='word_1_819' title='bbox 778 5781 1069 5836; x_wconf 80' lang='lat' dir='ltr'><strong>lectionem</strong></span> <span class='ocrx_word' id='word_1_820' title='bbox 1099 5771 1338 5834; x_wconf 75' lang='lat' dir='ltr'><strong>Gratiani</strong></span> <span class='ocrx_word' id='word_1_821' title='bbox 1368 5771 1490 5843; x_wconf 77' lang='lat' dir='ltr'><strong>cap.</strong></span> <span class='ocrx_word' id='word_1_822' title='bbox 1520 5772 1683 5827; x_wconf 79' lang='lat' dir='ltr'><strong>Inter.</strong></span> <span class='ocrx_word' id='word_1_823' title='bbox 1733 5771 1824 5837; x_wconf 71' lang='grc'><strong>24,</strong></span> 
     </span>
    </p>
   </div>
   <div class='ocr_carea' id='block_1_104' title="bbox 237 5844 1831 5935">
    <p class='ocr_par' dir='ltr' id='par_1_104' title="bbox 237 5844 1831 5935">
     <span class='ocr_line' id='line_1_104' title="bbox 237 5844 1831 5935; baseline -0.011 -20"><span class='ocrx_word' id='word_1_824' title='bbox 237 5869 337 5935; x_wconf 69' lang='lat' dir='ltr'><strong>qu.</strong></span> <span class='ocrx_word' id='word_1_825' title='bbox 354 5857 410 5925; x_wconf 77' lang='grc'><strong>5,</strong></span> <span class='ocrx_word' id='word_1_826' title='bbox 435 5856 679 5931; x_wconf 76' lang='lat' dir='ltr'><strong>itemque</strong></span> <span class='ocrx_word' id='word_1_827' title='bbox 695 5868 762 5915; x_wconf 81' lang='lat' dir='ltr'><strong>ex</strong></span> <span class='ocrx_word' id='word_1_828' title='bbox 784 5864 918 5917; x_wconf 81' lang='lat' dir='ltr'><strong>mss.</strong></span> <span class='ocrx_word' id='word_1_829' title='bbox 937 5848 1096 5913; x_wconf 84' lang='lat' dir='ltr'><strong>codd.</strong></span> <span class='ocrx_word' id='word_1_830' title='bbox 1122 5846 1460 5927; x_wconf 82' lang='lat' dir='ltr'><strong>reponithic,</strong></span> <span class='ocrx_word' id='word_1_831' title='bbox 1477 5844 1831 5902; x_wconf 87' lang='lat' dir='ltr'><strong>arbitramur:</strong></span> 
     </span>
    </p>
   </div>
   <div class='ocr_carea' id='block_1_105' title="bbox 1932 4720 3530 4796">
    <p class='ocr_par' dir='ltr' id='par_1_105' title="bbox 1932 4720 3530 4796">
     <span class='ocr_line' id='line_1_105' title="bbox 1932 4720 3530 4796; baseline -0.004 -14"><span class='ocrx_word' id='word_1_832' title='bbox 1932 4725 2234 4796; x_wconf 66' lang='lat' dir='ltr'><strong>Scriptura:</strong></span> <span class='ocrx_word' id='word_1_833' title='bbox 2263 4726 2384 4780; x_wconf 91' lang='lat' dir='ltr'><strong>loco</strong></span> <span class='ocrx_word' id='word_1_834' title='bbox 2433 4723 2557 4795; x_wconf 88' lang='lat' dir='ltr'><strong>quis</strong></span> <span class='ocrx_word' id='word_1_835' title='bbox 2602 4723 2789 4791; x_wconf 87' lang='lat' dir='ltr'><strong>fuerit,</strong></span> <span class='ocrx_word' id='word_1_836' title='bbox 2825 4739 2936 4778; x_wconf 89' lang='lat' dir='ltr'><strong>non</strong></span> <span class='ocrx_word' id='word_1_837' title='bbox 2979 4736 3275 4793; x_wconf 91' lang='lat' dir='ltr'><strong>possumus</strong></span> <span class='ocrx_word' id='word_1_838' title='bbox 3318 4720 3530 4788; x_wconf 89' lang='lat' dir='ltr'><strong>dicere,</strong></span> 
     </span>
    </p>
   </div>
   <div class='ocr_carea' id='block_1_106' title="bbox 1932 4811 3535 4891">
    <p class='ocr_par' dir='ltr' id='par_1_106' title="bbox 1932 4811 3535 4891">
     <span class='ocr_line' id='line_1_106' title="bbox 1932 4811 3535 4891; baseline -0.005 -19"><span class='ocrx_word' id='word_1_839' title='bbox 1932 4818 2039 4891; x_wconf 74' lang='lat' dir='ltr'><strong>pisi</strong></span> <span class='ocrx_word' id='word_1_840' title='bbox 2095 4817 2199 4873; x_wconf 86' lang='lat' dir='ltr'><strong>hoc</strong></span> <span class='ocrx_word' id='word_1_841' title='bbox 2244 4822 2457 4872; x_wconf 87' lang='lat' dir='ltr'><strong>tantum</strong></span> <span class='ocrx_word' id='word_1_842' title='bbox 2483 4854 2501 4883; x_wconf 93' lang='lat'><strong>,</strong></span> <span class='ocrx_word' id='word_1_843' title='bbox 2550 4815 2694 4889; x_wconf 88' lang='lat' dir='ltr'><strong>quod</strong></span> <span class='ocrx_word' id='word_1_844' title='bbox 2726 4824 2781 4871; x_wconf 88' lang='lat' dir='ltr'><strong>et</strong></span> <span class='ocrx_word' id='word_1_845' title='bbox 2819 4815 2937 4889; x_wconf 90' lang='lat' dir='ltr'><strong>ipse</strong></span> <span class='ocrx_word' id='word_1_846' title='bbox 2978 4814 3315 4891; x_wconf 83' lang='lat' dir='ltr'><strong>apostolicus</strong></span> <span class='ocrx_word' id='word_1_847' title='bbox 3358 4811 3441 4865; x_wconf 89' lang='lat' dir='ltr'><strong>vir</strong></span> <span class='ocrx_word' id='word_1_848' title='bbox 3482 4811 3535 4865; x_wconf 90' lang='lat' dir='ltr'><strong>id</strong></span> 
     </span>
    </p>
   </div>
   <div class='ocr_carea' id='block_1_107' title="bbox 1931 4890 3538 4983">
    <p class='ocr_par' dir='ltr' id='par_1_107' title="bbox 1931 4890 3538 4983">
     <span class='ocr_line' id='line_1_107' title="bbox 1931 4890 3538 4983; baseline -0.005 -17"><span class='ocrx_word' id='word_1_849' title='bbox 1931 4890 2122 4978; x_wconf 82' lang='lat' dir='ltr'><strong>operis</strong></span> <span class='ocrx_word' id='word_1_850' title='bbox 2151 4902 2299 4979; x_wconf 89' lang='lat' dir='ltr'><strong>quod</strong></span> <span class='ocrx_word' id='word_1_851' title='bbox 2327 4905 2526 4979; x_wconf 83' lang='lat' dir='ltr'><strong>Apollo</strong></span> <span class='ocrx_word' id='word_1_852' title='bbox 2548 4903 2844 4971; x_wconf 79' lang='lat' dir='ltr'><strong>exercebat</strong></span> <span class='ocrx_word' id='word_1_853' title='bbox 2871 4890 3128 4983; x_wconf 82' lang='lat' dir='ltr'><strong>habuerit</strong></span> <span class='ocrx_word' id='word_1_854' title='bbox 3162 4923 3176 4958; x_wconf 87' lang='lat'><strong>:</strong></span> <span class='ocrx_word' id='word_1_855' title='bbox 3204 4902 3406 4959; x_wconf 88' lang='lat' dir='ltr'><strong>Christi</strong></span> <span class='ocrx_word' id='word_1_856' title='bbox 3432 4902 3538 4958; x_wconf 85' lang='lat' dir='ltr'><strong>Ec-</strong></span> 
     </span>
    </p>
   </div>
   <div class='ocr_carea' id='block_1_108' title="bbox 1931 4995 3539 5068">
    <p class='ocr_par' dir='ltr' id='par_1_108' title="bbox 1931 4995 3539 5068">
     <span class='ocr_line' id='line_1_108' title="bbox 1931 4995 3539 5068; baseline -0.006 -11"><span class='ocrx_word' id='word_1_857' title='bbox 1931 5000 2130 5057; x_wconf 86' lang='lat' dir='ltr'><strong>clesias</strong></span> <span class='ocrx_word' id='word_1_858' title='bbox 2157 4998 2185 5037; x_wconf 80' lang='grc' dir='ltr'><strong>ιι</strong></span> <span class='ocrx_word' id='word_1_859' title='bbox 2216 4998 2554 5054; x_wconf 80' lang='lat' dir='ltr'><strong>exstruendi.</strong></span> <span class='ocrx_word' id='word_1_860' title='bbox 2590 4998 2852 5068; x_wconf 66' lang='lat' dir='ltr'><strong>Praecipit</strong></span> <span class='ocrx_word' id='word_1_861' title='bbox 2894 4998 3080 5066; x_wconf 81' lang='lat' dir='ltr'><strong>itaque</strong></span> <span class='ocrx_word' id='word_1_862' title='bbox 3110 4995 3268 5062; x_wconf 88' lang='lat' dir='ltr'><strong>Tito,</strong></span> <span class='ocrx_word' id='word_1_863' title='bbox 3318 5002 3378 5048; x_wconf 78' lang='lat' dir='ltr'><strong>nt</strong></span> <span class='ocrx_word' id='word_1_864' title='bbox 3401 5007 3539 5063; x_wconf 84' lang='lat' dir='ltr'><strong>quo-</strong></span> 
     </span>
    </p>
   </div>
   <div class='ocr_carea' id='block_1_109' title="bbox 1931 5088 3535 5167">
    <p class='ocr_par' dir='ltr' id='par_1_109' title="bbox 1931 5088 3535 5167">
     <span class='ocr_line' id='line_1_109' title="bbox 1931 5088 3535 5167; baseline -0.003 -19"><span class='ocrx_word' id='word_1_865' title='bbox 1931 5093 2077 5167; x_wconf 64' lang='lat' dir='ltr'><strong>piam</strong></span> <span class='ocrx_word' id='word_1_866' title='bbox 2131 5091 2200 5148; x_wconf 91' lang='lat' dir='ltr'><strong>de</strong></span> <span class='ocrx_word' id='word_1_867' title='bbox 2227 5088 2387 5167; x_wconf 76' lang='lat' dir='ltr'><strong>Creta</strong></span> <span class='ocrx_word' id='word_1_868' title='bbox 2434 5092 2503 5147; x_wconf 88' lang='lat' dir='ltr'><strong>ad</strong></span> <span class='ocrx_word' id='word_1_869' title='bbox 2538 5090 2806 5148; x_wconf 67' lang='lat' dir='ltr'><strong>Grmciam</strong></span> <span class='ocrx_word' id='word_1_870' title='bbox 2842 5088 3151 5160; x_wconf 77' lang='lat' dir='ltr'><strong>navigaturi</strong></span> <span class='ocrx_word' id='word_1_871' title='bbox 3183 5094 3381 5154; x_wconf 82' lang='lat' dir='ltr'><strong>erant,</strong></span> <span class='ocrx_word' id='word_1_872' title='bbox 3426 5101 3535 5143; x_wconf 89' lang='lat' dir='ltr'><strong>non</strong></span> 
     </span>
    </p>
   </div>
   <div class='ocr_carea' id='block_1_110' title="bbox 1932 5176 3533 5253">
    <p class='ocr_par' dir='ltr' id='par_1_110' title="bbox 1932 5176 3533 5253">
     <span class='ocr_line' id='line_1_110' title="bbox 1932 5176 3533 5253; baseline -0.007 -12"><span class='ocrx_word' id='word_1_873' title='bbox 1932 5200 2029 5249; x_wconf 82' lang='lat' dir='ltr'><strong>eos</strong></span> <span class='ocrx_word' id='word_1_874' title='bbox 2054 5183 2218 5239; x_wconf 88' lang='lat' dir='ltr'><strong>faciat</strong></span> <span class='ocrx_word' id='word_1_875' title='bbox 2239 5181 2477 5238; x_wconf 89' lang='lat' dir='ltr'><strong>sitarciis</strong></span> <span class='ocrx_word' id='word_1_876' title='bbox 2508 5182 2794 5253; x_wconf 91' lang='lat' dir='ltr'><strong>indigere,</strong></span> <span class='ocrx_word' id='word_1_877' title='bbox 2823 5182 2922 5237; x_wconf 89' lang='lat' dir='ltr'><strong>sed</strong></span> <span class='ocrx_word' id='word_1_878' title='bbox 2948 5179 3154 5237; x_wconf 88' lang='lat' dir='ltr'><strong>habere</strong></span> <span class='ocrx_word' id='word_1_879' title='bbox 3192 5192 3255 5234; x_wconf 87' lang='lat' dir='ltr'><strong>ea</strong></span> <span class='ocrx_word' id='word_1_880' title='bbox 3296 5191 3420 5247; x_wconf 85' lang='lat' dir='ltr'><strong>quae</strong></span> <span class='ocrx_word' id='word_1_881' title='bbox 3464 5176 3533 5231; x_wconf 87' lang='lat' dir='ltr'><strong>ad</strong></span> 
     </span>
    </p>
   </div>
   <div class='ocr_carea' id='block_1_111' title="bbox 1933 5276 2726 5332">
    <p class='ocr_par' dir='ltr' id='par_1_111' title="bbox 1933 5276 2726 5332">
     <span class='ocr_line' id='line_1_111' title="bbox 1933 5276 2726 5332; baseline -0.003 -1"><span class='ocrx_word' id='word_1_882' title='bbox 1933 5276 2192 5332; x_wconf 87' lang='lat' dir='ltr'><strong>viaticum</strong></span> <span class='ocrx_word' id='word_1_883' title='bbox 2227 5276 2548 5332; x_wconf 89' lang='lat' dir='ltr'><strong>necessaria</strong></span> <span class='ocrx_word' id='word_1_884' title='bbox 2575 5282 2726 5331; x_wconf 90' lang='lat' dir='ltr'><strong>sunt.</strong></span> 
     </span>
    </p>
   </div>
   <div class='ocr_carea' id='block_1_112' title="bbox 1930 5406 3531 5488">
    <p class='ocr_par' dir='ltr' id='par_1_112' title="bbox 1930 5406 3531 5488">
     <span class='ocr_line' id='line_1_112' title="bbox 1930 5406 3531 5488; baseline -0.005 -17"><span class='ocrx_word' id='word_1_885' title='bbox 1930 5424 1983 5488; x_wconf 83' lang='lat' dir='ltr'><strong>et</strong></span> <span class='ocrx_word' id='word_1_886' title='bbox 2005 5431 2129 5471; x_wconf 90' lang='lat' dir='ltr'><strong>mox</strong></span> <span class='ocrx_word' id='word_1_887' title='bbox 2154 5425 2379 5488; x_wconf 71' lang='lat' dir='ltr'><strong>separet,</strong></span> <span class='ocrx_word' id='word_1_888' title='bbox 2404 5430 2526 5488; x_wconf 81' lang='lat' dir='ltr'><strong>pro,</strong></span> <span class='ocrx_word' id='word_1_889' title='bbox 2549 5423 2867 5488; x_wconf 62' lang='lat' dir='ltr'><strong>separetur:</strong></span> <span class='ocrx_word' id='word_1_890' title='bbox 2888 5411 3128 5488; x_wconf 70' lang='lat' dir='ltr'><strong>denique</strong></span> <span class='ocrx_word' id='word_1_891' title='bbox 3144 5406 3295 5488; x_wconf 77' lang='lat' dir='ltr'><strong>addit</strong></span> <span class='ocrx_word' id='word_1_892' title='bbox 3317 5420 3531 5488; x_wconf 73' lang='lat' dir='ltr'><strong>vocem,</strong></span> 
     </span>
    </p>
   </div>
   <div class='ocr_carea' id='block_1_113' title="bbox 1929 5479 3534 5559">
    <p class='ocr_par' dir='ltr' id='par_1_113' title="bbox 1929 5479 3534 5559">
     <span class='ocr_line' id='line_1_113' title="bbox 1929 5479 3534 5559; baseline -0.004 -19"><span class='ocrx_word' id='word_1_893' title='bbox 1929 5479 2333 5559; x_wconf 56' lang='lat' dir='ltr'><strong>diversum,&#39;ibi,</strong></span> <span class='ocrx_word' id='word_1_894' title='bbox 2356 5479 2583 5559; x_wconf 73' lang='lat' dir='ltr'><strong>intelligi</strong></span> <span class='ocrx_word' id='word_1_895' title='bbox 2608 5479 3079 5559; x_wconf 71' lang='lat' dir='ltr'><strong>potestdiversuni._</strong></span> <span class='ocrx_word' id='word_1_896' title='bbox 3094 5479 3418 5559; x_wconf 79' lang='lat' dir='ltr'><strong>Rabbanus,</strong></span> <span class='ocrx_word' id='word_1_897' title='bbox 3441 5483 3534 5559; x_wconf 78' lang='lat' dir='ltr'><strong>qui</strong></span> 
     </span>
    </p>
   </div>
   <div class='ocr_carea' id='block_1_114' title="bbox 1935 5552 3536 5627">
    <p class='ocr_par' dir='ltr' id='par_1_114' title="bbox 1935 5552 3536 5627">
     <span class='ocr_line' id='line_1_114' title="bbox 1935 5552 3536 5627; baseline -0.006 -15"><span class='ocrx_word' id='word_1_898' title='bbox 1935 5568 1993 5613; x_wconf 88' lang='lat' dir='ltr'><strong>ut</strong></span> <span class='ocrx_word' id='word_1_899' title='bbox 2019 5560 2274 5622; x_wconf 85' lang='lat' dir='ltr'><strong>diximus,</strong></span> <span class='ocrx_word' id='word_1_900' title='bbox 2301 5558 2441 5612; x_wconf 84' lang='lat' dir='ltr'><strong>hunc</strong></span> <span class='ocrx_word' id='word_1_901' title='bbox 2464 5552 2882 5627; x_wconf 58' lang='lat' dir='ltr'><strong>diligentissime</strong></span> <span class='ocrx_word' id='word_1_902' title='bbox 2904 5555 3195 5627; x_wconf 80' lang='lat' dir='ltr'><strong>descripsit</strong></span> <span class='ocrx_word' id='word_1_903' title='bbox 3225 5552 3428 5627; x_wconf 78' lang='lat' dir='ltr'><strong>locum,</strong></span> <span class='ocrx_word' id='word_1_904' title='bbox 3453 5552 3536 5627; x_wconf 81' lang='lat' dir='ltr'><strong>sic</strong></span> 
     </span>
    </p>
   </div>
   <div class='ocr_carea' id='block_1_115' title="bbox 1938 5622 3536 5700">
    <p class='ocr_par' dir='ltr' id='par_1_115' title="bbox 1938 5622 3536 5700">
     <span class='ocr_line' id='line_1_115' title="bbox 1938 5622 3536 5700; baseline -0.006 -16"><span class='ocrx_word' id='word_1_905' title='bbox 1938 5631 2100 5685; x_wconf 88' lang='lat' dir='ltr'><strong>habet</strong></span> <span class='ocrx_word' id='word_1_906' title='bbox 2128 5648 2141 5684; x_wconf 91' lang='lat'><strong>:</strong></span> <span class='ocrx_word' id='word_1_907' title='bbox 2174 5629 2421 5687; x_wconf 76' lang='lat' dir='ltr'><strong>Schisma</strong></span> <span class='ocrx_word' id='word_1_908' title='bbox 2450 5622 2663 5700; x_wconf 72' lang='lat' dir='ltr'><strong>propter</strong></span> <span class='ocrx_word' id='word_1_909' title='bbox 2691 5626 3041 5700; x_wconf 82' lang='lat' dir='ltr'><strong>episcopalem</strong></span> <span class='ocrx_word' id='word_1_910' title='bbox 3067 5622 3442 5700; x_wconf 71' lang='lat' dir='ltr'><strong>dissensionem</strong></span> <span class='ocrx_word' id='word_1_911' title='bbox 3470 5622 3536 5675; x_wconf 89' lang='lat' dir='ltr'><strong>ab</strong></span> 
     </span>
    </p>
   </div>
   <div class='ocr_carea' id='block_1_116' title="bbox 1939 5691 3536 5768">
    <p class='ocr_par' dir='ltr' id='par_1_116' title="bbox 1939 5691 3536 5768">
     <span class='ocr_line' id='line_1_116' title="bbox 1939 5691 3536 5768; baseline -0.006 -14"><span class='ocrx_word' id='word_1_912' title='bbox 1939 5701 2177 5756; x_wconf 79' lang='lat' dir='ltr'><strong>Ecclesia</strong></span> <span class='ocrx_word' id='word_1_913' title='bbox 2220 5691 2461 5768; x_wconf 60' lang='grc' dir='ltr'><strong>δέρω-ρι’</strong></span> <span class='ocrx_word' id='word_1_914' title='bbox 2490 5691 2641 5766; x_wconf 76' lang='lat' dir='ltr'><strong>Quod</strong></span> <span class='ocrx_word' id='word_1_915' title='bbox 2687 5691 2893 5768; x_wconf 73' lang='lat' dir='ltr'><strong>quidem</strong></span> <span class='ocrx_word' id='word_1_916' title='bbox 2936 5698 2987 5749; x_wconf 87' lang='lat' dir='ltr'><strong>in</strong></span> <span class='ocrx_word' id='word_1_917' title='bbox 3030 5695 3284 5766; x_wconf 80' lang='lat' dir='ltr'><strong>principio</strong></span> <span class='ocrx_word' id='word_1_918' title='bbox 3320 5691 3392 5746; x_wconf 84' lang='lat' dir='ltr'><strong>ita</strong></span> <span class='ocrx_word' id='word_1_919' title='bbox 3428 5707 3536 5747; x_wconf 86' lang='lat' dir='ltr'><strong>esse</strong></span> 
     </span>
    </p>
   </div>
   <div class='ocr_carea' id='block_1_117' title="bbox 1935 5772 2848 5882">
    <p class='ocr_par' dir='ltr' id='par_1_117' title="bbox 1935 5772 2848 5882">
     <span class='ocr_line' id='line_1_117' title="bbox 1935 5772 2848 5882; baseline -0.009 -55"><span class='ocrx_word' id='word_1_920' title='bbox 1935 5772 2116 5882; x_wconf 59' lang='lat' dir='ltr'><strong>aligua</strong></span> <span class='ocrx_word' id='word_1_921' title='bbox 2143 5788 2206 5826; x_wconf 73' lang='lat' dir='ltr'><strong>ex</strong></span> <span class='ocrx_word' id='word_1_922' title='bbox 2231 5782 2379 5855; x_wconf 77' lang='lat' dir='ltr'><strong>parte</strong></span> <span class='ocrx_word' id='word_1_923' title='bbox 2405 5772 2630 5855; x_wconf 70' lang='lat' dir='ltr'><strong>intelligi</strong></span> <span class='ocrx_word' id='word_1_924' title='bbox 2657 5778 2848 5852; x_wconf 63' lang='lat' dir='ltr'><strong>potest.</strong></span> 
     </span>
     <span class='ocr_line' id='line_1_118' title="bbox 2070 5839 2848 5882; baseline 0 0"><span class='ocrx_word' id='word_1_925' title='bbox 2070 5844 2249 5882; x_wconf 75' lang='lat' dir='ltr'><strong>Nnclm</strong></span> <span class='ocrx_word' id='word_1_926' title='bbox 2284 5858 2395 5882; x_wconf 70' lang='lat' dir='ltr'><strong>intra</strong></span> <span class='ocrx_word' id='word_1_927' title='bbox 2474 5842 2666 5882; x_wconf 56' lang='lat' dir='ltr'><strong>{ilium</strong></span> <span class='ocrx_word' id='word_1_928' title='bbox 2713 5839 2848 5882; x_wconf 61' lang='lat' dir='ltr'><strong>Eri-ll</strong></span> 
     </span>
    </p>
   </div>
   <div class='ocr_carea' id='block_1_118' title="bbox 2066 5835 3322 5914">
    <p class='ocr_par' dir='ltr' id='par_1_118' title="bbox 2066 5835 3322 5914">
     <span class='ocr_line' id='line_1_119' title="bbox 2066 5835 3322 5914; baseline -0.014 -7"><span class='ocrx_word' id='word_1_929' title='bbox 2066 5835 2253 5913; x_wconf 78' lang='lat' dir='ltr'><strong>NOStri</strong></span> <span class='ocrx_word' id='word_1_930' title='bbox 2282 5858 2443 5914; x_wconf 72' lang='lat'><strong>1083.,</strong></span> <span class='ocrx_word' id='word_1_931' title='bbox 2474 5835 2672 5901; x_wconf 73' lang='lat' dir='ltr'><strong>Christi</strong></span> <span class='ocrx_word' id='word_1_932' title='bbox 2706 5839 2976 5899; x_wconf 77' lang='lat' dir='ltr'><strong>Ecclesias</strong></span> <span class='ocrx_word' id='word_1_933' title='bbox 3005 5835 3322 5896; x_wconf 81' lang='lat' dir='ltr'><strong>instruendi.</strong></span> 
     </span>
    </p>
   </div>
  </div>
