4034 6344
506 269 618 332 899

507 499 734 557 prteessc
757 487 813 540 in
840 484 1144 540 necessariis
1170 482 1348 537 usibus
1367 523 1382 548 ,
1414 490 1471 535 ut
1499 497 1601 534 non
1631 482 1946 553 infructuosi
1983 484 2104 536 sint.

515 577 696 648 Supra
722 578 936 633 dixerat
964 594 979 631 :
1005 577 1199 631 Zenam
1228 575 1380 647 Legis
1417 576 1679 630 doctorem
1710 585 1756 630 et
1788 576 1977 649 Apollo
2005 577 2111 631 sol-

505 670 650 726 licite
677 672 952 740 prtemitte,
983 681 1038 724 ut
1070 669 1202 723 nihil
1237 669 1346 723 illis
1377 670 1532 724 desit.
1567 669 1703 736 Quia
1735 686 1865 740 ergo
1896 681 2113 741 poterat

505 762 746 817 suboriri
776 763 988 818 occulta
1016 762 1330 831 responsio,
1366 771 1425 816 ut
1466 777 1574 816 non
1603 772 1712 816 tam
1755 763 1915 818 Titus
1948 779 2109 833 quam

507 855 837 926 quicumque
877 855 1145 926 Epistola:
1192 856 1368 910 lector
1409 854 1515 910 hoc
1560 856 1773 910 diceret
1818 875 1832 911 :
1880 868 1935 912 et
1969 857 2111 913 unde

503 945 655 1013 Tito,
685 955 745 1001 ut
773 946 1035 1001 viaticum
1075 962 1184 1001 non
1226 946 1555 1002 habentibus
1583 947 1874 1017 largiretur
1899 989 1913 1013 ,
1948 947 2112 1004 solvit

505 1038 650 1095 hanc
677 1039 1037 1110 quaestionem
1058 1081 1075 1106 ,
1105 1049 1162 1095 et
1188 1041 1345 1110 quasi
1382 1039 1522 1095 nihil
1553 1040 1654 1095 sibi
1681 1051 1991 1112 opponatur
2015 1045 2114 1098 eli-

504 1131 614 1199 dit,
645 1131 880 1188 dicendo
914 1150 930 1188 :
964 1133 1188 1187 Discant
1219 1140 1395 1187 autent
1427 1144 1474 1188 et
1508 1135 1667 1188 nostri
1697 1135 1843 1190 bonis
1875 1137 2112 1206 operibus

502 1239 728 1294 prwesse
757 1225 814 1278 in
847 1225 1151 1279 necessariis
1190 1225 1390 1290 usibus,
1423 1236 1479 1279 ut
1510 1243 1612 1282 non
1643 1228 1956 1297 infructuosi
1985 1230 2106 1284 sint.

505 1312 739 1371 Nostros
768 1331 902 1372 suos
944 1329 1108 1372 vocat
1137 1317 1231 1387 qui
1262 1319 1318 1372 in
1344 1317 1564 1372 Christo
1594 1319 1944 1374 crediderant
1973 1337 1987 1376 :
2018 1320 2110 1391 qui

506 1408 637 1479 quia
683 1408 888 1464 Christi
919 1418 1100 1474 erant,
1135 1418 1284 1465 recte
1315 1420 1369 1465 et
1411 1410 1562 1464 Pauli
1599 1419 1654 1466 et
1697 1410 1807 1466 Titi
1846 1411 2111 1482 appellari

511 1499 891 1555 merebantur.
949 1501 1154 1568 Habes,
1206 1501 1416 1572 inquit,
1443 1502 1498 1556 in
1529 1501 1830 1572 discipulos
1866 1513 2111 1574 potesta-

517 1601 664 1659 tem;
689 1593 826 1648 doce
868 1607 962 1648 eos
985 1610 1092 1648 non
1116 1609 1242 1650 esse
1270 1594 1642 1650 infructuosos
1668 1615 1681 1649 :
1707 1596 1806 1651 sed
1835 1599 2112 1666 evangeli-

510 1686 615 1740 stis
646 1695 701 1741 et
731 1686 1220 1755 apostolicisviris,
1238 1689 1329 1758 qui
1356 1688 1517 1743 bonis
1540 1689 1798 1758 oneribus
1826 1691 2093 1757 serviunt,

1752 271 1825 329 .S.
1868 269 2135 330 EUSEBII
2173 267 2555 329 HIERONYMI

579 392 772 463 (Vers.
806 392 922 466 14.)
955 392 1170 448 Discant
1200 397 1373 445 autem
1400 401 1450 446 et
1483 391 1650 444 nostri
1686 389 1831 444 bonis
1861 392 2106 459 operibus
2133 392 2188 454 Α
2211 389 2371 444 nibus
2399 387 2488 458 qui
2542 398 2732 442 secum
2761 393 2920 442 erant
2960 383 3170 442 diceret
3207 384 3434 443 salutari
3479 404 3494 447 :

3727 272 3842 331 600

3545 387 3647 445 vel
3680 398 3838 445 certe

2215 482 2433 554 proprie
2461 483 2514 536 in
2546 479 2732 535 Titum
2757 525 2772 549 ,
2799 479 2944 552 quod
2978 480 3104 535 talis
3130 492 3311 548 esset,
3343 491 3400 537 ut
3431 498 3695 539 amorem
3742 499 3836 540 eo-

2214 591 2334 632 rum
2357 575 2452 645 qui
2476 589 2599 630 cum
2623 575 2793 628 Paulo
2814 583 2971 628 erant
2991 574 3238 629 omnium
3266 585 3597 631 mereretur.
3631 577 3834 649 Magna

2213 683 2344 724 vero
2372 667 2489 722 laus
2520 666 2626 720 Titi
2660 682 2755 737 per
2781 665 3011 721 Paulum
3039 667 3107 721 ab
3133 668 3389 722 omnibus
3417 669 3681 724 salutari.

2287 758 2477 814 Saluta
2498 774 2583 812 eos
2603 759 2691 828 qui
2714 774 2805 812 nos
2825 766 3001 812 amant
3020 759 3073 812 in
3096 759 3218 828 fide.
3245 758 3302 815 Si
3327 760 3505 815 omnis
3526 760 3629 831 qui
3655 771 3830 830 amat,

2214 863 2423 908 amaret
2448 853 2503 907 in
2537 852 2664 918 ﬁde,
2690 861 2746 907 et
2774 867 2886 906 non
2912 861 3102 908 essent
3128 853 3221 908 alii
3241 853 3332 922 qui
3363 855 3577 923 absque
3611 853 3728 910 ﬁde
3749 854 3834 910 di-

2213 944 2471 1016 ligerent,
2505 959 2798 1013 numquam
2829 945 3026 998 Paulus
3052 943 3120 999 ad
3150 959 3417 1011 amorem,
3453 945 3624 1002 ﬁdem
3651 963 3830 1019 appo-

2214 1036 2446 1104 suisset,
2474 1035 2664 1092 dicens
2708 1053 2723 1090 :
2759 1036 2950 1092 Saluta
2978 1052 3065 1090 eos
3094 1036 3184 1106 qui
3214 1053 3308 1092 nos
3356 1048 3537 1092 amant
3584 1040 3646 1094 in
3699 1041 3828 1110 fide.

2213 1128 2414 1186 Amant
2451 1130 2648 1200 quippe
2679 1137 2733 1183 et
2760 1136 2962 1182 matres
2997 1128 3174 1196 ﬁlios,
3218 1129 3290 1184 ita
3330 1138 3390 1184 ut
3427 1143 3674 1188 mortem
3725 1149 3829 1203 pro

2215 1222 2296 1278 eis
2317 1231 2579 1292 oppetere
2607 1222 2717 1276 sint
2746 1229 2979 1291 paratae;
3015 1221 3110 1277 sed
3140 1236 3248 1278 non
3277 1233 3464 1279 amant
3490 1227 3543 1280 in
3579 1224 3697 1282 ﬁde
3731 1236 3832 1283 :et

2215 1330 2417 1372 uxores
2455 1317 2684 1370 maritos
2724 1315 2924 1386 quibus
2956 1313 3402 1385 frequentissime
3440 1319 3829 1376 commoriun-

2215 1417 2336 1474 tur;
2361 1407 2456 1463 sed
2486 1423 2642 1462 amor
2673 1408 2766 1462 ille
2795 1422 2903 1462 non
2935 1406 3059 1462 ﬁdei
3090 1417 3197 1463 est.
3227 1408 3354 1464 Sola
3384 1421 3705 1468 sanctorum
3733 1414 3827 1469 di-

2215 1500 2380 1556 lectio
2430 1501 2482 1555 in
2527 1500 2632 1556 ﬁde
2659 1499 2836 1572 diligit
2862 1517 2877 1554 :
2901 1499 3173 1556 intantum
3205 1510 3265 1556 ut
3307 1504 3473 1558 etiam
3503 1505 3548 1559 si
3600 1506 3699 1562 ille
3727 1509 3827 1578 qui

2215 1591 2457 1662 diligitur
2501 1591 2745 1647 inﬁdelis
2797 1593 2916 1647 sit:
2957 1602 3137 1647 tamen
3180 1602 3404 1649 sanctus
3455 1595 3508 1650 in
3560 1595 3671 1653 ﬁde
3697 1614 3827 1654 eum

2215 1687 2422 1756 diligat,
2451 1686 2752 1742 secundum
2786 1685 2916 1740 illud
2943 1703 2957 1740 :
2993 1694 3020 1723 α
3046 1685 3233 1740 Omnia
3263 1696 3434 1742 vestra
3469 1689 3527 1744 in
3554 1689 3668 1760 fide
3694 1691 3827 1758 ﬁant

505 1781 871 1836 ministrare:
915 1791 968 1836 et
1017 1781 1335 1838 ministrare
1360 1825 1376 1848 ,
1421 1797 1530 1836 non
1575 1782 1629 1837 in
1675 1783 2108 1854 quibuscumque
2138 1779 2186 1840 B
2215 1778 2259 1850 (Ι
2293 1778 2415 1834 Cor.
2448 1796 2561 1844 xvr,
2613 1779 2730 1851 14).
2769 1779 2838 1834 Ει
2876 1778 3006 1834 alibi
3043 1797 3056 1834 :
3101 1778 3314 1852 Diligite
3338 1781 3583 1836 inimicos
3628 1791 3827 1838 vestros

508 1870 714 1937 causis,
750 1870 846 1925 sed
876 1871 928 1924 in
962 1873 1292 1927 necessariis
1339 1873 1532 1928 usibus
1562 1889 1576 1927 :
1625 1871 1887 1929 Habentes
1924 1877 2113 1947 quippe

506 1963 704 2016 victum
729 1973 778 2016 et
805 1965 1162 2018 vestimentum
1204 1963 1314 2036 [AL
1348 1965 1633 2037 vestitum],
1678 1967 1757 2020 Itis
1785 1971 2012 2023 contenti
2041 1969 2114 2023 si-

505 2070 623 2108 mus
655 2055 699 2125 (Ι
728 2053 862 2109 Tim.
897 2072 974 2124 Vl,
1024 2056 1079 2127 8)
1114 2073 1129 2110 :
1161 2065 1218 2111 et
1258 2057 1350 2126 qui
1381 2058 1581 2112 altario
1612 2061 1892 2128 serviunt,
1929 2061 1998 2115 de
2033 2061 2114 2116 al-

501 2146 648 2201 tario
675 2145 860 2201 vivant
889 2163 907 2203 z
948 2155 1004 2202 et
1028 2147 1119 2215 qui
1157 2149 1452 2217 participes
1483 2148 1853 2218 spiritualium
1891 2159 2114 2206 nostro-

504 2251 629 2294 rum
645 2237 935 2304 factisunt,
960 2239 1168 2293 debent
1194 2240 1353 2294 nobis
1371 2256 1468 2296 sua
1497 2241 1828 2312 participare
1851 2245 2110 2300 carnalia.

505 2330 579 2388 Et
606 2346 678 2386 ne
711 2329 941 2386 forsitan
975 2331 1067 2385 vel
1096 2331 1385 2402 epistolam
1433 2331 1621 2399 Pauli,
1644 2334 1732 2389 vel
1779 2346 2113 2406 praeceptum

505 2423 616 2479 Titi
658 2421 820 2478 facile
851 2431 1314 2491 contemnerent,
1360 2423 1731 2482 infructuosos
1761 2439 1946 2493 vocat,
1995 2430 2116 2500 qui-

505 2529 743 2584 cumque
783 2515 1146 2584 evangelistis
1184 2531 1293 2570 non
1348 2517 1808 2575 ministraverint.
1870 2521 2010 2577 Dicit
2058 2533 2115 2578 et

506 2606 773 2663 Salomon
819 2605 875 2661 in
930 2607 1251 2664 Proverbiis
1293 2625 1308 2663 :
1353 2608 1584 2665 Fructus
1624 2628 1741 2665 vero
1789 2613 2114 2686 eleemosyna

509 2698 696 2772 (Prov.
735 2714 828 2766 tu,
862 2697 973 2770 12).
999 2700 1068 2754 Ει
1093 2701 1208 2771 ipse
1236 2701 1438 2757 Paulus
1473 2704 1708 2772 primum
1740 2704 1968 2775 spiritus
2001 2705 2116 2761 fru-

505 2799 656 2846 ctum
687 2790 1012 2846 charitatem
1041 2800 1201 2846 vocat
1223 2791 1423 2863 (Galat,
1452 2796 1529 2860 v).
1557 2791 1812 2848 Charitas
1844 2805 2023 2850 autem
2059 2796 2114 2853 in

517 2881 1016 2940 communicatione
1038 2891 1094 2937 et
1129 2884 1180 2937 in
1205 2883 1508 2939 ministerio
1539 2885 1701 2956 740
1742 2888 1827 2943 vel
1879 2889 2115 2944 maxime

513 2973 929 3042 comprobatur.
958 2972 1026 3027 Ut
1056 2990 1180 3042 non,
1215 2975 1409 3045 inquit,
1442 2977 1758 3045 infructuosi
1777 2979 1899 3032 sint.
1932 2977 2114 3033 Omnis

503 3065 643 3120 enim
669 3064 822 3118 arbor
847 3081 962 3134 qua:
981 3083 1084 3120 non
1111 3068 1239 3137 facit
1263 3070 1491 3138 fructum
1518 3069 1722 3135 bonunt,
1748 3073 2034 3140 excidetur,
2066 3083 2115 3128 et

2218 1871 2371 1943 (Luc.
2397 1887 2478 1939 vi,
2503 1871 2617 1942 55).
2659 1872 2848 1943 Diligit
2876 1883 3096 1927 sanctus
3125 1872 3383 1928 inimicos
3409 1887 3576 1939 suos,
3613 1885 3673 1931 et
3702 1874 3826 1932 ideo

2218 1964 2273 2020 in
2303 1963 2408 2020 ﬁde
2432 1963 2609 2032 diligit
2642 1980 2656 2018 :
2689 1963 2817 2034 quia
2853 1963 3032 2019 credit
3059 1963 3116 2018 in
3147 1979 3272 2020 eum
3308 1965 3400 2035 qui
3433 1965 3716 2035 pollicitus
3745 1975 3830 2024 est

2218 2071 2278 2111 se
2305 2070 2404 2126 pro
2440 2054 2754 2127 expletione
2794 2053 3036 2110 mandati
3078 2055 3473 2112 retributurum
3505 2071 3638 2114 esse
3677 2073 3823 2114 mer-

2217 2148 2432 2204 cedem.

2290 2237 2478 2294 Gratia
2499 2237 2716 2294 Domini
2737 2241 2900 2296 nostri
2927 2256 3044 2294 cunt
3067 2239 3302 2296 omnibus
3330 2241 3494 2296 uobis.
3521 2241 3823 2300 Sciendum

2219 2332 2363 2404 quod
2411 2333 2464 2386 in
2495 2332 2702 2389 Graecis
2745 2332 3023 2390 codicibus
3052 2333 3123 2388 ita
3150 2334 3414 2403 scriptum
3445 2345 3532 2390 est
3584 2353 3598 2390 :
3644 2337 3828 2390 Gratia

2219 2441 2335 2478 cmn
2365 2426 2602 2480 omnibus
2646 2424 2787 2480 vobis
2831 2442 2851 2480 :
2882 2435 2942 2480 ut
2981 2440 3086 2481 nec
3129 2424 3372 2491 Domini,
3406 2442 3510 2483 nec
3539 2429 3729 2494 nostri,
3770 2429 3823 2484 in

2219 2515 2375 2570 libris
2395 2516 2603 2572 feratur
2628 2517 2982 2574 autlienticis.
3009 2517 3067 2572 In
3090 2532 3383 2575 commune
3409 2518 3603 2590 itaque
3624 2520 3824 2576 sanctis

2218 2617 2382 2679 atque
2411 2608 2782 2678 credentibus,
2812 2609 2938 2665 Tito
2966 2618 3022 2666 et
3041 2610 3259 2666 caeteris
3285 2611 3521 2682 quicum
3549 2627 3622 2669 eo
3646 2621 3820 2680 erant,

2219 2698 2555 2770 imprecatur
2583 2701 2835 2770 gratiam.
2872 2699 2944 2755 Et
2993 2699 3272 2772 quomodo
3313 2701 3464 2758 lsaac
3508 2703 3823 2773 patriarcha

2220 2791 2505 2846 benedixit
2544 2793 2712 2846 tilium
2751 2808 2910 2846 suum
2961 2792 3136 2849 Jacob
3161 2792 3319 2864 (Gen.
3362 2796 3559 2866 xxvtt),
3613 2804 3672 2852 et
3711 2797 3824 2866 ipse

2220 2882 2510 2938 duodecim
2539 2882 2887 2938 Patriarchas
2921 2881 3114 2955 (Ibid.,
3141 2882 3238 2957 29)
3269 2899 3284 2939 :
3319 2886 3568 2955 Apostoli
3610 2900 3822 2957 quoque

2219 2975 2596 3043 ingredientes
2641 2974 2866 3030 domum
2915 2973 3174 3031 dicebant
3233 2993 3244 3028 :
3305 2973 3426 3031 Pax
3473 2976 3604 3032 huic
3651 2977 3822 3032 domui

2223 3071 2380 3145 (Mat.
2407 3087 2466 3138 x,
2502 3070 2614 3140 12).
2650 3069 2715 3124 Et
2761 3069 2809 3125 si
2837 3069 2999 3140 digna
3030 3080 3149 3125 erat
3178 3068 3403 3135 domus,
3439 3071 3821 3142 requiescebat

502 3158 560 3212 in
611 3159 781 3229 ignem
826 3160 1055 3213 mittetur
1098 3159 1256 3230 (Mat.
1291 3176 1344 3229 v,
1378 3160 1491 3232 10).
1537 3162 1650 3217 Hoc
1697 3174 1882 3218 autem
1925 3165 2052 3221 dico
2086 3183 2101 3220 :
2130 3164 2177 3228 C
2209 3181 2312 3238 pax
2361 3179 2550 3220 eorum
2584 3177 2751 3233 super
2795 3177 2914 3218 eam
2949 3178 2964 3217 :
2997 3163 3044 3217 si
3079 3176 3211 3218 vero
3240 3161 3538 3218 exhibebat
3579 3178 3642 3219 se
3683 3162 3820 3218 iudi-

506 3252 636 3324 quia
659 3253 749 3324 qui
784 3269 948 3324 parce
965 3255 1202 3310 seminat
1223 3299 1237 3324 ,
1276 3271 1441 3323 parce
1471 3266 1525 3311 et
1556 3269 1743 3312 metet.
1774 3260 2106 3329 Apostolicis

501 3345 639 3401 viris
664 3355 719 3400 et
741 3345 1287 3418 Evangelizatoribus
1307 3347 1517 3403 ChriSti
1552 3349 1604 3403 in
1641 3350 1966 3406 necessariis
1999 3354 2108 3408 usi—

498 3439 605 3495 bus
631 3440 778 3496 nolle
802 3441 1075 3509 tribuere,
1107 3441 1419 3496 sterilitatis
1456 3440 1704 3512 seipsum
1737 3453 1822 3499 est
1849 3445 2108 3502 condem-

497 3546 660 3588 nare.

574 3623 759 3696 (Vere.
817 3624 930 3695 15.)
982 3623 1235 3679 Salutant
1285 3635 1334 3681 te
1379 3627 1469 3696 qui
1497 3643 1700 3682 mecum
1749 3639 1870 3684 sunt
1905 3648 2102 3688 onmes.

499 3715 603 3772 Vel
631 3717 793 3772 solita
823 3717 1224 3774 consuetudine
1267 3731 1396 3774 usus
1425 3728 1546 3786 est,
1579 3732 1637 3775 ut
1666 3720 1851 3777 Titum
1896 3724 1964 3777 ab
1987 3739 2106 3779 om-

572 3832 596 3853 ⁸
626 3833 834 3907 Victor.
865 3834 1055 3907 addit;
1084 3833 1238 3888 State
1264 3836 1320 3887 in
1350 3836 1478 3904 ﬁde,
1511 3846 1581 3904 et,
1613 3847 1722 3891 tum
1747 3837 1812 3893 ad
1845 3854 2091 3907 sensum,

499 3911 562 3959 ut
581 3904 969 3979 se_n‘t_i_t,ipsi_usi
982 3904 1319 3976 Hieronymi,
1341 3909 1432 3971 qui
1458 3908 1699 3976 loquitur
1715 3909 1783 3964 de
1805 3904 2094 3979 charitate,

497 3984 556 4030 et
585 3973 652 4026 ad
679 3973 838 4026 ﬁdem
877 3973 1089 4044 Vulgat.
1121 3973 1256 4030 edit.
1291 3992 1414 4032 cum
1447 3973 1684 4042 Graecae,
1719 3989 1830 4034 tum
1865 3973 2094 4049 Latinae,

2213 3275 2399 3332 gnam,
2430 3257 2812 3314 revertebatur
2836 3257 2902 3311 ad
2928 3271 3027 3312 eos
3053 3257 3144 3327 qui
3189 3271 3309 3311 eam
3352 3255 3574 3313 fuerant
3623 3258 3818 3328 impre-

2216 3356 2342 3410 cati.
2377 3351 2454 3407 lta
2478 3360 2534 3406 et
2559 3365 2703 3405 nunc
2733 3350 2784 3404 in
2816 3348 2924 3404 ﬁne
2948 3349 3206 3419 Epistolaz
3231 3364 3345 3406 sua:
3369 3348 3676 3420 Apostolus
3700 3365 3818 3422 gra-

2218 3449 2344 3501 tiam
2378 3442 2729 3498 credentibus
2761 3441 3096 3510 imprecatur
3128 3457 3144 3496 :
3179 3456 3300 3510 qua:
3330 3455 3455 3496 cum
3486 3452 3621 3498 voto
3649 3441 3813 3497 habe-

2217 3536 2309 3592 bat
2339 3533 2624 3600 eﬁ‘ectutn,
2669 3542 2727 3588 et
2769 3542 2891 3587 erat
2934 3531 2990 3586 in
3035 3539 3308 3602 potestate
3348 3531 3726 3598 credentium,
3769 3531 3812 3587 si

2213 3630 2381 3685 talem
2413 3643 2474 3684 se
2519 3625 2878 3695 benedictus,
2931 3623 3150 3697 qualem
3179 3624 3517 3682 benedicens
3562 3625 3811 3698 praebere

2217 3723 2506 3778 voluisset.

2203 3837 2479 3913 rescribit,
2512 3836 2703 3890 Omnia
2725 3843 2892 3913 uestra
2914 3833 2971 3888 in
2986 3832 3241 3913 cftaritate
3256 3833 3412 3913 ﬁant,
3437 3846 3566 3913 pro,
3604 3832 3658 3887 in
3683 3830 3804 3900 ﬁde.

2213 3911 2324 3965 Mss
2356 3920 2538 3965 autem
2577 3905 2755 3962 nostri
2784 3920 2984 3962 omnes
3012 3905 3339 3976 impressam
3366 3904 3663 3960 lectionem
3686 3918 3804 3975 pro-

2208 3980 2358 4036 bant.

499 4065 3765 4111 “mw

1107 4180 1254 4293 S.
1331 4183 2058 4298 EUSEBII
2135 4182 3214 4298 HIEBONYMI

1574 4358 2146 4422 STRIDONENSIS
2188 4357 2690 4422 PRESBYTER!

1251 4494 3039 4632 COMMENTARIORUM

681 4770 1829 4924 EPISTOLAM
1901 4665 2180 4918 A3
2249 4756 3603 4921 PHILEMONEM

1750 4993 2099 5078 LIBER
2150 4991 2510 5078 UNUS.

1703 5253 2566 5366 PROLOGUS.

535 5537 881 5616 751-752
893 5542 996 5612 Qui
1021 5543 1212 5602 nolunt
1233 5546 1374 5602 inter
1387 5546 1658 5617 Epistolas
1672 5541 1819 5605 Pauli
1838 5563 1956 5605 eam
1973 5562 2055 5604 re-
2081 5557 2136 5618 D
2159 5564 2256 5621 per
2275 5559 2300 5587 ιι
2320 5549 2670 5622 Apostolum,
2683 5563 2786 5605 nec
2796 5549 3001 5616 omnia,
3016 5546 3238 5602 Christo
3255 5546 3307 5602 in
3322 5563 3384 5605 se
3402 5549 3672 5623 loquente,
3689 5547 3763 5604 di-

453 5624 772 5701 Ciperequa:
785 5637 852 5689 ad
877 5636 1243 5695 Philemonem
1263 5641 1542 5710 scribitur,
1562 5643 1730 5709 aiunt,
1754 5659 1860 5700 non
1903 5657 2050 5699 sem-

2160 5643 2306 5699 xisse
2341 5644 2508 5714 :quia
2531 5657 2630 5699 nec
2661 5641 2898 5699 humana
2933 5639 3275 5700 imbecillitas
3320 5658 3482 5699 unum
3528 5653 3759 5701 tenorem

537 5773 561 5802 ι
601 5767 755 5825 Haud
777 5771 1044 5844 intelligo,
1071 5775 1204 5844 quid
1230 5778 1284 5834 in
1314 5787 1554 5837 mentem
1587 5780 1828 5840 Victorio
1848 5779 2063 5839 venerit
2166 5781 2258 5840 cui
2289 5781 2532 5840 rationes
2562 5781 2686 5840 ista:
2713 5782 2899 5842 facere
2920 5783 3056 5846 viste
3094 5794 3228 5845 sunt
3253 5800 3358 5860 pro
3387 5785 3520 5858 illis,
3547 5785 3638 5860 qui
3659 5781 3745 5845 vel
