4034 6318
221 329 326 388 601

829 315 1482 380 COMMENTARIORUM
1520 313 1592 371 ΙΝ
1631 311 1850 370 EPIST.
1892 309 1987 371 AD
2025 308 2477 370 PHILEMONEM
2512 309 2902 371 PROLOGUS.

3417 316 3528 382 602

215 447 396 505 sancti
429 444 669 516 Spiritus
703 441 848 498 ferre
871 438 1132 512 potuisset
1165 455 1179 492 :
1205 451 1304 491 nec
1335 434 1495 504 hujus
1517 431 1823 500 corpusculi
1855 443 1906 502 Α
1937 443 2042 484 non
2070 429 2369 500 putandas:
2402 438 2494 485 aut
2524 430 2568 485 si
2594 430 2711 486 ista:
2741 429 3104 502 recipiuntur,
3157 430 3528 504 recipiendum

219 541 587 599 necessitates
621 537 744 612 [ΑΙ.
777 531 1109 604 necessitas]
1145 533 1246 588 sub
1275 529 1568 602 praesentia
1609 527 1827 582 Domini

220 649 442 704 semper
491 632 944 701 complerentur:
977 627 1124 682 velut
1172 625 1469 695 disponere
1515 622 1824 694 prandium,

222 726 405 783 cibum
437 738 661 795 capere,
690 721 927 789 esurire,
981 718 1244 782 saturari,
1299 717 1507 786 ingesta
1549 713 1827 783 digerere,

223 820 492 876 exhausta
519 816 836 886 complere;
870 821 1030 867 taceo
1058 808 1126 865 de
1147 807 1383 874 caeteris,
1413 822 1531 877 qua:
1559 805 1828 877 exquisite

227 921 287 970 et
314 921 501 967 coacte
528 908 637 982 [ΑΙ.
669 905 882 978 coacta]
906 904 1211 974 replicant:
1246 911 1307 957 ut
1333 901 1612 956 altirment
1655 899 1827 955 fuisse

226 1005 454 1078 aliquod
485 1012 695 1072 tempus
739 1001 794 1056 in
821 1013 932 1071 quo
959 998 1159 1053 Paulus
1189 996 1372 1052 dicere
1399 1010 1506 1049 non
1545 993 1774 1049 auderet
1808 1009 1822 1047 :

238 1098 389 1164 Vivo,
409 1098 525 1167 jam
554 1110 652 1148 non
678 1109 791 1165 ego,
837 1091 956 1145 vivit
1005 1106 1123 1144 vero
1149 1089 1202 1143 in
1231 1104 1313 1141 me
1339 1084 1574 1141 Christus
1600 1085 1619 1157 (
1648 1084 1822 1139 Colat.

227 1206 293 1258 ιι,
324 1189 455 1258 20);
488 1195 543 1244 et
572 1185 702 1242 illud
739 1204 752 1240 :
778 1186 858 1238 An
879 1183 1281 1256 experimentum
1307 1180 1540 1251 quwritis
1582 1180 1695 1250 ejus
1738 1174 1826 1246 qui

223 1284 281 1338 in
303 1298 383 1336 me
411 1281 644 1350 loquitur
671 1277 906 1332 Christus
928 1275 994 1347 (ll
1024 1274 1142 1330 Cor.
1194 1289 1312 1340 xm,
1361 1272 1417 1342 5)
1443 1271 1466 1325 ‘l
1496 1269 1686 1338 Quale,
1738 1269 1825 1323 in-

222 1374 436 1446 quiunt,
466 1371 899 1441 experimentum
931 1365 1132 1422 Christi
1163 1374 1269 1431 est,
1301 1362 1489 1419 audire
1515 1378 1529 1416 :
1568 1360 1823 1415 Penulam

221 1482 379 1538 quam
407 1463 598 1534 reliqui
625 1461 831 1517 Troade
857 1459 997 1528 apud
1025 1457 1280 1527 Carpum,
1311 1456 1514 1510 veitiens
1533 1462 1699 1508 tecum
1743 1453 1825 1523 af-

224 1558 305 1629 fer
338 1555 406 1628 (ll
437 1556 575 1611 Tim.
607 1556 822 1622 “.15).
857 1552 927 1608 Et
952 1550 1082 1606 illud
1115 1550 1180 1605 ad
1225 1549 1486 1606 Galatas:
1514 1546 1727 1603 Utinam
1775 1554 1825 1599 et

220 1648 532 1704 excidantur
549 1647 638 1717 qui
659 1662 748 1700 ros
771 1643 1082 1699 conturbant
1105 1639 1251 1713 (Gal.
1285 1655 1340 1704 v,
1374 1639 1486 1711 l2).
1535 1639 1602 1694 Et
1639 1639 1691 1692 in
1721 1637 1824 1694 hac

223 1740 342 1810 ipsa
371 1738 613 1809 Epistola
638 1753 652 1790 :
690 1736 866 1792 Simul
895 1746 1064 1789 autent
1093 1741 1142 1788 et
1169 1749 1412 1805 pmpara
1464 1732 1592 1785 mihi
1639 1729 1820 1800 hospi-

226 1833 376 1886 tium.
406 1831 521 1887 lloc
540 1840 719 1886 autem
745 1845 854 1884 non
877 1828 1050 1884 solum
1080 1825 1372 1898 apostolis,
1400 1824 1495 1880 sed
1537 1822 1818 1895 prOphetis
1848 1829 1897 1890 Β
1922 1827 2211 1898 adoptari?
2241 1829 2360 1885 Non
2387 1839 2474 1886 est
2496 1829 2659 1902 hujus
2688 1831 2950 1902 temporis
2968 1829 3038 1887 ad
3064 1832 3248 1888 omnia
3286 1847 3523 1902 respon-
3623 1857 3628 1864 -

223 1942 442 1999 quoque
483 1926 738 1982 similiter
764 1923 1033 1980 accidisse
1065 1939 1081 1978 :
1127 1920 1270 1976 unde
1301 1919 1501 1990 szepius
1551 1919 1814 1987 scriptum

222 2019 436 2076 feratur
472 2037 487 2074 :
528 2015 752 2073 Factum
799 2028 874 2072 est
927 2017 1133 2072 verbum
1203 2015 1413 2069 Domini
1459 2014 1526 2066 ad
1574 2010 1818 2067 Ezechiel

220 2111 448 2184 (Ezech.
474 2114 766 2186 xxu),sive
792 2111 860 2168 ad
885 2111 1182 2181 quemlibet
1195 2111 1365 2165 alium
1388 2107 1812 2180 prophetarum:

218 2207 349 2278 quia
379 2215 506 2278 post
532 2207 802 2278 expletum
836 2205 1179 2269 vaticinium,
1207 2218 1423 2258 rursum
1454 2202 1507 2258 in
1527 2213 1697 2258 semet
1729 2217 1816 2258 re-

222 2308 468 2367 vertens,
498 2299 662 2356 homo
698 2299 1007 2355 communis
1060 2297 1219 2353 ﬁeret
1249 2312 1280 2354 e
1309 2295 1613 2369 propheta;
1642 2303 1697 2352 et
1721 2311 1816 2351 ex-

219 2400 377 2462 cepto
403 2393 636 2448 Domino
657 2402 847 2450 nostro
871 2392 1001 2449 .lesu
1031 2391 1252 2448 Christo
1277 2392 1332 2446 in
1363 2390 1513 2446 nullo
1567 2401 1812 2446 sanctum

217 2485 478 2557 Spiritum
512 2487 881 2558 permansisse
905 2483 1012 2557 [ΑΙ.
1043 2481 1416 2556 remansisse].
1431 2482 1583 2551 Quod
1601 2483 1814 2552 signum

218 2589 273 2637 et
299 2578 539 2636 Joannes
566 2579 807 2650 Baptista
829 2585 1134 2648 acceperat,
1160 2585 1218 2631 ut
1246 2591 1410 2647 super
1455 2591 1614 2648 quem
1644 2575 1811 2630 vidis-

215 2684 296 2732 set
325 2674 588 2746 Spiritum
621 2682 869 2730 sanctum
891 2673 1312 2730 descendentem
1336 2680 1391 2728 et
1414 2681 1725 2728 manentem
1759 2671 1812 2727 in

216 2780 305 2834 eo,
333 2768 513 2837 ipsum
543 2781 670 2823 esse
699 2765 1253 2838 cognosceretUuau.
1284 2765 1346 2835 ι).
1377 2763 1456 2819 Ex
1487 2780 1594 2835 quo
1626 2773 1814 2819 osten-

216 2861 294 2917 dit
321 2860 430 2934 [ΑΙ.
460 2858 980 2934 ostenditurL7ﬁ3
1004 2886 1032 2901 -
1053 2857 1217 2930 744
1243 2861 1417 2928 'super
1448 2858 1650 2912 multos
1695 2856 1814 2928 qui-

217 2952 342 3008 dem
366 2951 704 3009 descendere
749 2952 1010 3023 Spiritum
1059 2958 1339 3016 sanctum;
1384 2949 1480 3005 sed
1529 2948 1811 3020 proprium

214 3046 321 3102 hoc
349 3060 475 3102 esse
497 3045 802 3103 Salvatoris
831 3044 1064 3116 insigne,
1111 3046 1236 3115 quia
1265 3056 1581 3115 permaneat
1622 3045 1677 3100 iu
1722 3059 1808 3100 eo.

215 3137 312 3193 llis
332 3148 389 3193 et
416 3139 636 3194 caeteris
665 3137 993 3203 istiusmodi,
1023 3137 1213 3192 volunt
1242 3145 1338 3192 aut
1366 3136 1665 3208 Epistulam
1703 3151 1810 3191 non

1934 537 2056 579 esse
2085 532 2142 578 et
2167 523 2232 578 ad
2261 523 2657 590 Philemonem,
2689 538 2753 579 ex
2785 522 3104 595 praejudicio
3130 525 3394 582 similium
3439 544 3531 585 rc-

1929 625 2232 686 ceptarum.
2273 615 2440 672 Valde
2466 627 2650 673 autem
2678 630 2775 673 eos
2806 625 2865 673 et
2893 617 3220 689 simpliciter
3249 634 3458 688 errare,
3485 621 3532 677 si

1929 717 2122 778 putent
2168 708 2351 764 cibum
2399 722 2604 772 emere,
2654 708 2948 780 hospitium
2994 715 3528 781 przrparare,vesti-

1928 812 2113 858 menta
2135 802 2487 873 conquirere,
2518 817 2640 860 esse
2660 813 2982 874 peccatum,
3016 813 3074 862 et
3105 820 3356 864 asserere
3385 805 3414 846 ιι
3443 808 3530 864 fu-

1925 895 2044 967 gari
2073 895 2340 966 Spiritum
2369 907 2644 962 sanctum,
2674 897 2718 953 si
2745 899 3053 968 corpusculi
3108 899 3385 970 paulisper
3417 917 3518 958 ne-

1927 989 2276 1046 cessitatibus
2291 991 2616 1046 serviamus.
2635 989 2839 1060 Nolite,
2865 993 3039 1064 inquit
3058 993 3378 1064 Apostolus,
3406 1013 3532 1052 con-

1927 1084 2139 1139 tristare
2170 1083 2427 1156 Spiritum
2452 1093 2706 1150 sanctum,
2743 1087 2797 1139 in
2835 1101 2936 1156 quo
2967 1086 3155 1158 signati
3186 1089 3309 1143 estis
3338 1089 3393 1142 in
3441 1090 3525 1144 die

1926 1177 2297 1248 redemptionis
2325 1177 2547 1250 (Ephes.
2565 1194 2643 1244 iv,
2666 1177 2780 1250 50).
2794 1177 3000 1244 Quibus
3021 1179 3274 1249 operibus
3286 1178 3528 1248 Spiritus

1926 1279 2150 1326 sanctus
2179 1271 2540 1327 contristetur
2592 1270 2864 1342 propheta
2894 1279 3304 1335 commemorat,
3340 1269 3528 1326 multis

1925 1363 1980 1418 in
2009 1363 2204 1419 ordine
2256 1363 2407 1418 vitiis
2454 1363 2804 1435 peccatisque
2843 1363 3089 1435 digestis,
3122 1364 3191 1419 ad
3221 1373 3525 1420 extremum

1925 1455 2171 1513 inferens
2203 1476 2216 1512 :
2245 1455 2311 1512 In
2333 1458 2572 1513 omnibus
2592 1459 2710 1512 istis
2769 1457 3113 1513 contristabas
3161 1473 3261 1512 me.
3309 1457 3526 1528 Alioqui

1925 1549 2154 1604 calicem
2178 1565 2335 1621 aqua:
2366 1550 2574 1622 frigida:
2628 1551 2928 1622 porrigere,
2985 1549 3152 1621 pedes
3181 1549 3390 1617 lavare,
3422 1549 3530 1605 im-

1926 1643 2132 1699 molare
2162 1644 2416 1710 vitulum,
2442 1645 2725 1715 prandium
2745 1653 3378 1718 praeparare,peccatum
3409 1646 3514 1701 sit:

1925 1749 2052 1790 cum
2097 1737 2337 1792 sciamus
2386 1752 2453 1793 ex
2499 1737 2584 1793 his
2635 1738 2882 1795 rebusin
2917 1738 3009 1794 Dei
3063 1739 3330 1810 quosdam
3380 1738 3525 1796 tilios

1922 1921 2056 1978 dere
2081 1939 2094 1974 :
2125 1923 2251 1994 quia
2285 1938 2384 1980 nec
2409 1924 2615 1994 omnia,
2641 1940 2763 1995 quas
2790 1926 2869 1982 illi
2893 1940 3197 1998 proponere
3221 1926 3423 1994 solent,
3442 1927 3525 1982 in-

1922 2013 2168 2068 tulimus.
2197 2014 2354 2083 Quod
2367 2015 2536 2071 sinon
2552 2027 2749 2087 putant
2763 2032 2952 2074 eorum
2968 2033 3092 2076 esse
3106 2033 3268 2089 parva
3288 2035 3521 2090 quorum

1918 2117 1975 2163 et
1999 2123 2194 2180 magna
2221 2118 2368 2178 sunt,
2399 2109 2633 2167 alterum
2662 2111 2798 2168 mihi
2824 2110 3203 2180 Conditorem,
3222 2112 3388 2184 juxta
3414 2113 3522 2170 Va-

1919 2203 2206 2274 lentinum,
2235 2206 2566 2262 Marcionem
2590 2218 2642 2262 et
2658 2207 2910 2278 Apellen,
2934 2207 3196 2275 formica,
3221 2210 3515 2278 vermium,

1919 2301 2174 2366 culicum,
2203 2300 2538 2357 locustarum
2565 2319 2579 2356 :
2611 2302 2844 2358 alterum
2876 2303 3028 2370 cmli,
3073 2314 3254 2369 terrae,
3316 2304 3508 2374 maris,

1917 2399 1974 2447 et
2002 2392 2325 2462 angelorum
2352 2393 2554 2450 debent
2584 2394 2957 2450 introducere.
2980 2397 3060 2450 An
3079 2395 3517 2465 potiusejusdem

1917 2486 2181 2556 potentiae
2208 2494 2314 2556 est,
2366 2487 2649 2558 ingenium
2676 2487 2819 2559 quod
2846 2487 2901 2544 in
2926 2487 3228 2559 majoribus
3253 2503 3524 2546 exercueo

1919 2579 2019 2646 ris,
2061 2577 2225 2636 etiam
2279 2580 2334 2635 in
2378 2581 2682 2638 minoribus
2733 2595 2841 2637 non
2893 2581 3130 2653 negare?
3162 2581 3228 2636 Et
3252 2583 3516 2652 quoniam

1918 2673 2214 2730 Marcionis
2243 2674 2476 2731 iecimus
2506 2677 2870 2743 mentionem,
2898 2674 3190 2732 Pauliesse
3216 2674 3520 2747 Epistulam

1915 2767 1982 2822 ad
2000 2767 2374 2824 Philemonem
2392 2769 2582 2824 saltem
2607 2769 2879 2827 Marcione
2905 2781 2926 2810 ε
2942 2779 3171 2827 auctore
3192 2770 3516 2828 doceantur.

1917 2861 2018 2928 Qui
2043 2874 2166 2916 cum
2189 2869 2422 2917 caeteras
2444 2863 2716 2932 Epistolas
2743 2863 2990 2932 ejusdem
3020 2863 3105 2920 vel
3136 2879 3244 2920 non
3263 2879 3523 2936 susccpev

1916 2955 2007 3019 rit,
2040 2954 2126 3010 vel
2162 2955 2410 3025 quasdam
2443 2956 2495 3010 in
2528 2956 2611 3010 his
2654 2958 2952 3012 mutaverit
2997 2967 3162 3030 atque
3191 2958 3513 3027 corroserit,

1926 3046 1980 3100 in
2011 3045 2156 3102 hanc
2186 3046 2360 3100 solam
2402 3061 2598 3101 manus
2647 3062 2755 3102 non
2786 3056 2873 3102 est
2904 3062 3076 3103 ausus
3119 3047 3336 3104 mittere
3363 3049 3522 3119 :quia

1917 3152 2014 3194 sua
2043 3137 2195 3193 illam
2226 3138 2472 3194 brevitas
2519 3139 2866 3196 defendebat.
2903 3139 3012 3196 Sed
3054 3141 3186 3196 mihi
3235 3143 3522 3210 videntur,

214 3244 336 3286 esse
365 3230 548 3299 Pauli,
581 3247 703 3302 quae
727 3231 796 3287 ad
826 3230 1203 3287 Philemonem
1227 3231 1483 3285 scribitur
1507 3248 1520 3283 :
1544 3229 1812 3285 autetiam
1843 3222 1889 3288 C
1919 3229 2047 3285 dum
2070 3229 2362 3301 epistolam
2394 3229 2763 3301 simplicitatis
2815 3240 3074 3299 arguunt,
3105 3246 3260 3287 suam
3293 3233 3520 3302 imperi-

212 3323 256 3379 si
287 3322 442 3380 Pauli
472 3323 566 3393 sit,
606 3322 738 3378 nihil
769 3323 969 3379 habere
1015 3323 1158 3394 quod
1190 3321 1462 3377 aediﬁcare
1483 3337 1582 3376 nos
1605 3321 1814 3393 possit;

212 3426 268 3474 et
296 3432 324 3470 a
349 3417 627 3488 plerisque
656 3417 931 3473 veteribus
977 3415 1338 3486 repudiatam,
1377 3415 1504 3470 dum
1537 3430 1816 3482 commen-

216 3511 380 3569 dandi
435 3520 645 3567 tantum
701 3512 973 3568 scribatur
1021 3509 1225 3575 officio,
1283 3523 1390 3565 non
1446 3508 1702 3565 docendi.
1747 3507 1818 3564 At

216 3607 530 3664 econtrario
553 3605 645 3678 qui
675 3621 952 3678 germana:
975 3603 1321 3660 auctoritatis
1343 3618 1461 3660 eam
1493 3619 1617 3660 esse
1629 3603 1815 3659 defen-

210 3699 366 3766 dunt,
390 3698 579 3754 dicunt
599 3712 894 3770 numquam
927 3698 980 3752 in
1009 3704 1126 3752 toto
1154 3696 1288 3752 orbe
1312 3712 1342 3750 a
1363 3699 1577 3752 cunctis
1629 3697 1815 3752 Eccle-

213 3794 308 3849 siis
331 3792 500 3849 fuisse
523 3801 858 3863 susceptam,
889 3790 993 3846 nisi
1021 3789 1178 3846 Pauli
1215 3791 1446 3859 apostoli
1465 3789 1810 3846 crederetur:

215 3896 271 3942 et
299 3884 400 3940 hac
427 3884 548 3957 lege
586 3900 656 3940 ne
682 3882 978 3941 secundam
1013 3881 1231 3953 quidem
1261 3881 1329 3937 ad
1361 3880 1730 3947 Timotheum,
1758 3889 1816 3938 et

211 3976 276 4032 ad
308 3976 530 4034 Galatas
548 3991 643 4032 eos
667 3975 871 4032 debere
906 3975 1210 4043 suscipere,
1242 3973 1310 4030 de
1333 3974 1528 4044 quibus
1557 3982 1612 4028 et
1641 3984 1666 4011 τι
1697 3974 1814 4042 ipse

213 4071 462 4127 humanm
486 4069 880 4126 imbecillitatis
911 4068 1160 4138 exempla
1186 4068 1475 4138 protulerit
1507 4087 1519 4122 :
1551 4065 1814 4122 Penulam

214 4182 369 4238 quant
387 4165 574 4236 reliqui
598 4163 801 4219 Troade
821 4162 964 4233 apud
992 4161 1238 4232 Carpam,
1263 4162 1469 4216 veniens
1519 4172 1685 4216 tecum
1730 4162 1813 4233 af-

217 4259 329 4330 fer;
356 4266 412 4313 et
439 4274 453 4311 :
485 4255 699 4313 Utinam
720 4256 1032 4312 excidantur
1060 4255 1151 4326 qui
1183 4271 1273 4309 vos
1300 4254 1630 4310 conturbant.
1656 4253 1813 4312 luve-

208 4351 315 4408 niri
370 4350 606 4422 plurima
631 4359 689 4406 et
715 4351 784 4406 ad
815 4350 1115 4418 Romanos,
1159 4359 1214 4406 et
1241 4349 1310 4404 ad
1357 4357 1585 4406 cmteras
1630 4349 1812 4406 Eccle-

207 4445 322 4501 sias
379 4444 724 4515 maximeque
762 4442 832 4499 ad
873 4442 1190 4499 Corinthios
1242 4443 1527 4499 remissius
1549 4452 1604 4499 et
1627 4445 1810 4516 quoti-

208 4537 375 4595 diano
404 4553 547 4611 pene
592 4553 850 4595 sermone
887 4539 1114 4605 dictata,
1154 4537 1209 4592 in
1264 4537 1464 4606 quibus
1512 4537 1809 4609 Apostolus

1923 3324 2051 3378 tiam
2084 3323 2342 3395 prodere,
2373 3340 2485 3381 non
2515 3325 2887 3397 intelligentes
2909 3326 3035 3397 quid
3066 3327 3117 3382 in
3140 3326 3370 3399 singulis
3394 3343 3517 3384 ser-

1920 3417 2178 3473 monibus
2211 3417 2428 3473 virtutis
2457 3432 2520 3474 ac
2549 3419 2835 3490 sapientiae
2881 3419 3066 3476 lateat.
3099 3419 3254 3489 Quae,
3307 3420 3516 3478 oranti-

1924 3509 2027 3566 bus
2057 3509 2232 3576 vobis,
2263 3519 2318 3566 et
2348 3511 2468 3580 ipso
2493 3510 2654 3566 nobis
2683 3519 2875 3566 sancto
2906 3510 3117 3580 Spiritu
3165 3520 3518 3583 suggerente,

1919 3617 2027 3672 quo
2058 3603 2264 3674 scripta
2297 3610 2446 3669 sunt,
2497 3603 2612 3658 suis
2644 3602 2784 3659 locis
2814 3603 3119 3674 explanare
3163 3603 3512 3661 conabimur.

1918 3693 1978 3750 Si
2003 3703 2188 3751 autem
2218 3694 2466 3752 brevitas
2494 3695 2731 3752 habetur
2783 3697 3144 3767 contemptui,
3202 3708 3520 3753 contemna-

1917 3794 2007 3841 tur
2032 3785 2259 3854 Abdias,
2291 3787 2490 3855 Naum,
2520 3787 2860 3859 Sophonias,
2881 3789 3047 3845 etalii
3070 3788 3360 3846 duodecim
3389 3805 3516 3862 pro-

1918 3877 2209 3948 phetarum
2243 3877 2375 3952 [AL
2412 3879 2690 3951 propheta:
2717 3879 2760 3954 ],
2791 3880 2952 3954 745
2982 3912 3008 3924 -
3037 3880 3200 3954 746
3231 3883 3285 3937 in
3315 3883 3521 3954 quibus

1919 3977 2024 4026 tam
2051 3971 2187 4027 mira
2219 3981 2277 4029 et
2306 3984 2412 4028 tam
2443 3973 2675 4046 grandia
2708 3986 2834 4030 sunt
2860 3991 2981 4043 qua:
3027 3975 3301 4043 feruntur,
3335 3988 3391 4032 ut
3423 3991 3518 4033 ne-

1915 4065 2057 4122 Scias
2091 4078 2274 4122 utrum
2315 4067 2644 4124 brevitatem
2688 4081 3002 4124 sermonum
3029 4069 3082 4123 in
3109 4068 3217 4124 illis
3245 4067 3510 4125 admirari

1916 4157 2142 4227 debeas,
2174 4174 2243 4214 an
2270 4160 2702 4231 magnitudinem
2726 4175 3009 4216 sensuum.
3040 4159 3198 4228 Quod
3231 4160 3278 4215 si
3308 4160 3518 4218 intelli-

1915 4263 2112 4324 gerent
2131 4253 2208 4322 hi,
2237 4255 2332 4326 qui
2365 4254 2664 4328 Epistulam
2696 4254 2764 4310 ad
2787 4253 3164 4311 Philemonem
3199 4254 3519 4326 repudiant,

1915 4362 2210 4419 numquam
2245 4348 2576 4403 brevitatem
2607 4347 3131 4418 despicerentzqua‘.
3163 4361 3265 4417 pro
3289 4346 3520 4402 lacinio-

1912 4442 1992 4498 sis
2019 4442 2180 4512 Legis
2193 4442 2478 4508 oneribus,
2502 4441 2826 4513 evangelico
2849 4441 3050 4498 decore
3072 4441 3380 4514 conscripta
3409 4449 3518 4509 est,

1911 4534 2040 4591 dum
2080 4536 2386 4592 breviatum
2417 4544 2968 4606 consummatumque
3019 4549 3338 4590 sermonem
3385 4533 3518 4590 facit

208 4630 461 4702 loquatur
489 4630 742 4689 :Cazteris
765 4641 938 4687 autem
955 4648 1048 4705 ego
1062 4632 1200 4702 dico,
1226 4647 1330 4685 non
1355 4629 1624 4685 Dominus.
1657 4632 1804 4699 Quas
1829 4616 1882 4677 Ῑ)
1908 4627 2172 4684 Dominus
2199 4642 2364 4700 super
2392 4638 2620 4684 terram.
2649 4627 2757 4684 Sed
2781 4628 2892 4698 jam
2924 4629 3042 4699 ipsa
3066 4628 3320 4701 Apostoli
3347 4627 3517 4685 verba

209 4732 261 4783 et
283 4723 433 4797 ipsas
455 4724 584 4797 quia
607 4724 810 4797 aliquid
838 4726 947 4782 tale
970 4725 1192 4792 habent,
1221 4734 1316 4780 aut
1349 4723 1502 4779 Pauli
1531 4723 1798 4795 epistolas

210 4912 326 4970 lent
344 4912 484 4969 hanc
503 4910 805 4977 Epistulam
821 4911 1063 4983 recipere
1087 4919 1146 4966 ut
1164 4910 1320 4967 Pauli
1335 4911 1657 4980 Epistulam,
1685 4928 1794 4970 non

209 4999 310 5055 pro
334 4984 444 5039 illis
475 4983 568 5053 qui
596 4983 936 5038 contrarium
969 4983 1312 5040 asserebant.
1361 4983 1497 5039 illud
1522 5001 1656 5042 vero
1687 5001 1798 5042 nou

209 5055 517 5122 ferendum,
540 5055 686 5126 quod
710 5069 776 5110 ex
793 5056 892 5110 hac
911 5065 1292 5126 praeconcepta
1318 5058 1797 5126 opinionetextum

209 5127 270 5185 S.
302 5127 481 5183 Patris
519 5126 575 5181 in
603 5127 936 5197 contrarium
967 5141 1186 5181 sensum
1220 5128 1464 5192 mutarit,
1497 5129 1800 5197 legeritque

208 5214 281 5256 ex
309 5198 588 5270 corruptis
636 5196 944 5270 codicibus,
1000 5198 1103 5264 Qui
1133 5199 1314 5252 volunt
1343 5198 1472 5252 inter
1507 5196 1799 5270 Epistolas,

206 5279 341 5337 etc.,
369 5264 706 5340 pro'nolunt.
736 5264 945 5340 Clamat
968 5283 1055 5324 res
1087 5271 1220 5338 ipsa,
1239 5277 1490 5340 totusque
1509 5264 1800 5326 contextus

203 5338 396 5399 eorum
429 5339 520 5396 hic
549 5338 781 5410 proponi
836 5348 1177 5410 argumenta,
1210 5343 1303 5410 qui
1335 5338 1473 5397 hanc
1501 5341 1798 5411 Epistulam

203 5413 564 5485 repudiarent
593 5428 606 5465 :
636 5411 798 5480 idque
828 5426 894 5466 eo
917 5412 1122 5466 certius
1146 5412 1418 5485 est,_qmi_d
1432 5413 1621 5467 eadem
1643 5413 1802 5482 plane

208 5481 287 5540 et'
315 5484 457 5568 apud
505 5481 984 5568 Clirysostotuum,
1019 5491 1074 5537 et
1125 5481 1300 5568 apud"
1325 5481 1798 5568 Theopliylacttim

210 5554 530 5620 causentur,
578 5554 634 5608 lii
683 5557 774 5624 qui
808 5554 968 5624 hujus
1008 5555 1432 5625 germanitatem
1484 5557 1803 5625 scriptionis

440 5643 551 5678 :IIII.

212 5634 694 5754 lmrutiigiiii'anzeus
720 5705 844 5767 post
870 5695 1184 5768 Erasmum,
1212 5709 1261 5755 et
1290 5698 1391 5772 ipsi
1429 5699 1673 5755 humana:
1700 5698 1800 5754 im-

1913 4721 2163 4797 ponenda
2193 4731 2344 4791 sunt,
2378 4737 2502 4794 qua:
2527 4722 2600 4778 ita
2625 4721 2913 4794 incipiunt.

1901 4911 2195 4983 bacillitatis
2223 4913 2461 4983 exempla
2485 4911 2840 4980 protulerunt.

1973 4982 2000 5021 h
2042 4983 2217 5038 Penes
2271 4980 2675 5049 Martianreum,
2703 4997 2935 5038 asserere
2954 4999 2987 5037 a
3026 4996 3080 5036 se
3107 4980 3368 5051 refugari.
3398 4981 3515 5038 Vo-

1903 5055 2114 5112 culasa
2143 5071 2197 5108 se
2228 5054 2436 5111 Victor.
2489 5055 2769 5125 expungit.
2816 5054 2924 5112 Sed
2980 5055 3156 5123 ipsam
3209 5054 3511 5125 Rahbauus

1905 5125 2346 5196 praepositionem
2391 5127 2444 5181 in
2495 5124 2939 5199 verbo’refugari
2997 5127 3236 5196 ignorat.
3289 5124 3511 5193 Perspi-

1903 5213 2065 5252 cuum
2090 5211 2294 5267 nempe
2324 5209 2429 5262 est,
2457 5213 2523 5254 ex
2548 5197 2784 5268 repetito
2807 5197 2998 5266 verbo,
3030 5211 3285 5265 asserere,
3337 5211 3508 5253 voces

1907 5269 2029 5324 illas
2061 5277 2269 5324 temere
2297 5268 2463 5326 fuisse
2492 5271 2750 5325 intrusas.

1978 5351 2001 5378 ε
2043 5339 2442 5405 Tertullianus,
2465 5341 2558 5396 lib.
2583 5357 2615 5396 v
2644 5351 2832 5397 contra
2847 5339 3350 5408 Marcionem,cap.
3379 5338 3514 5394 ulti-

1903 5425 1995 5466 mo
2029 5427 2042 5464 :
2075 5409 2192 5466 Soli
2213 5412 2339 5484 huic
2363 5412 2612 5484 Epistolas
2641 5413 2858 5467 brevitas
2879 5429 2978 5484 sua
3021 5411 3248 5484 profuit,
3261 5419 3316 5464 ut
3339 5409 3509 5481 falsa-

1903 5484 2009 5537 rias
2057 5499 2242 5536 manus
2286 5482 2573 5537 Marcionis
2623 5484 2883 5538 evaderet.
2936 5482 3122 5538 Et‘ab
3149 5482 3284 5546 ipsis
3317 5490 3504 5538 tanien

1905 5554 2237 5609 lllarcionitis
2269 5556 2410 5610 hanc
2440 5555 2614 5620 ipsam
2643 5555 2864 5626 penitus
2896 5553 3140 5626 vitiatam
3185 5551 3339 5626 dolet
3373 5552 3500 5626 Epi-

1907 5626 2140 5699 phanius
2161 5638 2358 5684 contra
2378 5626 2586 5684 Haeres.
2621 5623 2720 5683 lib.
2749 5642 2790 5696 ι,
2837 5641 2956 5699 cap.
2990 5625 3084 5694 41,
3115 5642 3247 5681 num
3299 5623 3362 5680 9.
