4034 6332
442 184 553 267 eos
1652 196 1719 265 s.
1753 197 2027 267 unseen

2158 199 2453 273 ΒΒΟΝῩΜΙ

432 302 3764 338 his-MM

1323 484 1327 489 .
1422 418 2104 565 :L'INCIPIT
2174 365 2703 534 LIBER.

513 749 742 827 (νει-Μ
776 748 962 825 seqq.)
992 749 1200 808 Paulus
1236 751 1439 808 uinctus
1466 750 1663 809 Christi
1691 751 1841 821 Iesu,
1874 760 1922 809 et
1944 752 2037 809 Ti-
2062 765 2321 837 Amans.
2357 752 2612 825 Legimus
2639 752 2692 809 in
2722 752 2829 820 eis,
2859 752 3005 825 quod
3035 759 3264 837 sanctus
3291 751 3532 827 Spiritus
3563 756 3793 816 Antio-

441 846 683 901 ntotlteus
712 844 907 917 frater,
940 841 1243 900 Philemoni
1272 845 1465 901 dilecto
1498 853 1551 901 et
1585 844 1910 920 cooperatori
1945 862 2041 900 no-
2122 836 2282 904 rebizc
2312 844 2521 903 dixerit
2562 861 2576 900 :
2607 845 2864 917 Separote
2892 845 3023 900 mihi
3062 836 3366 900 Barnabam
3413 857 3461 903 et
3502 847 3787 916 Saulum,

443 945 574 1008 stro,
597 944 646 992 et
666 936 890 1010 Appltite
900 936 1090 1003 sorori,
1113 945 1164 993 et
1188 934 1454 1008 Archippo
1476 939 1818 994 commilitoni
1841 947 2039 1007 nostro,

443 1037 494 1085 st
524 1027 774 1084 Ecclesia:
799 1042 920 1101 qua:
943 1027 999 1087 in
1035 1026 1190 1083 demo
1225 1038 1314 1084 tua
1344 1039 1449 1096 est,
1476 1030 1650 1104 gratia
1684 1031 1827 1087 vobis
1855 1039 1902 1087 el
1931 1047 2038 1103 poa:

443 1137 480 1178 α
511 1120 623 1178 Deo
652 1120 822 1178 Patre
846 1132 1046 1191 nostro,
1077 1132 1129 1178 et
1153 1122 1383 1179 Domino
1404 1132 1432 1163 ι
1455 1132 1634 1179 nostro
1654 1121 1782 1179 Jesu
1811 1122 2042 1179 Christo.

445 1212 801 1286 Prtepostero
854 1213 1051 1271 ordine
1104 1223 1271 1285 atque
1318 1229 1620 1286 perverso,
1661 1215 1720 1272 in
1771 1215 2049 1286 Epistolas

446 1304 608 1371 Pauli
638 1306 838 1362 dictari
868 1321 900 1364 ιι
942 1320 1032 1363 me
1059 1306 1218 1363 vobis
1246 1307 1472 1379 placuit.
1502 1306 1640 1365 Nam
1681 1322 1808 1364 cum
1841 1308 1895 1363 id
1926 1322 2048 1363 cre-

447 1400 572 1468 bro,
598 1415 634 1458 o
674 1400 846 1458 Paula
875 1411 931 1459 et
958 1401 1314 1459 Eustochium
1340 1443 1355 1470 ,
1385 1403 1647 1473 peteretis
1678 1412 1738 1457 ut
1766 1401 2005 1459 facerem
2032 1417 2048 1469 ;

449 1497 509 1552 et
535 1508 637 1566 ego
666 1492 865 1552 obnixe
909 1509 980 1551 ne
1023 1494 1261 1552 iacerem
1308 1508 1625 1551 recusarem
1653 1534 1670 1564 ,
1698 1495 1896 1551 saltem
1926 1509 2053 1565 par-

452 1599 578 1643 vam
609 1627 624 1654 ,
650 1594 708 1643 et
734 1601 857 1659 quae
881 1586 1041 1645 vobis
1081 1595 1142 1643 ut
1170 1601 1401 1644 numero
1452 1602 1709 1644 versuum
1734 1628 1751 1656 ,
1783 1590 1854 1643 ita
1887 1578 2054 1643 sensu

448 1694 671 1752 quoque
698 1688 753 1737 et
782 1680 979 1741 ordine
1009 1680 1296 1737 videbatur
1322 1690 1593 1750 extrema,
1627 1690 1688 1738 ut
1717 1681 2049 1737 dissererem

448 1773 727 1845 coegistis.
776 1774 911 1830 item
944 1774 1129 1847 itaque
1168 1774 1421 1846 principii
1455 1775 1507 1830 in
1558 1775 1666 1832 ﬁne
1706 1776 1968 1843 lentabo,
1996 1785 2053 1832 et

446 1867 593 1941 quod
645 1867 788 1925 alius
841 1868 898 1925 in
950 1866 1202 1939 exordio,
1233 1870 1419 1925 statim
1452 1869 1704 1940 Apostoli
1747 1879 2050 1941 quaereret,

447 1975 641 2034 quare,
668 1970 762 2019 aut
789 1974 901 2036 quo
950 1970 1202 2034 tempore
1229 2003 1244 2029 ,
1271 1963 1360 2018 vel
1390 1975 1501 2035 quo
1526 1962 1953 2034 cognominante
1977 2003 1992 2028 ,
2021 1977 2053 2018 e

448 2050 619 2110 Saulo
647 2053 802 2113 Pauli
831 2067 1032 2111 nomen
1058 2050 1347 2127 acceperit
1370 2095 1385 2121 ,
1415 2054 1521 2112 hoc
1548 2070 1650 2128 ego
1681 2070 1828 2111 nunc
1868 2054 2053 2112 l‘acere

2140 938 2196 993 in
2224 954 2356 1007 opus
2400 937 2473 991 ad
2510 935 2650 1007 quod
2706 936 2969 1007 assumpsi
3010 951 3125 992 eos.
3163 934 3314 990 Tunc
3358 940 3673 1011 jejuuanles
3726 951 3790 996 et

2145 1042 2355 1085 orantes
2383 1072 2398 1097 ,
2427 1030 2849 1100 imponentesque
2898 1028 2972 1083 eis
3016 1043 3236 1096 manus,
3268 1029 3585 1087 dimiserunt
3636 1031 3786 1087 illos

2146 1120 2351 1195 (Actor.
2383 1137 2513 1190 xm,
2541 1122 2575 1176 5
2600 1120 2792 1194 seqq.).
2825 1120 2927 1190 Qui
2954 1134 3078 1177 cum
3116 1120 3425 1177 Seleuciam
3457 1121 3641 1195 Syria:
3665 1124 3786 1181 de-

2146 1212 2907 1285 scendissent,etnavigantes
2925 1210 3261 1269 Salaminam
3277 1212 3598 1285 Cypri,quse
3609 1229 3786 1271 nunc

2146 1304 2475 1363 Constantia
2512 1304 2715 1362 dicitur
2743 1351 2758 1376 ,
2793 1306 3212 1377 pervenissent,
3245 1304 3623 1379 baberentque
3662 1320 3779 1363 se-

2149 1386 2274 1457 cum
2302 1402 2357 1456 in
2410 1400 2720 1455 ministerio
2762 1398 3028 1456 Joannem
3058 1398 3329 1473 (propter
3352 1410 3512 1471 quem
3556 1408 3777 1470 postea

2149 1492 2562 1548 mdillcatorium
2605 1491 2869 1548 Ecclesia:
2893 1491 3134 1564 jurgiunt
3179 1484 3678 1562 concitatum‘est)
3716 1498 3785 1547 et

2149 1585 2303 1640 omni
2332 1585 2508 1640 insula
2533 1591 2848 1656 peragrata,
2875 1578 3124 1656 Paphum
3144 1598 3316 1655 usque
3342 1583 3652 1650 venissent,
3679 1584 3778 1639 in-

2151 1686 2421 1734 venerunt
2449 1676 2746 1748 quemdam
2775 1691 2995 1748 magum
3023 1675 3046 1750 [
3070 1676 3159 1732 Al.
3188 1675 3491 1749 magnum]
3518 1674 3768 1747 pseudo-

2152 1772 2478 1841 propttetam
2511 1769 2731 1825 nomine
2759 1768 2862 1824 Bar
2887 1768 3016 1824 iesu
3039 1815 3055 1839 ,
3085 1783 3212 1826 cum
3264 1767 3598 1839 proconsule
3626 1766 3771 1824 Ser-

2152 1866 2242 1938 gio
2285 1864 2456 1920 Paulo
2503 1865 2624 1919 viro
2673 1864 2963 1935 prudente.
3009 1864 3110 1933 Qui
3160 1863 3356 1920 accitis
3403 1861 3655 1920 Barnaba
3710 1872 3770 1920 et

2154 1960 2322 2018 Sauio
2352 1960 2460 2033 [ΑΙ.
2493 1959 2710 2033 Paulo],
2738 1960 3091 2017 desiderabat
3118 1962 3212 2018 Dei
3238 1946 3555 2018 sermo-nem
3586 1958 3656 2015 ab
3683 1960 3769 2016 eis

2156 2054 2372 2110 audire.
2404 2052 2718 2110 Resistente
2742 2055 2927 2125 itaque
2972 2069 3130 2126 mago
3179 2044 3309 2128 [AL
3343 2051 3626 2128 magno],
3648 2058 3707 2109 et
3734 2068 3765 2108 ι

450 2147 752 2220 compellor
783 2165 797 2202 :
828 2163 900 2206 ne
922 2146 952 2195 δ
975 2164 1065 2203 mu
1090 2147 1311 2221 quidem
1338 2190 1353 2217 ,
1387 2155 1450 2204 ut
1475 2147 1678 2205 dicitur
1704 2191 1719 2217 ,
1750 2156 1880 2204 ante
1908 2148 2052 2204 hanc
2082 2155 2130 2215 Β
2157 2146 2261 2202 llde
2274 2151 2424 2201 recta
2446 2144 2696 2216 Sergium
2722 2145 3086 2216 depravante,
3104 2145 3307 2203 Saulus
3321 2140 3767 2219 (aitScriptura)

454 2237 604 2302 diem
636 2238 691 2294 in
722 2254 848 2296 eum
896 2238 1082 2297 facere
1123 2254 1317 2298 ausus.
1350 2240 1541 2313 Neque
1583 2255 1716 2297 vero
1758 2241 2057 2314 putandum

453 2339 561 2398 est,
590 2340 648 2387 ut
676 2345 706 2386 a
731 2331 1163 2403 simplicioribus
1184 2332 1403 2389 Latinis
1430 2334 1652 2405 legitur,
1679 2333 1909 2391 Saulum
1935 2344 2061 2390 ante

452 2421 665 2480 dictum
695 2438 850 2490 esse,
882 2431 940 2479 et
980 2438 1091 2480 non
1120 2423 1255 2480 Saul
1286 2440 1308 2481 :
1349 2424 1477 2498 quia
1506 2433 1562 2481 et
1587 2427 1655 2482 de
1681 2425 1826 2482 tribu
1862 2425 2059 2495 Benja-

454 2514 569 2575 min
599 2522 754 2582 erat,
787 2514 841 2571 in
871 2529 978 2587 qua
1009 2514 1112 2572 hoc
1140 2530 1339 2573 nomen
1370 2515 1695 2574 familiarius
1727 2515 2056 2572 habebatur.

451 2608 740 2682 Siquidem
768 2618 823 2667 et
843 2609 943 2668 ille
959 2607 1114 2679 Sani,
1135 2626 1236 2668 rex
1262 2608 1496 2678 iudaice,
1519 2620 1846 2682 persecutor
1864 2610 2056 2679 David,

453 2701 528 2761 de
557 2703 705 2759 tribu
736 2701 1022 2774 Beniamin
1052 2701 1178 2760 fuit.
1206 2702 1366 2772 Quod
1396 2714 1576 2759 autem
1606 2703 1806 2760 Saulus
1833 2719 1864 2759 a
1903 2704 2058 2759 nobis

453 2796 685 2865 dicitur,
716 2811 828 2854 non
852 2798 1050 2855 mirum
1078 2806 1167 2854 est
1196 2797 1420 2854 Hebraea
1449 2800 1671 2856 nomina
1705 2797 1774 2854 ad
1805 2799 2060 2855 similitu-

455 2888 644 2955 dinem
668 2888 986 2947 Graecorum
1011 2897 1068 2947 et
1107 2889 1480 2946 Romanorum
1503 2904 1738 2959 casuum
1766 2891 2054 2958 declinari,

456 2991 522 3041 ut
546 2984 692 3041 sicut
720 2998 820 3056 pro
845 2982 1076 3055 Josepb,
1101 2983 1374 3056 iosepbus
1399 3003 1411 3039 :
1445 2984 1757 3057 profJacob,
1776 2985 2012 3043 Jacobus
2037 3003 2053 3043 :

454 3076 534 3139 ita
557 3093 656 3147 pro
684 3077 813 3135 Saul
843 3091 1083 3150 quoque,
1110 3077 1313 3136 Saulus
1342 3079 1397 3134 in
1426 3087 1615 3136 nostra
1649 3080 1831 3151 lingua
1858 3094 1922 3135 ac
1942 3094 2060 3136 ser-

454 3187 621 3231 mone
642 3172 879 3231 dicatur.
905 3171 1181 3241 Quaaritur
1198 3174 1386 3245 igitur,
1410 3189 1532 3243 cur,
1561 3182 1655 3229 aut
1674 3190 1784 3246 quo
1799 3174 2056 3245 jubente,

453 3266 541 3323 vel
561 3265 851 3339 antiquum
879 3279 1079 3323 nomen
1103 3265 1366 3333 amiserit,
1395 3266 1484 3322 vel
1513 3280 1712 3322 norum
1741 3268 2057 3337 sumpserit.

458 3356 534 3415 Ut
558 3374 625 3416 ex
652 3357 880 3426 Abram,
910 3358 1190 3415 Abraham
1216 3358 1512 3424 diceretur,
1540 3357 1639 3414 Dei
1657 3357 1906 3429 jussiotte
1932 3373 2059 3430 per-

453 3452 661 3515 lectum
690 3461 775 3511 est
801 3449 961 3525 (Gen.
990 3464 1124 3519 xvtt,
1151 3458 1258 3506 etc.
1267 3456 1288 3521 )
1321 3467 1335 3505 :
1368 3459 1430 3506 ut
1455 3463 1523 3506 ex
1550 3449 1705 3507 Sarni
1730 3492 1746 3519 ,
1778 3450 1930 3509 Sam
1957 3464 2056 3506 vo-

2159 2238 2319 2310 quiet
2347 2236 2574 2305 Paulus,
2604 2239 2833 2309 repletus
2863 2236 3070 2310 Spiritu
3098 2248 3303 2305 sancto,
3329 2238 3537 2294 intuens
3562 2239 3619 2293 in
3648 2254 3770 2293 eum

2160 2331 2292 2386 dixit
2323 2346 2342 2386 :
2382 2330 2426 2385 ο
2453 2330 2604 2402 plene
2634 2331 2771 2387 omni
2810 2332 2933 2387 dolo
2954 2373 2970 2398 ,
3003 2341 3051 2386 et
3078 2332 3218 2387 omni
3250 2331 3466 2403 fallacia
3486 2373 3502 2397 ,
3534 2330 3615 2400 ﬁli
3641 2332 3765 2387 dia-

2161 2426 2287 2491 boli,
2310 2425 2517 2479 inimice
2539 2426 2707 2481 omnis
2717 2425 2963 2500 justitiaz,
2992 2441 3098 2479 non
3121 2424 3317 2480 desinis
3341 2425 3633 2481 subvertere
3654 2427 3767 2479 vias

2159 2518 2376 2576 Domini
2396 2529 2561 2575 rectas
2587 2521 2612 2575 ?
2640 2519 2710 2575 Et
2735 2536 2872 2574 nunc
2899 2536 3013 2575 ecce
3041 2535 3227 2574 manus
3260 2517 3478 2574 Domini
3505 2534 3667 2591 super
3693 2529 3765 2587 te,

2158 2621 2208 2670 et
2231 2616 2331 2670 eris
2356 2630 2540 2681 crocus,
2568 2631 2669 2669 non
2698 2614 2878 2669 videns
2902 2614 3063 2668 solem
3092 2629 3255 2684 usque
3284 2615 3354 2666 ad
3382 2619 3608 2684 tempus.
3628 2610 3764 2667 Con-

2164 2712 2438 2784 festimque
2463 2710 2647 2765 recidit
2673 2709 2727 2763 in
2754 2723 2873 2764 eum
2901 2708 3072 2781 caligo
3097 2716 3147 2762 et
3174 2707 3487 2772 tenebrae,et
3508 2706 3766 2761 circuiens

2157 2806 2420 2876 quazrebat
2447 2805 2536 2875 qui
2561 2805 2609 2857 ei
2640 2818 2825 2857 manus
2847 2802 3020 2857 daret.
3049 2799 3198 2857 Tunc
3225 2800 3528 2872 proconsul,
3551 2815 3670 2854 cum
3692 2796 3767 2854 vi-

2158 2898 2314 2952 disset
2344 2901 2573 2972 factum,
2604 2894 2863 2962 credidit,
2896 2894 3166 2949 admirans
3204 2909 3360 2966 super
3388 2892 3627 2948 doctrina
3658 2892 3764 2949 Do-

2160 2991 2308 3045 mini.
2344 2990 2409 3045 Et
2433 3006 2550 3045 cum
2577 3006 2611 3044 a
2643 2987 2831 3058 Papho
2852 2988 3179 3060 navigassent
3206 2984 3435 3052 Paulus,
3459 2993 3510 3040 et
3535 2985 3626 3057 qui
3650 3002 3763 3040 cum

2159 3101 2219 3140 eo
2248 3093 2417 3151 erant,
2448 3090 2691 3138 venerunt
2723 3081 2930 3153 Pergen
2964 3070 3321 3154 Pamphyliis.
3355 3079 3655 3150 Diligenter
3682 3087 3762 3133 at-

2160 3179 2339 3242 tende.
2369 3178 2515 3249 quod
2552 3178 2638 3234 hic
2682 3178 2917 3248 primum
2951 3190 3152 3231 nomen
3183 3174 3332 3231 Pauli
3360 3160 3659 3246 acceperit.
3691 3174 3761 3232 Ut

2159 3272 2305 3330 enim
2330 3270 2537 3343 Scipio,
2565 3270 2812 3341 subjecta
2840 3267 3002 3343 747
3018 3268 3224 3337 Africa,
3250 3266 3501 3324 Africani
3525 3267 3633 3324 sibi
3662 3283 3758 3324 no-

2158 3381 2286 3423 men
2299 3364 2601 3437 assumpsit
2628 3383 2641 3420 :
2675 3375 2729 3420 et
2755 3362 3025 3433 Metellus,
3049 3361 3209 3419 Creta
3237 3360 3417 3419 insula
3448 3363 3755 3437 subiugata,

2160 3458 2376 3530 insigne
2405 3456 2609 3514 Cretici
2642 3470 2755 3513 suae
2804 3455 3029 3512 familia:
3059 3455 3360 3528 reportavit
3388 3472 3400 3510 :
3428 3464 3484 3513 et
3527 3453 3764 3527 Impera-

457 3544 715 3602 csbulum
746 3545 938 3610 iteret,
966 3556 1124 3615 aque
1166 3542 1264 3599 Dei
1294 3542 1587 3615 imperium
1615 3543 1740 3599 luit.
1782 3543 1852 3600 Et
1889 3551 1951 3599 ut
1989 3544 2057 3600 ad
2084 3542 2129 3605 C
2161 3559 2314 3608 tores
2356 3566 2501 3606 nunc
2552 3564 2724 3621 usque
2773 3547 3008 3605 Romani
3055 3563 3123 3606 ex
3169 3547 3455 3620 subjectis.
3482 3548 3755 3620 gentibus,

455 3654 657 3697 novum
682 3637 1115 3696 Instrumentum
1135 3638 1351 3694 veniam
1376 3679 1393 3708 ,
1423 3646 1483 3695 ut
1512 3637 1728 3704 Simon,
1762 3636 1911 3694 Petri
1953 3654 2055 3694 no-

458 3746 585 3791 men
610 3732 888 3802 acciperet
915 3728 1117 3803 (Mars.
1148 3744 1211 3789 nt
1236 3729 1258 3803 )
1287 3747 1303 3788 :
1334 3738 1390 3789 et
1421 3730 1518 3787 lilii
1546 3732 1823 3801 Zebedzci,
1858 3742 1881 3772 ε
1910 3733 2059 3790 ΒΑιιε

452 3839 600 3882 ausu
622 3821 929 3897 (unus),
952 3823 1181 3892 ltocest,
1210 3816 1310 3892 ﬁlii
1331 3825 1551 3879 lonitrui
1574 3833 1931 3893 vocarentur,
1952 3826 2060 3882 Do-

459 3918 593 3974 mini
611 3918 785 3974 nostri
804 3916 936 3973 .iesu
952 3916 1158 3973 Christi
1175 3930 1314 3973 voce
1332 3930 1662 3990 praeceptum
1680 3927 1766 3975 est
1782 3917 2056 3992 (Ibidem).

456 4008 639 4080 Quare
668 4019 852 4067 autem
882 4024 914 4067 e
939 4011 1107 4069 Saqu
1131 4010 1337 4069 Paulus
1366 4012 1541 4069 dictus
1572 4013 1682 4079 sit,
1734 4012 1883 4069 nulla
1914 4012 2059 4070 Scri-

460 4111 621 4177 ptura
670 4111 961 4161 memorat.
1008 4103 1283 4162 Audacter
1322 4105 1507 4176 itaque
1535 4105 1748 4174 faciam,
1780 4105 1874 4161 sed
1920 4105 2058 4165 forte

458 4208 595 4254 vere
616 4194 690 4253 de
717 4196 943 4254 Actibus
960 4198 1344 4269 Apostolorum
1367 4197 1716 4268 suspiciones
1735 4212 1887 4255 meas
1912 4198 2063 4255 θαίν-

531 4366 558 4397 ³⁸
584 4355 843 4441 Additum
862 4396 879 4424 ,
919 4367 1129 4441 nostra,
1159 4371 1263 4424 nec
1291 4356 1517 4425 Gnaeus
1543 4354 1910 4429 archetypas,
1940 4370 2044 4417 nec

459 4444 597 4498 mss.
625 4438 797 4489 nostri
828 4438 1150 4498 agnoscunt.

462 4506 473 4521 ‘
530 4496 560 4541 ι’
584 4500 639 4557 lu
670 4514 802 4556 mss.
842 4496 1126 4557 codicibus
1154 4501 1419 4571 scriptum
1449 4516 1550 4573 pro
1576 4500 1783 4574 syllaba
1823 4514 2044 4574 mu_re-

456 4574 599 4645 peri,
624 4580 909 4645 aemulum
936 4574 1182 4645 quidem;
1211 4575 1296 4645 vel
1327 4588 1393 4628 ne
1418 4571 1622 4629 molunt
1641 4572 1868 4645 quidem.
1896 4571 2048 4628 linus

457 4643 519 4701 S.
546 4644 763 4700 Martini
795 4658 826 4699 a
874 4644 1094 4714 Campis
1121 4644 1321 4703 retinet
1342 4652 1401 4703 ut
1442 4656 1567 4705 tum.
1598 4643 1872 4701 Mitt-ianus
1917 4644 2047 4714 legit

458 4718 640 4776 math:
671 4715 767 4787 sed
809 4716 1004 4771 melior
1039 4725 1123 4770 est
1151 4716 1358 4787 syllaba
1400 4732 1488 4770 mu
1536 4717 1649 4771 sola
1692 4715 1810 4787 sine
1850 4714 2048 4770 litteris

460 4787 680 4843 additis.
705 4786 847 4842 Dicit
872 4787 1021 4842 enim
1044 4785 1409 4857 Hieronymus
1431 4827 1447 4852 ,
1472 4804 1540 4844 ne
1561 4806 1650 4843 mu
1678 4785 1900 4856 quidem
1924 4794 2050 4842 ante

460 4857 762 4931 ltancdiem
789 4860 840 4913 in
860 4857 1089 4913 Paulum
1121 4873 1189 4914 ex
1221 4858 1388 4915 Saulo
1417 4858 1603 4916 facere
1636 4871 1801 4913 ausus
1825 4871 1969 4921 sum,
1997 4857 2048 4913 id

459 4938 575 4996 est,
624 4944 732 4985 non
762 4942 929 4987 ausus
971 4942 1091 4985 sum
1125 4930 1419 4986 mussitare
1445 4933 1563 4987 sive
1585 4941 1831 4985 mussare
1850 4970 1865 4994 ,
1888 4943 2056 4996 quare

456 5000 666 5058 Paulus
690 5001 870 5074 dictus
894 5001 967 5057 sit
984 5040 1000 5067 ,
1024 5001 1119 5074 qui
1141 5009 1303 5074 antea
1328 5000 1526 5074 Saulus
1545 5002 1870 5074 vocabatur.
1900 5000 2051 5053 Mns-

2165 3644 2509 3710 Adiabenici,
2534 3643 2794 3707 Parthici,
2825 3641 3117 3700 Sarmatici
3147 3650 3574 3714 nuncupantur:
3607 3644 3677 3698 ita
3705 3652 3758 3699 et

2164 3738 2365 3794 Saulus
2407 3737 2473 3791 ad
2504 3736 2952 3808 praedicationem
2982 3736 3224 3806 gentium
3253 3735 3452 3791 missus
3476 3777 3492 3803 ,
3523 3750 3555 3791 a
3586 3735 3757 3808 primo

2164 3826 2427 3887 Ecclesiae
2456 3828 2634 3900 spolio
2660 3828 2991 3900 proconsule
3035 3828 3235 3901 Sergio
3273 3827 3445 3885 Paulo
3471 3870 3489 3899 ,
3514 3828 3754 3886 victoriae

2163 3933 2277 3977 sua:
2298 3919 2547 3992 tropltaza
2582 3919 2772 3975 retulit
2799 3961 2814 3987 ,
2842 3920 3127 3993 erexitque
3148 3920 3417 3977 vexillum
3442 3964 3457 3991 ,
3480 3927 3545 3977 ut
3569 3920 3757 3977 Paulus

2165 4014 2442 4071 diceretur
2472 4028 2503 4069 e
2531 4012 2722 4069 Saulo.
2744 4011 2803 4070 Si
2828 4021 3010 4069 autem
3034 4023 3089 4070 et
3117 4013 3500 4085 interpretatio
3526 4014 3756 4070 nominis

2165 4106 2428 4179 quaeritur
2450 4147 2466 4173 ,
2501 4103 2712 4160 Paulus
2739 4106 2793 4161 in
2821 4105 3081 4177 Hebraeo,
3112 4107 3403 4162 mirabilem
3445 4114 3626 4187 sonat.
3659 4106 3758 4163 Be-

2162 4214 2294 4258 vera
2325 4200 2551 4266 mirum,
2581 4207 2637 4253 ut
2670 4206 2793 4270 post
2818 4198 2975 4268 Saul,
3004 4200 3096 4271 qui
3122 4182 3540 4271 interpretatur,
3563 4193 3591 4236 ἀ
3612 4212 3757 4270 eaps-

2224 4353 2350 4412 cIta
2401 4355 2589 4425 legunt
2635 4355 2821 4426 plures
2873 4369 3008 4417 mss.
3054 4355 3319 4423 codices,
3348 4353 3754 4426 funusgretinet

2150 4423 2767 4503 nomen_Boartt_erges,
2832 4427 2979 4497 quod
3046 4429 3220 4503 magis
3293 4425 3361 4503 ad
3423 4426 3453 4503 ρ
3502 4423 3748 4503 Qut-tecum

2149 4501 2422 4576 βροφίεργές
2439 4540 2453 4565 ,
2480 4504 2539 4553 et
2554 4488 2863 4576 _SyFiaeum'
2877 4506 3000 4576 tum
3019 4503 3118 4576 ἠπ
3133 4488 3166 4563 ἶ
3176 4488 3571 4576 ὺεηαῖἓεςρεεξρί
3597 4494 3751 4576 quam

2152 4564 2521 4627 adHe'b'raeum
2547 4564 2669 4623 bene
2690 4585 2846 4631 reem,
2875 4564 2992 4625 Sive
3011 4568 3143 4624 bane
3166 4582 3328 4635 reem,
3371 4564 3753 4624 acceditdiaéc

2155 4652 2336 4698 tamen
2383 4639 2669 4713 retinenda
2711 4641 2904 4713 lectio;
2935 4640 3474 4713 qui:t__iiierouymtts
3503 4639 3752 4713 bucinae

2155 4714 2425 4769 Hebraice
2454 4712 2716 4781 loquitur.
2743 4712 2925 4767 ΜΑιιτ.
2951 4710 3023 4752 #—
3054 4711 3204 4769 Unus
3234 4710 3367 4768 mss.
3396 4710 3748 4782 quemadmo-

2153 4784 2281 4839 dum
2305 4792 2364 4839 et
2391 4783 2724 4855 Rabbanus,
2751 4782 3054 4855 Boanerges
3084 4785 3271 4851 legunt
3289 4824 3302 4847 ,
3332 4782 3522 4855 sicque
3551 4783 3746 4855 rescri-

2157 4855 2238 4910 bit
2262 4854 2466 4909 Victor.
2504 4852 2789 4927 Hebraicis
2818 4851 3019 4910 litteris
3045 4851 3748 4927 wﬁ‘lltquodest'ﬁmce

2183 4928 2432 5005 ιοανεργές
2463 4942 2476 4977 :
2507 4922 2734 4993 vultque
2763 4924 2993 4995 Syrisce
3026 4932 3223 4979 nomen
3259 4922 3349 4980 hic
3378 4923 3566 4979 el'i’erri
3591 4963 3607 4988 ,
3648 4936 3746 4991 non

2183 4994 2608 5081 iebr.uce.IN.os
2653 4996 2785 5051 alibi
2836 5012 2985 5081 stirpe
3015 5010 3082 5052 ex
3115 4994 3435 5081 Hieronymi
3481 4996 3745 5081 sententia

458 5088 579 5128 sarc
608 5086 774 5142 porro
804 5064 1009 5144 dictum
1039 5064 1184 5144 quod
1207 5072 1346 5144 muti
1374 5086 1484 5128 non
1516 5072 1752 5142 amplius
1778 5085 1948 5144 quam;
1962 5077 2053 5143 μῦ,
2084 5080 2138 5141 D
2163 5068 2233 5144 de
2256 5079 2417 5144 recta
2458 5066 2685 5144 hujusce
2732 5064 2965 5144 nominis
2997 5064 3453 5144 pronuntiatione
3495 5064 3742 5144 diximus:

454 5136 771 5229 mecum-
808 5142 947 5229 Paw
966 5136 1151 5229 περιδηι
1172 5142 1570 5229 Hieronymum
1606 5136 1909 5229 έυηνρεῖεεε
1940 5136 2057 5229 tia-<2
2086 5136 2137 5141 “
2163 5139 2303 5229 tuo
2351 5141 2445 5229 LiP;
2470 5136 2886 5229 FP!!!§'1“"!_,“.°.
2912 5138 3167 5229 tuaac...
3201 5137 3648 5229 suaseras.
3676 5139 3749 5229 i1:-

459 5229 531 5272 ex
559 5214 807 5272 Varrone
845 5215 1068 5272 dicente
1094 5233 1112 5287 _:
1162 5213 1603 5287 quodgntinitnum
1641 5225 1764 5287 est,‘
1786 5228 1952 5287 neque
2000 5222 2056 5267 ut

457 5286 631 5359 aiunt,
676 5294 749 5359 μῦ
769 5286 967 5426 ἄπαρτι
997 5282 1184 5341 audet;
1228 5284 1362 5341 Vide
1412 5285 1507 5368 lib.
1538 5300 1589 5341 vt
1630 5285 1701 5341 de
1747 5282 1906 5367 Ling.
1934 5283 2053 5338 Lat.

459 5358 644 5415 Mau'r.
672 5386 746 5399 —-
819 5357 1000 5413 uidam
1043 5370 1177 5412 mss.
1203 5367 1313 5411 tum
1348 5354 1537 5423 nobts,
1579 5372 1706 5411 cum
1740 5355 2053 5410 liarttanmo

459 5354 644 5415 um.
672 5354 746 5399 "——
769 5354 1000 5423 Quidam
1043 5370 1177 5412 mss.
1203 5367 1313 5411 tum
1348 5354 1537 5423 nobis,
1579 5372 1706 5411 cum
1740 5355 2056 5410 liartianmo

459 5429 729 5499 insputti,
774 5446 838 5483 ne
884 5437 1027 5499 mutu
1049 5447 1102 5482 ιι.
1151 5428 1453 5497 corrupte,
1508 5437 1566 5483 ut
1609 5429 1809 5499 nullus
1841 5426 2051 5499 dubito.

457 5496 711 5573 Diximus
738 5500 810 5573 de
837 5516 944 5573 mu.
976 5498 1155 5573 Grece.
1191 5506 1285 5573 μῦ,
1318 5496 1721 5573 interiectione
1745 5496 1812 5550 ad
1856 5497 2059 5562 epistu-

456 5568 567 5637 iant
600 5571 667 5625 1‘2
688 5612 703 5636 ,
734 5570 802 5625 ad
835 5570 1135 5626 Antonium
1164 5568 1515 5631 monachum,
1548 5570 1637 5623 ubi
1659 5568 2055 5637 Hieronymus,

454 5636 538 5695 Tu
567 5656 631 5695 ne
653 5658 738 5694 mu
767 5640 974 5711 quidem
1006 5642 1178 5711 facere
1202 5641 1455 5714 dignaris.
1478 5640 1718 5696 Lucilius
1744 5656 1757 5691 :

452 5756 479 5806 ι
514 5736 624 5793 Nec
640 5738 845 5792 laudare
866 5740 1133 5805 hominem,
1158 5753 1327 5806 neque
1347 5752 1433 5791 mu
1448 5738 1621 5793 facere
1640 5750 1892 5801 umquam.

2160 5213 2321 5299 quit,
2468 5209 2686 5299 tonitrui
2704 5251 2718 5276 ,
2747 5212 2886 5299 quod
2926 5221 3168 5299 corrupte
3201 5206 3748 5299 iBoanergpe'amt‘tsusuist!-a

2161 5275 2355 5336 tinuit:
2382 5282 2447 5336 Et
2490 5282 2543 5335 in
2575 5275 2947 5337 Comnt'entar.
2983 5283 3037 5336 in
3083 5275 3371 5337 'Daulelem
3402 5275 3442 5345 ἴ,
3490 5275 3579 5335 7’;
3627 5275 3749 5334 Filii

2160 5351 2401 5407 Zebedmi
2433 5349 2688 5423 appellati
2718 5362 2837 5407 sunt
2878 5354 2974 5423 lilii
3018 5353 3241 5407 touilrtti
3267 5394 3281 5414 ,
3319 5352 3467 5475 gnati
3516 5364 3649 5433 non,
3696 5355 3745 5404 ul

2162 5425 2393 5475 uleriaue
2423 5433 2635 5475 nutant.
2677 5423 3003 5475 Boanerues.
3052 5426 3141 5475 sed
3173 5438 3313 5475 emen
3355 5420 3496 5475 allus
3551 5423 3743 5475 lenitur.

2162 5425 2393 5496 plerique
2422 5420 2635 5490 putant,
2677 5420 3003 5496 Bonum-ges,
3052 5426 3141 5496 sed
3173 5420 3496 5496 emendatius
3551 5423 3743 5492 legitur,

2162 5494 2506 5550 Beueralmut.
2533 5494 3010 5563 Quatttqttautnmt
3029 5495 3329 5550 diffitemur
3350 5494 3504 5563 Syris
3532 5508 3599 5546 cu
3623 5505 3748 5545 tetu-

2169 5582 2301 5637 νοτε
2327 5577 2449 5627 tvm
2484 5564 2821 5637 signiﬁcasse
2852 5568 3045 5621 tonitru
3065 5609 3080 5633 ,
3104 5565 3248 5636 quod
3293 5567 3592 5621 etiamnum
3624 5564 3747 5617 Ara-

2171 5638 2288 5694 bica
2318 5637 2469 5692 radix
2498 5638 2804 5691 conllrmat.

2244 5726 2270 5766 ιι
2295 5730 2401 5787 Pro
2441 5726 2698 5798 expetitus
2720 5770 2736 5797 ,
2785 5728 2931 5801 quod
2976 5742 3111 5788 mss.
3165 5726 3341 5787 nostri
3375 5735 3434 5787 et
3468 5724 3744 5785 Rabbanus
