  <div class='ocr_page' id='page_1' title='image "/cluster/home/n/w/nwhite01/storage/ocr_20150623/26/uva.x000826568/310.png"; bbox 0 0 4034 6318; ppageno 0'>
   <div class='ocr_carea' id='block_1_1' title="bbox 259 260 370 322">
    <p class='ocr_par' dir='ltr' id='par_1_1' title="bbox 259 260 370 322">
     <span class='ocr_line' id='line_1_1' title="bbox 259 260 370 322; baseline 0.009 -1"><span class='ocrx_word' id='word_1_1' title='bbox 259 260 370 322; x_wconf 77' lang='lat'><strong>605</strong></span> 
     </span>
    </p>
   </div>
   <div class='ocr_carea' id='block_1_2' title="bbox 253 468 1853 548">
    <p class='ocr_par' dir='ltr' id='par_1_2' title="bbox 253 468 1853 548">
     <span class='ocr_line' id='line_1_2' title="bbox 253 468 1853 548; baseline -0.007 -16"><span class='ocrx_word' id='word_1_2' title='bbox 253 475 386 532; x_wconf 85' lang='lat' dir='ltr'><strong>bolo</strong></span> <span class='ocrx_word' id='word_1_3' title='bbox 409 475 742 548; x_wconf 88' lang='lat' dir='ltr'><strong>postulatus,</strong></span> <span class='ocrx_word' id='word_1_4' title='bbox 775 473 844 529; x_wconf 90' lang='lat' dir='ltr'><strong>de</strong></span> <span class='ocrx_word' id='word_1_5' title='bbox 869 484 1224 545; x_wconf 74' lang='lat' dir='ltr'><strong>persecutore</strong></span> <span class='ocrx_word' id='word_1_6' title='bbox 1252 487 1344 526; x_wconf 89' lang='lat' dir='ltr'><strong>vas</strong></span> <span class='ocrx_word' id='word_1_7' title='bbox 1371 470 1524 526; x_wconf 89' lang='lat' dir='ltr'><strong>ﬁeret</strong></span> <span class='ocrx_word' id='word_1_8' title='bbox 1546 468 1853 526; x_wconf 80' lang='lat' dir='ltr'><strong>electimtis.</strong></span> 
     </span>
    </p>
   </div>
   <div class='ocr_carea' id='block_1_3' title="bbox 251 562 1854 638">
    <p class='ocr_par' dir='ltr' id='par_1_3' title="bbox 251 562 1854 638">
     <span class='ocr_line' id='line_1_3' title="bbox 251 562 1854 638; baseline -0.006 -12"><span class='ocrx_word' id='word_1_9' title='bbox 251 569 384 627; x_wconf 88' lang='lat' dir='ltr'><strong>Plus</strong></span> <span class='ocrx_word' id='word_1_10' title='bbox 407 569 551 624; x_wconf 76' lang='lat' dir='ltr'><strong>forte</strong></span> <span class='ocrx_word' id='word_1_11' title='bbox 572 583 736 638; x_wconf 92' lang='lat' dir='ltr'><strong>quam</strong></span> <span class='ocrx_word' id='word_1_12' title='bbox 767 567 1030 638; x_wconf 73' lang='lat' dir='ltr'><strong>oportuit,</strong></span> <span class='ocrx_word' id='word_1_13' title='bbox 1059 566 1154 622; x_wconf 91' lang='lat' dir='ltr'><strong>sed</strong></span> <span class='ocrx_word' id='word_1_14' title='bbox 1183 567 1496 622; x_wconf 83' lang='lat' dir='ltr'><strong>necessarie</strong></span> <span class='ocrx_word' id='word_1_15' title='bbox 1516 562 1854 634; x_wconf 88' lang='lat' dir='ltr'><strong>disputatqu</strong></span> 
     </span>
    </p>
   </div>
   <div class='ocr_carea' id='block_1_4' title="bbox 251 655 1853 732">
    <p class='ocr_par' dir='ltr' id='par_1_4' title="bbox 251 655 1853 732">
     <span class='ocr_line' id='line_1_4' title="bbox 251 655 1853 732; baseline -0.007 -12"><span class='ocrx_word' id='word_1_16' title='bbox 251 671 359 720; x_wconf 90' lang='lat' dir='ltr'><strong>est.</strong></span> <span class='ocrx_word' id='word_1_17' title='bbox 391 661 548 732; x_wconf 86' lang='lat' dir='ltr'><strong>Quod</strong></span> <span class='ocrx_word' id='word_1_18' title='bbox 575 671 762 717; x_wconf 90' lang='lat' dir='ltr'><strong>autem</strong></span> <span class='ocrx_word' id='word_1_19' title='bbox 811 659 1062 731; x_wconf 90' lang='lat' dir='ltr'><strong>sequitur</strong></span> <span class='ocrx_word' id='word_1_20' title='bbox 1089 701 1104 728; x_wconf 93' lang='lat'><strong>,</strong></span> <span class='ocrx_word' id='word_1_21' title='bbox 1135 659 1333 724; x_wconf 84' lang='lat' dir='ltr'><strong>vinctus</strong></span> <span class='ocrx_word' id='word_1_22' title='bbox 1360 657 1487 712; x_wconf 83' lang='lat' dir='ltr'><strong>Jesu</strong></span> <span class='ocrx_word' id='word_1_23' title='bbox 1535 656 1730 712; x_wconf 84' lang='lat' dir='ltr'><strong>Christi</strong></span> <span class='ocrx_word' id='word_1_24' title='bbox 1758 697 1774 722; x_wconf 96' lang='lat'><strong>,</strong></span> <span class='ocrx_word' id='word_1_25' title='bbox 1799 655 1853 710; x_wconf 94' lang='lat' dir='ltr'><strong>in</strong></span> 
     </span>
    </p>
   </div>
   <div class='ocr_carea' id='block_1_5' title="bbox 251 751 1855 828">
    <p class='ocr_par' dir='ltr' id='par_1_5' title="bbox 251 751 1855 828">
     <span class='ocr_line' id='line_1_5' title="bbox 251 751 1855 828; baseline -0.006 -14"><span class='ocrx_word' id='word_1_26' title='bbox 251 757 406 816; x_wconf 88' lang='lat' dir='ltr'><strong>nulla</strong></span> <span class='ocrx_word' id='word_1_27' title='bbox 435 756 680 828; x_wconf 82' lang='lat' dir='ltr'><strong>Epistula</strong></span> <span class='ocrx_word' id='word_1_28' title='bbox 709 757 815 811; x_wconf 89' lang='lat' dir='ltr'><strong>hoc</strong></span> <span class='ocrx_word' id='word_1_29' title='bbox 845 754 1168 826; x_wconf 75' lang='lat' dir='ltr'><strong>cognomine</strong></span> <span class='ocrx_word' id='word_1_30' title='bbox 1201 768 1333 808; x_wconf 90' lang='lat' dir='ltr'><strong>usus</strong></span> <span class='ocrx_word' id='word_1_31' title='bbox 1358 762 1464 821; x_wconf 93' lang='lat' dir='ltr'><strong>est,</strong></span> <span class='ocrx_word' id='word_1_32' title='bbox 1491 751 1621 808; x_wconf 90' lang='lat' dir='ltr'><strong>licet</strong></span> <span class='ocrx_word' id='word_1_33' title='bbox 1645 751 1698 806; x_wconf 87' lang='lat' dir='ltr'><strong>in</strong></span> <span class='ocrx_word' id='word_1_34' title='bbox 1731 764 1855 805; x_wconf 90' lang='lat' dir='ltr'><strong>cor-</strong></span> 
     </span>
    </p>
   </div>
   <div class='ocr_carea' id='block_1_6' title="bbox 250 844 1856 924">
    <p class='ocr_par' dir='ltr' id='par_1_6' title="bbox 250 844 1856 924">
     <span class='ocr_line' id='line_1_6' title="bbox 250 844 1856 924; baseline -0.003 -22"><span class='ocrx_word' id='word_1_35' title='bbox 250 865 396 924; x_wconf 84' lang='lat' dir='ltr'><strong>pore</strong></span> <span class='ocrx_word' id='word_1_36' title='bbox 423 848 793 921; x_wconf 76' lang='lat' dir='ltr'><strong>Epistolarum</strong></span> <span class='ocrx_word' id='word_1_37' title='bbox 821 889 837 914; x_wconf 93' lang='lat'><strong>,</strong></span> <span class='ocrx_word' id='word_1_38' title='bbox 863 847 933 903; x_wconf 88' lang='lat' dir='ltr'><strong>ad</strong></span> <span class='ocrx_word' id='word_1_39' title='bbox 962 847 1232 917; x_wconf 80' lang='lat' dir='ltr'><strong>Ephesios</strong></span> <span class='ocrx_word' id='word_1_40' title='bbox 1260 846 1513 903; x_wconf 80' lang='lat' dir='ltr'><strong>videlicet</strong></span> <span class='ocrx_word' id='word_1_41' title='bbox 1553 854 1608 902; x_wconf 91' lang='lat' dir='ltr'><strong>et</strong></span> <span class='ocrx_word' id='word_1_42' title='bbox 1650 844 1856 914; x_wconf 83' lang='lat' dir='ltr'><strong>Philip-</strong></span> 
     </span>
    </p>
   </div>
   <div class='ocr_carea' id='block_1_7' title="bbox 251 940 1854 1014">
    <p class='ocr_par' dir='ltr' id='par_1_7' title="bbox 251 940 1854 1014">
     <span class='ocr_line' id='line_1_7' title="bbox 251 940 1854 1014; baseline -0.004 -16"><span class='ocrx_word' id='word_1_43' title='bbox 251 957 480 1014; x_wconf 88' lang='lat' dir='ltr'><strong>penses,</strong></span> <span class='ocrx_word' id='word_1_44' title='bbox 509 949 565 996; x_wconf 90' lang='lat' dir='ltr'><strong>et</strong></span> <span class='ocrx_word' id='word_1_45' title='bbox 591 941 975 1009; x_wconf 80' lang='lat' dir='ltr'><strong>Colossenses,</strong></span> <span class='ocrx_word' id='word_1_46' title='bbox 1004 955 1128 998; x_wconf 90' lang='lat' dir='ltr'><strong>esse</strong></span> <span class='ocrx_word' id='word_1_47' title='bbox 1158 955 1217 996; x_wconf 90' lang='lat' dir='ltr'><strong>se</strong></span> <span class='ocrx_word' id='word_1_48' title='bbox 1244 943 1298 996; x_wconf 92' lang='lat' dir='ltr'><strong>in</strong></span> <span class='ocrx_word' id='word_1_49' title='bbox 1328 940 1561 996; x_wconf 79' lang='lat' dir='ltr'><strong>vinculis</strong></span> <span class='ocrx_word' id='word_1_50' title='bbox 1588 953 1687 1011; x_wconf 91' lang='lat' dir='ltr'><strong>pro</strong></span> <span class='ocrx_word' id='word_1_51' title='bbox 1723 953 1854 993; x_wconf 88' lang='lat' dir='ltr'><strong>cou-</strong></span> 
     </span>
    </p>
   </div>
   <div class='ocr_carea' id='block_1_8' title="bbox 253 1032 1853 1106">
    <p class='ocr_par' dir='ltr' id='par_1_8' title="bbox 253 1032 1853 1106">
     <span class='ocr_line' id='line_1_8' title="bbox 253 1032 1853 1106; baseline -0.004 -14"><span class='ocrx_word' id='word_1_52' title='bbox 253 1034 502 1092; x_wconf 79' lang='lat' dir='ltr'><strong>fessione</strong></span> <span class='ocrx_word' id='word_1_53' title='bbox 550 1043 797 1091; x_wconf 85' lang='lat' dir='ltr'><strong>testetur.</strong></span> <span class='ocrx_word' id='word_1_54' title='bbox 829 1032 1056 1106; x_wconf 75' lang='lat' dir='ltr'><strong>Majoris</strong></span> <span class='ocrx_word' id='word_1_55' title='bbox 1101 1043 1285 1088; x_wconf 90' lang='lat' dir='ltr'><strong>autem</strong></span> <span class='ocrx_word' id='word_1_56' title='bbox 1334 1032 1465 1088; x_wconf 91' lang='lat' dir='ltr'><strong>mihi</strong></span> <span class='ocrx_word' id='word_1_57' title='bbox 1501 1033 1717 1088; x_wconf 90' lang='lat' dir='ltr'><strong>videtur</strong></span> <span class='ocrx_word' id='word_1_58' title='bbox 1763 1045 1853 1086; x_wconf 88' lang='lat' dir='ltr'><strong>su-</strong></span> 
     </span>
    </p>
   </div>
   <div class='ocr_carea' id='block_1_9' title="bbox 255 1123 1850 1201">
    <p class='ocr_par' dir='ltr' id='par_1_9' title="bbox 255 1123 1850 1201">
     <span class='ocr_line' id='line_1_9' title="bbox 255 1123 1850 1201; baseline -0.001 -18"><span class='ocrx_word' id='word_1_59' title='bbox 255 1128 494 1201; x_wconf 85' lang='lat' dir='ltr'><strong>percilii,</strong></span> <span class='ocrx_word' id='word_1_60' title='bbox 524 1129 760 1182; x_wconf 88' lang='lat' dir='ltr'><strong>vinctum</strong></span> <span class='ocrx_word' id='word_1_61' title='bbox 793 1140 854 1181; x_wconf 90' lang='lat' dir='ltr'><strong>se</strong></span> <span class='ocrx_word' id='word_1_62' title='bbox 889 1123 1018 1182; x_wconf 80' lang='lat' dir='ltr'><strong>Jesu</strong></span> <span class='ocrx_word' id='word_1_63' title='bbox 1045 1126 1248 1182; x_wconf 84' lang='lat' dir='ltr'><strong>Christi</strong></span> <span class='ocrx_word' id='word_1_64' title='bbox 1271 1127 1480 1194; x_wconf 86' lang='lat' dir='ltr'><strong>dicere,</strong></span> <span class='ocrx_word' id='word_1_65' title='bbox 1517 1141 1677 1199; x_wconf 89' lang='lat' dir='ltr'><strong>quam</strong></span> <span class='ocrx_word' id='word_1_66' title='bbox 1705 1124 1850 1196; x_wconf 81' lang='lat' dir='ltr'><strong>Apo-</strong></span> 
     </span>
    </p>
   </div>
   <div class='ocr_carea' id='block_1_10' title="bbox 255 1218 1848 1293">
    <p class='ocr_par' dir='ltr' id='par_1_10' title="bbox 255 1218 1848 1293">
     <span class='ocr_line' id='line_1_10' title="bbox 255 1218 1848 1293; baseline -0.003 -15"><span class='ocrx_word' id='word_1_67' title='bbox 255 1221 480 1278; x_wconf 87' lang='lat' dir='ltr'><strong>stolum.</strong></span> <span class='ocrx_word' id='word_1_68' title='bbox 504 1218 894 1276; x_wconf 86' lang='lat' dir='ltr'><strong>Gloriabantur</strong></span> <span class='ocrx_word' id='word_1_69' title='bbox 919 1221 1120 1290; x_wconf 87' lang='lat' dir='ltr'><strong>quippe</strong></span> <span class='ocrx_word' id='word_1_70' title='bbox 1144 1220 1558 1293; x_wconf 73' lang='lat' dir='ltr'><strong>apostoli,quod</strong></span> <span class='ocrx_word' id='word_1_71' title='bbox 1573 1220 1721 1292; x_wconf 77' lang='lat' dir='ltr'><strong>digiti</strong></span> <span class='ocrx_word' id='word_1_72' title='bbox 1738 1220 1848 1274; x_wconf 84' lang='lat' dir='ltr'><strong>lue-</strong></span> 
     </span>
    </p>
   </div>
   <div class='ocr_carea' id='block_1_11' title="bbox 250 1310 1849 1385">
    <p class='ocr_par' dir='ltr' id='par_1_11' title="bbox 250 1310 1849 1385">
     <span class='ocr_line' id='line_1_11' title="bbox 250 1310 1849 1385; baseline -0.001 -16"><span class='ocrx_word' id='word_1_73' title='bbox 250 1321 379 1370; x_wconf 82' lang='lat' dir='ltr'><strong>rant</strong></span> <span class='ocrx_word' id='word_1_74' title='bbox 434 1329 533 1383; x_wconf 92' lang='lat' dir='ltr'><strong>pro</strong></span> <span class='ocrx_word' id='word_1_75' title='bbox 580 1313 807 1369; x_wconf 86' lang='lat' dir='ltr'><strong>nomine</strong></span> <span class='ocrx_word' id='word_1_76' title='bbox 853 1311 986 1369; x_wconf 86' lang='lat' dir='ltr'><strong>Jesu</strong></span> <span class='ocrx_word' id='word_1_77' title='bbox 1033 1310 1239 1369; x_wconf 90' lang='lat' dir='ltr'><strong>Christi</strong></span> <span class='ocrx_word' id='word_1_78' title='bbox 1287 1314 1685 1370; x_wconf 85' lang='lat' dir='ltr'><strong>contumeliam</strong></span> <span class='ocrx_word' id='word_1_79' title='bbox 1741 1313 1849 1385; x_wconf 90' lang='lat' dir='ltr'><strong>pati</strong></span> 
     </span>
    </p>
   </div>
   <div class='ocr_carea' id='block_1_12' title="bbox 250 1405 1846 1482">
    <p class='ocr_par' dir='ltr' id='par_1_12' title="bbox 250 1405 1846 1482">
     <span class='ocr_line' id='line_1_12' title="bbox 250 1405 1846 1482; baseline -0.001 -21"><span class='ocrx_word' id='word_1_80' title='bbox 250 1405 393 1482; x_wconf 81' lang='lat' dir='ltr'><strong>(Act.</strong></span> <span class='ocrx_word' id='word_1_81' title='bbox 416 1423 476 1474; x_wconf 88' lang='lat' dir='ltr'><strong>v,</strong></span> <span class='ocrx_word' id='word_1_82' title='bbox 516 1409 642 1482; x_wconf 64' lang='lat' dir='ltr'><strong>ll);</strong></span> <span class='ocrx_word' id='word_1_83' title='bbox 680 1408 776 1464; x_wconf 92' lang='lat' dir='ltr'><strong>sed</strong></span> <span class='ocrx_word' id='word_1_84' title='bbox 809 1410 1121 1466; x_wconf 89' lang='lat' dir='ltr'><strong>necessaria</strong></span> <span class='ocrx_word' id='word_1_85' title='bbox 1149 1409 1450 1465; x_wconf 81' lang='lat' dir='ltr'><strong>auctoritas</strong></span> <span class='ocrx_word' id='word_1_86' title='bbox 1476 1409 1846 1474; x_wconf 82' lang='lat' dir='ltr'><strong>vinculorum.</strong></span> 
     </span>
    </p>
   </div>
   <div class='ocr_carea' id='block_1_13' title="bbox 254 1500 1846 1574">
    <p class='ocr_par' dir='ltr' id='par_1_13' title="bbox 254 1500 1846 1574">
     <span class='ocr_line' id='line_1_13' title="bbox 254 1500 1846 1574; baseline 0 -18"><span class='ocrx_word' id='word_1_87' title='bbox 254 1500 570 1573; x_wconf 79' lang='lat' dir='ltr'><strong>Rogaturus</strong></span> <span class='ocrx_word' id='word_1_88' title='bbox 605 1518 703 1574; x_wconf 85' lang='lat' dir='ltr'><strong>pro</strong></span> <span class='ocrx_word' id='word_1_89' title='bbox 752 1502 1040 1572; x_wconf 90' lang='lat' dir='ltr'><strong>Onesimo,</strong></span> <span class='ocrx_word' id='word_1_90' title='bbox 1092 1503 1218 1560; x_wconf 90' lang='lat' dir='ltr'><strong>talis</strong></span> <span class='ocrx_word' id='word_1_91' title='bbox 1255 1519 1452 1573; x_wconf 82' lang='lat' dir='ltr'><strong>rogare</strong></span> <span class='ocrx_word' id='word_1_92' title='bbox 1501 1504 1721 1568; x_wconf 86' lang='lat' dir='ltr'><strong>debuit,</strong></span> <span class='ocrx_word' id='word_1_93' title='bbox 1755 1501 1846 1574; x_wconf 87' lang='lat' dir='ltr'><strong>qui</strong></span> 
     </span>
    </p>
   </div>
   <div class='ocr_carea' id='block_1_14' title="bbox 247 1593 1847 1668">
    <p class='ocr_par' dir='ltr' id='par_1_14' title="bbox 247 1593 1847 1668">
     <span class='ocr_line' id='line_1_14' title="bbox 247 1593 1847 1668; baseline -0.001 -19"><span class='ocrx_word' id='word_1_94' title='bbox 247 1603 444 1668; x_wconf 83' lang='lat' dir='ltr'><strong>posset</strong></span> <span class='ocrx_word' id='word_1_95' title='bbox 470 1595 776 1666; x_wconf 85' lang='lat' dir='ltr'><strong>impetrare</strong></span> <span class='ocrx_word' id='word_1_96' title='bbox 799 1595 945 1668; x_wconf 93' lang='lat' dir='ltr'><strong>quod</strong></span> <span class='ocrx_word' id='word_1_97' title='bbox 982 1605 1254 1667; x_wconf 90' lang='lat' dir='ltr'><strong>posceret.</strong></span> <span class='ocrx_word' id='word_1_98' title='bbox 1283 1595 1438 1651; x_wconf 80' lang='lat' dir='ltr'><strong>Felix</strong></span> <span class='ocrx_word' id='word_1_99' title='bbox 1470 1595 1726 1650; x_wconf 89' lang='lat' dir='ltr'><strong>nimirum</strong></span> <span class='ocrx_word' id='word_1_100' title='bbox 1755 1593 1847 1664; x_wconf 86' lang='lat' dir='ltr'><strong>qui</strong></span> 
     </span>
    </p>
   </div>
   <div class='ocr_carea' id='block_1_15' title="bbox 249 1673 1843 1760">
    <p class='ocr_par' dir='ltr' id='par_1_15' title="bbox 249 1673 1843 1760">
     <span class='ocr_line' id='line_1_15' title="bbox 249 1673 1843 1760; baseline -0.001 -20"><span class='ocrx_word' id='word_1_101' title='bbox 249 1673 361 1742; x_wconf 83' lang='lat' dir='ltr'><strong>non</strong></span> <span class='ocrx_word' id='word_1_102' title='bbox 391 1685 446 1742; x_wconf 90' lang='lat' dir='ltr'><strong>in</strong></span> <span class='ocrx_word' id='word_1_103' title='bbox 477 1687 775 1760; x_wconf 81' lang='lat' dir='ltr'><strong>sapientia,</strong></span> <span class='ocrx_word' id='word_1_104' title='bbox 816 1703 923 1746; x_wconf 89' lang='lat' dir='ltr'><strong>non</strong></span> <span class='ocrx_word' id='word_1_105' title='bbox 955 1687 1008 1744; x_wconf 93' lang='lat' dir='ltr'><strong>in</strong></span> <span class='ocrx_word' id='word_1_106' title='bbox 1032 1687 1242 1748; x_wconf 86' lang='lat' dir='ltr'><strong>divitiis</strong></span> <span class='ocrx_word' id='word_1_107' title='bbox 1262 1729 1278 1756; x_wconf 90' lang='lat'><strong>,</strong></span> <span class='ocrx_word' id='word_1_108' title='bbox 1313 1703 1423 1746; x_wconf 91' lang='lat' dir='ltr'><strong>non</strong></span> <span class='ocrx_word' id='word_1_109' title='bbox 1457 1689 1510 1743; x_wconf 91' lang='lat' dir='ltr'><strong>in</strong></span> <span class='ocrx_word' id='word_1_110' title='bbox 1534 1685 1843 1758; x_wconf 80' lang='lat' dir='ltr'><strong>eloquentia</strong></span> 
     </span>
    </p>
   </div>
   <div class='ocr_carea' id='block_1_16' title="bbox 952 243 3480 324">
    <p class='ocr_par' dir='ltr' id='par_1_16' title="bbox 952 243 3480 324">
     <span class='ocr_line' id='line_1_16' title="bbox 952 243 3480 324; baseline -0.006 -9"><span class='ocrx_word' id='word_1_111' title='bbox 952 252 1607 324; x_wconf 66' lang='lat' dir='ltr'><strong>COMMENTARIORUM</strong></span> <span class='ocrx_word' id='word_1_112' title='bbox 1645 251 1713 312; x_wconf 76' lang='lat' dir='ltr'><strong>IN</strong></span> <span class='ocrx_word' id='word_1_113' title='bbox 1753 249 1973 308; x_wconf 82' lang='lat' dir='ltr'><strong>EPIST.</strong></span> <span class='ocrx_word' id='word_1_114' title='bbox 2012 243 2108 305; x_wconf 78' lang='lat' dir='ltr'><strong>AD</strong></span> <span class='ocrx_word' id='word_1_115' title='bbox 2146 245 2594 320; x_wconf 73' lang='lat' dir='ltr'><strong>PllILEMONEM</strong></span> <span class='ocrx_word' id='word_1_116' title='bbox 2635 243 2860 304; x_wconf 70' lang='lat' dir='ltr'><strong>LIBER.</strong></span> 
     </span>
    </p>
   </div>
   <div class='ocr_carea' id='block_1_17' title="bbox 254 365 3565 456">
    <p class='ocr_par' dir='ltr' id='par_1_17' title="bbox 254 365 3565 456">
     <span class='ocr_line' id='line_1_17' title="bbox 254 365 3565 456; baseline -0.005 -18"><span class='ocrx_word' id='word_1_117' title='bbox 254 386 407 453; x_wconf 83' lang='lat' dir='ltr'><strong>titus,</strong></span> <span class='ocrx_word' id='word_1_118' title='bbox 436 395 507 438; x_wconf 88' lang='lat' dir='ltr'><strong>eo</strong></span> <span class='ocrx_word' id='word_1_119' title='bbox 529 378 676 453; x_wconf 92' lang='lat' dir='ltr'><strong>quod</strong></span> <span class='ocrx_word' id='word_1_120' title='bbox 701 377 773 435; x_wconf 90' lang='lat' dir='ltr'><strong>ad</strong></span> <span class='ocrx_word' id='word_1_121' title='bbox 792 378 1092 440; x_wconf 87' lang='lat' dir='ltr'><strong>vexandum</strong></span> <span class='ocrx_word' id='word_1_122' title='bbox 1117 378 1442 448; x_wconf 83' lang='lat' dir='ltr'><strong>Ecclesiam,</strong></span> <span class='ocrx_word' id='word_1_123' title='bbox 1470 375 1661 434; x_wconf 88' lang='lat' dir='ltr'><strong>fuisset</strong></span> <span class='ocrx_word' id='word_1_124' title='bbox 1684 390 1714 430; x_wconf 90' lang='lat' dir='ltr'><strong>a</strong></span> <span class='ocrx_word' id='word_1_125' title='bbox 1740 373 1855 429; x_wconf 86' lang='lat' dir='ltr'><strong>dia-</strong></span> <span class='ocrx_word' id='word_1_126' title='bbox 1886 383 1933 456; x_wconf 57' lang='grc' dir='ltr'>Α</span> <span class='ocrx_word' id='word_1_127' title='bbox 1963 368 2204 441; x_wconf 85' lang='lat' dir='ltr'><strong>perlator</strong></span> <span class='ocrx_word' id='word_1_128' title='bbox 2242 365 2493 438; x_wconf 89' lang='lat' dir='ltr'><strong>ejusdem</strong></span> <span class='ocrx_word' id='word_1_129' title='bbox 2541 365 2818 423; x_wconf 88' lang='lat' dir='ltr'><strong>sermonis</strong></span> <span class='ocrx_word' id='word_1_130' title='bbox 2849 365 2967 423; x_wconf 89' lang='lat' dir='ltr'><strong>fuit.</strong></span> <span class='ocrx_word' id='word_1_131' title='bbox 3011 366 3256 442; x_wconf 87' lang='lat' dir='ltr'><strong>Denique</strong></span> <span class='ocrx_word' id='word_1_132' title='bbox 3278 367 3355 424; x_wconf 89' lang='lat' dir='ltr'><strong>ait</strong></span> <span class='ocrx_word' id='word_1_133' title='bbox 3383 384 3396 422; x_wconf 91' lang='lat'>:</span> <span class='ocrx_word' id='word_1_134' title='bbox 3433 365 3565 434; x_wconf 72' lang='grc' dir='ltr'><strong>ριιω</strong></span> 
     </span>
    </p>
   </div>
   <div class='ocr_carea' id='block_1_18' title="bbox 3453 242 3560 322">
    <p class='ocr_par' dir='ltr' id='par_1_18' title="bbox 3453 242 3560 322">
     <span class='ocr_line' id='line_1_18' title="bbox 3453 242 3560 322; baseline 0 0"><span class='ocrx_word' id='word_1_135' title='bbox 3453 242 3560 322; x_wconf 60' lang='grc' dir='ltr'><strong>ξορ</strong></span> 
     </span>
    </p>
   </div>
   <div class='ocr_carea' id='block_1_19' title="bbox 1959 459 3561 536">
    <p class='ocr_par' dir='ltr' id='par_1_19' title="bbox 1959 459 3561 536">
     <span class='ocr_line' id='line_1_19' title="bbox 1959 459 3561 536; baseline -0.002 -18"><span class='ocrx_word' id='word_1_136' title='bbox 1959 465 2093 518; x_wconf 90' lang='lat' dir='ltr'><strong>circa</strong></span> <span class='ocrx_word' id='word_1_137' title='bbox 2122 479 2202 518; x_wconf 85' lang='lat' dir='ltr'><strong>me</strong></span> <span class='ocrx_word' id='word_1_138' title='bbox 2238 472 2382 534; x_wconf 87' lang='lat' dir='ltr'><strong>sunt,</strong></span> <span class='ocrx_word' id='word_1_139' title='bbox 2418 462 2590 517; x_wconf 81' lang='lat' dir='ltr'><strong>omnia</strong></span> <span class='ocrx_word' id='word_1_140' title='bbox 2629 459 2770 516; x_wconf 83' lang='lat' dir='ltr'><strong>vobis</strong></span> <span class='ocrx_word' id='word_1_141' title='bbox 2802 472 2927 516; x_wconf 84' lang='lat' dir='ltr'><strong>nota</strong></span> <span class='ocrx_word' id='word_1_142' title='bbox 2954 463 3109 536; x_wconf 90' lang='lat' dir='ltr'><strong>faciet</strong></span> <span class='ocrx_word' id='word_1_143' title='bbox 3139 463 3395 536; x_wconf 79' lang='lat' dir='ltr'><strong>Tychicus</strong></span> <span class='ocrx_word' id='word_1_144' title='bbox 3437 465 3561 516; x_wconf 87' lang='lat' dir='ltr'><strong>cha-</strong></span> 
     </span>
    </p>
   </div>
   <div class='ocr_carea' id='block_1_20' title="bbox 1956 555 3560 632">
    <p class='ocr_par' dir='ltr' id='par_1_20' title="bbox 1956 555 3560 632">
     <span class='ocr_line' id='line_1_20' title="bbox 1956 555 3560 632; baseline -0.002 -19"><span class='ocrx_word' id='word_1_145' title='bbox 1956 559 2194 613; x_wconf 84' lang='lat' dir='ltr'><strong>rissintus</strong></span> <span class='ocrx_word' id='word_1_146' title='bbox 2215 559 2400 630; x_wconf 83' lang='lat' dir='ltr'><strong>frater,</strong></span> <span class='ocrx_word' id='word_1_147' title='bbox 2432 567 2478 611; x_wconf 89' lang='lat' dir='ltr'><strong>et</strong></span> <span class='ocrx_word' id='word_1_148' title='bbox 2501 557 2734 611; x_wconf 82' lang='lat' dir='ltr'><strong>minister</strong></span> <span class='ocrx_word' id='word_1_149' title='bbox 2761 557 2952 632; x_wconf 69' lang='lat' dir='ltr'><strong>fidelis,</strong></span> <span class='ocrx_word' id='word_1_150' title='bbox 2987 568 3035 613; x_wconf 82' lang='lat' dir='ltr'><strong>et</strong></span> <span class='ocrx_word' id='word_1_151' title='bbox 3064 574 3343 620; x_wconf 77' lang='lat' dir='ltr'><strong>conservus</strong></span> <span class='ocrx_word' id='word_1_152' title='bbox 3365 557 3420 611; x_wconf 89' lang='lat' dir='ltr'><strong>in</strong></span> <span class='ocrx_word' id='word_1_153' title='bbox 3451 555 3560 610; x_wconf 93' lang='lat' dir='ltr'><strong>Do-</strong></span> 
     </span>
    </p>
   </div>
   <div class='ocr_carea' id='block_1_21' title="bbox 1956 651 3562 724">
    <p class='ocr_par' dir='ltr' id='par_1_21' title="bbox 1956 651 3562 724">
     <span class='ocr_line' id='line_1_21' title="bbox 1956 651 3562 724; baseline -0.001 -18"><span class='ocrx_word' id='word_1_154' title='bbox 1956 654 2094 707; x_wconf 90' lang='lat' dir='ltr'><strong>mino</strong></span> <span class='ocrx_word' id='word_1_155' title='bbox 2131 670 2276 722; x_wconf 85' lang='lat' dir='ltr'><strong>quem</strong></span> <span class='ocrx_word' id='word_1_156' title='bbox 2307 653 2423 706; x_wconf 87' lang='lat' dir='ltr'><strong>misi</strong></span> <span class='ocrx_word' id='word_1_157' title='bbox 2466 654 2535 706; x_wconf 89' lang='lat' dir='ltr'><strong>ad</strong></span> <span class='ocrx_word' id='word_1_158' title='bbox 2559 668 2668 718; x_wconf 87' lang='lat' dir='ltr'><strong>vos,</strong></span> <span class='ocrx_word' id='word_1_159' title='bbox 2700 653 2769 706; x_wconf 82' lang='lat' dir='ltr'><strong>ad</strong></span> <span class='ocrx_word' id='word_1_160' title='bbox 2799 652 2894 707; x_wconf 90' lang='lat' dir='ltr'><strong>hoc</strong></span> <span class='ocrx_word' id='word_1_161' title='bbox 2921 662 2978 708; x_wconf 87' lang='lat' dir='ltr'><strong>ut</strong></span> <span class='ocrx_word' id='word_1_162' title='bbox 3011 661 3288 724; x_wconf 86' lang='lat' dir='ltr'><strong>cognoscat</strong></span> <span class='ocrx_word' id='word_1_163' title='bbox 3310 668 3430 724; x_wconf 78' lang='lat' dir='ltr'><strong>qua:</strong></span> <span class='ocrx_word' id='word_1_164' title='bbox 3456 651 3562 705; x_wconf 83' lang='lat' dir='ltr'><strong>cir-</strong></span> 
     </span>
    </p>
   </div>
   <div class='ocr_carea' id='block_1_22' title="bbox 1955 748 3560 815">
    <p class='ocr_par' dir='ltr' id='par_1_22' title="bbox 1955 748 3560 815">
     <span class='ocr_line' id='line_1_22' title="bbox 1955 748 3560 815; baseline 0 -13"><span class='ocrx_word' id='word_1_165' title='bbox 1955 763 2015 802; x_wconf 90' lang='lat' dir='ltr'><strong>ca</strong></span> <span class='ocrx_word' id='word_1_166' title='bbox 2042 764 2130 802; x_wconf 85' lang='lat' dir='ltr'><strong>vos</strong></span> <span class='ocrx_word' id='word_1_167' title='bbox 2150 757 2303 815; x_wconf 89' lang='lat' dir='ltr'><strong>sunt,</strong></span> <span class='ocrx_word' id='word_1_168' title='bbox 2347 757 2393 801; x_wconf 89' lang='lat' dir='ltr'><strong>et</strong></span> <span class='ocrx_word' id='word_1_169' title='bbox 2418 748 2712 802; x_wconf 81' lang='lat' dir='ltr'><strong>consoletur</strong></span> <span class='ocrx_word' id='word_1_170' title='bbox 2746 749 2906 802; x_wconf 86' lang='lat' dir='ltr'><strong>corda</strong></span> <span class='ocrx_word' id='word_1_171' title='bbox 2937 757 3133 815; x_wconf 86' lang='lat' dir='ltr'><strong>vestra,</strong></span> <span class='ocrx_word' id='word_1_172' title='bbox 3158 765 3275 806; x_wconf 89' lang='lat' dir='ltr'><strong>cum</strong></span> <span class='ocrx_word' id='word_1_173' title='bbox 3316 748 3560 802; x_wconf 88' lang='lat' dir='ltr'><strong>Onesimo</strong></span> 
     </span>
    </p>
   </div>
   <div class='ocr_carea' id='block_1_23' title="bbox 1955 837 3557 920">
    <p class='ocr_par' dir='ltr' id='par_1_23' title="bbox 1955 837 3557 920">
     <span class='ocr_line' id='line_1_23' title="bbox 1955 837 3557 920; baseline 0 -28"><span class='ocrx_word' id='word_1_174' title='bbox 1955 840 2260 893; x_wconf 81' lang='lat' dir='ltr'><strong>charissima</strong></span> <span class='ocrx_word' id='word_1_175' title='bbox 2279 879 2295 906; x_wconf 92' lang='lat'><strong>,</strong></span> <span class='ocrx_word' id='word_1_176' title='bbox 2320 849 2364 892; x_wconf 91' lang='lat' dir='ltr'><strong>et</strong></span> <span class='ocrx_word' id='word_1_177' title='bbox 2389 837 2533 907; x_wconf 78' lang='lat' dir='ltr'><strong>fideli</strong></span> <span class='ocrx_word' id='word_1_178' title='bbox 2557 841 2751 910; x_wconf 91' lang='lat' dir='ltr'><strong>fratre,</strong></span> <span class='ocrx_word' id='word_1_179' title='bbox 2783 839 2872 910; x_wconf 87' lang='lat' dir='ltr'><strong>qui</strong></span> <span class='ocrx_word' id='word_1_180' title='bbox 2903 849 2979 894; x_wconf 88' lang='lat' dir='ltr'><strong>est</strong></span> <span class='ocrx_word' id='word_1_181' title='bbox 3006 857 3071 896; x_wconf 78' lang='lat' dir='ltr'><strong>ea:</strong></span> <span class='ocrx_word' id='word_1_182' title='bbox 3101 839 3241 896; x_wconf 75' lang='lat' dir='ltr'><strong>vobis</strong></span> <span class='ocrx_word' id='word_1_183' title='bbox 3269 837 3471 920; x_wconf 85' lang='lat' dir='ltr'><strong>(Ibid.,</strong></span> <span class='ocrx_word' id='word_1_184' title='bbox 3502 838 3557 918; x_wconf 78' lang='lat'><strong>7,</strong></span> 
     </span>
    </p>
   </div>
   <div class='ocr_carea' id='block_1_24' title="bbox 1955 929 3561 1016">
    <p class='ocr_par' dir='ltr' id='par_1_24' title="bbox 1955 929 3561 1016">
     <span class='ocr_line' id='line_1_24' title="bbox 1955 929 3561 1016; baseline -0.001 -30"><span class='ocrx_word' id='word_1_185' title='bbox 1955 929 2055 1001; x_wconf 90' lang='lat'><strong>8).</strong></span> <span class='ocrx_word' id='word_1_186' title='bbox 2085 930 2146 988; x_wconf 92' lang='lat' dir='ltr'><strong>Si</strong></span> <span class='ocrx_word' id='word_1_187' title='bbox 2176 940 2355 986; x_wconf 90' lang='lat' dir='ltr'><strong>autem</strong></span> <span class='ocrx_word' id='word_1_188' title='bbox 2389 931 2695 998; x_wconf 80' lang='lat' dir='ltr'><strong>Philemon,</strong></span> <span class='ocrx_word' id='word_1_189' title='bbox 2727 930 2794 986; x_wconf 92' lang='lat' dir='ltr'><strong>ad</strong></span> <span class='ocrx_word' id='word_1_190' title='bbox 2825 947 2991 1003; x_wconf 89' lang='lat' dir='ltr'><strong>quem</strong></span> <span class='ocrx_word' id='word_1_191' title='bbox 3017 930 3134 989; x_wconf 66' lang='lat' dir='ltr'><strong>haec</strong></span> <span class='ocrx_word' id='word_1_192' title='bbox 3165 932 3396 1016; x_wconf 78' lang='lat' dir='ltr'><strong>epistola</strong></span> <span class='ocrx_word' id='word_1_193' title='bbox 3425 929 3561 986; x_wconf 88' lang='lat' dir='ltr'><strong>scri-</strong></span> 
     </span>
    </p>
   </div>
   <div class='ocr_carea' id='block_1_25' title="bbox 1954 1022 3562 1094">
    <p class='ocr_par' dir='ltr' id='par_1_25' title="bbox 1954 1022 3562 1094">
     <span class='ocr_line' id='line_1_25' title="bbox 1954 1022 3562 1094; baseline 0.001 -16"><span class='ocrx_word' id='word_1_194' title='bbox 1954 1022 2119 1090; x_wconf 87' lang='lat' dir='ltr'><strong>bitur,</strong></span> <span class='ocrx_word' id='word_1_195' title='bbox 2140 1024 2381 1080; x_wconf 89' lang='lat' dir='ltr'><strong>Onesimi</strong></span> <span class='ocrx_word' id='word_1_196' title='bbox 2409 1023 2670 1079; x_wconf 89' lang='lat' dir='ltr'><strong>dominus</strong></span> <span class='ocrx_word' id='word_1_197' title='bbox 2697 1034 2800 1092; x_wconf 77' lang='lat' dir='ltr'><strong>eSt,</strong></span> <span class='ocrx_word' id='word_1_198' title='bbox 2835 1024 3006 1080; x_wconf 89' lang='lat' dir='ltr'><strong>immo</strong></span> <span class='ocrx_word' id='word_1_199' title='bbox 3031 1024 3210 1081; x_wconf 80' lang='lat' dir='ltr'><strong>frater</strong></span> <span class='ocrx_word' id='word_1_200' title='bbox 3240 1040 3366 1082; x_wconf 89' lang='lat' dir='ltr'><strong>esse</strong></span> <span class='ocrx_word' id='word_1_201' title='bbox 3391 1025 3562 1094; x_wconf 76' lang='lat' dir='ltr'><strong>ccepit</strong></span> 
     </span>
    </p>
   </div>
   <div class='ocr_carea' id='block_1_26' title="bbox 1953 1115 3554 1192">
    <p class='ocr_par' dir='ltr' id='par_1_26' title="bbox 1953 1115 3554 1192">
     <span class='ocr_line' id='line_1_26' title="bbox 1953 1115 3554 1192; baseline 0.001 -19"><span class='ocrx_word' id='word_1_202' title='bbox 1953 1116 2009 1173; x_wconf 90' lang='lat' dir='ltr'><strong>in</strong></span> <span class='ocrx_word' id='word_1_203' title='bbox 2045 1117 2296 1185; x_wconf 87' lang='lat' dir='ltr'><strong>Domino,</strong></span> <span class='ocrx_word' id='word_1_204' title='bbox 2333 1127 2389 1174; x_wconf 92' lang='lat' dir='ltr'><strong>et</strong></span> <span class='ocrx_word' id='word_1_205' title='bbox 2415 1117 2482 1172; x_wconf 88' lang='lat' dir='ltr'><strong>ad</strong></span> <span class='ocrx_word' id='word_1_206' title='bbox 2505 1115 2868 1174; x_wconf 87' lang='lat' dir='ltr'><strong>Colosseuses</strong></span> <span class='ocrx_word' id='word_1_207' title='bbox 2906 1118 3142 1176; x_wconf 82' lang='lat' dir='ltr'><strong>refertur</strong></span> <span class='ocrx_word' id='word_1_208' title='bbox 3169 1119 3315 1192; x_wconf 89' lang='lat' dir='ltr'><strong>quod</strong></span> <span class='ocrx_word' id='word_1_209' title='bbox 3350 1118 3554 1176; x_wconf 57' lang='lat' dir='ltr'><strong>Onesio</strong></span> 
     </span>
    </p>
   </div>
   <div class='ocr_carea' id='block_1_27' title="bbox 1953 1209 3560 1282">
    <p class='ocr_par' dir='ltr' id='par_1_27' title="bbox 1953 1209 3560 1282">
     <span class='ocr_line' id='line_1_27' title="bbox 1953 1209 3560 1282; baseline 0.001 -16"><span class='ocrx_word' id='word_1_210' title='bbox 1953 1222 2078 1266; x_wconf 87' lang='lat' dir='ltr'><strong>mus</strong></span> <span class='ocrx_word' id='word_1_211' title='bbox 2101 1225 2167 1265; x_wconf 88' lang='lat' dir='ltr'><strong>ex</strong></span> <span class='ocrx_word' id='word_1_212' title='bbox 2197 1209 2280 1265; x_wconf 90' lang='lat' dir='ltr'><strong>eis</strong></span> <span class='ocrx_word' id='word_1_213' title='bbox 2307 1209 2379 1266; x_wconf 91' lang='lat' dir='ltr'><strong>sit</strong></span> <span class='ocrx_word' id='word_1_214' title='bbox 2405 1228 2417 1262; x_wconf 86' lang='lat'>:</span> <span class='ocrx_word' id='word_1_215' title='bbox 2445 1209 2593 1265; x_wconf 93' lang='lat' dir='ltr'><strong>ratio</strong></span> <span class='ocrx_word' id='word_1_216' title='bbox 2624 1226 2726 1266; x_wconf 92' lang='lat' dir='ltr'><strong>nos</strong></span> <span class='ocrx_word' id='word_1_217' title='bbox 2749 1211 2864 1282; x_wconf 84' lang='lat' dir='ltr'><strong>ipsa</strong></span> <span class='ocrx_word' id='word_1_218' title='bbox 2897 1219 2951 1266; x_wconf 90' lang='lat' dir='ltr'><strong>et</strong></span> <span class='ocrx_word' id='word_1_219' title='bbox 2972 1209 3112 1266; x_wconf 89' lang='lat' dir='ltr'><strong>ordo</strong></span> <span class='ocrx_word' id='word_1_220' title='bbox 3142 1211 3386 1280; x_wconf 84' lang='lat' dir='ltr'><strong>deducit,</strong></span> <span class='ocrx_word' id='word_1_221' title='bbox 3413 1211 3560 1282; x_wconf 85' lang='lat' dir='ltr'><strong>quod</strong></span> 
     </span>
    </p>
   </div>
   <div class='ocr_carea' id='block_1_28' title="bbox 1952 1288 3562 1378">
    <p class='ocr_par' dir='ltr' id='par_1_28' title="bbox 1952 1288 3562 1378">
     <span class='ocr_line' id='line_1_28' title="bbox 1952 1288 3562 1378; baseline 0 -17"><span class='ocrx_word' id='word_1_222' title='bbox 1952 1315 2006 1361; x_wconf 91' lang='lat' dir='ltr'><strong>et</strong></span> <span class='ocrx_word' id='word_1_223' title='bbox 2038 1303 2330 1361; x_wconf 85' lang='lat' dir='ltr'><strong>Philemon</strong></span> <span class='ocrx_word' id='word_1_224' title='bbox 2359 1302 2714 1360; x_wconf 88' lang='lat' dir='ltr'><strong>Colossensis</strong></span> <span class='ocrx_word' id='word_1_225' title='bbox 2739 1288 2833 1368; x_wconf 82' lang='lat' dir='ltr'><strong>sit,</strong></span> <span class='ocrx_word' id='word_1_226' title='bbox 2859 1317 2912 1360; x_wconf 92' lang='lat' dir='ltr'><strong>et</strong></span> <span class='ocrx_word' id='word_1_227' title='bbox 2939 1320 3006 1360; x_wconf 92' lang='lat' dir='ltr'><strong>eo</strong></span> <span class='ocrx_word' id='word_1_228' title='bbox 3036 1314 3282 1378; x_wconf 89' lang='lat' dir='ltr'><strong>tempore</strong></span> <span class='ocrx_word' id='word_1_229' title='bbox 3311 1320 3562 1362; x_wconf 84' lang='lat' dir='ltr'><strong>commu-</strong></span> 
     </span>
    </p>
   </div>
   <div class='ocr_carea' id='block_1_29' title="bbox 1953 1383 3564 1474">
    <p class='ocr_par' dir='ltr' id='par_1_29' title="bbox 1953 1383 3564 1474">
     <span class='ocr_line' id='line_1_29' title="bbox 1953 1383 3564 1474; baseline -0.001 -20"><span class='ocrx_word' id='word_1_230' title='bbox 1953 1414 2080 1454; x_wconf 91' lang='lat' dir='ltr'><strong>nem</strong></span> <span class='ocrx_word' id='word_1_231' title='bbox 2121 1398 2189 1454; x_wconf 89' lang='lat' dir='ltr'><strong>ad</strong></span> <span class='ocrx_word' id='word_1_232' title='bbox 2217 1414 2434 1454; x_wconf 91' lang='lat' dir='ltr'><strong>omnem</strong></span> <span class='ocrx_word' id='word_1_233' title='bbox 2468 1398 2778 1455; x_wconf 87' lang='lat' dir='ltr'><strong>Ecelesiam</strong></span> <span class='ocrx_word' id='word_1_234' title='bbox 2820 1398 3120 1456; x_wconf 90' lang='lat' dir='ltr'><strong>Onesimus</strong></span> <span class='ocrx_word' id='word_1_235' title='bbox 3147 1383 3434 1474; x_wconf 85' lang='lat' dir='ltr'><strong>epistolam</strong></span> <span class='ocrx_word' id='word_1_236' title='bbox 3477 1409 3564 1454; x_wconf 87' lang='lat' dir='ltr'><strong>tu-</strong></span> 
     </span>
    </p>
   </div>
   <div class='ocr_carea' id='block_1_30' title="bbox 1951 1491 3561 1565">
    <p class='ocr_par' dir='ltr' id='par_1_30' title="bbox 1951 1491 3561 1565">
     <span class='ocr_line' id='line_1_30' title="bbox 1951 1491 3561 1565; baseline -0.001 -17"><span class='ocrx_word' id='word_1_237' title='bbox 1951 1491 2098 1559; x_wconf 85' lang='lat' dir='ltr'><strong>lerit,</strong></span> <span class='ocrx_word' id='word_1_238' title='bbox 2131 1510 2239 1565; x_wconf 92' lang='lat' dir='ltr'><strong>quo</strong></span> <span class='ocrx_word' id='word_1_239' title='bbox 2269 1494 2509 1564; x_wconf 88' lang='lat' dir='ltr'><strong>privatas</strong></span> <span class='ocrx_word' id='word_1_240' title='bbox 2541 1502 2598 1549; x_wconf 92' lang='lat' dir='ltr'><strong>et</strong></span> <span class='ocrx_word' id='word_1_241' title='bbox 2636 1495 2718 1548; x_wconf 91' lang='lat' dir='ltr'><strong>sui</strong></span> <span class='ocrx_word' id='word_1_242' title='bbox 2746 1493 3244 1558; x_wconf 86' lang='lat' dir='ltr'><strong>commendatrices</strong></span> <span class='ocrx_word' id='word_1_243' title='bbox 3274 1493 3342 1548; x_wconf 93' lang='lat' dir='ltr'><strong>ad</strong></span> <span class='ocrx_word' id='word_1_244' title='bbox 3376 1492 3561 1548; x_wconf 90' lang='lat' dir='ltr'><strong>Domi-</strong></span> 
     </span>
    </p>
   </div>
   <div class='ocr_carea' id='block_1_31' title="bbox 1951 1584 3562 1658">
    <p class='ocr_par' dir='ltr' id='par_1_31' title="bbox 1951 1584 3562 1658">
     <span class='ocr_line' id='line_1_31' title="bbox 1951 1584 3562 1658; baseline -0.001 -17"><span class='ocrx_word' id='word_1_245' title='bbox 1951 1600 2081 1642; x_wconf 86' lang='lat' dir='ltr'><strong>num</strong></span> <span class='ocrx_word' id='word_1_246' title='bbox 2111 1586 2325 1642; x_wconf 79' lang='lat' dir='ltr'><strong>litteras</strong></span> <span class='ocrx_word' id='word_1_247' title='bbox 2353 1596 2685 1656; x_wconf 84' lang='lat' dir='ltr'><strong>sumpserat.</strong></span> <span class='ocrx_word' id='word_1_248' title='bbox 2716 1585 2888 1641; x_wconf 83' lang='lat' dir='ltr'><strong>Estet</strong></span> <span class='ocrx_word' id='word_1_249' title='bbox 2910 1586 3059 1641; x_wconf 88' lang='lat' dir='ltr'><strong>aliud</strong></span> <span class='ocrx_word' id='word_1_250' title='bbox 3095 1584 3385 1654; x_wconf 91' lang='lat' dir='ltr'><strong>indicium,</strong></span> <span class='ocrx_word' id='word_1_251' title='bbox 3417 1585 3562 1658; x_wconf 91' lang='lat' dir='ltr'><strong>quod</strong></span> 
     </span>
    </p>
   </div>
   <div class='ocr_carea' id='block_1_32' title="bbox 1952 1677 3547 1752">
    <p class='ocr_par' dir='ltr' id='par_1_32' title="bbox 1952 1677 3547 1752">
     <span class='ocr_line' id='line_1_32' title="bbox 1952 1677 3547 1752; baseline -0.002 -17"><span class='ocrx_word' id='word_1_252' title='bbox 1952 1677 2005 1736; x_wconf 90' lang='lat' dir='ltr'><strong>in</strong></span> <span class='ocrx_word' id='word_1_253' title='bbox 2039 1678 2142 1734; x_wconf 86' lang='lat' dir='ltr'><strong>hac</strong></span> <span class='ocrx_word' id='word_1_254' title='bbox 2162 1679 2352 1734; x_wconf 89' lang='lat' dir='ltr'><strong>eadem</strong></span> <span class='ocrx_word' id='word_1_255' title='bbox 2385 1679 2616 1750; x_wconf 86' lang='lat' dir='ltr'><strong>epistula</strong></span> <span class='ocrx_word' id='word_1_256' title='bbox 2639 1689 2690 1734; x_wconf 91' lang='lat' dir='ltr'><strong>et</strong></span> <span class='ocrx_word' id='word_1_257' title='bbox 2721 1678 3036 1752; x_wconf 82' lang='lat' dir='ltr'><strong>Archippus</strong></span> <span class='ocrx_word' id='word_1_258' title='bbox 3059 1679 3376 1736; x_wconf 87' lang='lat' dir='ltr'><strong>nominatur</strong></span> <span class='ocrx_word' id='word_1_259' title='bbox 3413 1695 3426 1733; x_wconf 91' lang='lat'><strong>:</strong></span> <span class='ocrx_word' id='word_1_260' title='bbox 3460 1679 3547 1748; x_wconf 88' lang='lat' dir='ltr'><strong>cui</strong></span> 
     </span>
    </p>
   </div>
   <div class='ocr_carea' id='block_1_33' title="bbox 249 1769 3556 1855">
    <p class='ocr_par' dir='ltr' id='par_1_33' title="bbox 249 1769 3556 1855">
     <span class='ocr_line' id='line_1_33' title="bbox 249 1769 3556 1855; baseline -0.003 -21"><span class='ocrx_word' id='word_1_261' title='bbox 249 1787 306 1834; x_wconf 87' lang='lat' dir='ltr'><strong>et</strong></span> <span class='ocrx_word' id='word_1_262' title='bbox 329 1781 574 1850; x_wconf 86' lang='lat' dir='ltr'><strong>potentia</strong></span> <span class='ocrx_word' id='word_1_263' title='bbox 604 1781 893 1852; x_wconf 72' lang='lat' dir='ltr'><strong>saeculari,</strong></span> <span class='ocrx_word' id='word_1_264' title='bbox 924 1781 1021 1846; x_wconf 86' lang='lat' dir='ltr'><strong>sed</strong></span> <span class='ocrx_word' id='word_1_265' title='bbox 1047 1783 1100 1837; x_wconf 87' lang='lat' dir='ltr'><strong>in</strong></span> <span class='ocrx_word' id='word_1_266' title='bbox 1125 1781 1334 1837; x_wconf 87' lang='lat' dir='ltr'><strong>Christi</strong></span> <span class='ocrx_word' id='word_1_267' title='bbox 1360 1780 1711 1851; x_wconf 88' lang='lat' dir='ltr'><strong>passionibus</strong></span> <span class='ocrx_word' id='word_1_268' title='bbox 1737 1778 1847 1851; x_wconf 78' lang='lat' dir='ltr'><strong>glo-</strong></span> <span class='ocrx_word' id='word_1_269' title='bbox 1878 1777 1924 1850; x_wconf 75' lang='grc' dir='ltr'><strong>Β</strong></span> <span class='ocrx_word' id='word_1_270' title='bbox 1952 1769 2180 1828; x_wconf 73' lang='grc' dir='ltr'><strong>Ιὶῖοουῐη</strong></span> <span class='ocrx_word' id='word_1_271' title='bbox 2198 1771 2518 1828; x_wconf 74' lang='lat' dir='ltr'><strong>Philemone</strong></span> <span class='ocrx_word' id='word_1_272' title='bbox 2535 1771 2825 1827; x_wconf 66' lang='lat' dir='ltr'><strong>scribitur:</strong></span> <span class='ocrx_word' id='word_1_273' title='bbox 2851 1770 3250 1855; x_wconf 74' lang='lat' dir='ltr'><strong>Dicite,inqllil,</strong></span> <span class='ocrx_word' id='word_1_274' title='bbox 3269 1771 3556 1854; x_wconf 67' lang='lat' dir='ltr'><strong>Archippo,</strong></span> 
     </span>
    </p>
   </div>
   <div class='ocr_carea' id='block_1_34' title="bbox 250 1873 1849 1947">
    <p class='ocr_par' dir='ltr' id='par_1_34' title="bbox 250 1873 1849 1947">
     <span class='ocr_line' id='line_1_34' title="bbox 250 1873 1849 1947; baseline 0 -19"><span class='ocrx_word' id='word_1_275' title='bbox 250 1873 454 1930; x_wconf 88' lang='lat' dir='ltr'><strong>riatur.</strong></span> <span class='ocrx_word' id='word_1_276' title='bbox 488 1873 607 1929; x_wconf 85' lang='lat' dir='ltr'><strong>Tali</strong></span> <span class='ocrx_word' id='word_1_277' title='bbox 639 1884 696 1932; x_wconf 93' lang='lat' dir='ltr'><strong>et</strong></span> <span class='ocrx_word' id='word_1_278' title='bbox 735 1875 801 1930; x_wconf 93' lang='lat' dir='ltr'><strong>ad</strong></span> <span class='ocrx_word' id='word_1_279' title='bbox 835 1875 1058 1931; x_wconf 82' lang='lat' dir='ltr'><strong>Galatas</strong></span> <span class='ocrx_word' id='word_1_280' title='bbox 1089 1875 1392 1947; x_wconf 83' lang='lat' dir='ltr'><strong>Epistolam</strong></span> <span class='ocrx_word' id='word_1_281' title='bbox 1425 1889 1684 1931; x_wconf 88' lang='lat' dir='ltr'><strong>sermone</strong></span> <span class='ocrx_word' id='word_1_282' title='bbox 1711 1890 1849 1931; x_wconf 82' lang='lat' dir='ltr'><strong>con-</strong></span> 
     </span>
    </p>
   </div>
   <div class='ocr_carea' id='block_1_35' title="bbox 254 1965 1849 2040">
    <p class='ocr_par' dir='ltr' id='par_1_35' title="bbox 254 1965 1849 2040">
     <span class='ocr_line' id='line_1_35' title="bbox 254 1965 1849 2040; baseline 0 -18"><span class='ocrx_word' id='word_1_283' title='bbox 254 1966 512 2022; x_wconf 86' lang='lat' dir='ltr'><strong>cludens:</strong></span> <span class='ocrx_word' id='word_1_284' title='bbox 533 1965 612 2022; x_wconf 89' lang='lat' dir='ltr'><strong>De</strong></span> <span class='ocrx_word' id='word_1_285' title='bbox 638 1978 844 2035; x_wconf 63' lang='lat' dir='ltr'><strong>ca’lero,</strong></span> <span class='ocrx_word' id='word_1_286' title='bbox 873 1969 951 2023; x_wconf 87' lang='lat' dir='ltr'><strong>ait</strong></span> <span class='ocrx_word' id='word_1_287' title='bbox 975 2009 990 2036; x_wconf 93' lang='lat'><strong>,</strong></span> <span class='ocrx_word' id='word_1_288' title='bbox 1014 1984 1164 2024; x_wconf 83' lang='lat' dir='ltr'><strong>nemo</strong></span> <span class='ocrx_word' id='word_1_289' title='bbox 1187 1969 1312 2022; x_wconf 89' lang='lat' dir='ltr'><strong>mihi</strong></span> <span class='ocrx_word' id='word_1_290' title='bbox 1339 1969 1588 2024; x_wconf 82' lang='lat' dir='ltr'><strong>molestus</strong></span> <span class='ocrx_word' id='word_1_291' title='bbox 1611 1969 1676 2022; x_wconf 87' lang='lat' dir='ltr'><strong>sit</strong></span> <span class='ocrx_word' id='word_1_292' title='bbox 1711 1983 1728 2020; x_wconf 89' lang='lat'><strong><em>:</em></strong></span> <span class='ocrx_word' id='word_1_293' title='bbox 1757 1983 1849 2040; x_wconf 86' lang='lat' dir='ltr'><strong>ego</strong></span> 
     </span>
    </p>
   </div>
   <div class='ocr_carea' id='block_1_36' title="bbox 137 2059 1851 2134">
    <p class='ocr_par' dir='ltr' id='par_1_36' title="bbox 137 2059 1851 2134">
     <span class='ocr_line' id='line_1_36' title="bbox 137 2059 1851 2134; baseline 0 -20"><span class='ocrx_word' id='word_1_294' title='bbox 137 2119 150 2128; x_wconf 87' lang='lat'><em>_</em></span> <span class='ocrx_word' id='word_1_295' title='bbox 254 2061 398 2114; x_wconf 88' lang='lat' dir='ltr'><strong>enim</strong></span> <span class='ocrx_word' id='word_1_296' title='bbox 423 2061 660 2131; x_wconf 78' lang='lat' dir='ltr'><strong>stigmata</strong></span> <span class='ocrx_word' id='word_1_297' title='bbox 688 2060 902 2115; x_wconf 83' lang='lat' dir='ltr'><strong>Domini</strong></span> <span class='ocrx_word' id='word_1_298' title='bbox 932 2062 1101 2116; x_wconf 86' lang='lat' dir='ltr'><strong>nostri</strong></span> <span class='ocrx_word' id='word_1_299' title='bbox 1139 2059 1264 2116; x_wconf 82' lang='lat' dir='ltr'><strong>Jesu</strong></span> <span class='ocrx_word' id='word_1_300' title='bbox 1295 2060 1494 2117; x_wconf 80' lang='lat' dir='ltr'><strong>Christi</strong></span> <span class='ocrx_word' id='word_1_301' title='bbox 1535 2061 1590 2114; x_wconf 89' lang='lat' dir='ltr'><strong>in</strong></span> <span class='ocrx_word' id='word_1_302' title='bbox 1635 2075 1851 2134; x_wconf 81' lang='lat' dir='ltr'><strong>corpore</strong></span> 
     </span>
    </p>
   </div>
   <div class='ocr_carea' id='block_1_37' title="bbox 253 2150 1848 2225">
    <p class='ocr_par' dir='ltr' id='par_1_37' title="bbox 253 2150 1848 2225">
     <span class='ocr_line' id='line_1_37' title="bbox 253 2150 1848 2225; baseline 0.001 -19"><span class='ocrx_word' id='word_1_303' title='bbox 253 2167 369 2206; x_wconf 88' lang='lat' dir='ltr'><strong>meo</strong></span> <span class='ocrx_word' id='word_1_304' title='bbox 409 2163 560 2224; x_wconf 79' lang='lat' dir='ltr'><strong>porto</strong></span> <span class='ocrx_word' id='word_1_305' title='bbox 584 2150 787 2225; x_wconf 85' lang='lat' dir='ltr'><strong>(Galat.</strong></span> <span class='ocrx_word' id='word_1_306' title='bbox 820 2153 918 2221; x_wconf 79' lang='lat' dir='ltr'><strong>vi).</strong></span> <span class='ocrx_word' id='word_1_307' title='bbox 948 2151 1066 2209; x_wconf 85' lang='lat' dir='ltr'><strong>Non</strong></span> <span class='ocrx_word' id='word_1_308' title='bbox 1094 2154 1273 2210; x_wconf 90' lang='lat' dir='ltr'><strong>omnis</strong></span> <span class='ocrx_word' id='word_1_309' title='bbox 1301 2162 1481 2209; x_wconf 89' lang='lat' dir='ltr'><strong>autem</strong></span> <span class='ocrx_word' id='word_1_310' title='bbox 1512 2154 1604 2224; x_wconf 90' lang='lat' dir='ltr'><strong>qui</strong></span> <span class='ocrx_word' id='word_1_311' title='bbox 1636 2152 1848 2208; x_wconf 87' lang='lat' dir='ltr'><strong>vinctus</strong></span> 
     </span>
    </p>
   </div>
   <div class='ocr_carea' id='block_1_38' title="bbox 253 2244 1848 2322">
    <p class='ocr_par' dir='ltr' id='par_1_38' title="bbox 253 2244 1848 2322">
     <span class='ocr_line' id='line_1_38' title="bbox 253 2244 1848 2322; baseline 0.002 -22"><span class='ocrx_word' id='word_1_312' title='bbox 253 2254 338 2300; x_wconf 91' lang='lat' dir='ltr'><strong>est</strong></span> <span class='ocrx_word' id='word_1_313' title='bbox 368 2244 585 2302; x_wconf 89' lang='lat' dir='ltr'><strong>vinctus</strong></span> <span class='ocrx_word' id='word_1_314' title='bbox 619 2255 704 2301; x_wconf 91' lang='lat' dir='ltr'><strong>est</strong></span> <span class='ocrx_word' id='word_1_315' title='bbox 734 2244 969 2322; x_wconf 81' lang='lat' dir='ltr'><strong>Christi;</strong></span> <span class='ocrx_word' id='word_1_316' title='bbox 1010 2245 1106 2302; x_wconf 91' lang='lat' dir='ltr'><strong>sed</strong></span> <span class='ocrx_word' id='word_1_317' title='bbox 1134 2247 1465 2320; x_wconf 84' lang='lat' dir='ltr'><strong>quicumque</strong></span> <span class='ocrx_word' id='word_1_318' title='bbox 1514 2261 1615 2319; x_wconf 92' lang='lat' dir='ltr'><strong>pro</strong></span> <span class='ocrx_word' id='word_1_319' title='bbox 1643 2245 1848 2303; x_wconf 89' lang='lat' dir='ltr'><strong>Christi</strong></span> 
     </span>
    </p>
   </div>
   <div class='ocr_carea' id='block_1_39' title="bbox 254 2338 1850 2414">
    <p class='ocr_par' dir='ltr' id='par_1_39' title="bbox 254 2338 1850 2414">
     <span class='ocr_line' id='line_1_39' title="bbox 254 2338 1850 2414; baseline 0.004 -23"><span class='ocrx_word' id='word_1_320' title='bbox 254 2338 474 2394; x_wconf 90' lang='lat' dir='ltr'><strong>nomine</strong></span> <span class='ocrx_word' id='word_1_321' title='bbox 506 2349 561 2394; x_wconf 85' lang='lat' dir='ltr'><strong>et</strong></span> <span class='ocrx_word' id='word_1_322' title='bbox 605 2354 707 2412; x_wconf 91' lang='lat' dir='ltr'><strong>pro</strong></span> <span class='ocrx_word' id='word_1_323' title='bbox 737 2339 858 2414; x_wconf 85' lang='lat' dir='ltr'><strong>ejus</strong></span> <span class='ocrx_word' id='word_1_324' title='bbox 899 2339 1246 2398; x_wconf 67' lang='lat' dir='ltr'><strong>confeSsione</strong></span> <span class='ocrx_word' id='word_1_325' title='bbox 1286 2341 1550 2410; x_wconf 87' lang='lat' dir='ltr'><strong>vincitur,</strong></span> <span class='ocrx_word' id='word_1_326' title='bbox 1592 2341 1682 2397; x_wconf 89' lang='lat' dir='ltr'><strong>ille</strong></span> <span class='ocrx_word' id='word_1_327' title='bbox 1718 2357 1850 2412; x_wconf 85' lang='lat' dir='ltr'><strong>vere</strong></span> 
     </span>
    </p>
   </div>
   <div class='ocr_carea' id='block_1_40' title="bbox 251 2417 1848 2514">
    <p class='ocr_par' dir='ltr' id='par_1_40' title="bbox 251 2417 1848 2514">
     <span class='ocr_line' id='line_1_40' title="bbox 251 2417 1848 2514; baseline 0.001 -26"><span class='ocrx_word' id='word_1_328' title='bbox 251 2432 468 2488; x_wconf 90' lang='lat' dir='ltr'><strong>vinctus</strong></span> <span class='ocrx_word' id='word_1_329' title='bbox 502 2417 704 2489; x_wconf 88' lang='lat' dir='ltr'><strong>dicitur</strong></span> <span class='ocrx_word' id='word_1_330' title='bbox 745 2433 876 2490; x_wconf 82' lang='lat' dir='ltr'><strong>.lesu</strong></span> <span class='ocrx_word' id='word_1_331' title='bbox 907 2434 1146 2502; x_wconf 88' lang='lat' dir='ltr'><strong>Christi,</strong></span> <span class='ocrx_word' id='word_1_332' title='bbox 1194 2445 1249 2494; x_wconf 86' lang='lat' dir='ltr'><strong>et</strong></span> <span class='ocrx_word' id='word_1_333' title='bbox 1278 2437 1503 2514; x_wconf 73' lang='lat' dir='ltr'><strong>sanguis</strong></span> <span class='ocrx_word' id='word_1_334' title='bbox 1544 2435 1751 2492; x_wconf 86' lang='lat' dir='ltr'><strong>ell&#39;usus</strong></span> <span class='ocrx_word' id='word_1_335' title='bbox 1800 2435 1848 2492; x_wconf 90' lang='lat' dir='ltr'><strong>is</strong></span> 
     </span>
    </p>
   </div>
   <div class='ocr_carea' id='block_1_41' title="bbox 254 2525 1851 2602">
    <p class='ocr_par' dir='ltr' id='par_1_41' title="bbox 254 2525 1851 2602">
     <span class='ocr_line' id='line_1_41' title="bbox 254 2525 1851 2602; baseline 0.003 -22"><span class='ocrx_word' id='word_1_336' title='bbox 254 2533 467 2588; x_wconf 88' lang='lat' dir='ltr'><strong>tantum</strong></span> <span class='ocrx_word' id='word_1_337' title='bbox 499 2536 797 2600; x_wconf 84' lang='lat' dir='ltr'><strong>martyrem</strong></span> <span class='ocrx_word' id='word_1_338' title='bbox 823 2525 972 2593; x_wconf 86' lang='lat' dir='ltr'><strong>facit,</strong></span> <span class='ocrx_word' id='word_1_339' title='bbox 996 2528 1087 2602; x_wconf 89' lang='lat' dir='ltr'><strong>qui</strong></span> <span class='ocrx_word' id='word_1_340' title='bbox 1113 2544 1211 2597; x_wconf 91' lang='lat' dir='ltr'><strong>pro</strong></span> <span class='ocrx_word' id='word_1_341' title='bbox 1239 2525 1446 2584; x_wconf 89' lang='lat' dir='ltr'><strong>Christi</strong></span> <span class='ocrx_word' id='word_1_342' title='bbox 1476 2529 1699 2596; x_wconf 87' lang='lat' dir='ltr'><strong>nomine</strong></span> <span class='ocrx_word' id='word_1_343' title='bbox 1728 2527 1851 2584; x_wconf 86' lang='lat' dir='ltr'><strong>futt-</strong></span> 
     </span>
    </p>
   </div>
   <div class='ocr_carea' id='block_1_42' title="bbox 252 2617 1849 2692">
    <p class='ocr_par' dir='ltr' id='par_1_42' title="bbox 252 2617 1849 2692">
     <span class='ocr_line' id='line_1_42' title="bbox 252 2617 1849 2692; baseline 0.002 -18"><span class='ocrx_word' id='word_1_344' title='bbox 252 2617 421 2675; x_wconf 90' lang='lat' dir='ltr'><strong>ditur.</strong></span> <span class='ocrx_word' id='word_1_345' title='bbox 450 2618 658 2676; x_wconf 88' lang='lat' dir='ltr'><strong>Scribit</strong></span> <span class='ocrx_word' id='word_1_346' title='bbox 691 2620 857 2692; x_wconf 80' lang='lat' dir='ltr'><strong>igitur</strong></span> <span class='ocrx_word' id='word_1_347' title='bbox 900 2621 971 2676; x_wconf 89' lang='lat' dir='ltr'><strong>ad</strong></span> <span class='ocrx_word' id='word_1_348' title='bbox 1002 2620 1379 2677; x_wconf 89' lang='lat' dir='ltr'><strong>Philemonem</strong></span> <span class='ocrx_word' id='word_1_349' title='bbox 1409 2623 1600 2678; x_wconf 68' lang='lat' dir='ltr'><strong>Romae</strong></span> <span class='ocrx_word' id='word_1_350' title='bbox 1635 2622 1849 2686; x_wconf 85' lang='lat' dir='ltr'><strong>vinctus</strong></span> 
     </span>
    </p>
   </div>
   <div class='ocr_carea' id='block_1_43' title="bbox 251 2712 1850 2786">
    <p class='ocr_par' dir='ltr' id='par_1_43' title="bbox 251 2712 1850 2786">
     <span class='ocr_line' id='line_1_43' title="bbox 251 2712 1850 2786; baseline 0.001 -18"><span class='ocrx_word' id='word_1_351' title='bbox 251 2713 308 2768; x_wconf 90' lang='lat' dir='ltr'><strong>in</strong></span> <span class='ocrx_word' id='word_1_352' title='bbox 331 2727 581 2777; x_wconf 87' lang='lat' dir='ltr'><strong>carcere,</strong></span> <span class='ocrx_word' id='word_1_353' title='bbox 603 2727 713 2786; x_wconf 91' lang='lat' dir='ltr'><strong>quo</strong></span> <span class='ocrx_word' id='word_1_354' title='bbox 740 2722 987 2785; x_wconf 90' lang='lat' dir='ltr'><strong>tempore</strong></span> <span class='ocrx_word' id='word_1_355' title='bbox 1010 2713 1144 2769; x_wconf 91' lang='lat' dir='ltr'><strong>mihi</strong></span> <span class='ocrx_word' id='word_1_356' title='bbox 1170 2713 1424 2769; x_wconf 87' lang='lat' dir='ltr'><strong>videntur</strong></span> <span class='ocrx_word' id='word_1_357' title='bbox 1442 2714 1508 2769; x_wconf 91' lang='lat' dir='ltr'><strong>ad</strong></span> <span class='ocrx_word' id='word_1_358' title='bbox 1531 2712 1850 2785; x_wconf 83' lang='lat' dir='ltr'><strong>Philippen-</strong></span> 
     </span>
    </p>
   </div>
   <div class='ocr_carea' id='block_1_44' title="bbox 251 2804 1846 2878">
    <p class='ocr_par' dir='ltr' id='par_1_44' title="bbox 251 2804 1846 2878">
     <span class='ocr_line' id='line_1_44' title="bbox 251 2804 1846 2878; baseline -0.001 -16"><span class='ocrx_word' id='word_1_359' title='bbox 251 2820 364 2873; x_wconf 88' lang='lat' dir='ltr'><strong>ses,</strong></span> <span class='ocrx_word' id='word_1_360' title='bbox 389 2804 774 2874; x_wconf 89' lang='lat' dir='ltr'><strong>Colossenses,</strong></span> <span class='ocrx_word' id='word_1_361' title='bbox 794 2813 852 2860; x_wconf 89' lang='lat' dir='ltr'><strong>et</strong></span> <span class='ocrx_word' id='word_1_362' title='bbox 875 2804 1145 2874; x_wconf 83' lang='lat' dir='ltr'><strong>Ephesios</strong></span> <span class='ocrx_word' id='word_1_363' title='bbox 1170 2805 1429 2878; x_wconf 75' lang='lat' dir='ltr'><strong>Epistula:</strong></span> <span class='ocrx_word' id='word_1_364' title='bbox 1458 2822 1584 2864; x_wconf 90' lang='lat' dir='ltr'><strong>esse</strong></span> <span class='ocrx_word' id='word_1_365' title='bbox 1607 2807 1846 2862; x_wconf 85' lang='lat' dir='ltr'><strong>dictatac.</strong></span> 
     </span>
    </p>
   </div>
   <div class='ocr_carea' id='block_1_45' title="bbox 249 2896 1844 2972">
    <p class='ocr_par' dir='ltr' id='par_1_45' title="bbox 249 2896 1844 2972">
     <span class='ocr_line' id='line_1_45' title="bbox 249 2896 1844 2972; baseline 0.001 -20"><span class='ocrx_word' id='word_1_366' title='bbox 249 2897 336 2952; x_wconf 79' lang='lat' dir='ltr'><strong>Ad</strong></span> <span class='ocrx_word' id='word_1_367' title='bbox 365 2896 748 2972; x_wconf 67' lang='lat' dir='ltr'><strong>Philippenses</strong></span> <span class='ocrx_word' id='word_1_368' title='bbox 778 2898 870 2954; x_wconf 91' lang='lat' dir='ltr'><strong>illa</strong></span> <span class='ocrx_word' id='word_1_369' title='bbox 900 2912 969 2955; x_wconf 88' lang='lat' dir='ltr'><strong>ex</strong></span> <span class='ocrx_word' id='word_1_370' title='bbox 996 2914 1162 2954; x_wconf 91' lang='lat' dir='ltr'><strong>causa</strong></span> <span class='ocrx_word' id='word_1_371' title='bbox 1195 2917 1208 2954; x_wconf 90' lang='lat'><strong>:</strong></span> <span class='ocrx_word' id='word_1_372' title='bbox 1259 2899 1498 2970; x_wconf 85' lang='lat' dir='ltr'><strong>primum</strong></span> <span class='ocrx_word' id='word_1_373' title='bbox 1537 2899 1682 2971; x_wconf 86' lang='lat' dir='ltr'><strong>quod</strong></span> <span class='ocrx_word' id='word_1_374' title='bbox 1722 2915 1844 2955; x_wconf 92' lang='lat' dir='ltr'><strong>cum</strong></span> 
     </span>
    </p>
   </div>
   <div class='ocr_carea' id='block_1_46' title="bbox 250 2989 1848 3064">
    <p class='ocr_par' dir='ltr' id='par_1_46' title="bbox 250 2989 1848 3064">
     <span class='ocr_line' id='line_1_46' title="bbox 250 2989 1848 3064; baseline 0 -19"><span class='ocrx_word' id='word_1_375' title='bbox 250 2991 374 3046; x_wconf 91' lang='lat' dir='ltr'><strong>solo</strong></span> <span class='ocrx_word' id='word_1_376' title='bbox 403 2989 696 3048; x_wconf 85' lang='lat' dir='ltr'><strong>Timotheo</strong></span> <span class='ocrx_word' id='word_1_377' title='bbox 725 2990 918 3046; x_wconf 90' lang='lat' dir='ltr'><strong>scrihit</strong></span> <span class='ocrx_word' id='word_1_378' title='bbox 945 3034 960 3060; x_wconf 93' lang='lat'><strong>,</strong></span> <span class='ocrx_word' id='word_1_379' title='bbox 992 2990 1140 3063; x_wconf 88' lang='lat' dir='ltr'><strong>quod</strong></span> <span class='ocrx_word' id='word_1_380' title='bbox 1171 3001 1228 3048; x_wconf 91' lang='lat' dir='ltr'><strong>et</strong></span> <span class='ocrx_word' id='word_1_381' title='bbox 1260 2995 1314 3046; x_wconf 93' lang='lat' dir='ltr'><strong>in</strong></span> <span class='ocrx_word' id='word_1_382' title='bbox 1346 2991 1448 3048; x_wconf 89' lang='lat' dir='ltr'><strong>hac</strong></span> <span class='ocrx_word' id='word_1_383' title='bbox 1489 2991 1736 3064; x_wconf 86' lang='lat' dir='ltr'><strong>Epistola</strong></span> <span class='ocrx_word' id='word_1_384' title='bbox 1767 2991 1848 3046; x_wconf 79' lang='lat' dir='ltr'><strong>fu-</strong></span> 
     </span>
    </p>
   </div>
   <div class='ocr_carea' id='block_1_47' title="bbox 248 3083 1846 3156">
    <p class='ocr_par' dir='ltr' id='par_1_47' title="bbox 248 3083 1846 3156">
     <span class='ocr_line' id='line_1_47' title="bbox 248 3083 1846 3156; baseline 0.001 -18"><span class='ocrx_word' id='word_1_385' title='bbox 248 3083 346 3138; x_wconf 90' lang='lat' dir='ltr'><strong>cit.</strong></span> <span class='ocrx_word' id='word_1_386' title='bbox 365 3083 569 3139; x_wconf 90' lang='lat' dir='ltr'><strong>Dehinc</strong></span> <span class='ocrx_word' id='word_1_387' title='bbox 590 3083 735 3154; x_wconf 93' lang='lat' dir='ltr'><strong>quod</strong></span> <span class='ocrx_word' id='word_1_388' title='bbox 753 3083 969 3140; x_wconf 90' lang='lat' dir='ltr'><strong>vincula</strong></span> <span class='ocrx_word' id='word_1_389' title='bbox 994 3099 1091 3138; x_wconf 92' lang='lat' dir='ltr'><strong>sua</strong></span> <span class='ocrx_word' id='word_1_390' title='bbox 1119 3083 1410 3142; x_wconf 85' lang='lat' dir='ltr'><strong>manifesta</strong></span> <span class='ocrx_word' id='word_1_391' title='bbox 1435 3085 1565 3142; x_wconf 90' lang='lat' dir='ltr'><strong>dicit</strong></span> <span class='ocrx_word' id='word_1_392' title='bbox 1586 3084 1727 3140; x_wconf 89' lang='lat' dir='ltr'><strong>facta</strong></span> <span class='ocrx_word' id='word_1_393' title='bbox 1746 3099 1846 3156; x_wconf 88' lang='lat' dir='ltr'><strong>pro</strong></span> 
     </span>
    </p>
   </div>
   <div class='ocr_carea' id='block_1_48' title="bbox 1954 1863 3557 1939">
    <p class='ocr_par' dir='ltr' id='par_1_48' title="bbox 1954 1863 3557 1939">
     <span class='ocr_line' id='line_1_48' title="bbox 1954 1863 3557 1939; baseline 0.001 -21"><span class='ocrx_word' id='word_1_394' title='bbox 1954 1866 2070 1920; x_wconf 82' lang='lat' dir='ltr'><strong>vide</strong></span> <span class='ocrx_word' id='word_1_395' title='bbox 2092 1865 2436 1920; x_wconf 85' lang='lat' dir='ltr'><strong>ministerium</strong></span> <span class='ocrx_word' id='word_1_396' title='bbox 2464 1865 2603 1933; x_wconf 89' lang='lat' dir='ltr'><strong>quod</strong></span> <span class='ocrx_word' id='word_1_397' title='bbox 2639 1866 2886 1934; x_wconf 87' lang='lat' dir='ltr'><strong>accepisti</strong></span> <span class='ocrx_word' id='word_1_398' title='bbox 2913 1883 2945 1920; x_wconf 94' lang='lat' dir='ltr'><strong>a</strong></span> <span class='ocrx_word' id='word_1_399' title='bbox 2974 1863 3082 1939; x_wconf 81' lang='grc' dir='ltr'><strong>[ΑΙ.</strong></span> <span class='ocrx_word' id='word_1_400' title='bbox 3113 1864 3191 1938; x_wconf 87' lang='lat' dir='ltr'><strong>in]</strong></span> <span class='ocrx_word' id='word_1_401' title='bbox 3225 1865 3469 1933; x_wconf 86' lang='lat' dir='ltr'><strong>Domino,</strong></span> <span class='ocrx_word' id='word_1_402' title='bbox 3503 1874 3557 1920; x_wconf 88' lang='lat' dir='ltr'><strong>ut</strong></span> 
     </span>
    </p>
   </div>
   <div class='ocr_carea' id='block_1_49' title="bbox 1952 1964 3556 2050">
    <p class='ocr_par' dir='ltr' id='par_1_49' title="bbox 1952 1964 3556 2050">
     <span class='ocr_line' id='line_1_49' title="bbox 1952 1964 3556 2050; baseline -0.002 -28"><span class='ocrx_word' id='word_1_403' title='bbox 1952 1964 2088 2024; x_wconf 85' lang='lat' dir='ltr'><strong>illud</strong></span> <span class='ocrx_word' id='word_1_404' title='bbox 2109 1964 2346 2038; x_wconf 83' lang='lat' dir='ltr'><strong>impleas.</strong></span> <span class='ocrx_word' id='word_1_405' title='bbox 2376 1964 2532 2032; x_wconf 85' lang='lat' dir='ltr'><strong>Quod</strong></span> <span class='ocrx_word' id='word_1_406' title='bbox 2562 1973 2644 2022; x_wconf 89' lang='lat' dir='ltr'><strong>est</strong></span> <span class='ocrx_word' id='word_1_407' title='bbox 2675 1965 3040 2023; x_wconf 86' lang='lat' dir='ltr'><strong>ministerium</strong></span> <span class='ocrx_word' id='word_1_408' title='bbox 3071 1965 3215 2035; x_wconf 88' lang='lat' dir='ltr'><strong>quod</strong></span> <span class='ocrx_word' id='word_1_409' title='bbox 3246 1965 3556 2050; x_wconf 74' lang='lat' dir='ltr'><strong>Archippus</strong></span> 
     </span>
    </p>
   </div>
   <div class='ocr_carea' id='block_1_50' title="bbox 1951 2052 3558 2132">
    <p class='ocr_par' dir='ltr' id='par_1_50' title="bbox 1951 2052 3558 2132">
     <span class='ocr_line' id='line_1_50' title="bbox 1951 2052 3558 2132; baseline -0.001 -19"><span class='ocrx_word' id='word_1_410' title='bbox 1951 2056 2164 2127; x_wconf 90' lang='lat' dir='ltr'><strong>accepit</strong></span> <span class='ocrx_word' id='word_1_411' title='bbox 2193 2071 2228 2112; x_wconf 89' lang='lat' dir='ltr'><strong>a</strong></span> <span class='ocrx_word' id='word_1_412' title='bbox 2256 2055 2528 2110; x_wconf 73' lang='lat' dir='ltr'><strong>Domino?</strong></span> <span class='ocrx_word' id='word_1_413' title='bbox 2555 2053 2633 2114; x_wconf 84' lang='lat' dir='ltr'><strong>Ad</strong></span> <span class='ocrx_word' id='word_1_414' title='bbox 2659 2055 3035 2120; x_wconf 83' lang='lat' dir='ltr'><strong>Philemonem</strong></span> <span class='ocrx_word' id='word_1_415' title='bbox 3058 2055 3286 2132; x_wconf 75' lang='lat' dir='ltr'><strong>legimus</strong></span> <span class='ocrx_word' id='word_1_416' title='bbox 3313 2073 3328 2111; x_wconf 88' lang='lat'><strong>:</strong></span> <span class='ocrx_word' id='word_1_417' title='bbox 3364 2052 3432 2108; x_wconf 82' lang='lat' dir='ltr'><strong>Et</strong></span> <span class='ocrx_word' id='word_1_418' title='bbox 3458 2057 3558 2112; x_wconf 64' lang='lat' dir='ltr'><strong>Are</strong></span> 
     </span>
    </p>
   </div>
   <div class='ocr_carea' id='block_1_51' title="bbox 1951 2147 3558 2220">
    <p class='ocr_par' dir='ltr' id='par_1_51' title="bbox 1951 2147 3558 2220">
     <span class='ocr_line' id='line_1_51' title="bbox 1951 2147 3558 2220; baseline 0.001 -17"><span class='ocrx_word' id='word_1_419' title='bbox 1951 2150 2142 2219; x_wconf 84' lang='lat' dir='ltr'><strong>chippo</strong></span> <span class='ocrx_word' id='word_1_420' title='bbox 2173 2148 2513 2202; x_wconf 86' lang='lat' dir='ltr'><strong>commilitoni</strong></span> <span class='ocrx_word' id='word_1_421' title='bbox 2553 2157 2752 2217; x_wconf 90' lang='lat' dir='ltr'><strong>nostro,</strong></span> <span class='ocrx_word' id='word_1_422' title='bbox 2795 2157 2844 2204; x_wconf 90' lang='lat' dir='ltr'><strong>et</strong></span> <span class='ocrx_word' id='word_1_423' title='bbox 2872 2147 3126 2216; x_wconf 79' lang='lat' dir='ltr'><strong>Ecclesitv</strong></span> <span class='ocrx_word' id='word_1_424' title='bbox 3172 2165 3289 2220; x_wconf 77' lang='lat' dir='ltr'><strong>qua:</strong></span> <span class='ocrx_word' id='word_1_425' title='bbox 3316 2149 3370 2204; x_wconf 86' lang='lat' dir='ltr'><strong>in</strong></span> <span class='ocrx_word' id='word_1_426' title='bbox 3403 2149 3558 2204; x_wconf 85' lang='lat' dir='ltr'><strong>domo</strong></span> 
     </span>
    </p>
   </div>
   <div class='ocr_carea' id='block_1_52' title="bbox 1953 2241 3560 2316">
    <p class='ocr_par' dir='ltr' id='par_1_52' title="bbox 1953 2241 3560 2316">
     <span class='ocr_line' id='line_1_52' title="bbox 1953 2241 3560 2316; baseline 0 -19"><span class='ocrx_word' id='word_1_427' title='bbox 1953 2251 2043 2298; x_wconf 90' lang='lat' dir='ltr'><strong>tua</strong></span> <span class='ocrx_word' id='word_1_428' title='bbox 2091 2248 2187 2295; x_wconf 84' lang='lat' dir='ltr'><strong>est.</strong></span> <span class='ocrx_word' id='word_1_429' title='bbox 2237 2241 2315 2297; x_wconf 88' lang='lat' dir='ltr'><strong>Ex</strong></span> <span class='ocrx_word' id='word_1_430' title='bbox 2357 2257 2464 2312; x_wconf 92' lang='lat' dir='ltr'><strong>quo</strong></span> <span class='ocrx_word' id='word_1_431' title='bbox 2509 2251 2641 2313; x_wconf 90' lang='lat' dir='ltr'><strong>puto</strong></span> <span class='ocrx_word' id='word_1_432' title='bbox 2684 2253 2776 2298; x_wconf 90' lang='lat' dir='ltr'><strong>aut</strong></span> <span class='ocrx_word' id='word_1_433' title='bbox 2804 2241 2832 2281; x_wconf 72' lang='grc' dir='ltr'>δ</span> <span class='ocrx_word' id='word_1_434' title='bbox 2864 2243 3185 2315; x_wconf 89' lang='lat' dir='ltr'><strong>episc0pum</strong></span> <span class='ocrx_word' id='word_1_435' title='bbox 3215 2258 3338 2298; x_wconf 89' lang='lat' dir='ltr'><strong>eum</strong></span> <span class='ocrx_word' id='word_1_436' title='bbox 3387 2241 3560 2316; x_wconf 80' lang='lat' dir='ltr'><strong>fuisse</strong></span> 
     </span>
    </p>
   </div>
   <div class='ocr_carea' id='block_1_53' title="bbox 1951 2333 3558 2411">
    <p class='ocr_par' dir='ltr' id='par_1_53' title="bbox 1951 2333 3558 2411">
     <span class='ocr_line' id='line_1_53' title="bbox 1951 2333 3558 2411; baseline 0.001 -20"><span class='ocrx_word' id='word_1_437' title='bbox 1951 2333 2293 2391; x_wconf 74' lang='lat' dir='ltr'><strong>Colossensis</strong></span> <span class='ocrx_word' id='word_1_438' title='bbox 2338 2334 2628 2403; x_wconf 66' lang='lat' dir='ltr'><strong>Ecclesiae,</strong></span> <span class='ocrx_word' id='word_1_439' title='bbox 2677 2337 2762 2391; x_wconf 90' lang='lat' dir='ltr'><strong>cui</strong></span> <span class='ocrx_word' id='word_1_440' title='bbox 2809 2337 3162 2405; x_wconf 85' lang='lat' dir='ltr'><strong>admonetur,</strong></span> <span class='ocrx_word' id='word_1_441' title='bbox 3215 2336 3459 2394; x_wconf 84' lang='lat' dir='ltr'><strong>studiose</strong></span> <span class='ocrx_word' id='word_1_442' title='bbox 3502 2347 3558 2411; x_wconf 86' lang='lat' dir='ltr'><strong>et</strong></span> 
     </span>
    </p>
   </div>
   <div class='ocr_carea' id='block_1_54' title="bbox 1951 2425 3554 2512">
    <p class='ocr_par' dir='ltr' id='par_1_54' title="bbox 1951 2425 3554 2512">
     <span class='ocr_line' id='line_1_54' title="bbox 1951 2425 3554 2512; baseline 0.002 -29"><span class='ocrx_word' id='word_1_443' title='bbox 1951 2426 2241 2500; x_wconf 82' lang='lat' dir='ltr'><strong>diligenter</strong></span> <span class='ocrx_word' id='word_1_444' title='bbox 2255 2441 2512 2498; x_wconf 68' lang='lat' dir='ltr'><strong>praeesse,</strong></span> <span class='ocrx_word' id='word_1_445' title='bbox 2537 2427 2704 2504; x_wconf 66' lang='grc'>749</span> <span class='ocrx_word' id='word_1_446' title='bbox 2721 2438 2777 2482; x_wconf 92' lang='lat' dir='ltr'><strong>ut</strong></span> <span class='ocrx_word' id='word_1_447' title='bbox 2809 2425 3086 2501; x_wconf 82' lang='lat' dir='ltr'><strong>Evangelii</strong></span> <span class='ocrx_word' id='word_1_448' title='bbox 3113 2427 3554 2512; x_wconf 61' lang='lat' dir='ltr'><strong>praedicatorem,</strong></span> 
     </span>
    </p>
   </div>
   <div class='ocr_carea' id='block_1_55' title="bbox 1952 2523 3553 2600">
    <p class='ocr_par' dir='ltr' id='par_1_55' title="bbox 1952 2523 3553 2600">
     <span class='ocr_line' id='line_1_55' title="bbox 1952 2523 3553 2600; baseline 0 -20"><span class='ocrx_word' id='word_1_449' title='bbox 1952 2524 2062 2580; x_wconf 77' lang='lat' dir='ltr'><strong>Aut</strong></span> <span class='ocrx_word' id='word_1_450' title='bbox 2081 2526 2125 2581; x_wconf 90' lang='lat' dir='ltr'><strong>si</strong></span> <span class='ocrx_word' id='word_1_451' title='bbox 2153 2526 2223 2580; x_wconf 90' lang='lat' dir='ltr'><strong>ita</strong></span> <span class='ocrx_word' id='word_1_452' title='bbox 2250 2541 2358 2581; x_wconf 89' lang='lat' dir='ltr'><strong>non</strong></span> <span class='ocrx_word' id='word_1_453' title='bbox 2384 2535 2490 2600; x_wconf 85' lang='lat' dir='ltr'><strong>est,</strong></span> <span class='ocrx_word' id='word_1_454' title='bbox 2515 2524 2648 2579; x_wconf 81' lang='lat' dir='ltr'><strong>illud</strong></span> <span class='ocrx_word' id='word_1_455' title='bbox 2669 2523 2801 2582; x_wconf 88' lang='lat' dir='ltr'><strong>mihi</strong></span> <span class='ocrx_word' id='word_1_456' title='bbox 2819 2523 3314 2596; x_wconf 74' lang='lat' dir='ltr'><strong>impraesentiarum</strong></span> <span class='ocrx_word' id='word_1_457' title='bbox 3330 2524 3553 2594; x_wconf 88' lang='lat' dir='ltr'><strong>sufﬁcit,</strong></span> 
     </span>
    </p>
   </div>
   <div class='ocr_carea' id='block_1_56' title="bbox 1949 2616 3558 2694">
    <p class='ocr_par' dir='ltr' id='par_1_56' title="bbox 1949 2616 3558 2694">
     <span class='ocr_line' id='line_1_56' title="bbox 1949 2616 3558 2694; baseline 0.004 -25"><span class='ocrx_word' id='word_1_458' title='bbox 1949 2617 2096 2689; x_wconf 87' lang='lat' dir='ltr'><strong>quod</strong></span> <span class='ocrx_word' id='word_1_459' title='bbox 2129 2627 2182 2673; x_wconf 87' lang='lat' dir='ltr'><strong>et</strong></span> <span class='ocrx_word' id='word_1_460' title='bbox 2206 2617 2497 2674; x_wconf 89' lang='lat' dir='ltr'><strong>Philemon</strong></span> <span class='ocrx_word' id='word_1_461' title='bbox 2529 2626 2584 2672; x_wconf 90' lang='lat' dir='ltr'><strong>ct</strong></span> <span class='ocrx_word' id='word_1_462' title='bbox 2617 2616 2946 2688; x_wconf 86' lang='lat' dir='ltr'><strong>Archippus,</strong></span> <span class='ocrx_word' id='word_1_463' title='bbox 2997 2630 3052 2682; x_wconf 78' lang='lat' dir='ltr'><strong>et</strong></span> <span class='ocrx_word' id='word_1_464' title='bbox 3099 2616 3392 2674; x_wconf 90' lang='lat' dir='ltr'><strong>Onesimus</strong></span> <span class='ocrx_word' id='word_1_465' title='bbox 3440 2619 3558 2694; x_wconf 79' lang='lat' dir='ltr'><strong>ipse</strong></span> 
     </span>
    </p>
   </div>
   <div class='ocr_carea' id='block_1_57' title="bbox 1951 2708 3554 2788">
    <p class='ocr_par' dir='ltr' id='par_1_57' title="bbox 1951 2708 3554 2788">
     <span class='ocr_line' id='line_1_57' title="bbox 1951 2708 3554 2788; baseline 0.002 -26"><span class='ocrx_word' id='word_1_466' title='bbox 1951 2710 2042 2783; x_wconf 91' lang='lat' dir='ltr'><strong>qui</strong></span> <span class='ocrx_word' id='word_1_467' title='bbox 2075 2710 2290 2766; x_wconf 90' lang='lat' dir='ltr'><strong>litteras</strong></span> <span class='ocrx_word' id='word_1_468' title='bbox 2325 2709 2665 2788; x_wconf 82' lang='lat' dir='ltr'><strong>perferebat,</strong></span> <span class='ocrx_word' id='word_1_469' title='bbox 2701 2708 2907 2766; x_wconf 87' lang='lat' dir='ltr'><strong>fuerint</strong></span> <span class='ocrx_word' id='word_1_470' title='bbox 2947 2710 3333 2780; x_wconf 86' lang='lat' dir='ltr'><strong>Colossenses,</strong></span> <span class='ocrx_word' id='word_1_471' title='bbox 3375 2719 3430 2778; x_wconf 85' lang='lat' dir='ltr'><strong>et</strong></span> <span class='ocrx_word' id='word_1_472' title='bbox 3460 2726 3554 2780; x_wconf 83' lang='lat' dir='ltr'><strong>eo-</strong></span> 
     </span>
    </p>
   </div>
   <div class='ocr_carea' id='block_1_58' title="bbox 1951 2800 3552 2875">
    <p class='ocr_par' dir='ltr' id='par_1_58' title="bbox 1951 2800 3552 2875">
     <span class='ocr_line' id='line_1_58' title="bbox 1951 2800 3552 2875; baseline 0.002 -19"><span class='ocrx_word' id='word_1_473' title='bbox 1951 2801 2076 2864; x_wconf 88' lang='lat' dir='ltr'><strong>dem</strong></span> <span class='ocrx_word' id='word_1_474' title='bbox 2110 2813 2362 2874; x_wconf 89' lang='lat' dir='ltr'><strong>tempore</strong></span> <span class='ocrx_word' id='word_1_475' title='bbox 2405 2811 2642 2874; x_wconf 90' lang='lat' dir='ltr'><strong>quatuor</strong></span> <span class='ocrx_word' id='word_1_476' title='bbox 2683 2800 2764 2874; x_wconf 89' lang='lat' dir='ltr'><strong>(ut</strong></span> <span class='ocrx_word' id='word_1_477' title='bbox 2793 2810 2922 2858; x_wconf 86' lang='lat' dir='ltr'><strong>ante</strong></span> <span class='ocrx_word' id='word_1_478' title='bbox 2976 2803 3244 2875; x_wconf 78' lang='lat' dir='ltr'><strong>diximus)</strong></span> <span class='ocrx_word' id='word_1_479' title='bbox 3289 2803 3552 2874; x_wconf 69' lang='lat' dir='ltr'><strong>Epistula:</strong></span> 
     </span>
    </p>
   </div>
   <div class='ocr_carea' id='block_1_59' title="bbox 1952 2894 3551 2968">
    <p class='ocr_par' dir='ltr' id='par_1_59' title="bbox 1952 2894 3551 2968">
     <span class='ocr_line' id='line_1_59' title="bbox 1952 2894 3551 2968; baseline -0.001 -17"><span class='ocrx_word' id='word_1_480' title='bbox 1952 2896 2171 2968; x_wconf 67' lang='lat' dir='ltr'><strong>scripta:</strong></span> <span class='ocrx_word' id='word_1_481' title='bbox 2214 2904 2364 2952; x_wconf 93' lang='lat' dir='ltr'><strong>sunt.</strong></span> <span class='ocrx_word' id='word_1_482' title='bbox 2401 2894 2481 2951; x_wconf 83' lang='lat' dir='ltr'><strong>Ad</strong></span> <span class='ocrx_word' id='word_1_483' title='bbox 2515 2894 2782 2966; x_wconf 85' lang='lat' dir='ltr'><strong>Ephesios</strong></span> <span class='ocrx_word' id='word_1_484' title='bbox 2814 2910 2945 2951; x_wconf 89' lang='lat' dir='ltr'><strong>vero</strong></span> <span class='ocrx_word' id='word_1_485' title='bbox 2995 2895 3142 2951; x_wconf 92' lang='lat' dir='ltr'><strong>illam</strong></span> <span class='ocrx_word' id='word_1_486' title='bbox 3171 2896 3244 2952; x_wconf 93' lang='lat' dir='ltr'><strong>ob</strong></span> <span class='ocrx_word' id='word_1_487' title='bbox 3285 2912 3510 2958; x_wconf 89' lang='lat' dir='ltr'><strong>causam</strong></span> <span class='ocrx_word' id='word_1_488' title='bbox 3533 2938 3551 2965; x_wconf 89' lang='lat'><strong>,</strong></span> 
     </span>
    </p>
   </div>
   <div class='ocr_carea' id='block_1_60' title="bbox 1951 2986 3557 3062">
    <p class='ocr_par' dir='ltr' id='par_1_60' title="bbox 1951 2986 3557 3062">
     <span class='ocr_line' id='line_1_60' title="bbox 1951 2986 3557 3062; baseline 0.003 -21"><span class='ocrx_word' id='word_1_489' title='bbox 1951 2987 2096 3061; x_wconf 89' lang='lat' dir='ltr'><strong>quod</strong></span> <span class='ocrx_word' id='word_1_490' title='bbox 2133 3005 2229 3062; x_wconf 92' lang='lat' dir='ltr'><strong>pro</strong></span> <span class='ocrx_word' id='word_1_491' title='bbox 2255 2987 2480 3044; x_wconf 91' lang='lat' dir='ltr'><strong>Christo</strong></span> <span class='ocrx_word' id='word_1_492' title='bbox 2519 2997 2574 3044; x_wconf 95' lang='lat' dir='ltr'><strong>et</strong></span> <span class='ocrx_word' id='word_1_493' title='bbox 2607 2986 2696 3042; x_wconf 92' lang='lat' dir='ltr'><strong>hic</strong></span> <span class='ocrx_word' id='word_1_494' title='bbox 2731 2986 2975 3044; x_wconf 91' lang='lat' dir='ltr'><strong>vinctum</strong></span> <span class='ocrx_word' id='word_1_495' title='bbox 3027 3004 3088 3044; x_wconf 86' lang='lat' dir='ltr'><strong>se</strong></span> <span class='ocrx_word' id='word_1_496' title='bbox 3129 3003 3256 3045; x_wconf 89' lang='lat' dir='ltr'><strong>esse</strong></span> <span class='ocrx_word' id='word_1_497' title='bbox 3294 2989 3469 3056; x_wconf 87' lang='lat' dir='ltr'><strong>dicat,</strong></span> <span class='ocrx_word' id='word_1_498' title='bbox 3501 2998 3557 3046; x_wconf 92' lang='lat' dir='ltr'><strong>et</strong></span> 
     </span>
    </p>
   </div>
   <div class='ocr_carea' id='block_1_61' title="bbox 1951 3081 3553 3155">
    <p class='ocr_par' dir='ltr' id='par_1_61' title="bbox 1951 3081 3553 3155">
     <span class='ocr_line' id='line_1_61' title="bbox 1951 3081 3553 3155; baseline 0.001 -17"><span class='ocrx_word' id='word_1_499' title='bbox 1951 3082 2141 3138; x_wconf 90' lang='lat' dir='ltr'><strong>eadem</strong></span> <span class='ocrx_word' id='word_1_500' title='bbox 2180 3097 2301 3155; x_wconf 68' lang='lat' dir='ltr'><strong>qua:</strong></span> <span class='ocrx_word' id='word_1_501' title='bbox 2326 3081 2394 3138; x_wconf 91' lang='lat' dir='ltr'><strong>ad</strong></span> <span class='ocrx_word' id='word_1_502' title='bbox 2435 3081 2804 3138; x_wconf 88' lang='lat' dir='ltr'><strong>Colossenses</strong></span> <span class='ocrx_word' id='word_1_503' title='bbox 2837 3082 3100 3152; x_wconf 90' lang='lat' dir='ltr'><strong>jusserat,</strong></span> <span class='ocrx_word' id='word_1_504' title='bbox 3140 3084 3194 3140; x_wconf 89' lang='lat' dir='ltr'><strong>in</strong></span> <span class='ocrx_word' id='word_1_505' title='bbox 3228 3083 3390 3154; x_wconf 83' lang='lat' dir='ltr'><strong>hujus</strong></span> <span class='ocrx_word' id='word_1_506' title='bbox 3413 3099 3553 3155; x_wconf 90' lang='lat' dir='ltr'><strong>quo-</strong></span> 
     </span>
    </p>
   </div>
   <div class='ocr_carea' id='block_1_62' title="bbox 246 3173 3557 3256">
    <p class='ocr_par' dir='ltr' id='par_1_62' title="bbox 246 3173 3557 3256">
     <span class='ocr_line' id='line_1_62' title="bbox 246 3173 3557 3256; baseline 0.001 -24"><span class='ocrx_word' id='word_1_507' title='bbox 246 3175 471 3233; x_wconf 88' lang='lat' dir='ltr'><strong>Christo</strong></span> <span class='ocrx_word' id='word_1_508' title='bbox 491 3176 657 3256; x_wconf 57' lang='lat'><strong>758</strong></span> <span class='ocrx_word' id='word_1_509' title='bbox 685 3177 738 3233; x_wconf 91' lang='lat' dir='ltr'><strong>in</strong></span> <span class='ocrx_word' id='word_1_510' title='bbox 757 3178 905 3238; x_wconf 90' lang='lat' dir='ltr'><strong>omni</strong></span> <span class='ocrx_word' id='word_1_511' title='bbox 929 3179 1214 3247; x_wconf 64' lang='lat' dir='ltr'><strong>pratorio,</strong></span> <span class='ocrx_word' id='word_1_512' title='bbox 1237 3179 1377 3247; x_wconf 85' lang='lat' dir='ltr'><strong>Quid</strong></span> <span class='ocrx_word' id='word_1_513' title='bbox 1397 3181 1469 3236; x_wconf 92' lang='lat' dir='ltr'><strong>sit</strong></span> <span class='ocrx_word' id='word_1_514' title='bbox 1495 3187 1676 3236; x_wconf 92' lang='lat' dir='ltr'><strong>autem</strong></span> <span class='ocrx_word' id='word_1_515' title='bbox 1696 3195 1839 3252; x_wconf 82' lang='lat' dir='ltr'><strong>prac-</strong></span> <span class='ocrx_word' id='word_1_516' title='bbox 1870 3173 1917 3246; x_wconf 67' lang='grc' dir='ltr'><strong>(ζ</strong></span> <span class='ocrx_word' id='word_1_517' title='bbox 1949 3193 2056 3248; x_wconf 90' lang='lat' dir='ltr'><strong>que</strong></span> <span class='ocrx_word' id='word_1_518' title='bbox 2092 3175 2352 3249; x_wconf 76' lang='lat' dir='ltr'><strong>Epistolze</strong></span> <span class='ocrx_word' id='word_1_519' title='bbox 2383 3175 2490 3230; x_wconf 91' lang='lat' dir='ltr'><strong>ﬁne</strong></span> <span class='ocrx_word' id='word_1_520' title='bbox 2521 3175 2802 3248; x_wconf 65' lang='lat' dir='ltr'><strong>praecipiat</strong></span> <span class='ocrx_word' id='word_1_521' title='bbox 2821 3214 2836 3242; x_wconf 87' lang='lat'><strong>,</strong></span> <span class='ocrx_word' id='word_1_522' title='bbox 2864 3184 2924 3230; x_wconf 93' lang='lat' dir='ltr'><strong>ut</strong></span> <span class='ocrx_word' id='word_1_523' title='bbox 2951 3192 3156 3232; x_wconf 82' lang='lat' dir='ltr'><strong>uxores</strong></span> <span class='ocrx_word' id='word_1_524' title='bbox 3193 3177 3557 3248; x_wconf 75' lang='lat' dir='ltr'><strong>subiiciantur</strong></span> 
     </span>
    </p>
   </div>
   <div class='ocr_carea' id='block_1_63' title="bbox 249 3270 1846 3350">
    <p class='ocr_par' dir='ltr' id='par_1_63' title="bbox 249 3270 1846 3350">
     <span class='ocr_line' id='line_1_63' title="bbox 249 3270 1846 3350; baseline 0.003 -24"><span class='ocrx_word' id='word_1_525' title='bbox 249 3270 454 3326; x_wconf 88' lang='lat' dir='ltr'><strong>torium</strong></span> <span class='ocrx_word' id='word_1_526' title='bbox 482 3316 496 3340; x_wconf 97' lang='lat'><strong>,</strong></span> <span class='ocrx_word' id='word_1_527' title='bbox 521 3271 575 3326; x_wconf 92' lang='lat' dir='ltr'><strong>in</strong></span> <span class='ocrx_word' id='word_1_528' title='bbox 603 3270 778 3350; x_wconf 79' lang='lat' dir='ltr'><strong>ipsius</strong></span> <span class='ocrx_word' id='word_1_529' title='bbox 807 3271 1067 3342; x_wconf 75' lang='lat' dir='ltr'><strong>Epistolze</strong></span> <span class='ocrx_word' id='word_1_530' title='bbox 1090 3272 1200 3328; x_wconf 88' lang='lat' dir='ltr'><strong>ﬁne</strong></span> <span class='ocrx_word' id='word_1_531' title='bbox 1239 3273 1547 3345; x_wconf 81' lang='lat' dir='ltr'><strong>signiﬁcat,</strong></span> <span class='ocrx_word' id='word_1_532' title='bbox 1595 3274 1846 3331; x_wconf 86' lang='lat' dir='ltr'><strong>Salutant</strong></span> 
     </span>
    </p>
   </div>
   <div class='ocr_carea' id='block_1_64' title="bbox 245 3367 1844 3437">
    <p class='ocr_par' dir='ltr' id='par_1_64' title="bbox 245 3367 1844 3437">
     <span class='ocr_line' id='line_1_64' title="bbox 245 3367 1844 3437; baseline 0.004 -18"><span class='ocrx_word' id='word_1_533' title='bbox 245 3380 338 3419; x_wconf 88' lang='lat' dir='ltr'><strong>vos</strong></span> <span class='ocrx_word' id='word_1_534' title='bbox 361 3380 540 3420; x_wconf 83' lang='lat' dir='ltr'><strong>omnes</strong></span> <span class='ocrx_word' id='word_1_535' title='bbox 561 3367 748 3436; x_wconf 88' lang='lat' dir='ltr'><strong>sancti,</strong></span> <span class='ocrx_word' id='word_1_536' title='bbox 784 3367 1009 3424; x_wconf 72' lang='lat' dir='ltr'><strong>maxime</strong></span> <span class='ocrx_word' id='word_1_537' title='bbox 1037 3377 1212 3428; x_wconf 79' lang='lat' dir='ltr'><strong>autem</strong></span> <span class='ocrx_word' id='word_1_538' title='bbox 1231 3370 1320 3437; x_wconf 86' lang='lat' dir='ltr'><strong>qui</strong></span> <span class='ocrx_word' id='word_1_539' title='bbox 1350 3369 1414 3424; x_wconf 86' lang='lat' dir='ltr'><strong>de</strong></span> <span class='ocrx_word' id='word_1_540' title='bbox 1443 3367 1669 3424; x_wconf 73' lang='lat' dir='ltr'><strong>Cmaris</strong></span> <span class='ocrx_word' id='word_1_541' title='bbox 1690 3369 1844 3426; x_wconf 86' lang='lat' dir='ltr'><strong>domo</strong></span> 
     </span>
    </p>
   </div>
   <div class='ocr_carea' id='block_1_65' title="bbox 246 3449 1844 3525">
    <p class='ocr_par' dir='ltr' id='par_1_65' title="bbox 246 3449 1844 3525">
     <span class='ocr_line' id='line_1_65' title="bbox 246 3449 1844 3525; baseline 0.004 -20"><span class='ocrx_word' id='word_1_542' title='bbox 246 3461 390 3506; x_wconf 89' lang='lat' dir='ltr'><strong>sunt.</strong></span> <span class='ocrx_word' id='word_1_543' title='bbox 419 3451 462 3505; x_wconf 78' lang='grc' dir='ltr'>Α</span> <span class='ocrx_word' id='word_1_544' title='bbox 495 3449 717 3508; x_wconf 74' lang='lat' dir='ltr'><strong>Caesare</strong></span> <span class='ocrx_word' id='word_1_545' title='bbox 745 3451 946 3510; x_wconf 87' lang='lat' dir='ltr'><strong>missus</strong></span> <span class='ocrx_word' id='word_1_546' title='bbox 977 3454 1030 3508; x_wconf 90' lang='lat' dir='ltr'><strong>in</strong></span> <span class='ocrx_word' id='word_1_547' title='bbox 1061 3469 1338 3521; x_wconf 89' lang='lat' dir='ltr'><strong>carcerem</strong></span> <span class='ocrx_word' id='word_1_548' title='bbox 1359 3497 1374 3525; x_wconf 93' lang='lat'><strong>,</strong></span> <span class='ocrx_word' id='word_1_549' title='bbox 1408 3455 1592 3512; x_wconf 90' lang='lat' dir='ltr'><strong>notior</strong></span> <span class='ocrx_word' id='word_1_550' title='bbox 1624 3455 1844 3518; x_wconf 85' lang='lat' dir='ltr'><strong>familiae</strong></span> 
     </span>
    </p>
   </div>
   <div class='ocr_carea' id='block_1_66' title="bbox 245 3542 1840 3616">
    <p class='ocr_par' dir='ltr' id='par_1_66' title="bbox 245 3542 1840 3616">
     <span class='ocr_line' id='line_1_66' title="bbox 245 3542 1840 3616; baseline 0.003 -16"><span class='ocrx_word' id='word_1_551' title='bbox 245 3544 367 3615; x_wconf 85' lang='lat' dir='ltr'><strong>ejus</strong></span> <span class='ocrx_word' id='word_1_552' title='bbox 394 3542 593 3614; x_wconf 85' lang='lat' dir='ltr'><strong>factus,</strong></span> <span class='ocrx_word' id='word_1_553' title='bbox 631 3547 1000 3615; x_wconf 89' lang='lat' dir='ltr'><strong>persecutoris</strong></span> <span class='ocrx_word' id='word_1_554' title='bbox 1028 3547 1284 3616; x_wconf 90' lang='lat' dir='ltr'><strong>domum,</strong></span> <span class='ocrx_word' id='word_1_555' title='bbox 1310 3547 1517 3604; x_wconf 85' lang='lat' dir='ltr'><strong>Christi</strong></span> <span class='ocrx_word' id='word_1_556' title='bbox 1559 3545 1690 3614; x_wconf 84' lang='lat' dir='ltr'><strong>fecit</strong></span> <span class='ocrx_word' id='word_1_557' title='bbox 1735 3547 1840 3604; x_wconf 82' lang='lat' dir='ltr'><strong>Ec-</strong></span> 
     </span>
    </p>
   </div>
   <div class='ocr_carea' id='block_1_67' title="bbox 243 3637 1843 3720">
    <p class='ocr_par' dir='ltr' id='par_1_67' title="bbox 243 3637 1843 3720">
     <span class='ocr_line' id='line_1_67' title="bbox 243 3637 1843 3720; baseline 0.005 -26"><span class='ocrx_word' id='word_1_558' title='bbox 243 3637 494 3696; x_wconf 89' lang='lat' dir='ltr'><strong>clesiam.</strong></span> <span class='ocrx_word' id='word_1_559' title='bbox 533 3638 743 3696; x_wconf 87' lang='lat' dir='ltr'><strong>Deinde</strong></span> <span class='ocrx_word' id='word_1_560' title='bbox 778 3641 898 3712; x_wconf 84' lang='lat' dir='ltr'><strong>ait;</strong></span> <span class='ocrx_word' id='word_1_561' title='bbox 934 3641 1164 3720; x_wconf 79' lang='lat' dir='ltr'><strong>Quidam</strong></span> <span class='ocrx_word' id='word_1_562' title='bbox 1203 3654 1377 3700; x_wconf 89' lang='lat' dir='ltr'><strong>autem</strong></span> <span class='ocrx_word' id='word_1_563' title='bbox 1418 3662 1484 3702; x_wconf 72' lang='lat' dir='ltr'><strong>ex</strong></span> <span class='ocrx_word' id='word_1_564' title='bbox 1520 3647 1843 3702; x_wconf 88' lang='lat' dir='ltr'><strong>contentione</strong></span> 
     </span>
    </p>
   </div>
   <div class='ocr_carea' id='block_1_68' title="bbox 243 3732 1840 3814">
    <p class='ocr_par' dir='ltr' id='par_1_68' title="bbox 243 3732 1840 3814">
     <span class='ocr_line' id='line_1_68' title="bbox 243 3732 1840 3814; baseline 0.005 -26"><span class='ocrx_word' id='word_1_565' title='bbox 243 3732 504 3789; x_wconf 85' lang='lat' dir='ltr'><strong>Christum</strong></span> <span class='ocrx_word' id='word_1_566' title='bbox 534 3736 871 3804; x_wconf 87' lang='lat' dir='ltr'><strong>annuntiant,</strong></span> <span class='ocrx_word' id='word_1_567' title='bbox 914 3753 1018 3802; x_wconf 85' lang='lat' dir='ltr'><strong>non</strong></span> <span class='ocrx_word' id='word_1_568' title='bbox 1056 3739 1254 3806; x_wconf 81' lang='lat' dir='ltr'><strong>sincere</strong></span> <span class='ocrx_word' id='word_1_569' title='bbox 1297 3741 1653 3806; x_wconf 74' lang='lat' dir='ltr'><strong>existimantes</strong></span> <span class='ocrx_word' id='word_1_570' title='bbox 1697 3758 1840 3814; x_wconf 83' lang='lat' dir='ltr'><strong>pres-</strong></span> 
     </span>
    </p>
   </div>
   <div class='ocr_carea' id='block_1_69' title="bbox 241 3831 1836 3912">
    <p class='ocr_par' dir='ltr' id='par_1_69' title="bbox 241 3831 1836 3912">
     <span class='ocr_line' id='line_1_69' title="bbox 241 3831 1836 3912; baseline 0.006 -32"><span class='ocrx_word' id='word_1_571' title='bbox 241 3842 418 3882; x_wconf 88' lang='lat' dir='ltr'><strong>suram</strong></span> <span class='ocrx_word' id='word_1_572' title='bbox 459 3845 515 3884; x_wconf 91' lang='lat' dir='ltr'><strong>se</strong></span> <span class='ocrx_word' id='word_1_573' title='bbox 565 3831 819 3896; x_wconf 80' lang='lat' dir='ltr'><strong>suscitare</strong></span> <span class='ocrx_word' id='word_1_574' title='bbox 862 3831 1083 3900; x_wconf 84' lang='lat' dir='ltr'><strong>vinculis</strong></span> <span class='ocrx_word' id='word_1_575' title='bbox 1129 3835 1252 3890; x_wconf 89' lang='lat' dir='ltr'><strong>meis</strong></span> <span class='ocrx_word' id='word_1_576' title='bbox 1298 3833 1548 3907; x_wconf 81' lang='lat' dir='ltr'><strong>(Philip.</strong></span> <span class='ocrx_word' id='word_1_577' title='bbox 1594 3851 1650 3900; x_wconf 86' lang='lat' dir='ltr'><strong>t.</strong></span> <span class='ocrx_word' id='word_1_578' title='bbox 1702 3836 1769 3892; x_wconf 78' lang='lat' dir='ltr'><strong>l7</strong></span> <span class='ocrx_word' id='word_1_579' title='bbox 1793 3836 1836 3912; x_wconf 81' lang='lat'><strong>).</strong></span> 
     </span>
    </p>
   </div>
   <div class='ocr_carea' id='block_1_70' title="bbox 241 3918 1840 4000">
    <p class='ocr_par' dir='ltr' id='par_1_70' title="bbox 241 3918 1840 4000">
     <span class='ocr_line' id='line_1_70' title="bbox 241 3918 1840 4000; baseline 0.007 -27"><span class='ocrx_word' id='word_1_580' title='bbox 241 3918 416 3977; x_wconf 89' lang='lat' dir='ltr'><strong>Porro</strong></span> <span class='ocrx_word' id='word_1_581' title='bbox 455 3929 512 3977; x_wconf 93' lang='lat' dir='ltr'><strong>et</strong></span> <span class='ocrx_word' id='word_1_582' title='bbox 547 3920 659 3978; x_wconf 56' lang='lat' dir='ltr'><strong>ads</strong></span> <span class='ocrx_word' id='word_1_583' title='bbox 689 3921 1052 3981; x_wconf 89' lang='lat' dir='ltr'><strong>Colossenses</strong></span> <span class='ocrx_word' id='word_1_584' title='bbox 1082 3927 1406 4000; x_wconf 89' lang='lat' dir='ltr'><strong>principium</strong></span> <span class='ocrx_word' id='word_1_585' title='bbox 1440 3928 1648 3985; x_wconf 89' lang='lat' dir='ltr'><strong>simile.</strong></span> <span class='ocrx_word' id='word_1_586' title='bbox 1693 3927 1840 3998; x_wconf 70' lang='lat' dir='ltr'><strong>Pau-</strong></span> 
     </span>
    </p>
   </div>
   <div class='ocr_carea' id='block_1_71' title="bbox 243 4014 1836 4092">
    <p class='ocr_par' dir='ltr' id='par_1_71' title="bbox 243 4014 1836 4092">
     <span class='ocr_line' id='line_1_71' title="bbox 243 4014 1836 4092; baseline 0.006 -24"><span class='ocrx_word' id='word_1_587' title='bbox 243 4014 326 4068; x_wconf 87' lang='lat' dir='ltr'><strong>lus</strong></span> <span class='ocrx_word' id='word_1_588' title='bbox 348 4016 629 4087; x_wconf 77' lang='lat' dir='ltr'><strong>Apostolus</strong></span> <span class='ocrx_word' id='word_1_589' title='bbox 655 4015 784 4076; x_wconf 85' lang='lat' dir='ltr'><strong>Jesu</strong></span> <span class='ocrx_word' id='word_1_590' title='bbox 813 4016 1009 4078; x_wconf 83' lang='lat' dir='ltr'><strong>Christi</strong></span> <span class='ocrx_word' id='word_1_591' title='bbox 1041 4037 1134 4092; x_wconf 81' lang='lat' dir='ltr'><strong>per</strong></span> <span class='ocrx_word' id='word_1_592' title='bbox 1169 4023 1485 4084; x_wconf 77' lang='lat' dir='ltr'><strong>voluntatem</strong></span> <span class='ocrx_word' id='word_1_593' title='bbox 1521 4021 1638 4090; x_wconf 89' lang='lat' dir='ltr'><strong>Dei,</strong></span> <span class='ocrx_word' id='word_1_594' title='bbox 1667 4033 1717 4078; x_wconf 88' lang='lat' dir='ltr'><strong>et</strong></span> <span class='ocrx_word' id='word_1_595' title='bbox 1751 4022 1836 4077; x_wconf 83' lang='lat' dir='ltr'><strong>Ti-</strong></span> 
     </span>
    </p>
   </div>
   <div class='ocr_carea' id='block_1_72' title="bbox 239 4111 1835 4190">
    <p class='ocr_par' dir='ltr' id='par_1_72' title="bbox 239 4111 1835 4190">
     <span class='ocr_line' id='line_1_72' title="bbox 239 4111 1835 4190; baseline 0.007 -27"><span class='ocrx_word' id='word_1_596' title='bbox 239 4111 473 4164; x_wconf 81' lang='lat' dir='ltr'><strong>motheus</strong></span> <span class='ocrx_word' id='word_1_597' title='bbox 505 4115 693 4184; x_wconf 86' lang='lat' dir='ltr'><strong>frater.</strong></span> <span class='ocrx_word' id='word_1_598' title='bbox 729 4111 800 4169; x_wconf 85' lang='lat' dir='ltr'><strong>Et</strong></span> <span class='ocrx_word' id='word_1_599' title='bbox 830 4114 882 4170; x_wconf 92' lang='lat' dir='ltr'><strong>in</strong></span> <span class='ocrx_word' id='word_1_600' title='bbox 911 4115 1378 4187; x_wconf 82' lang='lat' dir='ltr'><strong>consequentibus</strong></span> <span class='ocrx_word' id='word_1_601' title='bbox 1415 4135 1426 4170; x_wconf 93' lang='lat'><strong>:</strong></span> <span class='ocrx_word' id='word_1_602' title='bbox 1470 4115 1636 4190; x_wconf 79' lang='lat' dir='ltr'><strong>Cujus</strong></span> <span class='ocrx_word' id='word_1_603' title='bbox 1664 4119 1835 4190; x_wconf 86' lang='lat' dir='ltr'><strong>factus</strong></span> 
     </span>
    </p>
   </div>
   <div class='ocr_carea' id='block_1_73' title="bbox 240 4201 1834 4284">
    <p class='ocr_par' dir='ltr' id='par_1_73' title="bbox 240 4201 1834 4284">
     <span class='ocr_line' id='line_1_73' title="bbox 240 4201 1834 4284; baseline 0.007 -28"><span class='ocrx_word' id='word_1_604' title='bbox 240 4217 359 4256; x_wconf 90' lang='lat' dir='ltr'><strong>sum</strong></span> <span class='ocrx_word' id='word_1_605' title='bbox 387 4219 480 4274; x_wconf 87' lang='lat' dir='ltr'><strong>ego</strong></span> <span class='ocrx_word' id='word_1_606' title='bbox 510 4201 712 4262; x_wconf 78' lang='lat' dir='ltr'><strong>Paulus</strong></span> <span class='ocrx_word' id='word_1_607' title='bbox 743 4206 1003 4273; x_wconf 85' lang='lat' dir='ltr'><strong>minister,</strong></span> <span class='ocrx_word' id='word_1_608' title='bbox 1030 4208 1121 4280; x_wconf 86' lang='lat' dir='ltr'><strong>qui</strong></span> <span class='ocrx_word' id='word_1_609' title='bbox 1161 4225 1299 4264; x_wconf 88' lang='lat' dir='ltr'><strong>nunc</strong></span> <span class='ocrx_word' id='word_1_610' title='bbox 1328 4210 1600 4284; x_wconf 77' lang='lat' dir='ltr'><strong>gaudcaiu</strong></span> <span class='ocrx_word' id='word_1_611' title='bbox 1634 4211 1834 4283; x_wconf 82' lang='lat' dir='ltr'><strong>passio-</strong></span> 
     </span>
    </p>
   </div>
   <div class='ocr_carea' id='block_1_74' title="bbox 241 4294 1835 4376">
    <p class='ocr_par' dir='ltr' id='par_1_74' title="bbox 241 4294 1835 4376">
     <span class='ocr_line' id='line_1_74' title="bbox 241 4294 1835 4376; baseline 0.006 -26"><span class='ocrx_word' id='word_1_612' title='bbox 241 4294 392 4350; x_wconf 82' lang='lat' dir='ltr'><strong>ttibus</strong></span> <span class='ocrx_word' id='word_1_613' title='bbox 413 4311 507 4364; x_wconf 78' lang='lat' dir='ltr'><strong>pro</strong></span> <span class='ocrx_word' id='word_1_614' title='bbox 534 4296 672 4353; x_wconf 80' lang='lat' dir='ltr'><strong>vobis</strong></span> <span class='ocrx_word' id='word_1_615' title='bbox 703 4313 724 4354; x_wconf 88' lang='lat'><strong><em>:</em></strong></span> <span class='ocrx_word' id='word_1_616' title='bbox 767 4306 814 4352; x_wconf 89' lang='lat' dir='ltr'><strong>et</strong></span> <span class='ocrx_word' id='word_1_617' title='bbox 860 4298 1122 4371; x_wconf 87' lang='lat' dir='ltr'><strong>adimpleo</strong></span> <span class='ocrx_word' id='word_1_618' title='bbox 1160 4316 1219 4355; x_wconf 91' lang='lat' dir='ltr'><strong>ea</strong></span> <span class='ocrx_word' id='word_1_619' title='bbox 1259 4317 1375 4372; x_wconf 74' lang='lat' dir='ltr'><strong>qua:</strong></span> <span class='ocrx_word' id='word_1_620' title='bbox 1413 4303 1600 4362; x_wconf 82' lang='lat' dir='ltr'><strong>desunt</strong></span> <span class='ocrx_word' id='word_1_621' title='bbox 1630 4305 1835 4376; x_wconf 69' lang='lat' dir='ltr'><strong>passio-</strong></span> 
     </span>
    </p>
   </div>
   <div class='ocr_carea' id='block_1_75' title="bbox 239 4381 1831 4466">
    <p class='ocr_par' dir='ltr' id='par_1_75' title="bbox 239 4381 1831 4466">
     <span class='ocr_line' id='line_1_75' title="bbox 239 4381 1831 4466; baseline 0.008 -31"><span class='ocrx_word' id='word_1_622' title='bbox 239 4400 361 4436; x_wconf 85' lang='lat' dir='ltr'><strong>num</strong></span> <span class='ocrx_word' id='word_1_623' title='bbox 389 4381 582 4440; x_wconf 87' lang='lat' dir='ltr'><strong>Christi</strong></span> <span class='ocrx_word' id='word_1_624' title='bbox 601 4387 656 4442; x_wconf 89' lang='lat' dir='ltr'><strong>in</strong></span> <span class='ocrx_word' id='word_1_625' title='bbox 679 4403 835 4444; x_wconf 86' lang='lat' dir='ltr'><strong>carne</strong></span> <span class='ocrx_word' id='word_1_626' title='bbox 873 4405 986 4444; x_wconf 83' lang='lat' dir='ltr'><strong>mea</strong></span> <span class='ocrx_word' id='word_1_627' title='bbox 1023 4407 1120 4462; x_wconf 81' lang='lat' dir='ltr'><strong>pro</strong></span> <span class='ocrx_word' id='word_1_628' title='bbox 1142 4406 1359 4462; x_wconf 86' lang='lat' dir='ltr'><strong>corpore</strong></span> <span class='ocrx_word' id='word_1_629' title='bbox 1395 4395 1540 4465; x_wconf 86' lang='lat' dir='ltr'><strong>ejus,</strong></span> <span class='ocrx_word' id='word_1_630' title='bbox 1589 4395 1730 4466; x_wconf 80' lang='lat' dir='ltr'><strong>quod</strong></span> <span class='ocrx_word' id='word_1_631' title='bbox 1757 4405 1831 4460; x_wconf 85' lang='lat' dir='ltr'><strong>est</strong></span> 
     </span>
    </p>
   </div>
   <div class='ocr_carea' id='block_1_76' title="bbox 238 4471 1831 4554">
    <p class='ocr_par' dir='ltr' id='par_1_76' title="bbox 238 4471 1831 4554">
     <span class='ocr_line' id='line_1_76' title="bbox 238 4471 1831 4554; baseline 0.007 -26"><span class='ocrx_word' id='word_1_632' title='bbox 238 4471 476 4532; x_wconf 80' lang='lat' dir='ltr'><strong>Ecclesia</strong></span> <span class='ocrx_word' id='word_1_633' title='bbox 509 4475 646 4550; x_wconf 86' lang='lat' dir='ltr'><strong>(Col.</strong></span> <span class='ocrx_word' id='word_1_634' title='bbox 707 4495 748 4548; x_wconf 80' lang='grc' dir='ltr'><strong>ι,</strong></span> <span class='ocrx_word' id='word_1_635' title='bbox 789 4481 846 4550; x_wconf 71' lang='grc'><strong>2,</strong></span> <span class='ocrx_word' id='word_1_636' title='bbox 875 4481 965 4549; x_wconf 74' lang='grc'><strong>25,</strong></span> <span class='ocrx_word' id='word_1_637' title='bbox 1011 4480 1131 4554; x_wconf 71' lang='grc'><strong>24).</strong></span> <span class='ocrx_word' id='word_1_638' title='bbox 1184 4481 1254 4548; x_wconf 83' lang='lat' dir='ltr'><strong>Et</strong></span> <span class='ocrx_word' id='word_1_639' title='bbox 1281 4482 1333 4538; x_wconf 91' lang='lat' dir='ltr'><strong>in</strong></span> <span class='ocrx_word' id='word_1_640' title='bbox 1368 4483 1478 4539; x_wconf 87' lang='lat' dir='ltr'><strong>ﬁne</strong></span> <span class='ocrx_word' id='word_1_641' title='bbox 1510 4502 1522 4540; x_wconf 88' lang='lat'>:</span> <span class='ocrx_word' id='word_1_642' title='bbox 1562 4484 1831 4540; x_wconf 86' lang='lat' dir='ltr'><strong>Salutatio</strong></span> 
     </span>
    </p>
   </div>
   <div class='ocr_carea' id='block_1_77' title="bbox 1947 3269 3551 3344">
    <p class='ocr_par' dir='ltr' id='par_1_77' title="bbox 1947 3269 3551 3344">
     <span class='ocr_line' id='line_1_77' title="bbox 1947 3269 3551 3344; baseline 0.001 -18"><span class='ocrx_word' id='word_1_643' title='bbox 1947 3271 2101 3338; x_wconf 86' lang='lat' dir='ltr'><strong>viris,</strong></span> <span class='ocrx_word' id='word_1_644' title='bbox 2135 3279 2191 3326; x_wconf 89' lang='lat' dir='ltr'><strong>et</strong></span> <span class='ocrx_word' id='word_1_645' title='bbox 2221 3271 2324 3327; x_wconf 91' lang='lat' dir='ltr'><strong>viri</strong></span> <span class='ocrx_word' id='word_1_646' title='bbox 2371 3286 2578 3326; x_wconf 90' lang='lat' dir='ltr'><strong>uxores</strong></span> <span class='ocrx_word' id='word_1_647' title='bbox 2614 3269 2883 3342; x_wconf 77' lang='lat' dir='ltr'><strong>diligant,</strong></span> <span class='ocrx_word' id='word_1_648' title='bbox 2915 3277 2977 3325; x_wconf 91' lang='lat' dir='ltr'><strong>ut</strong></span> <span class='ocrx_word' id='word_1_649' title='bbox 3009 3270 3104 3326; x_wconf 87' lang='lat' dir='ltr'><strong>ﬁlii</strong></span> <span class='ocrx_word' id='word_1_650' title='bbox 3154 3271 3411 3327; x_wconf 90' lang='lat' dir='ltr'><strong>obediant</strong></span> <span class='ocrx_word' id='word_1_651' title='bbox 3451 3289 3551 3344; x_wconf 89' lang='lat' dir='ltr'><strong>pa-</strong></span> 
     </span>
    </p>
   </div>
   <div class='ocr_carea' id='block_1_78' title="bbox 1946 3363 3553 3436">
    <p class='ocr_par' dir='ltr' id='par_1_78' title="bbox 1946 3363 3553 3436">
     <span class='ocr_line' id='line_1_78' title="bbox 1946 3363 3553 3436; baseline 0.001 -16"><span class='ocrx_word' id='word_1_652' title='bbox 1946 3364 2217 3429; x_wconf 88' lang='lat' dir='ltr'><strong>rentibus,</strong></span> <span class='ocrx_word' id='word_1_653' title='bbox 2269 3372 2328 3431; x_wconf 92' lang='lat' dir='ltr'><strong>ut</strong></span> <span class='ocrx_word' id='word_1_654' title='bbox 2375 3373 2564 3436; x_wconf 88' lang='lat' dir='ltr'><strong>patres</strong></span> <span class='ocrx_word' id='word_1_655' title='bbox 2595 3378 2706 3419; x_wconf 90' lang='lat' dir='ltr'><strong>non</strong></span> <span class='ocrx_word' id='word_1_656' title='bbox 2755 3373 3056 3434; x_wconf 91' lang='lat' dir='ltr'><strong>provocent</strong></span> <span class='ocrx_word' id='word_1_657' title='bbox 3101 3363 3166 3420; x_wconf 90' lang='lat' dir='ltr'><strong>ad</strong></span> <span class='ocrx_word' id='word_1_658' title='bbox 3207 3364 3553 3422; x_wconf 86' lang='lat' dir='ltr'><strong>iracundiam</strong></span> 
     </span>
    </p>
   </div>
   <div class='ocr_carea' id='block_1_79' title="bbox 1944 3454 3559 3534">
    <p class='ocr_par' dir='ltr' id='par_1_79' title="bbox 1944 3454 3559 3534">
     <span class='ocr_line' id='line_1_79' title="bbox 1944 3454 3559 3534; baseline 0.002 -23"><span class='ocrx_word' id='word_1_659' title='bbox 1944 3454 2089 3511; x_wconf 89' lang='lat' dir='ltr'><strong>ﬁlios</strong></span> <span class='ocrx_word' id='word_1_660' title='bbox 2115 3469 2268 3525; x_wconf 90' lang='lat' dir='ltr'><strong>suos,</strong></span> <span class='ocrx_word' id='word_1_661' title='bbox 2301 3465 2359 3511; x_wconf 92' lang='lat' dir='ltr'><strong>ut</strong></span> <span class='ocrx_word' id='word_1_662' title='bbox 2384 3455 2536 3511; x_wconf 86' lang='lat' dir='ltr'><strong>servi</strong></span> <span class='ocrx_word' id='word_1_663' title='bbox 2559 3454 2825 3518; x_wconf 85' lang='lat' dir='ltr'><strong>obediant</strong></span> <span class='ocrx_word' id='word_1_664' title='bbox 2866 3455 3105 3514; x_wconf 92' lang='lat' dir='ltr'><strong>dominis</strong></span> <span class='ocrx_word' id='word_1_665' title='bbox 3135 3456 3471 3534; x_wconf 79' lang='lat' dir='ltr'><strong>carnalibus,</strong></span> <span class='ocrx_word' id='word_1_666' title='bbox 3498 3468 3559 3522; x_wconf 87' lang='lat' dir='ltr'><strong>ut</strong></span> 
     </span>
    </p>
   </div>
   <div class='ocr_carea' id='block_1_80' title="bbox 1945 3547 3548 3626">
    <p class='ocr_par' dir='ltr' id='par_1_80' title="bbox 1945 3547 3548 3626">
     <span class='ocr_line' id='line_1_80' title="bbox 1945 3547 3548 3626; baseline 0.002 -22"><span class='ocrx_word' id='word_1_667' title='bbox 1945 3547 2184 3620; x_wconf 88' lang='lat' dir='ltr'><strong>domini,</strong></span> <span class='ocrx_word' id='word_1_668' title='bbox 2213 3549 2426 3605; x_wconf 90' lang='lat' dir='ltr'><strong>relictis</strong></span> <span class='ocrx_word' id='word_1_669' title='bbox 2473 3549 2661 3616; x_wconf 89' lang='lat' dir='ltr'><strong>minis,</strong></span> <span class='ocrx_word' id='word_1_670' title='bbox 2709 3563 2775 3606; x_wconf 88' lang='lat' dir='ltr'><strong>ea</strong></span> <span class='ocrx_word' id='word_1_671' title='bbox 2818 3549 2996 3605; x_wconf 88' lang='lat' dir='ltr'><strong>servis</strong></span> <span class='ocrx_word' id='word_1_672' title='bbox 3032 3565 3153 3626; x_wconf 67' lang='lat' dir='ltr'><strong>qua:</strong></span> <span class='ocrx_word' id='word_1_673' title='bbox 3196 3549 3347 3622; x_wconf 85' lang='lat' dir='ltr'><strong>justa</strong></span> <span class='ocrx_word' id='word_1_674' title='bbox 3387 3563 3548 3624; x_wconf 90' lang='lat' dir='ltr'><strong>sunt,</strong></span> 
     </span>
    </p>
   </div>
   <div class='ocr_carea' id='block_1_81' title="bbox 1943 3640 3554 3720">
    <p class='ocr_par' dir='ltr' id='par_1_81' title="bbox 1943 3640 3554 3720">
     <span class='ocr_line' id='line_1_81' title="bbox 1943 3640 3554 3720; baseline 0.004 -25"><span class='ocrx_word' id='word_1_675' title='bbox 1943 3642 2276 3720; x_wconf 70' lang='lat' dir='ltr'><strong>praebeant:</strong></span> <span class='ocrx_word' id='word_1_676' title='bbox 2323 3651 2380 3698; x_wconf 92' lang='lat' dir='ltr'><strong>et</strong></span> <span class='ocrx_word' id='word_1_677' title='bbox 2422 3640 2490 3696; x_wconf 92' lang='lat' dir='ltr'><strong>ad</strong></span> <span class='ocrx_word' id='word_1_678' title='bbox 2521 3650 2834 3699; x_wconf 72' lang='lat' dir='ltr'><strong>extremum</strong></span> <span class='ocrx_word' id='word_1_679' title='bbox 2887 3641 3190 3713; x_wconf 82' lang='lat' dir='ltr'><strong>Epistulam</strong></span> <span class='ocrx_word' id='word_1_680' title='bbox 3241 3659 3398 3700; x_wconf 84' lang='lat' dir='ltr'><strong>suam</strong></span> <span class='ocrx_word' id='word_1_681' title='bbox 3448 3645 3554 3716; x_wconf 82' lang='lat' dir='ltr'><strong>hoc</strong></span> 
     </span>
    </p>
   </div>
   <div class='ocr_carea' id='block_1_82' title="bbox 1949 3734 3552 3812">
    <p class='ocr_par' dir='ltr' id='par_1_82' title="bbox 1949 3734 3552 3812">
     <span class='ocr_line' id='line_1_82' title="bbox 1949 3734 3552 3812; baseline -0.001 -20"><span class='ocrx_word' id='word_1_682' title='bbox 1949 3736 2060 3792; x_wconf 85' lang='lat' dir='ltr'><strong>ﬁne</strong></span> <span class='ocrx_word' id='word_1_683' title='bbox 2100 3734 2434 3792; x_wconf 85' lang='lat' dir='ltr'><strong>concludat:</strong></span> <span class='ocrx_word' id='word_1_684' title='bbox 2471 3734 2611 3803; x_wconf 84' lang='lat' dir='ltr'><strong>Quid</strong></span> <span class='ocrx_word' id='word_1_685' title='bbox 2637 3753 2823 3809; x_wconf 84' lang='lat' dir='ltr'><strong>agant,</strong></span> <span class='ocrx_word' id='word_1_686' title='bbox 2856 3747 3037 3791; x_wconf 91' lang='lat' dir='ltr'><strong>notum</strong></span> <span class='ocrx_word' id='word_1_687' title='bbox 3069 3737 3208 3792; x_wconf 87' lang='lat' dir='ltr'><strong>vobis</strong></span> <span class='ocrx_word' id='word_1_688' title='bbox 3253 3739 3406 3810; x_wconf 81' lang='lat' dir='ltr'><strong>faciet</strong></span> <span class='ocrx_word' id='word_1_689' title='bbox 3447 3738 3552 3812; x_wconf 76' lang='lat' dir='ltr'><strong>Ty-</strong></span> 
     </span>
    </p>
   </div>
   <div class='ocr_carea' id='block_1_83' title="bbox 1942 3831 3550 3908">
    <p class='ocr_par' dir='ltr' id='par_1_83' title="bbox 1942 3831 3550 3908">
     <span class='ocr_line' id='line_1_83' title="bbox 1942 3831 3550 3908; baseline 0 -20"><span class='ocrx_word' id='word_1_690' title='bbox 1942 3835 2118 3891; x_wconf 89' lang='lat' dir='ltr'><strong>chicus</strong></span> <span class='ocrx_word' id='word_1_691' title='bbox 2155 3834 2491 3890; x_wconf 86' lang='lat' dir='ltr'><strong>charissintus</strong></span> <span class='ocrx_word' id='word_1_692' title='bbox 2531 3838 2726 3908; x_wconf 84' lang='lat' dir='ltr'><strong>frater,</strong></span> <span class='ocrx_word' id='word_1_693' title='bbox 2759 3844 2807 3892; x_wconf 88' lang='lat' dir='ltr'><strong>et</strong></span> <span class='ocrx_word' id='word_1_694' title='bbox 2835 3835 3006 3908; x_wconf 77' lang='lat' dir='ltr'><strong>fidelis</strong></span> <span class='ocrx_word' id='word_1_695' title='bbox 3027 3833 3259 3896; x_wconf 84' lang='lat' dir='ltr'><strong>minister</strong></span> <span class='ocrx_word' id='word_1_696' title='bbox 3284 3832 3336 3890; x_wconf 88' lang='lat' dir='ltr'><strong>in</strong></span> <span class='ocrx_word' id='word_1_697' title='bbox 3365 3831 3550 3900; x_wconf 78' lang='lat' dir='ltr'><strong>Domi-</strong></span> 
     </span>
    </p>
   </div>
   <div class='ocr_carea' id='block_1_84' title="bbox 1943 3926 3550 4004">
    <p class='ocr_par' dir='ltr' id='par_1_84' title="bbox 1943 3926 3550 4004">
     <span class='ocr_line' id='line_1_84' title="bbox 1943 3926 3550 4004; baseline -0.001 -22"><span class='ocrx_word' id='word_1_698' title='bbox 1943 3945 2011 3984; x_wconf 89' lang='lat' dir='ltr'><strong>no</strong></span> <span class='ocrx_word' id='word_1_699' title='bbox 2039 3943 2059 3984; x_wconf 90' lang='lat'><strong><em>:</em></strong></span> <span class='ocrx_word' id='word_1_700' title='bbox 2081 3944 2231 4000; x_wconf 86' lang='lat' dir='ltr'><strong>quem</strong></span> <span class='ocrx_word' id='word_1_701' title='bbox 2274 3929 2396 3984; x_wconf 87' lang='lat' dir='ltr'><strong>misi</strong></span> <span class='ocrx_word' id='word_1_702' title='bbox 2440 3929 2508 3982; x_wconf 83' lang='lat' dir='ltr'><strong>ad</strong></span> <span class='ocrx_word' id='word_1_703' title='bbox 2555 3943 2640 3986; x_wconf 84' lang='lat' dir='ltr'><strong>vos</strong></span> <span class='ocrx_word' id='word_1_704' title='bbox 2685 3929 2740 3983; x_wconf 90' lang='lat' dir='ltr'><strong>in</strong></span> <span class='ocrx_word' id='word_1_705' title='bbox 2775 3929 2872 3984; x_wconf 91' lang='lat' dir='ltr'><strong>hoc</strong></span> <span class='ocrx_word' id='word_1_706' title='bbox 2911 3929 3103 4004; x_wconf 78' lang='lat' dir='ltr'><strong>ipsum,</strong></span> <span class='ocrx_word' id='word_1_707' title='bbox 3136 3937 3192 3996; x_wconf 80' lang='lat' dir='ltr'><strong>ut</strong></span> <span class='ocrx_word' id='word_1_708' title='bbox 3224 3926 3550 4000; x_wconf 85' lang='lat' dir='ltr'><strong>cognoscatis</strong></span> 
     </span>
    </p>
   </div>
   <div class='ocr_carea' id='block_1_85' title="bbox 1939 4019 3546 4100">
    <p class='ocr_par' dir='ltr' id='par_1_85' title="bbox 1939 4019 3546 4100">
     <span class='ocr_line' id='line_1_85' title="bbox 1939 4019 3546 4100; baseline -0.003 -23"><span class='ocrx_word' id='word_1_709' title='bbox 1939 4039 2056 4093; x_wconf 70' lang='lat' dir='ltr'><strong>qut:</strong></span> <span class='ocrx_word' id='word_1_710' title='bbox 2079 4027 2218 4080; x_wconf 89' lang='lat' dir='ltr'><strong>circa</strong></span> <span class='ocrx_word' id='word_1_711' title='bbox 2246 4041 2330 4078; x_wconf 92' lang='lat' dir='ltr'><strong>me</strong></span> <span class='ocrx_word' id='word_1_712' title='bbox 2355 4033 2498 4090; x_wconf 89' lang='lat' dir='ltr'><strong>sunt,</strong></span> <span class='ocrx_word' id='word_1_713' title='bbox 2524 4032 2571 4086; x_wconf 88' lang='lat' dir='ltr'><strong>et</strong></span> <span class='ocrx_word' id='word_1_714' title='bbox 2598 4023 2895 4089; x_wconf 78' lang='lat' dir='ltr'><strong>consoletur</strong></span> <span class='ocrx_word' id='word_1_715' title='bbox 2922 4022 3079 4082; x_wconf 80' lang='lat' dir='ltr'><strong>corda</strong></span> <span class='ocrx_word' id='word_1_716' title='bbox 3109 4029 3297 4078; x_wconf 83' lang='lat' dir='ltr'><strong>vestra.</strong></span> <span class='ocrx_word' id='word_1_717' title='bbox 3343 4019 3546 4100; x_wconf 66' lang='lat' dir='ltr'><strong>Tychi-</strong></span> 
     </span>
    </p>
   </div>
   <div class='ocr_carea' id='block_1_86' title="bbox 1939 4112 3548 4188">
    <p class='ocr_par' dir='ltr' id='par_1_86' title="bbox 1939 4112 3548 4188">
     <span class='ocr_line' id='line_1_86' title="bbox 1939 4112 3548 4188; baseline -0.004 -16"><span class='ocrx_word' id='word_1_718' title='bbox 1939 4129 2039 4172; x_wconf 90' lang='lat' dir='ltr'><strong>cus</strong></span> <span class='ocrx_word' id='word_1_719' title='bbox 2065 4127 2247 4180; x_wconf 86' lang='lat' dir='ltr'><strong>autem</strong></span> <span class='ocrx_word' id='word_1_720' title='bbox 2273 4116 2320 4174; x_wconf 89' lang='lat' dir='ltr'><strong>is</strong></span> <span class='ocrx_word' id='word_1_721' title='bbox 2346 4116 2559 4188; x_wconf 89' lang='lat' dir='ltr'><strong>est,qui</strong></span> <span class='ocrx_word' id='word_1_722' title='bbox 2581 4125 2636 4173; x_wconf 91' lang='lat' dir='ltr'><strong>et</strong></span> <span class='ocrx_word' id='word_1_723' title='bbox 2667 4116 2733 4180; x_wconf 83' lang='lat' dir='ltr'><strong>ad</strong></span> <span class='ocrx_word' id='word_1_724' title='bbox 2754 4113 3112 4174; x_wconf 85' lang='lat' dir='ltr'><strong>Colossenses</strong></span> <span class='ocrx_word' id='word_1_725' title='bbox 3136 4129 3257 4170; x_wconf 88' lang='lat' dir='ltr'><strong>cum</strong></span> <span class='ocrx_word' id='word_1_726' title='bbox 3285 4112 3548 4176; x_wconf 89' lang='lat' dir='ltr'><strong>Onesimo</strong></span> 
     </span>
    </p>
   </div>
   <div class='ocr_carea' id='block_1_87' title="bbox 1937 4205 3545 4278">
    <p class='ocr_par' dir='ltr' id='par_1_87' title="bbox 1937 4205 3545 4278">
     <span class='ocr_line' id='line_1_87' title="bbox 1937 4205 3545 4278; baseline 0 -14"><span class='ocrx_word' id='word_1_727' title='bbox 1937 4210 2194 4276; x_wconf 87' lang='lat' dir='ltr'><strong>mittitur,</strong></span> <span class='ocrx_word' id='word_1_728' title='bbox 2231 4217 2287 4268; x_wconf 91' lang='lat' dir='ltr'><strong>et</strong></span> <span class='ocrx_word' id='word_1_729' title='bbox 2314 4225 2380 4266; x_wconf 89' lang='lat' dir='ltr'><strong>eo</strong></span> <span class='ocrx_word' id='word_1_730' title='bbox 2405 4218 2654 4278; x_wconf 87' lang='lat' dir='ltr'><strong>tempore</strong></span> <span class='ocrx_word' id='word_1_731' title='bbox 2681 4207 3000 4272; x_wconf 86' lang='lat' dir='ltr'><strong>Onesimum</strong></span> <span class='ocrx_word' id='word_1_732' title='bbox 3035 4207 3223 4266; x_wconf 90' lang='lat' dir='ltr'><strong>habuit</strong></span> <span class='ocrx_word' id='word_1_733' title='bbox 3249 4205 3505 4264; x_wconf 81' lang='lat' dir='ltr'><strong>comitem</strong></span> <span class='ocrx_word' id='word_1_734' title='bbox 3526 4247 3545 4278; x_wconf 93' lang='lat'><strong>,</strong></span> 
     </span>
    </p>
   </div>
   <div class='ocr_carea' id='block_1_88' title="bbox 1937 4298 3498 4376">
    <p class='ocr_par' dir='ltr' id='par_1_88' title="bbox 1937 4298 3498 4376">
     <span class='ocr_line' id='line_1_88' title="bbox 1937 4298 3498 4376; baseline -0.003 -18"><span class='ocrx_word' id='word_1_735' title='bbox 1937 4317 2047 4376; x_wconf 89' lang='lat' dir='ltr'><strong>quo</strong></span> <span class='ocrx_word' id='word_1_736' title='bbox 2085 4303 2379 4361; x_wconf 86' lang='lat' dir='ltr'><strong>Onesimus</strong></span> <span class='ocrx_word' id='word_1_737' title='bbox 2407 4303 2474 4364; x_wconf 84' lang='lat' dir='ltr'><strong>ad</strong></span> <span class='ocrx_word' id='word_1_738' title='bbox 2506 4302 2894 4359; x_wconf 84' lang='lat' dir='ltr'><strong>Philemonem</strong></span> <span class='ocrx_word' id='word_1_739' title='bbox 2924 4301 3138 4358; x_wconf 85' lang='lat' dir='ltr'><strong>litteras</strong></span> <span class='ocrx_word' id='word_1_740' title='bbox 3168 4298 3498 4369; x_wconf 81' lang='lat' dir='ltr'><strong>perferebat.</strong></span> 
     </span>
    </p>
   </div>
   <div class='ocr_carea' id='block_1_89' title="bbox 2009 4393 3550 4468">
    <p class='ocr_par' dir='ltr' id='par_1_89' title="bbox 2009 4393 3550 4468">
     <span class='ocr_line' id='line_1_89' title="bbox 2009 4393 3550 4468; baseline 0.001 -19"><span class='ocrx_word' id='word_1_741' title='bbox 2009 4395 2080 4451; x_wconf 86' lang='lat' dir='ltr'><strong>Et</strong></span> <span class='ocrx_word' id='word_1_742' title='bbox 2109 4395 2413 4454; x_wconf 86' lang='lat' dir='ltr'><strong>Timotheus</strong></span> <span class='ocrx_word' id='word_1_743' title='bbox 2437 4399 2622 4468; x_wconf 85' lang='lat' dir='ltr'><strong>frater.</strong></span> <span class='ocrx_word' id='word_1_744' title='bbox 2655 4397 2710 4452; x_wconf 90' lang='lat' dir='ltr'><strong>In</strong></span> <span class='ocrx_word' id='word_1_745' title='bbox 2738 4397 2860 4452; x_wconf 89' lang='lat' dir='ltr'><strong>aliis</strong></span> <span class='ocrx_word' id='word_1_746' title='bbox 2887 4394 3138 4467; x_wconf 87' lang='lat' dir='ltr'><strong>epistolis</strong></span> <span class='ocrx_word' id='word_1_747' title='bbox 3166 4393 3470 4458; x_wconf 82' lang='lat' dir='ltr'><strong>Sosthencs</strong></span> <span class='ocrx_word' id='word_1_748' title='bbox 3493 4402 3550 4450; x_wconf 90' lang='lat' dir='ltr'><strong>et</strong></span> 
     </span>
    </p>
   </div>
   <div class='ocr_carea' id='block_1_90' title="bbox 1937 4486 3548 4560">
    <p class='ocr_par' dir='ltr' id='par_1_90' title="bbox 1937 4486 3548 4560">
     <span class='ocr_line' id='line_1_90' title="bbox 1937 4486 3548 4560; baseline 0 -18"><span class='ocrx_word' id='word_1_749' title='bbox 1937 4486 2215 4558; x_wconf 87' lang='lat' dir='ltr'><strong>Silvanus,</strong></span> <span class='ocrx_word' id='word_1_750' title='bbox 2265 4490 2538 4546; x_wconf 89' lang='lat' dir='ltr'><strong>interdum</strong></span> <span class='ocrx_word' id='word_1_751' title='bbox 2572 4499 2629 4546; x_wconf 92' lang='lat' dir='ltr'><strong>et</strong></span> <span class='ocrx_word' id='word_1_752' title='bbox 2668 4489 2989 4548; x_wconf 83' lang='lat' dir='ltr'><strong>Timotheus</strong></span> <span class='ocrx_word' id='word_1_753' title='bbox 3037 4489 3207 4552; x_wconf 76' lang='lat' dir='ltr'><strong>frater</strong></span> <span class='ocrx_word' id='word_1_754' title='bbox 3237 4486 3354 4560; x_wconf 81' lang='grc' dir='ltr'><strong>[ΑΙ.</strong></span> <span class='ocrx_word' id='word_1_755' title='bbox 3413 4496 3548 4543; x_wconf 84' lang='lat' dir='ltr'><strong>tacet</strong></span> 
     </span>
    </p>
   </div>
   <div class='ocr_carea' id='block_1_91' title="bbox 236 4567 3544 4655">
    <p class='ocr_par' dir='ltr' id='par_1_91' title="bbox 236 4567 3544 4655">
     <span class='ocr_line' id='line_1_91' title="bbox 236 4567 3544 4655; baseline 0.005 -35"><span class='ocrx_word' id='word_1_756' title='bbox 236 4582 350 4622; x_wconf 82' lang='lat' dir='ltr'><strong>mea</strong></span> <span class='ocrx_word' id='word_1_757' title='bbox 377 4584 535 4622; x_wconf 88' lang='lat' dir='ltr'><strong>manu</strong></span> <span class='ocrx_word' id='word_1_758' title='bbox 557 4567 738 4637; x_wconf 88' lang='lat' dir='ltr'><strong>Pauli,</strong></span> <span class='ocrx_word' id='word_1_759' title='bbox 769 4587 1016 4628; x_wconf 86' lang='lat' dir='ltr'><strong>memores</strong></span> <span class='ocrx_word' id='word_1_760' title='bbox 1047 4582 1206 4628; x_wconf 88' lang='lat' dir='ltr'><strong>estote</strong></span> <span class='ocrx_word' id='word_1_761' title='bbox 1233 4574 1561 4630; x_wconf 86' lang='lat' dir='ltr'><strong>vinculorum</strong></span> <span class='ocrx_word' id='word_1_762' title='bbox 1601 4593 1832 4632; x_wconf 87' lang='lat' dir='ltr'><strong>meorum</strong></span> <span class='ocrx_word' id='word_1_763' title='bbox 1858 4571 1912 4644; x_wconf 74' lang='grc' dir='ltr'><strong>Β</strong></span> <span class='ocrx_word' id='word_1_764' title='bbox 1939 4581 2129 4655; x_wconf 83' lang='lat' dir='ltr'><strong>frater]</strong></span> <span class='ocrx_word' id='word_1_765' title='bbox 2175 4585 2490 4640; x_wconf 88' lang='lat' dir='ltr'><strong>assumitur.</strong></span> <span class='ocrx_word' id='word_1_766' title='bbox 2545 4585 2602 4641; x_wconf 91' lang='lat' dir='ltr'><strong>lu</strong></span> <span class='ocrx_word' id='word_1_767' title='bbox 2657 4594 2889 4655; x_wconf 88' lang='lat' dir='ltr'><strong>quatuor</strong></span> <span class='ocrx_word' id='word_1_768' title='bbox 2939 4593 3148 4644; x_wconf 89' lang='lat' dir='ltr'><strong>tantum</strong></span> <span class='ocrx_word' id='word_1_769' title='bbox 3198 4581 3544 4652; x_wconf 86' lang='lat' dir='ltr'><strong>Timotheus,</strong></span> 
     </span>
    </p>
   </div>
   <div class='ocr_carea' id='block_1_92' title="bbox 234 4657 1832 4742">
    <p class='ocr_par' dir='ltr' id='par_1_92' title="bbox 234 4657 1832 4742">
     <span class='ocr_line' id='line_1_92' title="bbox 234 4657 1832 4742; baseline 0.008 -29"><span class='ocrx_word' id='word_1_770' title='bbox 234 4657 374 4734; x_wconf 87' lang='lat' dir='ltr'><strong>(Col.</strong></span> <span class='ocrx_word' id='word_1_771' title='bbox 407 4675 483 4727; x_wconf 84' lang='lat' dir='ltr'><strong>tv,</strong></span> <span class='ocrx_word' id='word_1_772' title='bbox 519 4661 635 4734; x_wconf 75' lang='grc'><strong>18).</strong></span> <span class='ocrx_word' id='word_1_773' title='bbox 663 4661 776 4720; x_wconf 85' lang='lat' dir='ltr'><strong>Hoc</strong></span> <span class='ocrx_word' id='word_1_774' title='bbox 798 4664 950 4734; x_wconf 91' lang='lat' dir='ltr'><strong>ideo,</strong></span> <span class='ocrx_word' id='word_1_775' title='bbox 979 4674 1037 4722; x_wconf 92' lang='lat' dir='ltr'><strong>ut</strong></span> <span class='ocrx_word' id='word_1_776' title='bbox 1062 4667 1304 4722; x_wconf 90' lang='lat' dir='ltr'><strong>sciamus</strong></span> <span class='ocrx_word' id='word_1_777' title='bbox 1338 4669 1436 4723; x_wconf 89' lang='lat' dir='ltr'><strong>has</strong></span> <span class='ocrx_word' id='word_1_778' title='bbox 1461 4683 1676 4740; x_wconf 88' lang='lat' dir='ltr'><strong>quoque</strong></span> <span class='ocrx_word' id='word_1_779' title='bbox 1709 4669 1832 4742; x_wconf 79' lang='lat' dir='ltr'><strong>Epi-</strong></span> 
     </span>
    </p>
   </div>
   <div class='ocr_carea' id='block_1_93' title="bbox 236 4753 1829 4826">
    <p class='ocr_par' dir='ltr' id='par_1_93' title="bbox 236 4753 1829 4826">
     <span class='ocr_line' id='line_1_93' title="bbox 236 4753 1829 4826; baseline 0.007 -18"><span class='ocrx_word' id='word_1_780' title='bbox 236 4753 405 4808; x_wconf 85' lang='lat' dir='ltr'><strong>stolas</strong></span> <span class='ocrx_word' id='word_1_781' title='bbox 424 4754 494 4810; x_wconf 89' lang='lat' dir='ltr'><strong>de</strong></span> <span class='ocrx_word' id='word_1_782' title='bbox 521 4769 742 4814; x_wconf 88' lang='lat' dir='ltr'><strong>carcere</strong></span> <span class='ocrx_word' id='word_1_783' title='bbox 762 4765 817 4812; x_wconf 92' lang='lat' dir='ltr'><strong>et</strong></span> <span class='ocrx_word' id='word_1_784' title='bbox 833 4755 978 4816; x_wconf 89' lang='lat' dir='ltr'><strong>inter</strong></span> <span class='ocrx_word' id='word_1_785' title='bbox 1005 4759 1221 4816; x_wconf 88' lang='lat' dir='ltr'><strong>vincula</strong></span> <span class='ocrx_word' id='word_1_786' title='bbox 1262 4759 1434 4817; x_wconf 90' lang='lat' dir='ltr'><strong>fuisse</strong></span> <span class='ocrx_word' id='word_1_787' title='bbox 1466 4761 1720 4826; x_wconf 86' lang='lat' dir='ltr'><strong>dictatas.</strong></span> <span class='ocrx_word' id='word_1_788' title='bbox 1763 4763 1829 4819; x_wconf 84' lang='lat' dir='ltr'><strong>ll-</strong></span> 
     </span>
    </p>
   </div>
   <div class='ocr_carea' id='block_1_94' title="bbox 232 4845 1827 4927">
    <p class='ocr_par' dir='ltr' id='par_1_94' title="bbox 232 4845 1827 4927">
     <span class='ocr_line' id='line_1_94' title="bbox 232 4845 1827 4927; baseline 0.008 -27"><span class='ocrx_word' id='word_1_789' title='bbox 232 4845 326 4901; x_wconf 92' lang='lat' dir='ltr'><strong>lud</strong></span> <span class='ocrx_word' id='word_1_790' title='bbox 355 4857 538 4904; x_wconf 90' lang='lat' dir='ltr'><strong>autem</strong></span> <span class='ocrx_word' id='word_1_791' title='bbox 571 4851 793 4922; x_wconf 89' lang='lat' dir='ltr'><strong>proprie</strong></span> <span class='ocrx_word' id='word_1_792' title='bbox 820 4851 988 4916; x_wconf 89' lang='lat' dir='ltr'><strong>habet</strong></span> <span class='ocrx_word' id='word_1_793' title='bbox 1007 4852 1077 4910; x_wconf 95' lang='lat' dir='ltr'><strong>ad</strong></span> <span class='ocrx_word' id='word_1_794' title='bbox 1103 4853 1484 4924; x_wconf 86' lang='lat' dir='ltr'><strong>Colossenses,</strong></span> <span class='ocrx_word' id='word_1_795' title='bbox 1512 4855 1657 4927; x_wconf 92' lang='lat' dir='ltr'><strong>quod</strong></span> <span class='ocrx_word' id='word_1_796' title='bbox 1686 4857 1827 4913; x_wconf 88' lang='lat' dir='ltr'><strong>idem</strong></span> 
     </span>
    </p>
   </div>
   <div class='ocr_carea' id='block_1_95' title="bbox 232 4936 1827 5020">
    <p class='ocr_par' dir='ltr' id='par_1_95' title="bbox 232 4936 1827 5020">
     <span class='ocr_line' id='line_1_95' title="bbox 232 4936 1827 5020; baseline 0.008 -26"><span class='ocrx_word' id='word_1_797' title='bbox 232 4936 546 5014; x_wconf 90' lang='lat' dir='ltr'><strong>Onesimus,</strong></span> <span class='ocrx_word' id='word_1_798' title='bbox 576 4943 666 5018; x_wconf 90' lang='lat' dir='ltr'><strong>qui</strong></span> <span class='ocrx_word' id='word_1_799' title='bbox 683 4947 834 5002; x_wconf 86' lang='lat' dir='ltr'><strong>nunc</strong></span> <span class='ocrx_word' id='word_1_800' title='bbox 860 4944 1167 5012; x_wconf 84' lang='lat' dir='ltr'><strong>Philemoni</strong></span> <span class='ocrx_word' id='word_1_801' title='bbox 1188 4947 1632 5018; x_wconf 87' lang='lat' dir='ltr'><strong>commendatur,</strong></span> <span class='ocrx_word' id='word_1_802' title='bbox 1661 4950 1827 5020; x_wconf 87' lang='lat' dir='ltr'><strong>etiam</strong></span> 
     </span>
    </p>
   </div>
   <div class='ocr_carea' id='block_1_96' title="bbox 231 5077 1822 5160">
    <p class='ocr_par' dir='ltr' id='par_1_96' title="bbox 231 5077 1822 5160">
     <span class='ocr_line' id='line_1_96' title="bbox 231 5077 1822 5160; baseline 0.008 -28"><span class='ocrx_word' id='word_1_803' title='bbox 231 5077 600 5160; x_wconf 67' lang='lat' dir='ltr'><strong>substituunt,</strong></span> <span class='ocrx_word' id='word_1_804' title='bbox 633 5081 815 5160; x_wconf 83' lang='lat' dir='ltr'><strong>minus</strong></span> <span class='ocrx_word' id='word_1_805' title='bbox 845 5093 998 5160; x_wconf 72' lang='lat' dir='ltr'><strong>recte</strong></span> <span class='ocrx_word' id='word_1_806' title='bbox 1026 5085 1238 5160; x_wconf 74' lang='lat' dir='ltr'><strong>legerat</strong></span> <span class='ocrx_word' id='word_1_807' title='bbox 1266 5086 1612 5144; x_wconf 69' lang='lat' dir='ltr'><strong>Martianaaus</strong></span> <span class='ocrx_word' id='word_1_808' title='bbox 1631 5135 1644 5157; x_wconf 92' lang='lat'><strong>,</strong></span> <span class='ocrx_word' id='word_1_809' title='bbox 1673 5105 1822 5156; x_wconf 62' lang='lat' dir='ltr'><strong>repco</strong></span> 
     </span>
    </p>
   </div>
   <div class='ocr_carea' id='block_1_97' title="bbox 229 5150 1824 5232">
    <p class='ocr_par' dir='ltr' id='par_1_97' title="bbox 229 5150 1824 5232">
     <span class='ocr_line' id='line_1_97' title="bbox 229 5150 1824 5232; baseline 0.004 -24"><span class='ocrx_word' id='word_1_810' title='bbox 229 5150 376 5232; x_wconf 69' lang='lat' dir='ltr'><strong>titus.</strong></span> <span class='ocrx_word' id='word_1_811' title='bbox 405 5150 615 5232; x_wconf 84' lang='lat' dir='ltr'><strong>Vadem</strong></span> <span class='ocrx_word' id='word_1_812' title='bbox 641 5155 816 5232; x_wconf 80' lang='lat' dir='ltr'><strong>ipsum</strong></span> <span class='ocrx_word' id='word_1_813' title='bbox 845 5155 1050 5232; x_wconf 83' lang='lat' dir='ltr'><strong>habeto</strong></span> <span class='ocrx_word' id='word_1_814' title='bbox 1079 5150 1471 5232; x_wconf 75' lang='lat' dir='ltr'><strong>Hieronymum</strong></span> <span class='ocrx_word' id='word_1_815' title='bbox 1495 5161 1548 5216; x_wconf 91' lang='lat' dir='ltr'><strong>in</strong></span> <span class='ocrx_word' id='word_1_816' title='bbox 1579 5150 1678 5217; x_wconf 88' lang='lat' dir='ltr'><strong>lih.</strong></span> <span class='ocrx_word' id='word_1_817' title='bbox 1709 5150 1824 5218; x_wconf 77' lang='lat' dir='ltr'><strong>No-</strong></span> 
     </span>
    </p>
   </div>
   <div class='ocr_carea' id='block_1_98' title="bbox 227 5224 1817 5304">
    <p class='ocr_par' dir='ltr' id='par_1_98' title="bbox 227 5224 1817 5304">
     <span class='ocr_line' id='line_1_98' title="bbox 227 5224 1817 5304; baseline 0.009 -29"><span class='ocrx_word' id='word_1_818' title='bbox 227 5224 538 5304; x_wconf 63' lang='lat' dir='ltr'><strong>minumde</strong></span> <span class='ocrx_word' id='word_1_819' title='bbox 569 5228 795 5304; x_wconf 38' lang='lat' dir='ltr'><strong>Actibus</strong></span> <span class='ocrx_word' id='word_1_820' title='bbox 836 5228 1214 5304; x_wconf 69' lang='lat' dir='ltr'><strong>apostolorum</strong></span> <span class='ocrx_word' id='word_1_821' title='bbox 1245 5248 1261 5286; x_wconf 76' lang='grc' dir='ltr'>ε</span> <span class='ocrx_word' id='word_1_822' title='bbox 1287 5224 1438 5304; x_wconf 69' lang='grc' dir='ltr'><strong>ζδαυι</strong></span> <span class='ocrx_word' id='word_1_823' title='bbox 1461 5271 1478 5299; x_wconf 92' lang='lat'><strong>,</strong></span> <span class='ocrx_word' id='word_1_824' title='bbox 1517 5235 1781 5304; x_wconf 73' lang='lat' dir='ltr'><strong>expetitus</strong></span> <span class='ocrx_word' id='word_1_825' title='bbox 1802 5276 1817 5300; x_wconf 90' lang='lat'><strong>,</strong></span> 
     </span>
    </p>
   </div>
   <div class='ocr_carea' id='block_1_99' title="bbox 225 5286 1818 5420">
    <p class='ocr_par' dir='ltr' id='par_1_99' title="bbox 225 5286 1818 5420">
     <span class='ocr_line' id='line_1_99' title="bbox 225 5286 1818 5420; baseline 0.01 -74"><span class='ocrx_word' id='word_1_826' title='bbox 225 5294 555 5420; x_wconf 49' lang='grc' dir='ltr'><strong>ἓὶίιξὲξέἒιὲο.</strong></span> <span class='ocrx_word' id='word_1_827' title='bbox 582 5286 1227 5356; x_wconf 69' lang='grc' dir='ltr'><strong>ΟοιιεοηειιῚῙθῦηιίουιη</strong></span> <span class='ocrx_word' id='word_1_828' title='bbox 1249 5343 1266 5372; x_wconf 83' lang='grc'><strong><em>,</em></strong></span> <span class='ocrx_word' id='word_1_829' title='bbox 1510 5286 1818 5376; x_wconf 34' lang='grc' dir='ltr'><strong>ἆρ’(ιὺὸηὶἰῆ</strong></span> 
     </span>
    </p>
   </div>
   <div class='ocr_carea' id='block_1_100' title="bbox 266 5380 486 5424">
    <p class='ocr_par' dir='ltr' id='par_1_100' title="bbox 266 5380 486 5424">
     <span class='ocr_line' id='line_1_100' title="bbox 266 5380 486 5424; baseline 0.023 -6"><span class='ocrx_word' id='word_1_830' title='bbox 266 5380 486 5424; x_wconf 86' lang='lat' dir='ltr'><strong>txtmus.</strong></span> 
     </span>
    </p>
   </div>
   <div class='ocr_carea' id='block_1_101' title="bbox 230 5435 1817 5518">
    <p class='ocr_par' dir='ltr' id='par_1_101' title="bbox 230 5435 1817 5518">
     <span class='ocr_line' id='line_1_101' title="bbox 230 5435 1817 5518; baseline 0.002 -21"><span class='ocrx_word' id='word_1_831' title='bbox 230 5435 422 5518; x_wconf 83' lang='lat' dir='ltr'><strong>__&#39;Ex</strong></span> <span class='ocrx_word' id='word_1_832' title='bbox 457 5454 531 5518; x_wconf 91' lang='lat' dir='ltr'><strong>_eo</strong></span> <span class='ocrx_word' id='word_1_833' title='bbox 579 5439 746 5496; x_wconf 89' lang='lat' dir='ltr'><strong>etiam</strong></span> <span class='ocrx_word' id='word_1_834' title='bbox 797 5441 961 5518; x_wconf 83' lang='lat' dir='ltr'><strong>paulo</strong></span> <span class='ocrx_word' id='word_1_835' title='bbox 1010 5454 1624 5518; x_wconf 15' lang='lat' dir='ltr'><strong>postrargumentatur,</strong></span> <span class='ocrx_word' id='word_1_836' title='bbox 1675 5449 1817 5518; x_wconf 89' lang='lat' dir='ltr'><strong>quod</strong></span> 
     </span>
    </p>
   </div>
   <div class='ocr_carea' id='block_1_102' title="bbox 228 5506 1816 5581">
    <p class='ocr_par' dir='ltr' id='par_1_102' title="bbox 228 5506 1816 5581">
     <span class='ocr_line' id='line_1_102' title="bbox 228 5506 1816 5581; baseline 0.009 -22"><span class='ocrx_word' id='word_1_837' title='bbox 228 5506 374 5562; x_wconf 88' lang='lat' dir='ltr'><strong>idem</strong></span> <span class='ocrx_word' id='word_1_838' title='bbox 407 5511 472 5581; x_wconf 64' lang='lat' dir='ltr'><strong>ad</strong></span> <span class='ocrx_word' id='word_1_839' title='bbox 506 5520 768 5581; x_wconf 86' lang='lat' dir='ltr'><strong>utrosque</strong></span> <span class='ocrx_word' id='word_1_840' title='bbox 799 5506 989 5567; x_wconf 83' lang='lat' dir='ltr'><strong>l&#39;eccrit</strong></span> <span class='ocrx_word' id='word_1_841' title='bbox 1012 5506 1266 5580; x_wconf 45' lang='lat' dir='ltr'><strong>portitor?</strong></span> <span class='ocrx_word' id='word_1_842' title='bbox 1288 5521 1590 5572; x_wconf 76' lang='lat' dir='ltr'><strong>litterarum</strong></span> <span class='ocrx_word' id='word_1_843' title='bbox 1613 5506 1816 5574; x_wconf 65' lang='lat' dir='ltr'><strong>Otiosi-</strong></span> 
     </span>
    </p>
   </div>
   <div class='ocr_carea' id='block_1_103' title="bbox 228 5579 1815 5660">
    <p class='ocr_par' dir='ltr' id='par_1_103' title="bbox 228 5579 1815 5660">
     <span class='ocr_line' id='line_1_103' title="bbox 228 5579 1815 5660; baseline 0.01 -29"><span class='ocrx_word' id='word_1_844' title='bbox 228 5592 374 5637; x_wconf 74' lang='lat' dir='ltr'><strong>mus.</strong></span> <span class='ocrx_word' id='word_1_845' title='bbox 405 5579 606 5660; x_wconf 73' lang='lat' dir='ltr'><strong>Verum</strong></span> <span class='ocrx_word' id='word_1_846' title='bbox 639 5579 762 5650; x_wconf 80' lang='lat' dir='ltr'><strong>post</strong></span> <span class='ocrx_word' id='word_1_847' title='bbox 784 5583 1178 5660; x_wconf 80' lang='lat' dir='ltr'><strong>Theudmitutn</strong></span> <span class='ocrx_word' id='word_1_848' title='bbox 1213 5588 1541 5658; x_wconf 84' lang='lat' dir='ltr'><strong>interpretes</strong></span> <span class='ocrx_word' id='word_1_849' title='bbox 1563 5590 1815 5660; x_wconf 64' lang='lat' dir='ltr'><strong>plerique</strong></span> 
     </span>
    </p>
   </div>
   <div class='ocr_carea' id='block_1_104' title="bbox 227 5653 1812 5720">
    <p class='ocr_par' dir='ltr' id='par_1_104' title="bbox 227 5653 1812 5720">
     <span class='ocr_line' id='line_1_104' title="bbox 227 5653 1812 5720; baseline 0.01 -19"><span class='ocrx_word' id='word_1_850' title='bbox 227 5663 422 5703; x_wconf 84' lang='lat' dir='ltr'><strong>omnes</strong></span> <span class='ocrx_word' id='word_1_851' title='bbox 452 5653 730 5717; x_wconf 82' lang='lat' dir='ltr'><strong>aliquanto</strong></span> <span class='ocrx_word' id='word_1_852' title='bbox 769 5664 892 5720; x_wconf 87' lang='lat' dir='ltr'><strong>post</strong></span> <span class='ocrx_word' id='word_1_853' title='bbox 929 5656 1106 5709; x_wconf 84' lang='lat' dir='ltr'><strong>datam</strong></span> <span class='ocrx_word' id='word_1_854' title='bbox 1155 5653 1491 5716; x_wconf 77' lang='lat' dir='ltr'><strong>arbitrantur</strong></span> <span class='ocrx_word' id='word_1_855' title='bbox 1521 5653 1588 5716; x_wconf 81' lang='lat' dir='ltr'><strong>ad</strong></span> <span class='ocrx_word' id='word_1_856' title='bbox 1619 5653 1812 5717; x_wconf 75' lang='lat' dir='ltr'><strong>Colus-</strong></span> 
     </span>
    </p>
   </div>
   <div class='ocr_carea' id='block_1_105' title="bbox 221 5721 1812 5806">
    <p class='ocr_par' dir='ltr' id='par_1_105' title="bbox 221 5721 1812 5806">
     <span class='ocr_line' id='line_1_105' title="bbox 221 5721 1812 5806; baseline 0.008 -31"><span class='ocrx_word' id='word_1_857' title='bbox 221 5735 421 5806; x_wconf 44' lang='lat' dir='ltr'><strong>genset.</strong></span> <span class='ocrx_word' id='word_1_858' title='bbox 467 5721 803 5806; x_wconf 58' lang='lat' dir='ltr'><strong>Epistulam,</strong></span> <span class='ocrx_word' id='word_1_859' title='bbox 858 5739 985 5781; x_wconf 88' lang='lat' dir='ltr'><strong>cum</strong></span> <span class='ocrx_word' id='word_1_860' title='bbox 1031 5729 1243 5788; x_wconf 83' lang='lat' dir='ltr'><strong>scilicet</strong></span> <span class='ocrx_word' id='word_1_861' title='bbox 1281 5730 1510 5788; x_wconf 81' lang='lat' dir='ltr'><strong>Romam</strong></span> <span class='ocrx_word' id='word_1_862' title='bbox 1569 5734 1812 5790; x_wconf 82' lang='lat' dir='ltr'><strong>secundo</strong></span> 
     </span>
    </p>
   </div>
   <div class='ocr_carea' id='block_1_106' title="bbox 221 5788 824 5852">
    <p class='ocr_par' dir='ltr' id='par_1_106' title="bbox 221 5788 824 5852">
     <span class='ocr_line' id='line_1_106' title="bbox 221 5788 824 5852; baseline 0.003 -3"><span class='ocrx_word' id='word_1_863' title='bbox 221 5788 528 5850; x_wconf 83' lang='lat' dir='ltr'><strong>Onesimus</strong></span> <span class='ocrx_word' id='word_1_864' title='bbox 542 5788 824 5852; x_wconf 82' lang='lat' dir='ltr'><strong>rediissei.</strong></span> 
     </span>
    </p>
   </div>
   <div class='ocr_carea' id='block_1_107' title="bbox 1937 4675 3545 4750">
    <p class='ocr_par' dir='ltr' id='par_1_107' title="bbox 1937 4675 3545 4750">
     <span class='ocr_line' id='line_1_107' title="bbox 1937 4675 3545 4750; baseline 0 -21"><span class='ocrx_word' id='word_1_865' title='bbox 1937 4675 2068 4748; x_wconf 90' lang='lat' dir='ltr'><strong>quia</strong></span> <span class='ocrx_word' id='word_1_866' title='bbox 2097 4675 2182 4730; x_wconf 85' lang='lat' dir='ltr'><strong>vel</strong></span> <span class='ocrx_word' id='word_1_867' title='bbox 2224 4677 2417 4732; x_wconf 88' lang='lat' dir='ltr'><strong>eodem</strong></span> <span class='ocrx_word' id='word_1_868' title='bbox 2472 4686 2752 4746; x_wconf 83' lang='lat' dir='ltr'><strong>tempore,</strong></span> <span class='ocrx_word' id='word_1_869' title='bbox 2804 4675 2889 4732; x_wconf 87' lang='lat' dir='ltr'><strong>vel</strong></span> <span class='ocrx_word' id='word_1_870' title='bbox 2934 4685 3203 4750; x_wconf 68' lang='lat' dir='ltr'><strong>praesente</strong></span> <span class='ocrx_word' id='word_1_871' title='bbox 3248 4675 3545 4732; x_wconf 92' lang='lat' dir='ltr'><strong>Timotheo</strong></span> 
     </span>
    </p>
   </div>
   <div class='ocr_carea' id='block_1_108' title="bbox 1935 4769 3542 4846">
    <p class='ocr_par' dir='ltr' id='par_1_108' title="bbox 1935 4769 3542 4846">
     <span class='ocr_line' id='line_1_108' title="bbox 1935 4769 3542 4846; baseline 0.001 -20"><span class='ocrx_word' id='word_1_872' title='bbox 1935 4769 2282 4844; x_wconf 67' lang='lat' dir='ltr'><strong>caeterisque,</strong></span> <span class='ocrx_word' id='word_1_873' title='bbox 2312 4769 2530 4836; x_wconf 62' lang='lat' dir='ltr'><strong>dictata:</strong></span> <span class='ocrx_word' id='word_1_874' title='bbox 2564 4769 2696 4832; x_wconf 87' lang='lat' dir='ltr'><strong>sint.</strong></span> <span class='ocrx_word' id='word_1_875' title='bbox 2727 4769 2881 4839; x_wconf 92' lang='lat' dir='ltr'><strong>Quod</strong></span> <span class='ocrx_word' id='word_1_876' title='bbox 2913 4785 3014 4841; x_wconf 72' lang='lat' dir='ltr'><strong>ego</strong></span> <span class='ocrx_word' id='word_1_877' title='bbox 3038 4769 3243 4846; x_wconf 87' lang='lat' dir='ltr'><strong>duplici</strong></span> <span class='ocrx_word' id='word_1_878' title='bbox 3282 4786 3350 4836; x_wconf 80' lang='lat' dir='ltr'><strong>ex</strong></span> <span class='ocrx_word' id='word_1_879' title='bbox 3379 4783 3542 4828; x_wconf 77' lang='lat' dir='ltr'><strong>causa</strong></span> 
     </span>
    </p>
   </div>
   <div class='ocr_carea' id='block_1_109' title="bbox 1937 4861 3542 4936">
    <p class='ocr_par' dir='ltr' id='par_1_109' title="bbox 1937 4861 3542 4936">
     <span class='ocr_line' id='line_1_109' title="bbox 1937 4861 3542 4936; baseline 0.001 -21"><span class='ocrx_word' id='word_1_880' title='bbox 1937 4861 2134 4918; x_wconf 87' lang='lat' dir='ltr'><strong>factum</strong></span> <span class='ocrx_word' id='word_1_881' title='bbox 2169 4871 2326 4933; x_wconf 86' lang='lat' dir='ltr'><strong>puto;</strong></span> <span class='ocrx_word' id='word_1_882' title='bbox 2357 4872 2416 4917; x_wconf 89' lang='lat' dir='ltr'><strong>ut</strong></span> <span class='ocrx_word' id='word_1_883' title='bbox 2442 4871 2499 4918; x_wconf 92' lang='lat' dir='ltr'><strong>et</strong></span> <span class='ocrx_word' id='word_1_884' title='bbox 2526 4861 2775 4936; x_wconf 77' lang='lat' dir='ltr'><strong>Epistula</strong></span> <span class='ocrx_word' id='word_1_885' title='bbox 2806 4863 3070 4936; x_wconf 83' lang='lat' dir='ltr'><strong>majorem</strong></span> <span class='ocrx_word' id='word_1_886' title='bbox 3091 4861 3322 4928; x_wconf 81' lang='lat' dir='ltr'><strong>haberet</strong></span> <span class='ocrx_word' id='word_1_887' title='bbox 3347 4868 3542 4922; x_wconf 85' lang='lat' dir='ltr'><strong>aucto-</strong></span> 
     </span>
    </p>
   </div>
   <div class='ocr_carea' id='block_1_110' title="bbox 1936 4951 3542 5026">
    <p class='ocr_par' dir='ltr' id='par_1_110' title="bbox 1936 4951 3542 5026">
     <span class='ocr_line' id='line_1_110' title="bbox 1936 4951 3542 5026; baseline 0.002 -18"><span class='ocrx_word' id='word_1_888' title='bbox 1936 4952 2178 5020; x_wconf 88' lang='lat' dir='ltr'><strong>ritatem,</strong></span> <span class='ocrx_word' id='word_1_889' title='bbox 2211 4969 2332 5026; x_wconf 83' lang='lat' dir='ltr'><strong>quae</strong></span> <span class='ocrx_word' id='word_1_890' title='bbox 2356 4969 2464 5010; x_wconf 91' lang='lat' dir='ltr'><strong>non</strong></span> <span class='ocrx_word' id='word_1_891' title='bbox 2495 4953 2564 5018; x_wconf 78' lang='lat' dir='ltr'><strong>ab</strong></span> <span class='ocrx_word' id='word_1_892' title='bbox 2593 4967 2700 5018; x_wconf 86' lang='lat' dir='ltr'><strong>uno</strong></span> <span class='ocrx_word' id='word_1_893' title='bbox 2727 4952 3073 5014; x_wconf 88' lang='lat' dir='ltr'><strong>scribebatur</strong></span> <span class='ocrx_word' id='word_1_894' title='bbox 3098 4969 3114 5008; x_wconf 89' lang='lat'><strong>:</strong></span> <span class='ocrx_word' id='word_1_895' title='bbox 3143 4963 3200 5012; x_wconf 88' lang='lat' dir='ltr'><strong>et</strong></span> <span class='ocrx_word' id='word_1_896' title='bbox 3229 4953 3356 5026; x_wconf 86' lang='lat' dir='ltr'><strong>quia</strong></span> <span class='ocrx_word' id='word_1_897' title='bbox 3392 4951 3542 5020; x_wconf 83' lang='lat' dir='ltr'><strong>nulla</strong></span> 
     </span>
    </p>
   </div>
   <div class='ocr_carea' id='block_1_111' title="bbox 1995 5091 3524 5165">
    <p class='ocr_par' dir='ltr' id='par_1_111' title="bbox 1995 5091 3524 5165">
     <span class='ocr_line' id='line_1_111' title="bbox 1995 5091 3524 5165; baseline 0 -18"><span class='ocrx_word' id='word_1_898' title='bbox 1995 5091 2024 5132; x_wconf 71' lang='grc' dir='ltr'><strong>ι»</strong></span> <span class='ocrx_word' id='word_1_899' title='bbox 2049 5092 2244 5149; x_wconf 83' lang='lat' dir='ltr'><strong>Iisdem</strong></span> <span class='ocrx_word' id='word_1_900' title='bbox 2286 5093 2684 5165; x_wconf 86' lang='lat' dir='ltr'><strong>propemodum</strong></span> <span class='ocrx_word' id='word_1_901' title='bbox 2713 5093 2897 5151; x_wconf 87' lang='lat' dir='ltr'><strong>verbis</strong></span> <span class='ocrx_word' id='word_1_902' title='bbox 2941 5091 3524 5165; x_wconf 78' lang='lat' dir='ltr'><strong>Pseudo-Amhrosius</strong></span> 
     </span>
    </p>
   </div>
   <div class='ocr_carea' id='block_1_112' title="bbox 1924 5163 3529 5238">
    <p class='ocr_par' dir='ltr' id='par_1_112' title="bbox 1924 5163 3529 5238">
     <span class='ocr_line' id='line_1_112' title="bbox 1924 5163 3529 5238; baseline 0.002 -18"><span class='ocrx_word' id='word_1_903' title='bbox 1924 5163 2350 5238; x_wconf 66' lang='lat' dir='ltr'><strong>argumentatur</strong></span> <span class='ocrx_word' id='word_1_904' title='bbox 2375 5163 2546 5223; x_wconf 35' lang='lat' dir='ltr'><strong>:‘aliis</strong></span> <span class='ocrx_word' id='word_1_905' title='bbox 2584 5174 2902 5235; x_wconf 82' lang='lat' dir='ltr'><strong>episcopum</strong></span> <span class='ocrx_word' id='word_1_906' title='bbox 2933 5165 3167 5238; x_wconf 15' lang='lat' dir='ltr'><strong>quidem,</strong></span> <span class='ocrx_word' id='word_1_907' title='bbox 3191 5163 3529 5238; x_wconf 72' lang='lat' dir='ltr'><strong>Archippum</strong></span> 
     </span>
    </p>
   </div>
   <div class='ocr_carea' id='block_1_113' title="bbox 1922 5235 3534 5306">
    <p class='ocr_par' dir='ltr' id='par_1_113' title="bbox 1922 5235 3534 5306">
     <span class='ocr_line' id='line_1_113' title="bbox 1922 5235 3534 5306; baseline 0 -14"><span class='ocrx_word' id='word_1_908' title='bbox 1922 5235 2131 5302; x_wconf 87' lang='lat' dir='ltr'><strong>fuisse,</strong></span> <span class='ocrx_word' id='word_1_909' title='bbox 2174 5253 2280 5294; x_wconf 89' lang='lat' dir='ltr'><strong>non</strong></span> <span class='ocrx_word' id='word_1_910' title='bbox 2326 5248 2508 5295; x_wconf 88' lang='lat' dir='ltr'><strong>tanten</strong></span> <span class='ocrx_word' id='word_1_911' title='bbox 2555 5235 2966 5306; x_wconf 47' lang='lat' dir='ltr'><strong>Colossarum,</strong></span> <span class='ocrx_word' id='word_1_912' title='bbox 2993 5238 3091 5294; x_wconf 89' lang='lat' dir='ltr'><strong>sed</strong></span> <span class='ocrx_word' id='word_1_913' title='bbox 3149 5236 3436 5294; x_wconf 80' lang='lat' dir='ltr'><strong>Laodicea:</strong></span> <span class='ocrx_word' id='word_1_914' title='bbox 3477 5238 3534 5298; x_wconf 81' lang='lat' dir='ltr'><strong>in</strong></span> 
     </span>
    </p>
   </div>
   <div class='ocr_carea' id='block_1_114' title="bbox 1925 5307 3535 5381">
    <p class='ocr_par' dir='ltr' id='par_1_114' title="bbox 1925 5307 3535 5381">
     <span class='ocr_line' id='line_1_114' title="bbox 1925 5307 3535 5381; baseline -0.001 -20"><span class='ocrx_word' id='word_1_915' title='bbox 1925 5307 2185 5381; x_wconf 75' lang='lat' dir='ltr'><strong>Phrygia,</strong></span> <span class='ocrx_word' id='word_1_916' title='bbox 2223 5324 2544 5381; x_wconf 85' lang='lat' dir='ltr'><strong>persuasum</strong></span> <span class='ocrx_word' id='word_1_917' title='bbox 2579 5307 2705 5374; x_wconf 88' lang='lat' dir='ltr'><strong>l‘uit,</strong></span> <span class='ocrx_word' id='word_1_918' title='bbox 2733 5309 2879 5378; x_wconf 90' lang='lat' dir='ltr'><strong>quod</strong></span> <span class='ocrx_word' id='word_1_919' title='bbox 2914 5308 3212 5381; x_wconf 72' lang='lat' dir='ltr'><strong>minusest</strong></span> <span class='ocrx_word' id='word_1_920' title='bbox 3238 5308 3535 5381; x_wconf 84' lang='lat' dir='ltr'><strong>verosimi-</strong></span> 
     </span>
    </p>
   </div>
   <div class='ocr_carea' id='block_1_115' title="bbox 1925 5379 3530 5449">
    <p class='ocr_par' dir='ltr' id='par_1_115' title="bbox 1925 5379 3530 5449">
     <span class='ocr_line' id='line_1_115' title="bbox 1925 5379 3530 5449; baseline 0 -15"><span class='ocrx_word' id='word_1_921' title='bbox 1925 5379 2000 5434; x_wconf 90' lang='lat' dir='ltr'><strong>le.</strong></span> <span class='ocrx_word' id='word_1_922' title='bbox 2044 5379 2260 5434; x_wconf 37' lang='lat' dir='ltr'><strong>‘A’uctor</strong></span> <span class='ocrx_word' id='word_1_923' title='bbox 2290 5395 2421 5435; x_wconf 91' lang='lat' dir='ltr'><strong>vero</strong></span> <span class='ocrx_word' id='word_1_924' title='bbox 2464 5380 2775 5435; x_wconf 82' lang='lat' dir='ltr'><strong>Comment.</strong></span> <span class='ocrx_word' id='word_1_925' title='bbox 2834 5381 2884 5434; x_wconf 86' lang='lat' dir='ltr'><strong>in</strong></span> <span class='ocrx_word' id='word_1_926' title='bbox 2920 5380 3075 5435; x_wconf 88' lang='lat' dir='ltr'><strong>Pauli</strong></span> <span class='ocrx_word' id='word_1_927' title='bbox 3106 5379 3389 5449; x_wconf 82' lang='lat' dir='ltr'><strong>Epistolas</strong></span> <span class='ocrx_word' id='word_1_928' title='bbox 3427 5379 3530 5449; x_wconf 78' lang='lat' dir='ltr'><strong>sub</strong></span> 
     </span>
    </p>
   </div>
   <div class='ocr_carea' id='block_1_116' title="bbox 1924 5448 3532 5521">
    <p class='ocr_par' dir='ltr' id='par_1_116' title="bbox 1924 5448 3532 5521">
     <span class='ocr_line' id='line_1_116' title="bbox 1924 5448 3532 5521; baseline -0.003 -15"><span class='ocrx_word' id='word_1_929' title='bbox 1924 5450 2246 5521; x_wconf 86' lang='lat' dir='ltr'><strong>Hieronymi</strong></span> <span class='ocrx_word' id='word_1_930' title='bbox 2277 5450 2501 5507; x_wconf 88' lang='lat' dir='ltr'><strong>nomine</strong></span> <span class='ocrx_word' id='word_1_931' title='bbox 2526 5497 2540 5519; x_wconf 95' lang='lat'><strong>,</strong></span> <span class='ocrx_word' id='word_1_932' title='bbox 2584 5467 2723 5521; x_wconf 83' lang='lat' dir='ltr'><strong>quos</strong></span> <span class='ocrx_word' id='word_1_933' title='bbox 2757 5451 3037 5506; x_wconf 79' lang='lat' dir='ltr'><strong>exhibebit</strong></span> <span class='ocrx_word' id='word_1_934' title='bbox 3078 5448 3395 5520; x_wconf 79' lang='lat' dir='ltr'><strong>postremus</strong></span> <span class='ocrx_word' id='word_1_935' title='bbox 3421 5448 3532 5505; x_wconf 72' lang='lat' dir='ltr'><strong>To.</strong></span> 
     </span>
    </p>
   </div>
   <div class='ocr_carea' id='block_1_117' title="bbox 1924 5521 3531 5591">
    <p class='ocr_par' dir='ltr' id='par_1_117' title="bbox 1924 5521 3531 5591">
     <span class='ocr_line' id='line_1_117' title="bbox 1924 5521 3531 5591; baseline -0.002 -14"><span class='ocrx_word' id='word_1_936' title='bbox 1924 5539 2046 5577; x_wconf 88' lang='lat' dir='ltr'><strong>tuus</strong></span> <span class='ocrx_word' id='word_1_937' title='bbox 2080 5540 2092 5578; x_wconf 93' lang='lat'>:</span> <span class='ocrx_word' id='word_1_938' title='bbox 2135 5523 2232 5576; x_wconf 84' lang='lat' dir='ltr'><strong>llic</strong></span> <span class='ocrx_word' id='word_1_939' title='bbox 2254 5566 2266 5587; x_wconf 90' lang='lat'><strong>,</strong></span> <span class='ocrx_word' id='word_1_940' title='bbox 2302 5524 2508 5591; x_wconf 89' lang='lat' dir='ltr'><strong>inquit,</strong></span> <span class='ocrx_word' id='word_1_941' title='bbox 2537 5523 2784 5575; x_wconf 71' lang='lat' dir='ltr'><strong>diaconus</strong></span> <span class='ocrx_word' id='word_1_942' title='bbox 2816 5535 2944 5576; x_wconf 81' lang='lat' dir='ltr'><strong>erat.</strong></span> <span class='ocrx_word' id='word_1_943' title='bbox 2993 5523 3067 5576; x_wconf 87' lang='lat' dir='ltr'><strong>De</strong></span> <span class='ocrx_word' id='word_1_944' title='bbox 3104 5539 3209 5591; x_wconf 82' lang='lat' dir='ltr'><strong>quo</strong></span> <span class='ocrx_word' id='word_1_945' title='bbox 3245 5522 3315 5574; x_wconf 84' lang='lat' dir='ltr'><strong>ad</strong></span> <span class='ocrx_word' id='word_1_946' title='bbox 3349 5521 3531 5575; x_wconf 80' lang='lat' dir='ltr'><strong>Colos-</strong></span> 
     </span>
    </p>
   </div>
   <div class='ocr_carea' id='block_1_118' title="bbox 1919 5593 3534 5665">
    <p class='ocr_par' dir='ltr' id='par_1_118' title="bbox 1919 5593 3534 5665">
     <span class='ocr_line' id='line_1_118' title="bbox 1919 5593 3534 5665; baseline -0.001 -17"><span class='ocrx_word' id='word_1_947' title='bbox 1919 5611 2093 5648; x_wconf 70' lang='lat' dir='ltr'><strong>st’nses</strong></span> <span class='ocrx_word' id='word_1_948' title='bbox 2118 5596 2233 5648; x_wconf 82' lang='lat' dir='ltr'><strong>ait:</strong></span> <span class='ocrx_word' id='word_1_949' title='bbox 2268 5593 2435 5647; x_wconf 78' lang='lat' dir='ltr'><strong>Dicite</strong></span> <span class='ocrx_word' id='word_1_950' title='bbox 2467 5594 2730 5665; x_wconf 69' lang='lat' dir='ltr'><strong>Archippo</strong></span> <span class='ocrx_word' id='word_1_951' title='bbox 2765 5610 2784 5647; x_wconf 90' lang='lat'><strong><em>:</em></strong></span> <span class='ocrx_word' id='word_1_952' title='bbox 2824 5593 2952 5648; x_wconf 74' lang='lat' dir='ltr'><strong>Vide</strong></span> <span class='ocrx_word' id='word_1_953' title='bbox 2993 5595 3360 5665; x_wconf 61' lang='lat' dir='ltr'><strong>nutriatur-ium,</strong></span> <span class='ocrx_word' id='word_1_954' title='bbox 3391 5593 3534 5663; x_wconf 79' lang='lat' dir='ltr'><strong>quod</strong></span> 
     </span>
    </p>
   </div>
   <div class='ocr_carea' id='block_1_119' title="bbox 1919 5664 3528 5736">
    <p class='ocr_par' dir='ltr' id='par_1_119' title="bbox 1919 5664 3528 5736">
     <span class='ocr_line' id='line_1_119' title="bbox 1919 5664 3528 5736; baseline -0.003 -14"><span class='ocrx_word' id='word_1_955' title='bbox 1919 5667 2187 5733; x_wconf 63' lang='lat' dir='ltr'><strong>accepisti,</strong></span> <span class='ocrx_word' id='word_1_956' title='bbox 2219 5675 2274 5720; x_wconf 87' lang='lat' dir='ltr'><strong>ut</strong></span> <span class='ocrx_word' id='word_1_957' title='bbox 2320 5665 2455 5720; x_wconf 84' lang='lat' dir='ltr'><strong>illud</strong></span> <span class='ocrx_word' id='word_1_958' title='bbox 2485 5664 2723 5734; x_wconf 81' lang='lat' dir='ltr'><strong>imp/eus.</strong></span> <span class='ocrx_word' id='word_1_959' title='bbox 2752 5665 2986 5736; x_wconf 54' lang='lat' dir='ltr'><strong>Pri-pius</strong></span> <span class='ocrx_word' id='word_1_960' title='bbox 3012 5666 3079 5722; x_wconf 90' lang='lat' dir='ltr'><strong>ad</strong></span> <span class='ocrx_word' id='word_1_961' title='bbox 3107 5664 3266 5726; x_wconf 82' lang='lat' dir='ltr'><strong>ljtlcm</strong></span> <span class='ocrx_word' id='word_1_962' title='bbox 3287 5676 3371 5720; x_wconf 76' lang='lat' dir='ltr'><strong>eet</strong></span> <span class='ocrx_word' id='word_1_963' title='bbox 3404 5679 3528 5718; x_wconf 79' lang='lat' dir='ltr'><strong>llllll</strong></span> 
     </span>
    </p>
   </div>
   <div class='ocr_carea' id='block_1_120' title="bbox 1919 5737 3527 5810">
    <p class='ocr_par' dir='ltr' id='par_1_120' title="bbox 1919 5737 3527 5810">
     <span class='ocr_line' id='line_1_120' title="bbox 1919 5737 3527 5810; baseline 0.001 -20"><span class='ocrx_word' id='word_1_964' title='bbox 1919 5737 2158 5810; x_wconf 78' lang='lat' dir='ltr'><strong>episcOpi</strong></span> <span class='ocrx_word' id='word_1_965' title='bbox 2201 5737 2445 5794; x_wconf 84' lang='lat' dir='ltr'><strong>Colossis</strong></span> <span class='ocrx_word' id='word_1_966' title='bbox 2481 5738 2727 5810; x_wconf 68' lang='lat' dir='ltr'><strong>gessisse</strong></span> <span class='ocrx_word' id='word_1_967' title='bbox 2753 5740 2900 5810; x_wconf 84' lang='lat' dir='ltr'><strong>vices</strong></span> <span class='ocrx_word' id='word_1_968' title='bbox 2938 5751 3037 5808; x_wconf 88' lang='lat' dir='ltr'><strong>pro</strong></span> <span class='ocrx_word' id='word_1_969' title='bbox 3068 5737 3358 5810; x_wconf 80' lang='lat' dir='ltr'><strong>Epaphra,</strong></span> <span class='ocrx_word' id='word_1_970' title='bbox 3401 5751 3527 5792; x_wconf 87' lang='lat' dir='ltr'><strong>cum</strong></span> 
     </span>
    </p>
   </div>
   <div class='ocr_carea' id='block_1_121' title="bbox 1918 5807 2951 5881">
    <p class='ocr_par' dir='ltr' id='par_1_121' title="bbox 1918 5807 2951 5881">
     <span class='ocr_line' id='line_1_121' title="bbox 1918 5807 2951 5881; baseline 0.002 -15"><span class='ocrx_word' id='word_1_971' title='bbox 1918 5807 2011 5867; x_wconf 84' lang='lat' dir='ltr'><strong>hic</strong></span> <span class='ocrx_word' id='word_1_972' title='bbox 2035 5807 2226 5876; x_wconf 79' lang='lat' dir='ltr'><strong>Romae</strong></span> <span class='ocrx_word' id='word_1_973' title='bbox 2251 5817 2401 5874; x_wconf 72' lang='lat' dir='ltr'><strong>esset</strong></span> <span class='ocrx_word' id='word_1_974' title='bbox 2425 5809 2573 5881; x_wconf 88' lang='lat' dir='ltr'><strong>apud</strong></span> <span class='ocrx_word' id='word_1_975' title='bbox 2603 5809 2661 5870; x_wconf 75' lang='grc' dir='ltr'><strong>ὃ.</strong></span> <span class='ocrx_word' id='word_1_976' title='bbox 2696 5807 2951 5872; x_wconf 77' lang='lat' dir='ltr'><strong>Paulqu</strong></span> 
     </span>
    </p>
   </div>
  </div>
