4034 6404
411 289 519 351 007

1641 298 1701 356 8.
1746 290 2018 357 EUSEBlI
2055 291 2441 356 HIERONYMI

3620 306 3752 367 608

410 410 692 468 aemulatio
732 421 856 468 erat
884 409 1026 468 inter
1052 409 1330 481 apostolos
1353 451 1369 477 ,
1417 410 1464 467 si
1503 412 1629 482 quid
1663 413 1803 470 forte
1849 410 2016 468 Paulo
2044 411 2097 469 A
2122 414 2496 469 sermocinari.
2526 414 2737 472 Gratias
2758 432 2858 490 ago
2883 417 2992 473 Deo
3014 433 3127 474 meo
3149 436 3348 494 semper
3372 430 3419 490 α,
3455 431 3502 478 et
3538 441 3757 480 memo-

410 502 686 569 dictante.
722 505 814 558 alii
858 504 1080 575 spiritus
1132 504 1520 574 suggessisset,
1553 505 1759 577 absque
1792 507 1900 560 ulla
1933 506 2022 560 tri-

417 599 564 654 stitia
588 598 820 654 addebat
851 599 1047 651 Paulus
1074 598 1125 652 in
1156 597 1354 654 litteris
1376 599 1796 669 quasjdictabat.
1816 601 2023 658 Secun-

415 693 543 750 dum
575 692 628 748 id
658 693 803 764 quod
828 693 943 763 ipse
972 691 1275 748 Corinthiis
1299 697 1578 766 praecepit,
1605 706 1663 752 ut
1689 699 1734 752 si
1764 698 1877 753 alio
1899 713 2024 768 pro-

414 785 696 857 phetante,
725 785 816 839 alii
848 783 1012 840 fuerit
1035 787 1366 857 revelatum,
1405 799 1583 845 taceat
1609 789 1703 846 ille
1733 791 1825 860 qui
1871 791 2023 860 prius

414 876 838 950 prophetabat(l
866 877 990 933 Cor.
1027 878 1166 950 xw).
1196 879 1275 935 lta
1307 882 1421 952 ipse
1451 897 1667 953 quoque
1690 894 2022 955 praeceptum

412 985 572 1029 suum
604 985 772 1043 opere
801 971 1142 1043 complebat,
1189 982 1244 1029 et
1278 983 1503 1044 pr0pter
1538 991 1709 1046 pauca
1757 993 1880 1048 quae
1921 978 2027 1034 alio

413 1063 695 1121 addiderat
737 1059 1110 1145 suggerentﬁ’
1130 1074 1194 1120 ut
1224 1082 1378 1122 suam
1405 1113 1419 1136 ,
1453 1067 1525 1123 ita
1555 1069 1785 1124 alterius
1809 1085 2028 1140 quoque

415 1158 700 1227 epistolam
749 1157 1163 1228 praescribebat.
1197 1157 1516 1228 Philemoni,
1568 1161 1766 1231 inquit,
1814 1161 2024 1219 dilecto.

414 1247 533 1306 Non
567 1248 804 1305 habetur
833 1250 886 1303 in
917 1247 1109 1304 Grzeco
1139 1252 1474 1325 ἠγαπημένῳ,
1502 1251 1649 1324 quod
1693 1252 1914 1306 dilectus
1941 1252 2028 1307 di-

415 1344 578 1413 citur,
611 1342 709 1400 sed
736 1346 1010 1419 ἀγαπητῷ,
1043 1342 1096 1398 id
1127 1355 1234 1408 est,
1280 1343 1552 1416 diligibili.
1583 1345 2026 1417 lutergdilectum

415 1446 600 1493 autem
627 1447 684 1494 et
712 1437 1062 1508 diligibilem,
1087 1435 1192 1493 hoc
1221 1438 1476 1504 interest,
1498 1440 1642 1510 quod
1673 1439 1909 1496 dilectus
1937 1456 2032 1510 ap-

420 1527 612 1599 pellari
645 1538 830 1602 potest
870 1539 925 1586 et
967 1529 1056 1585 ille
1087 1530 1177 1602 qui
1208 1530 1561 1587 dilectionem
1611 1548 1719 1588 non
1768 1542 2029 1589 meretur.

422 1619 710 1692 Diligibilis
744 1636 878 1678 vero
910 1621 956 1677 is
990 1630 1196 1677 tantum
1221 1623 1311 1694 qui
1339 1624 1534 1678 merito
1565 1623 1833 1696 diligitur.
1869 1624 2035 1680 Deni-

418 1728 528 1786 que
581 1726 635 1770 et
686 1715 934 1772 inimicos
975 1726 1195 1772 nostros
1237 1717 1469 1788 diligere
1517 1718 1886 1790 praecipimur,
1939 1718 2033 1790 qui

2121 507 2253 559 riam
2295 507 2370 559 lui
2415 507 2633 578 faciens.
2676 507 2831 563 Hunc
2871 518 3053 566 autem
3101 527 3308 568 morem
3351 515 3636 571 scribendi
3679 517 3748 572 iu

2124 599 2403 654 nonnullis
2446 600 2700 670 epistolis
2753 601 2874 673 ejus
2921 605 3168 662 invenire
3224 608 3477 675 poteritis
3527 627 3541 662 :
3584 611 3746 680 quod

2124 705 2245 746 cum
2279 693 2498 762 plures,
2537 703 2594 749 et
2630 694 2701 748 ad
2741 695 2922 766 plures
2962 698 3122 771 751
3171 699 3222 754 in
3265 701 3588 770 prtefatione
3631 718 3748 772 po-

2126 796 2350 852 nantur,
2377 796 2567 858 postea
2592 803 2690 859 per
2717 797 2891 845 totum
2909 805 3108 860 corpus
3129 793 3412 864 Epistolas,
3437 813 3582 853 unus
3617 798 3746 853 dis-

2127 889 2324 949 putans
2370 881 2678 938 inducatur.
2722 882 2857 939 Illud
2905 884 3050 955 quod
3096 885 3165 941 ad
3209 886 3434 945 Galatas
3482 891 3747 949 scribens

2129 971 2424 1040 Apostolus
2452 974 2528 1028 ait
2569 992 2584 1030 :
2619 975 2670 1028 in
2703 974 2906 1031 Christi
2936 976 3043 1033 ﬁde
3074 979 3212 1034 nihil
3242 979 3476 1052 referre,
3515 985 3750 1055 gentilis

2127 1064 2200 1118 sit
2227 1065 2449 1134 aliquis,
2494 1081 2561 1120 an
2590 1065 2811 1122 Judzeus
2847 1087 2858 1121 :
2900 1069 3008 1135 vir,
3045 1085 3114 1124 an
3147 1071 3380 1128 mulier:
3413 1089 3630 1144 servus,
3665 1093 3743 1134 an

2130 1156 2270 1212 liber
2298 1155 2502 1228 (Colat.
2534 1175 2612 1224 ιιι,
2637 1158 2733 1230 28)
2765 1178 2778 1214 :
2809 1161 2973 1217 etiam
3009 1161 3060 1216 in
3095 1162 3198 1219 hoc
3229 1164 3350 1220 loco
3383 1169 3744 1238 perspicuum

2132 1248 2214 1304 ﬁt.
2241 1249 2388 1304 lnter
2407 1250 2544 1306 duos
2563 1253 2768 1323 quippe
2799 1252 2948 1309 viros
2969 1265 3019 1310 et
3049 1257 3409 1325 apostolicos,
3445 1259 3588 1317 inter
3606 1277 3753 1318 eoo-

2132 1351 2442 1412 peratorcm
2492 1343 2666 1408 Pauli,
2718 1352 2774 1399 et
2819 1346 3253 1403 commilitonem
3306 1348 3442 1419 ejus.
3488 1352 3739 1408 medium

2132 1433 2361 1505 Apphite
2392 1450 2590 1492 nomen
2625 1438 2884 1494 inseritur
2914 1457 2927 1492 :
2963 1447 3021 1494 ut
3043 1440 3133 1494 tali
3167 1438 3280 1512 [ΑΙ.
3310 1441 3454 1518 talis]
3479 1460 3544 1500 ex
3579 1454 3743 1502 utro-

2132 1543 2238 1600 que
2279 1530 2452 1586 latere
2498 1529 2631 1585 lulta
2671 1533 2932 1588 comitatu
2961 1577 2975 1602 ,
3023 1549 3130 1588 non
3180 1534 3431 1592 videatur
3483 1539 3741 1596 ordinem

2132 1635 2296 1677 sexus
2335 1621 2557 1686 habere.
2609 1624 2705 1679 sed
2744 1625 2951 1680 meriti.
2994 1625 3151 1694 Quod
3187 1635 3366 1683 autem
3412 1631 3510 1697 ait,
3555 1629 3744 1688 Gratia

2132 1715 2274 1770 vobis
2316 1726 2365 1770 et
2403 1734 2508 1787 pax
2553 1734 2584 1770 a
2637 1717 2747 1771 Deo
2798 1715 2953 1772 Patre
3001 1730 3201 1788 nostro,
3249 1730 3300 1775 et
3340 1720 3568 1778 Domino
3609 1723 3742 1781 Jesu

417 1817 548 1864 sunt
596 1810 761 1883 750
815 1809 1040 1879 dilecti,
1099 1811 1196 1866 sed
1240 1826 1346 1867 non
1403 1811 1716 1883 diligibiles.
1767 1812 2030 1868 Amamus
2057 1801 2109 1864 Β
2137 1805 2364 1873 Christo,
2398 1807 2577 1862 adhuc
2610 1825 2640 1862 a
2672 1807 2887 1864 duobus
2919 1809 2989 1865 ad
3027 1810 3212 1880 plures
3253 1813 3517 1870 scribitur
3543 1859 3560 1882 ,
3603 1818 3743 1874 etin

420 1903 622 1976 quippe
653 1905 800 1972 illos,
851 1920 958 1960 non
1006 1905 1131 1976 quia
1176 1907 1349 1961 amari
1396 1916 1708 1973 merentur,
1759 1907 1855 1962 sed
1904 1908 2030 1978 quia

419 1995 740 2068 praecipitur
769 2012 864 2054 eos
895 1998 1021 2054 odio
1051 2014 1164 2055 non
1196 1999 1491 2056 habendos.
1553 2000 1688 2056 Illud
1719 2016 1851 2058 vero
1886 2002 2031 2074 quod

421 2089 477 2146 in
526 2091 936 2164 quadragesimi
986 2094 1167 2165 quarti
1217 2094 1420 2150 Psalmi
1465 2094 1622 2150 titulo
1671 2106 2031 2166 praenotatur,

423 2200 519 2256 pro
548 2185 768 2251 dilecto,
805 2186 1006 2242 melius
1038 2186 1202 2242 habet
1253 2187 1304 2242 in
1338 2187 1554 2254 Graeco,
1608 2204 1704 2258 pro
1741 2187 1982 2260 diligibili
2015 2205 2034 2243 :

422 2275 514 2348 qui
555 2277 712 2333 locns
743 2275 1190 2334 manifestissime
1229 2280 1298 2334 de
1328 2279 1546 2335 Christo
1572 2279 1917 2351 intelligitur.
1947 2280 2036 2336 Li-

358 2395 368 2408 ε
423 2378 515 2425 cet
541 2370 689 2426 enim
714 2369 888 2426 Judaei
919 2387 1084 2427 IDIDIA
1115 2371 1362 2444 (ru-tm),
1382 2372 1488 2428 hoc
1512 2383 1619 2438 est,
1654 2382 1887 2427 amatum
1914 2373 2031 2439 Dei,

425 2458 775 2516 Salomonem
803 2461 910 2517 dici
941 2471 1152 2534 putent,
1183 2462 1327 2534 quod
1356 2463 1410 2518 ei
1433 2479 1461 2517 a
1490 2463 1605 2520 Deo
1629 2464 1698 2519 sit
1722 2465 1792 2520 ob
1819 2465 2036 2535 sapien-

427 2553 563 2610 tiam
596 2569 799 2612 nomen
833 2555 1146 2628 impositum
1181 2558 1248 2629 (ll
1277 2559 1410 2630 Reg.
1442 2561 1542 2631 xu)
1575 2578 1590 2616 :
1622 2569 1802 2617 tamen
1831 2572 2034 2616 amatus

429 2646 532 2704 Dei
558 2649 682 2720 quis
709 2650 883 2722 magis
910 2651 1018 2706 dici
1050 2661 1253 2723 potest,
1298 2652 1401 2708 nisi
1436 2654 1480 2709 is
1509 2653 1579 2708 de
1610 2669 1717 2724 quo
1757 2655 1809 2710 in
1854 2655 2034 2711 Evan-

429 2740 580 2812 gelio
611 2741 778 2798 Pater
808 2743 1084 2814 loquitur:
1127 2742 1228 2797 Hic
1257 2754 1331 2798 est
1379 2742 1554 2800 Filius
1600 2762 1745 2800 meus
1790 2746 2032 2814 dilectus,

432 2833 487 2886 in
515 2850 615 2903 quo
630 2834 757 2888 mihi
768 2833 895 2890 bene
915 2836 1208 2907 complacui
1221 2880 1235 2904 ,
1265 2837 1405 2891 hunc
1429 2841 1606 2892 audite
1627 2837 1794 2909 (Luc.
1821 2854 1898 2904 Ix,
1931 2837 2033 2912 56)

435 2924 688 2999 Denique
726 2936 780 2983 et
813 2929 865 2982 in
920 2926 1054 2983 [Saia
1112 2929 1184 2983 ita
1233 2929 1496 3000 scriptum
1542 2930 1706 2986 habet
1747 2947 1760 2984 :
1802 2930 2036 2984 Cantabo

430 3018 621 3073 dilecto
661 3020 921 3075 canticum
963 3021 1234 3094 diligibilis
1284 3022 1448 3078 uinea:
1486 3039 1636 3078 mete.
1694 3022 1859 3077 Vinea
1899 3026 2036 3093 facta

433 3122 508 3168 est
538 3114 728 3171 dilecto
760 3114 915 3185 (lsai.
945 3132 1002 3183 ν,
1034 3116 1110 3185 1).
1150 3119 1214 3171 lit
1243 3116 1347 3173 hoc
1369 3117 1722 3173 circumcisio
1747 3118 1816 3174 de
1839 3119 2038 3189 populo

2137 1901 2391 1956 omnibus
2422 1916 2566 1970 pene
2600 1901 2860 1972 Epistolis
2890 1901 2916 1941 δ
2945 1904 3161 1972 aequale
3189 1905 3517 1977 principium
3550 1918 3654 1977 est,
3685 1918 3747 1964 ut

2136 1995 2362 2064 gratiam
2392 1993 2472 2048 eis
2498 2001 2553 2048 et
2576 2008 2766 2062 pacem
2799 2009 2828 2048 a
2857 1993 2970 2050 Deo
2994 1995 3153 2051 Patre
3181 1989 3485 2052 et'Christo
3513 1998 3746 2056 Domino

2138 2085 2491 2157 imprecetur.
2527 2085 2607 2141 Ex
2637 2101 2746 2158 quo
2774 2086 3080 2142 ostenditur
3105 2104 3274 2144 unam
3302 2087 3426 2144 Filii
3451 2090 3746 2161 Patrisque

2137 2194 2258 2235 esse
2304 2187 2580 2244 naturam,
2613 2195 2734 2234 cum
2774 2179 2828 2235 id
2867 2189 3045 2251 potest
3087 2180 3256 2238 Filius
3288 2192 3552 2254 prmstarc
3595 2185 3744 2255 quod

2137 2272 2324 2337 Pater,
2355 2283 2410 2328 et
2435 2271 2637 2329 dicitur
2667 2272 2719 2328 id
2742 2272 2906 2329 Pater
2931 2284 3200 2344 praestare
3220 2276 3363 2346 quod
3394 2275 3586 2331 Filius.
3608 2277 3749 2332 Gra-

2137 2369 2212 2424 tia
2242 2377 2424 2423 autem
2453 2377 2560 2432 est,
2591 2381 2694 2438 qua
2719 2367 2872 2422 nullo
2895 2367 3098 2422 merito
3121 2383 3224 2424 nec
3247 2383 3413 2438 opere
3444 2369 3744 2428 salvamur.

2137 2462 2246 2518 Pax
2275 2503 2290 2527 ,
2321 2476 2426 2532 qua
2467 2460 2812 2516 reconciliati
2860 2462 2972 2516 Deo
3009 2476 3106 2531 per
3143 2460 3424 2518 Christum
3465 2478 3653 2523 sumus
3684 2472 3749 2521 ut

2137 2556 2209 2611 ibi
2260 2573 2274 2609 :
2325 2555 2668 2610 Obsecramus
2720 2571 2816 2627 pro
2869 2552 3118 2622 Christo,
3169 2555 3584 2612 reconciliamini
3628 2554 3745 2613 Deo

2141 2650 2212 2723 (ll
2241 2648 2362 2704 Cor.
2394 2667 2448 2716 v,
2478 2648 2596 2722 20).

2213 2742 2394 2814 (Vers.
2424 2742 2458 2796 4
2488 2741 2669 2815 seqq.)
2706 2738 2917 2796 Gratias
2955 2758 3055 2814 ago
3092 2741 3205 2796 Deo
3236 2759 3350 2797 meo
3378 2760 3601 2811 semper,
3633 2761 3744 2800 nie-

2137 2837 2356 2890 moriam
2387 2836 2462 2888 tui
2490 2836 2686 2907 faciens
2713 2836 2767 2889 in
2791 2835 3118 2890 orationibus
3143 2837 3287 2899 meis,
3321 2837 3538 2892 audiens
3568 2838 3746 2893 chari-

2139 2938 2292 2983 tatem
2323 2937 2486 2995 tuam,
2520 2936 2569 2982 et
2597 2927 2755 2998 ﬁdem
2781 2945 2938 2998 quant
2971 2927 3131 2984 habes
3161 2930 3214 2982 in
3245 2927 3470 2984 Domino
3509 2927 3664 2995 Iesu,
3695 2939 3744 2984 et

2139 3038 2313 3076 omnes
2342 3032 2547 3076 sanctos
2578 3024 2689 3094 ejus
2715 3038 2733 3075 :
2759 3031 2816 3074 ut
2843 3021 3245 3077 communicatio
3268 3021 3391 3091 ﬁdei
3415 3032 3517 3077 tua?
3537 3025 3746 3079 evidens

2141 3113 2235 3183 ﬁat
2262 3115 2314 3167 in
2357 3114 2622 3184 agnitione
2653 3113 2819 3166 omnis
2859 3113 3002 3181 boni,
3051 3113 3189 3179 quod
3230 3115 3282 3167 in
3327 3124 3350 3154 ε
3398 3114 3543 3169 vobis
3582 3124 3656 3169 (st
3691 3117 3746 3170 in

431 3207 661 3265 Judaico
689 3210 1069 3281 accipiendum
1099 3220 1316 3281 putans,
1350 3212 1573 3283 impegit
1606 3211 1659 3266 in
1695 3186 1930 3283 lapidem
1960 3213 2041 3268 oi-
2066 3186 2115 3252 α
2145 3205 2371 3261 Christo.
2402 3205 2659 3275 llaecjam
2686 3211 2792 3259 non
2825 3214 2885 3260 ut
2907 3204 3110 3260 Paulus
3132 3213 3189 3261 et
3203 3205 3544 3272 Timotheus,
3569 3207 3749 3264 Phile-

432 3299 721 3366 l‘ensionis,
747 3310 802 3358 et
823 3310 1032 3374 petram
1052 3301 1296 3357 scandali
1323 3320 1335 3354 :
1362 3317 1469 3357 non
1495 3303 1802 3372 recOgitans
1823 3304 2040 3360 vineam

434 3408 557 3465 qua:
581 3393 649 3450 de
679 3391 919 3468 Egypto
947 3394 1211 3450 translata
1235 3404 1338 3463 est,
1365 3410 1490 3451 esse
1518 3396 1739 3452 domum
1773 3397 1961 3467 lsrael,
1989 3408 2043 3455 et

435 3484 712 3542 Christum
741 3489 827 3543 hic
855 3488 966 3544 dici
991 3489 1078 3542 vel
1105 3488 1450 3559 diligibilem,
1484 3489 1569 3545 vel
1592 3491 1852 3546 dilectum
1880 3492 2040 3548 :dum

435 3586 490 3634 et
522 3578 640 3650 ipse
669 3579 818 3648 diligi
861 3590 1108 3636 meretur
1135 3595 1164 3633 a
1191 3581 1396 3635 sanctis
1420 3621 1435 3645 ,
1471 3593 1526 3636 et
1558 3583 1731 3638 sancti
1763 3599 1887 3639 eum
1920 3584 2046 3640 dili-

437 3683 596 3744 gunt,
645 3671 941 3728 oll'erentes
986 3671 1036 3728 ei
1082 3673 1258 3742 magis
1313 3672 1670 3741 charitatem,
1720 3691 1882 3746 quam
1937 3676 2043 3731 ulla

441 3764 550 3838 [ΑΙ.
603 3762 733 3837 alia]
777 3763 1062 3820 cbaritatis
1103 3767 1331 3836 praemia
1379 3765 1741 3834 postulantes.
1791 3768 2046 3826 Scribunt

438 3855 611 3925 igitur
644 3855 849 3912 Paulus
877 3865 932 3912 et
961 3855 1341 3921 Thimmheus,
1375 3855 1680 3914 Philemoni
1717 3859 2045 3916 charissima

442 3954 500 4002 et
547 3945 892 4016 coaperatori
938 3946 1072 4017 :qui
1125 3946 1249 4002 ideo
1297 3947 1656 4005 charissitnus
1703 3951 1880 4006 dictus
1921 3961 2042 4021 est,

440 4036 588 4108 quod
621 4037 674 4092 in
705 4038 899 4094 eodem
926 4036 1130 4095 Christi
1164 4054 1332 4111 opere
1354 4053 1635 4097 versetur.
1673 4043 1901 4113 Apphim
1933 4042 2041 4116 [ΑΙ.

443 4129 660 4204 Appiae]
689 4145 906 4202 quoque
943 4133 1146 4200 sorori,
1190 4147 1296 4188 non
1339 4133 1562 4189 habenti
1598 4136 1652 4190 in
1681 4150 1742 4191 se
1773 4135 1922 4191 falsa:
1949 4137 2049 4192 ali-

445 4224 603 4297 quid,
635 4233 693 4281 et
736 4227 875 4280 llctte
901 4225 1320 4296 germanitatis:
1363 4235 1419 4281 et
1463 4226 1746 4298 Archippo
1775 4229 2044 4284 commili-

445 4319 588 4384 toni,
618 4331 782 4389 quem
811 4317 1054 4373 arbitror
1081 4333 1204 4374 cum
1231 4317 1402 4374 Paulo
1427 4327 1484 4374 et
1504 4318 1835 4376 'l‘himotheo
1859 4331 2047 4378 contra

447 4410 799 4469 adversarios
822 4427 922 4483 pro
939 4412 1143 4468 Christi
1167 4414 1387 4470 nomine
1404 4414 1752 4472 dimicantem
1771 4417 2050 4475 exstitisse

440 4505 733 4569 victorem.
756 4515 810 4560 et
825 4516 1116 4577 propterea
1139 4507 1730 4564 nunccommilitonem
1750 4509 1881 4574 dici,
1906 4511 2047 4581 quod

447 4600 502 4656 in
529 4599 724 4656 eodem
755 4600 1056 4656 certamine
1082 4599 1340 4671 belloque
1375 4602 1742 4672 superaverit.
1776 4602 2049 4659 Scribitur
2073 4580 2131 4644 Ῑ)

445 4692 611 4750 etiam
649 4690 914 4748 Ecclesiae
949 4707 1072 4764 quae
1102 4692 1158 4748 in
1197 4691 1360 4749 domo
1389 4692 1511 4764 ejus
1551 4705 1658 4750 eSt.
1698 4693 1898 4750 Verum
1946 4696 2048 4751 hoc

445 4787 786 4860 ambiguum,
825 4796 1009 4843 utrum
1044 4787 1311 4844 Ecclesiae
1345 4803 1466 4859 qua:
1501 4787 1556 4842 in
1593 4787 1760 4844 domo
1790 4787 2049 4860 Archippi

446 4881 522 4937 sit
554 4898 571 4938 :
597 4895 667 4936 an
691 4879 743 4937 ei
776 4895 898 4952 qua:
930 4879 986 4936 in
1011 4878 1176 4936 domo
1205 4878 1565 4936 Philemonis.
1599 4879 1708 4937 Sed
1739 4880 1871 4937 mihi
1903 4881 2052 4936 vide-

444 4983 533 5032 tur
563 4991 670 5032 non
697 4975 766 5032 ad
798 4973 1084 5046 Archippi,
1107 4973 1205 5032 sed
1232 4973 1301 5028 ad
1331 4973 1667 5031 Philemonis
1698 4975 2049 5031 referendum

442 5083 568 5126 esse
599 5083 896 5141 personam
915 5107 931 5134 ,
961 5068 1049 5123 cui
1077 5067 1193 5138 ipsa
1224 5081 1446 5138 quoque
1471 5066 1702 5137 epistola
1741 5067 2051 5137 deputatur.

443 5162 578 5219 Nam
612 5163 742 5218 licet
784 5161 990 5217 Paulus
1016 5172 1073 5216 et
1095 5159 1456 5216 Thimotheus
1480 5160 1685 5231 pariter
1719 5159 1960 5216 scribant
1988 5161 2056 5216 ad

443 5255 847 5321 Philemonem,
891 5253 1124 5325 Appiam
1149 5299 1163 5322 ,
1217 5252 1578 5323 Archippum,
1613 5262 1670 5308 et
1709 5252 2054 5311 Ecclesiam:

450 5358 637 5406 tamen
675 5349 733 5406 in
782 5347 1136 5420 sequentibus
1180 5345 1518 5418 approbatur
1547 5345 1773 5402 Paulum
1820 5354 2060 5403 tantum-

451 5445 614 5502 modo
644 5444 712 5501 ad
739 5443 1114 5501 Philemonem
1160 5441 1406 5500 scribere
1428 5487 1443 5514 ,
1487 5450 1544 5500 et
1584 5457 1748 5498 unum
1792 5457 1920 5499 eum
1952 5458 2062 5500 uno

525 5682 548 5710 ι
583 5671 803 5728 Addunt
825 5672 998 5727 nostri
1028 5686 1160 5728 mss.
1186 5688 1281 5742 pro
1309 5671 1474 5736 vobis.
1507 5683 1642 5742 quas
1670 5668 1928 5726 nesciunt
1954 5683 2052 5725 vo-

445 5758 538 5800 ces
560 5743 787 5814 Graecus
809 5742 1014 5814 pariter
1041 5753 1242 5808 textus,
1273 5752 1433 5812 atque
1453 5742 1682 5814 Latinus
1709 5743 2015 5814 interpres.

495 5816 521 5855 δ
552 5813 758 5870 Vitiose
789 5810 1034 5869 Martian.
1068 5814 1217 5883 quale
1251 5832 1262 5844 ο
1297 5810 1438 5869 levia
1473 5813 1525 5869 id
1555 5827 1698 5883 genu
1719 5828 1745 5871 s
1780 5810 1890 5870 alia
1924 5827 2056 5886 pas-

2147 3299 2297 3355 moni
2325 3308 2379 3354 et
2407 3299 2653 3364 caeteris;
2685 3298 2781 3354 sed
2810 3308 2865 3353 ut
2886 3299 3038 3354 solus
3067 3298 3290 3367 Paulus,
3322 3301 3392 3356 ad
3415 3301 3591 3356 solum
3623 3301 3750 3356 Phi-

2147 3393 2417 3448 lemonem
2450 3393 2690 3464 loquitur
2730 3409 2744 3446 :
2788 3390 3021 3460 Gratias,
3068 3392 3346 3463 inquiens,
3369 3409 3469 3466 ago
3499 3391 3609 3448 Deo
3636 3410 3748 3448 meo

2145 3501 2344 3556 semper
2373 3483 2482 3555 [ΑΙ.
2517 3483 2670 3538 addit
2697 3481 2770 3555 et]
2800 3483 3098 3537 memoriam
3139 3483 3212 3537 tui
3243 3484 3440 3556 faciens
3470 3485 3524 3537 in
3555 3485 3750 3539 oratio-

2147 3579 2297 3632 nibus
2340 3579 2484 3633 meis.
2539 3577 2808 3648 Ambigue
2851 3592 2983 3633 vero
3031 3578 3261 3645 dictum,
3313 3587 3495 3634 utrum
3547 3579 3748 3650 gratias

2146 3683 2266 3743 agat
2308 3671 2420 3727 Deo
2456 3686 2556 3726 suo
2593 3686 2833 3743 semper,
2877 3685 2945 3726 an
2973 3671 3298 3727 memoriam
3331 3672 3450 3741 ejus
3491 3671 3650 3726 iaciat
3694 3673 3745 3727 in

2147 3765 2500 3821 orationibus
2537 3764 2653 3820 suis
2694 3779 2932 3836 semper.
2981 3764 3048 3819 Et
3080 3772 3370 3835 utrumque
3401 3764 3623 3834 intelligi
3657 3777 3752 3833 po-

2151 3867 2276 3913 test.
2308 3857 2408 3925 Qui
2441 3854 2586 3912 enim
2619 3857 2864 3927 principit
2892 3856 3014 3911 aliis
3038 3896 3054 3923 ,
3083 3865 3142 3911 ut
3170 3857 3223 3911 in
3255 3855 3520 3912 omnibus
3550 3856 3748 3927 gratias

2149 3959 2311 4020 agant
2335 3949 2470 4017 Deo,
2504 3949 2671 4004 nullis
2700 3947 2966 4019 angustiis
2998 3948 3195 4020 poterit
3221 3947 3517 4013 coarctari,
3538 3957 3596 4004 ut
3624 3963 3744 4018 gra-

2152 4045 2257 4098 tias
2295 4057 2513 4111 semper
2563 4041 2673 4096 Deo
2727 4041 2847 4114 ipse
2894 4056 3010 4096 non
3063 4040 3288 4097 referat.
3328 4039 3388 4098 Si
3438 4048 3619 4095 autem
3655 4053 3748 4109 pro

2151 4135 2379 4201 sanctis,
2403 4142 2458 4190 et
2483 4133 2804 4189 melioribus
2825 4133 3142 4204 quibusque
3162 4132 3368 4188 Paulus
3394 4148 3611 4202 semper
3635 4146 3750 4185 ora-

2150 4228 2244 4285 bat
2267 4233 2513 4294 (sanctus
2541 4235 2723 4281 autem
2755 4235 2810 4281 et
2835 4225 3122 4281 Philemon
3154 4234 3264 4293 est,
3308 4235 3515 4281 tantam
3550 4223 3750 4279 habens

2152 4321 2206 4376 in
2239 4334 2300 4376 se
2327 4318 2488 4374 tidem
2517 4329 2572 4374 et
2600 4317 2946 4387 charitatem,
2987 4327 3047 4373 ut
3084 4331 3192 4372 non
3231 4317 3410 4373 solum
3451 4314 3638 4370 auditu
3679 4313 3750 4379 ei,

2151 4413 2249 4470 sed
2277 4412 2441 4467 etiam
2467 4424 2635 4480 Opere
2666 4410 3014 4480 nosceretur)
3046 4420 3100 4465 et
3125 4425 3226 4482 pro
3253 4408 3569 4465 Philemone
3607 4423 3749 4463 sem-

2153 4521 2251 4577 per
2279 4519 2468 4560 orasse
2497 4503 2744 4570 Paulum,
2775 4502 3039 4558 credibile
3067 4511 3155 4558 est
3187 4519 3200 4556 :
3230 4515 3340 4573 quo
3370 4502 3584 4558 scilicet
3623 4500 3751 4555 lldes

2155 4613 2209 4656 et
2239 4600 2481 4656 charitas
2507 4611 2671 4668 quam
2722 4596 2958 4653 habebat
3001 4597 3054 4652 in
3093 4595 3335 4660 Christo,
3373 4605 3430 4652 et
3471 4595 3525 4650 in
3566 4609 3754 4650 omnes

2155 4693 2317 4766 752
2345 4701 2562 4748 sanctos
2590 4689 2710 4760 ejus
2734 4732 2749 4756 ,
2791 4704 2891 4759 per
2917 4689 3469 4745 communicationem
3502 4686 3627 4742 ﬁdei
3645 4727 3660 4753 ,
3697 4694 3752 4741 et

2155 4788 2534 4857 operationem
2565 4784 2858 4857 agnitionis
2890 4783 2945 4840 in
2977 4783 3126 4840 omni
3161 4782 3332 4849 hono,
3359 4779 3561 4837 Christi
3592 4781 3752 4836 mise-

2157 4880 2388 4938 ricordia
2439 4889 2789 4944 servaretur;
2839 4887 2893 4934 et
2922 4877 2992 4934 de
3031 4878 3304 4934 charitate
3335 4875 3553 4949 quidem
3596 4890 3752 4946 quam

2157 4975 2394 5031 habebat
2426 4974 2480 5028 in
2511 4972 2736 5028 Christo
2764 4971 2915 5038 .lesu,
2961 4981 3018 5028 et
3055 4972 3110 5027 in
3139 4985 3330 5027 omnes
3369 4979 3587 5026 sanctos
3619 4969 3750 5038 ejus,

2157 5082 2269 5124 non
2293 5065 2538 5122 difﬁcilis
2587 5064 2970 5136 interpretatio
2999 5072 3084 5119 est
3111 5080 3125 5116 :
3154 5079 3258 5132 qua
3287 5070 3414 5132 post
3433 5062 3600 5117 Deum
3630 5058 3754 5114 dili-

2159 5174 2288 5230 gere
2315 5157 2571 5229 jubemus
2593 5164 2649 5212 et
2673 5155 2979 5227 proximos.
3007 5153 3163 5208 Nunc
3193 5153 3299 5208 hoc
3320 5152 3603 5225 quaeritur,
3629 5165 3755 5219 quo-

2160 5251 2322 5310 modo
2368 5250 2618 5306 eamdem
2664 5248 2826 5304 ﬁdem
2876 5248 2929 5304 in
2967 5245 3188 5302 Christo
3219 5245 3352 5301 Jesu
3401 5243 3602 5299 habere
3641 5243 3754 5311 quis

2162 5345 2356 5417 possit,
2391 5351 2447 5400 et
2484 5342 2538 5398 in
2582 5350 2801 5397 sanctos
2826 5341 2975 5411 ejus;
3012 5341 3114 5396 ἀπὸ
3151 5346 3320 5396 κοινοῦ
3357 5337 3500 5393 enim
3546 5341 3757 5390 resonat

2163 5439 2485 5498 charitatem
2514 5451 2679 5510 quam
2729 5435 2898 5491 habes
2923 5435 2976 5491 in
3003 5434 3236 5490 Domino
3253 5431 3475 5502 Jesu,et
3499 5430 3550 5485 in
3573 5441 3755 5486 omnes

2154 5669 2260 5724 sim
2283 5665 2638 5734 castigantur.

2233 5750 2254 5776 ε
2289 5725 2682 5792 Οὶεῑὲτοίεηερε
2722 5747 2884 5804 mss.,
2923 5733 2977 5791 in
3027 5731 3195 5789 nobis.
3229 5728 3420 5788 Variat
3456 5737 3513 5786 et
3541 5725 3753 5784 Graecus

2159 5816 2365 5877 textus,
2395 5808 2521 5877 ὑμῖν
2546 5814 2601 5862 et
2628 5808 2773 5873 ἡμῖν.
