4034 6382
480 257 582 329 litt

1736 265 1793 322 S.
1838 259 2111 322 EUSEBII
2148 261 2535 322 l-llERONYMl

3687 255 3798 323 θη

479 374 634 454 boni,
668 394 721 441 et
745 385 798 440 in
833 379 1152 438 Philemone
1183 377 1457 445 laudatur,
1501 385 1557 434 et
1597 377 1669 434 de
1702 379 2071 449 apostolorum
2102 373 2151 443 Α
2180 380 2544 436 ministerium
2581 377 2684 434 nisi
2722 375 3009 450 Evangelii
3035 373 3241 433 Christi
3272 363 3483 450 Jesu?)
3531 374 3646 448 iam
3677 394 3793 434 non

479 477 737 548 exemplo
770 475 999 530 sumitur
1035 491 1045 526 :
1099 471 1228 528 inde
1277 471 1480 527 bonum
1521 470 1615 537 sit,
1649 469 1774 540 quia
1816 469 1883 525 de
1925 471 2079 526 fonte

480 572 682 630 Christi
714 570 962 624 ducatur.

549 662 568 736 (
598 649 752 716 Vcrs.
803 661 856 715 7.
882 655 900 730 )
931 657 1194 714 Gaudium
1224 657 1354 712 enim
1382 671 1634 726 maguum
1682 655 1981 719 habuimus,
2032 666 2078 710 et

478 756 879 811 coniolationem
909 755 963 808 in
991 749 1248 808 charitatc
1270 763 1381 818 tua,
1405 752 1530 822 quia
1553 751 1751 806 viscera
1779 760 2081 805 sanctorum

476 849 833 922 requieverunt
875 865 966 922 per
1008 860 1079 916 te,
1113 848 1299 919 frater.
1332 843 1555 903 Plenius
1596 845 1834 902 inculcat
1863 856 1918 902 et
1944 845 2080 902 edo-

475 953 582 1010 cet,
609 958 783 1014 quare
809 939 1013 999 diaerit
1036 960 1050 997 :
1077 931 1289 998 Gratias
1316 957 1414 1014 ago
1445 939 1552 996 Deo
1581 955 1715 1009 meo,
1748 955 1948 1011 semper
1975 955 2083 995 nte-

474 1036 692 1091 moriam
720 1035 796 1090 tui
826 1025 1020 1098 faciens
1050 1023 1106 1088 in
1161 1032 1488 1088 orationibus
1536 1033 1682 1086 meis.
1738 1031 1968 1103 Dignum
2008 1030 2083 1087 si-

473 1119 695 1202 quidem
722 1121 843 1187 erat
877 1143 1043 1200 agere
1071 1128 1277 1198 gratias
1317 1115 1429 1183 Deo
1459 1141 1624 1196 super
1648 1123 1912 1181 charitatc
1953 1124 2084 1181 Phi-

475 1222 734 1290 lemonis,
762 1221 853 1294 qui
883 1222 1160 1276 internum
1191 1217 1374 1276 cordis
1410 1217 1663 1274 aliectum
1692 1259 1708 1286 ,
1757 1225 1814 1274 et
1855 1217 2083 1288 prol‘un-

476 1319 579 1374 dos
609 1317 780 1373 animi
833 1323 1149 1372 sanctorum
1181 1327 1435 1372 recessus
1468 1311 1819 1384 suscipiendo
1866 1308 2081 1366 reiece-

475 1423 582 1466 rat.
613 1401 678 1465 Et
707 1409 811 1465 hoc
857 1407 1061 1465 idioma
1090 1397 1454 1479 apostolicum
1487 1415 1602 1472 est;
1636 1415 1696 1462 ut
1747 1420 1966 1476 semper
2005 1404 2083 1459 vi-

475 1519 630 1560 scera
654 1513 840 1569 vocet,
866 1493 1062 1559 volens
1093 1483 1310 1573 plenam
1337 1501 1538 1558 mentis
1577 1498 1870 1556 ostendere
1896 1497 2080 1555 chari-

480 1606 668 1654 tatem.
716 1585 870 1653 Unde
910 1583 1153 1667 gaudens
1183 1610 1305 1651 cum
1347 1582 1734 1665 gaudentibus,
1766 1600 1970 1647 etcum
2000 1591 2082 1646 his

476 1691 567 1761 qui
598 1691 1017 1760 requieverant,
1070 1702 1130 1744 se
1164 1687 1428 1743 reiecmm
1471 1700 1592 1742 esse
1617 1685 1884 1740 credens:
1917 1683 2080 1755 755

2183 471 2340 542 quasi
2361 489 2390 527 a
2421 470 2668 537 domino,
2701 469 2798 526 sed
2820 469 2977 542 quasi
3011 485 3038 523 a
3067 484 3360 538 conservo,
3393 481 3449 526 et
3478 485 3798 543 coex'angc-

2184 565 2327 631 lista,
2361 561 2741 635 ignoscerelur
2767 563 2842 629 ei,
2873 562 2963 633 qui
2990 577 3190 618 servus
3217 563 3368 618 esset
3395 559 3605 619 Christi
3626 564 3796 619 simi-

2183 657 2307 712 liter
2331 667 2385 712 et
2413 657 2682 712 minister.

2255 750 2444 824 (Vers.
2481 751 2567 810 10.
2601 748 2801 822 seqq.)
2837 749 3063 806 Obsecro
3113 758 3162 806 te
3190 751 3254 806 de
3285 767 3398 806 meo
3448 743 3564 821 ﬁlia
3591 797 3606 822 ,
3639 770 3800 824 quem.

2183 844 2336 916 genui
2384 844 2437 898 in
2476 831 2643 916 756
2670 841 2912 912 rinculis,
2942 842 3187 899 Onesimo
3211 887 3228 912 ,
3264 845 3354 916 qui
3381 843 3474 899 tibi
3502 845 3797 918 aliquando

2178 938 2383 995 inutilis
2431 938 2565 1009 fuit;
2595 955 2730 993 nunc
2756 947 2928 992 autem
2957 945 3006 993 et
3053 937 3148 993 tibi
3182 979 3197 1005 ,
3246 949 3292 994 et
3322 937 3449 993 mihi
3477 939 3622 994 utilis
3658 949 3738 994 est
3775 955 3797 994 :

2182 1047 2334 1104 quem
2361 1030 2535 1086 remisi
2563 1031 2675 1086 tibi.
2708 1019 2788 1085 Tn
2831 1041 3006 1086 autem
3034 1030 3212 1099 illum,
3242 1031 3298 1086 id
3325 1043 3400 1088 est
3425 1049 3541 1087 mea
3565 1035 3792 1102 uiscera,

2183 1127 2404 1198 suscipe,
2432 1133 2585 1196 quem
2606 1142 2700 1200 ego
2724 1127 2994 1180 volueram
3025 1142 3226 1181 mecum
3247 1126 3500 1194 detinere,
3533 1133 3589 1182 ut
3617 1145 3713 1201 pro
3744 1137 3800 1184 te

2183 1217 2310 1272 mihi
2349 1217 2670 1274 ministraret
2714 1217 2768 1271 in
2796 1217 3017 1272 vinculis
3044 1214 3342 1291 Evangelii.
3379 1213 3578 1275 Volens
3608 1219 3797 1292 impe-

2184 1315 2330 1364 trare
2363 1308 2508 1378 quod
2542 1308 2802 1378 postulat,
2829 1307 2940 1380 jam
2971 1323 3081 1365 non
3108 1325 3209 1381 pro
3234 1326 3393 1367 servo
3420 1309 3795 1380 Philemonis,

2183 1399 2278 1455 sed
2309 1413 2408 1470 pro
2440 1398 2554 1456 lilio
2582 1416 2685 1457 suo
2728 1416 2787 1457 se
2816 1401 3016 1459 asserit
3046 1401 3367 1474 deprecari;
3417 1415 3467 1461 et
3497 1405 3564 1461 de
3591 1404 3689 1462 illo
3718 1403 3797 1460 ti-

2184 1489 2258 1550 lio
2304 1509 2469 1564 quem
2517 1496 2771 1566 genuerit
2808 1496 2864 1551 in
2891 1495 3124 1551 vinculis
3177 1489 3503 1569 Evangelii,
3531 1497 3640 1554 hoc
3663 1505 3796 1566 est,

2183 1603 2306 1660 quae
2327 1602 2427 1658 pro
2457 1586 2659 1644 Christi
2691 1585 2991 1661 Evangelia
3015 1585 3360 1646 sustinebat:
3392 1589 3629 1661 quicum
3655 1601 3796 1648 ante

2184 1683 2389 1738 inutilis
2407 1681 2632 1738 domino
2653 1697 2754 1738 suo
2778 1691 2984 1738 tantum
3000 1681 3306 1754 fuerit(nec
3317 1683 3463 1740 enim
3482 1699 3678 1740 servus
3703 1684 3796 1740 fur

481 1780 647 1838 habet
696 1780 940 1837 lwlitiam
992 1794 1101 1836 non
1150 1779 1520 1835 transitoriam
1568 1785 1621 1832 et
1652 1776 1848 1842 levem,
1874 1787 1930 1832 et
1957 1791 2080 1847 quae
2109 1789 2159 1850 Β
2184 1783 2347 1848 atque
2378 1777 2633 1848 fugitivus
2661 1777 2820 1834 alteri
2849 1778 3072 1846 nocuit,
3107 1777 3212 1833 nisi
3239 1777 3465 1835 domino
3492 1781 3616 1851 suo)
3645 1796 3798 1837 nunc

480 1877 704 1932 fortuito
731 1878 906 1947 possit
935 1873 1223 1938 accidere;
1257 1871 1354 1927 sed
1377 1887 1651 1942 magnam,
1675 1879 1729 1926 et
1759 1878 1925 1940 prout
1963 1878 2084 1926 erat

480 1967 533 2022 in
563 1966 888 2024 Philemone
915 1967 1180 2034 charitas,
1233 1964 1566 2021 eminentem
1603 1981 1616 2017 :
1651 1979 1809 2034 quam
1852 1963 2083 2034 augebat

479 2051 792 2119 consolatio
822 2075 990 2134 super
1041 2058 1384 2116 Philemonis
1423 2056 1691 2113 charitatc
1720 2056 2083 2122 descendens,

479 2155 638 2227 plena
671 2171 701 2210 a
733 2153 893 2212 Patre
921 2152 1446 2218 misericordiarum,
1474 2159 1530 2205 et
1556 2149 1670 2205 Deo
1703 2149 1870 2205 totius
1891 2162 2088 2204 conso-

481 2245 724 2304 lationis.

554 2340 574 2413 (
599 2331 754 2396 Vers.
785 2327 840 2406 8,
864 2337 960 2408 9.)
1010 2335 1237 2407 Propter
1264 2337 1403 2408 quod
1447 2335 1665 2390 multam
1693 2333 1943 2405 ﬁduciam
1986 2329 2084 2386 Ita-

482 2433 602 2488 bens
630 2433 684 2487 in
707 2428 914 2486 Christo
940 2427 1095 2496 Jesu,
1126 2427 1426 2499 imperandi
1449 2428 1543 2482 tibi
1563 2427 1703 2499 quod
1734 2426 1940 2498 prodest
1966 2442 2089 2497 pro-

476 2537 593 2603 pter
616 2522 922 2578 cltaritatent
952 2538 971 2577 :
999 2522 1163 2593 magis
1191 2521 1424 2590 obsecro,
1448 2538 1565 2575 cum
1589 2521 1658 2576 sis
1689 2521 1835 2588 talis,
1857 2528 1914 2574 ut
1944 2517 2090 2572 Pau-

480 2616 564 2672 lus
592 2632 749 2672 senea:
773 2632 794 2671 :
818 2631 954 2670 nunc
977 2624 1152 2669 autem
1181 2624 1229 2668 et
1257 2615 1461 2668 vinctus
1484 2611 1612 2668 Iesu
1654 2611 1869 2669 Christi.
1903 2610 2089 2666 Multis

471 2696 534 2768 in
564 2709 941 2767 Philemonem
967 2708 1222 2764 laudibus
1245 2719 1372 2762 ante
1395 2704 1716 2779 prtcmissis,
1740 2719 1862 2760 cum
1893 2718 1982 2760 res
2011 2715 2087 2758 ta-

481 2804 551 2861 lis
581 2804 693 2872 sit,
738 2819 836 2876 pro
864 2817 969 2874 qua
1021 2811 1248 2872 rogatus
1293 2809 1412 2870 est,
1471 2815 1592 2870 qua:
1621 2809 1676 2856 et
1709 2798 1987 2868 praestanti
2018 2796 2091 2852 sit

482 2897 629 2954 utilis
679 2906 733 2953 et
783 2897 1019 2968 roganti,
1054 2903 1269 2964 poterat
1318 2885 1522 2948 Paulus
1565 2890 1738 2962 magis
1767 2889 2042 2961 imperare
2071 2928 2086 2956 ,

480 3008 641 3064 quam
673 2998 880 3063 petere.
909 2988 978 3044 Et
1009 2987 1112 3044 hoc
1153 3003 1218 3043 ex
1252 2986 1445 3042 ﬁducia
1497 2985 1590 3041 illa
1639 2984 1912 3051 veniebat,
1939 2982 2086 3054 quod

480 3074 571 3160 qui
629 3095 776 3141 tanta
827 3083 898 3139 ob
954 3073 1233 3138 Christum
1266 3095 1432 3152 opera
1463 3087 1844 3151 perpetrarat,
1903 3077 2089 3146 utique

2164 1873 2500 1928 econtrario
2523 1869 2776 1927 utilitatis
2804 1873 3273 1944 compensatione,
3296 1889 3400 1944 qua
3428 1872 3535 1944 ipsi
3563 1871 3796 1932 domino

2188 1971 2247 2020 et
2298 1961 2469 2021 Paulo
2501 1965 2649 2021 utilis
2696 1974 2826 2033 est,
2860 1967 3187 2039 cazte'risqne
3234 1982 3330 2039 per
3361 1965 3590 2025 Paulum
3617 2011 3634 2037 ,
3670 1969 3796 2040 plus

2187 2057 2470 2114 charitatis
2511 2067 2777 2126 meretur,
2808 2074 2968 2131 quam
2999 2053 3110 2114 odii
3143 2071 3270 2117 ante
3295 2069 3600 2118 meruerat.
3635 2060 3795 2119 Unde

2188 2152 2298 2207 ait:
2331 2151 2432 2220 Qui
2454 2152 2547 2208 tibi
2574 2143 2854 2224 aliquando
2886 2155 3083 2210 inutilis
3111 2150 3394 2228 fuit.lTibi,
3422 2153 3622 2227 inQuit,
3647 2157 3789 2224 soli;

2189 2259 2300 2300 non
2329 2246 2542 2301 creteris
2567 2262 2582 2300 :
2612 2261 2756 2302 nunc
2786 2256 2965 2303 autem
2993 2256 3046 2303 et
3067 2235 3228 2314 mihi,
3258 2257 3315 2304 et
3341 2247 3437 2303 tibi
3470 2247 3639 2304 utilis.
3672 2248 3796 2306 Uti-

2188 2336 2256 2392 lis
2276 2335 2500 2392 domino
2524 2338 2578 2392 in
2602 2353 2693 2404 eo,
2721 2340 2844 2408 quia
2863 2348 3046 2407 posset
3071 2351 3125 2395 et
3147 2337 3317 2395 Paulo
3333 2340 3544 2396 servire
3568 2355 3669 2412 pro
3689 2341 3793 2399 do-

2191 2429 2338 2484 mino
2356 2443 2454 2484 suo
2470 2446 2484 2496 ;
2502 2429 2668 2484 Paulo
2689 2446 2822 2487 vero
2852 2432 2909 2488 in
2927 2447 2993 2488 eo
3012 2432 3156 2488 utilis
3175 2451 3188 2487 :
3207 2432 3330 2504 quia
3356 2433 3447 2489 illo
3466 2434 3518 2490 in
3541 2449 3786 2503 carcere,

2189 2521 2534 2594 vinculisque
2564 2522 2790 2578 detento
2813 2564 2829 2592 ,
2877 2533 3062 2594 posset
3090 2526 3140 2580 ei
3193 2524 3246 2580 in
3278 2523 3579 2598 Evangelio
3624 2527 3792 2585 mini-

2189 2625 2387 2671 strare.
2418 2614 2590 2670 Simul
2621 2626 2803 2671 autem
2835 2616 3218 2672 admirandum
3241 2617 3310 2672 de
3340 2617 3792 2690 magnanimitate

2189 2706 2460 2779 Apostoli,
2492 2716 2547 2763 et
2593 2707 2646 2763 in
2695 2708 2974 2765 Christum
3006 2719 3192 2766 mente
3221 2709 3506 2767 ferventis.
3545 2709 3791 2770 Tenetur

2189 2801 2244 2856 in
2295 2807 2519 2857 carcere
2540 2842 2556 2869 ,
2590 2801 2818 2857 vinculis
2846 2802 3141 2874 stringitur
3168 2844 3185 2872 ,
3216 2804 3470 2876 sqtaalore
3499 2808 3746 2878 corporis
3772 2850 3789 2877 ,

2188 2894 2483 2952 charorum
2513 2897 2882 2969 separatione,
2938 2897 3248 2970 pmnalibus
3276 2899 3517 2955 tenebris
3539 2910 3791 2958 coarcta-

2188 2999 2298 3057 tur,
2353 3000 2544 3046 etnon
2590 2991 3065 3063 sentitinjnriam,
3120 3009 3227 3049 non
3269 2992 3460 3050 dolore
3484 2989 3786 3066 cruciatur,

2191 3081 2325 3138 nihil
2351 3084 2502 3139 novit
2527 3083 2695 3152 aliud,
2729 3085 2832 3140 nisi
2861 3085 2929 3141 de
2953 3082 3158 3142 Christi
3193 3083 3491 3159 EVange'lio
3520 3087 3788 3164 cogitare.

480 3181 655 3252 impar
681 3178 764 3233 sui
797 3177 852 3233 in
897 3177 1113 3232 cazteris
1144 3189 1269 3232 esse
1300 3190 1408 3230 non
1432 3183 1667 3246 poterat.
1697 3173 1807 3230 Sed
1837 3172 1951 3228 vnlt
1972 3187 2085 3226 ma—
2113 3167 2158 3239 C
2189 3174 2410 3232 Sciebat
2433 3191 2676 3243 servum,
2702 3175 2908 3232 sciebat
2932 3178 3465 3250 iugitivum,sciebat
3494 3179 3790 3252 aliquando

478 3274 563 3350 gis
593 3283 784 3347 petere
811 3287 974 3344 quam
1003 3269 1221 3343 jubere,
1263 3267 1454 3340 grandi
1489 3267 1726 3338 petentis
1756 3266 2084 3323 auctoritate

481 3368 798 3442 proposita;
836 3381 935 3438 per
984 3381 1146 3438 quam
1177 3371 1235 3421 et
1263 3357 1560 3435 Apostolus
1586 3363 1862 3429 obsecrat,
1916 3371 1971 3418 et
1997 3375 2086 3417 se-

481 3476 588 3518 nex
618 3468 672 3517 et
701 3459 914 3516 vinctus
943 3459 1074 3514 Jesu
1128 3455 1356 3510 Christi.
1391 3453 1588 3508 Tutum
1619 3464 1802 3509 autem
1847 3468 1944 3524 pro
1975 3467 2084 3523 quo

478 3562 655 3623 rogat,
688 3548 827 3606 illud
861 3559 946 3603 est
981 3565 993 3601 :
1027 3545 1320 3602 Onesimus
1365 3547 1560 3600 servus
1599 3542 1960 3609 Philemonis,
2004 3543 2086 3598 lu-

478 3663 602 3720 gam
633 3637 780 3702 furto
826 3642 1116 3698 cnmulans
1147 3638 1395 3711 quaedam
1425 3638 1505 3695 rei
1535 3637 1849 3694 domesticce
1877 3637 2086 3708 compi-

480 3741 623 3795 larat
655 3756 668 3793 :
700 3746 727 3776 α
751 3734 881 3792 hinc
911 3747 1143 3805 pergens
1173 3731 1240 3788 ad
1272 3729 1504 3798 Italiam,
1534 3745 1604 3786 ne
1628 3729 1683 3785 in
1714 3729 1967 3800 proximo
2000 3728 2084 3785 fa-

477 3832 639 3889 cilius
671 3837 860 3901 posset
897 3825 1236 3899 apprehendi
1259 3865 1274 3893 ,
1305 3825 1591 3895 pecuniam
1639 3822 1844 3879 domini
1877 3839 1972 3895 per
2002 3823 2084 3880 lu-

484 3925 698 3992 xuriam
729 3920 1074 3992 prodegerat.
1108 3919 1224 3976 lloc
1252 3935 1318 3976 ne
1349 3917 1472 3991 quis
1502 3928 1652 3991 putet
1679 3927 1907 3988 temere,
1941 3928 1995 3974 et
2026 3928 2083 3974 ut

484 3942 586 3979 xnr
612 3942 698 3977 am
729 3942 1074 3992 prouegerat.
1108 3942 1224 3976 nuc
1252 3942 1318 3976 ne
1349 3942 1472 3991 quns
1502 3942 1652 3991 putet
1681 3942 1907 3988 temere,
1941 3942 1995 3974 et
2027 3942 2083 3974 us

481 3942 619 4076 libel
664 4032 694 4072 a
751 4014 911 4071 nobis
943 4013 1125 4070 ﬁctum
1151 4057 1166 4081 ,
1201 4014 1255 4069 in
1287 4014 1650 4085 sequentibus
1680 4013 1882 4068 discat.
1917 4011 2084 4069 Num-

481 4126 646 4184 quam
674 4110 820 4166 enim
867 4098 1066 4164 Paulus
1114 4107 1327 4165 diceret
1361 4127 1374 4163 :
1406 4107 1468 4164 Si
1492 4107 1620 4180 quid
1665 4109 1839 4163 nocuit
1869 4107 1962 4163 tibi
1991 4116 2085 4162 aut

482 4201 652 4269 debet,
682 4200 780 4256 hoc
797 4199 923 4254 mihi
943 4202 1174 4271 imputo:
1197 4198 1312 4272 Ego
1331 4197 1536 4255 Paulus
1559 4201 1743 4272 scripsi
1768 4216 1927 4255 manu
1948 4217 2080 4269 mea,

482 4313 578 4371 ego
607 4297 850 4352 reddam.
877 4295 988 4352 Nec
1010 4311 1246 4368 sponsor
1277 4296 1356 4352 rei
1381 4297 1538 4352 ﬁeret
1563 4296 1784 4362 ablatio,
1814 4295 1915 4350 nisi
1939 4305 2085 4354 esset

484 4389 539 4446 id
569 4389 712 4460 quod
742 4388 986 4445 ablatum
1029 4388 1208 4444 fuerat
1252 4388 1600 4460 dissipatum.
1638 4387 1735 4444 llic
1765 4388 1928 4460 igitur
1957 4403 2082 4445 cum

479 4485 551 4542 ob
581 4483 987 4541 confessionem
1013 4483 1237 4549 Christi,
1261 4483 1463 4540 Paulus
1491 4483 1684 4538 Roma:
1713 4493 1859 4540 esset
1885 4484 1938 4541 in
1963 4499 2084 4541 car-

2187 3279 2458 3340 raptorem
2489 3269 2558 3324 ad
2588 3267 2788 3324 Christi
2818 3267 2982 3325 ﬁdem
3016 3285 3139 3328 esse
3167 3287 3518 3328 conversum.
3550 3271 3790 3332 Grandis

2187 3362 2392 3420 laboris
2441 3371 2526 3419 est
2554 3364 2716 3420 talem
2753 3363 3029 3420 hominem
3056 3365 3113 3420 in
3158 3380 3226 3420 eo
3253 3371 3615 3437 perseverare
3639 3359 3788 3440 quod

2187 3457 2370 3528 ccepit.
2409 3454 2614 3513 Idcirco
2634 3456 2802 3513 lilium
2824 3473 2984 3512 suum
3010 3499 3025 3525 ,
3055 3467 3109 3514 et
3140 3458 3313 3513 lilium
3336 3458 3704 3528 vinculorum,
3733 3470 3792 3518 et.

2185 3551 2492 3608 ministrum
2521 3551 2797 3622 Evangelii
2832 3553 2884 3608 in
2914 3551 3150 3608 vinculis
3174 3553 3487 3623 constituti,
3523 3553 3786 3624 inculcat,

2184 3660 2250 3702 ac
2281 3645 2532 3716 replicat,
2563 3656 2620 3701 ut
2649 3644 2934 3700 Philemon
2968 3645 3060 3701 ille
3089 3645 3389 3717 prudenter
3419 3656 3475 3703 et
3503 3645 3791 3719 dispensa-

2185 3739 2324 3795 torie
2354 3745 2564 3793 tantum
2593 3737 2648 3793 in
2671 3738 2989 3808 praefatione
3010 3736 3286 3807 laudatus,
3305 3754 3412 3795 non
3445 3739 3790 3796 auderetne-

2183 3847 2335 3905 gare,
2361 3847 2428 3887 ne
2446 3832 2562 3887 suis
2589 3829 2843 3888 laudibus
2872 3829 3153 3888 videretur
3184 3831 3459 3903 indignus.
3493 3831 3648 3901 Quod
3689 3847 3790 3889 au-

2186 3935 2294 3981 tem
2321 3926 2435 3980 ait:
2462 3923 2543 3980 Tu
2567 3933 2740 3980 autem
2770 3924 2944 3991 illum,
2972 3925 3030 3980 id
3059 3935 3160 3992 est,
3187 3943 3300 3980 mea
3331 3927 3525 3981 viscera
3554 3927 3782 3996 suscipe,

2186 4017 2289 4073 hoc
2317 4027 2422 4083 est,
2472 4016 2615 4087 quod
2663 4018 2823 4088 paulo
2862 4028 2990 4074 ante
3027 4015 3177 4074 dixi:
3213 4018 3429 4074 viscera
3471 4017 3788 4087 significare

2184 4109 2459 4167 internum
2497 4110 2679 4167 cordis
2724 4110 2999 4182 allectum,
3029 4120 3088 4168 et
3136 4112 3352 4182 plenam
3377 4128 3449 4169 ex
3480 4113 3662 4169 animo
3685 4128 3786 4170 vo-

2185 4203 2451 4261 luntatem
2478 4245 2494 4272 ,
2521 4219 2645 4260 cum
2676 4214 2848 4260 totum
2875 4203 3141 4277 quidquid
3175 4205 3229 4260 in
3257 4205 3416 4262 nobis
3460 4215 3546 4262 est
3565 4247 3580 4272 ,
3611 4205 3786 4264 susci-

2185 4298 2385 4370 pitura
2441 4308 2655 4370 rogato.
2713 4291 2859 4354 Alias
2903 4306 3084 4354 autem
3113 4309 3308 4354 omnes
3361 4295 3522 4354 liberi
3573 4297 3782 4355 viscera

2185 4400 2313 4446 sunt
2335 4401 2642 4462 parentum.

2259 4483 2461 4555 (Vere.
2493 4483 2580 4538 Η.
2605 4484 2626 4554 )
2651 4481 2780 4539 Sine
2811 4481 3027 4538 consilio
3049 4493 3226 4538 autent
3250 4491 3338 4538 tuo
3366 4481 3502 4538 nihil
3537 4481 3676 4538 uolui
3703 4481 3784 4554 fa-

477 4595 627 4646 cere,
663 4577 898 4635 credidit
931 4579 985 4633 in
1013 4576 1288 4633 Christum
1322 4594 1335 4632 :
1368 4584 1425 4633 et
1449 4577 1519 4632 ab
1541 4591 1608 4634 eo
1639 4576 1966 4649 baptizatus,
1995 4578 2076 4635 di-
2104 4572 2158 4634 D
2183 4593 2295 4632 cere
2320 4593 2338 4632 :
2370 4589 2421 4631 ut
2453 4594 2556 4631 non
2587 4576 2736 4646 quasi
2778 4591 2841 4630 ea:
2885 4576 3193 4631 necessitate
3217 4575 3405 4630 bonum
3450 4585 3599 4630 tuum
3629 4581 3781 4642 esset,

477 4689 579 4745 gna
627 4671 946 4743 ptenitentia
981 4669 1220 4726 maculas
1254 4668 1382 4725 vita:
1437 4670 1634 4740 prioris
1665 4670 1924 4726 abstersit
1958 4689 1970 4724 :
2006 4672 2082 4726 in-

475 4777 688 4826 tantunt
715 4775 773 4822 ut
806 4767 852 4822 is
882 4765 1164 4834 apostolus
1193 4763 1572 4820 conversionis
1600 4763 2078 4834 ejnstestisneret,

477 4862 570 4932 qui
616 4859 891 4933 quondam
937 4859 1159 4915 Petrum
1186 4858 1590 4929 increpaverat,
1625 4874 1733 4912 non
1765 4868 1916 4914 recto
1943 4856 2082 4930 pede

477 4956 531 5009 in
566 4953 848 5024 Evangelii
878 4954 1110 5010 veritate
1141 4951 1481 5025 gradientem
1515 4951 1732 5022 (Galat.
1763 4951 1857 5022 tt).
1892 4952 2080 5020 Quan-

477 5053 590 5100 tum
627 5045 789 5116 igitur
825 5045 892 5100 ad
921 5054 1200 5115 peccatum
1235 5055 1290 5101 et
1331 5045 1397 5099 ad
1436 5044 1648 5100 facinus
1678 5047 1938 5115 pertinet,
1971 5059 2079 5116 quo

476 5137 756 5193 dominum
805 5139 1032 5193 laeserat
1055 5179 1071 5205 ,
1102 5137 1322 5192 veniam
1360 5153 1469 5192 non
1501 5145 1782 5203 meretur;
1816 5146 2079 5209 quantum

475 5247 606 5288 vero
636 5231 703 5287 ad
741 5230 990 5302 Apostnli
1047 5229 1426 5285 testimonium
1447 5267 1464 5298 ,
1495 5229 1587 5300 qui
1631 5229 1738 5286 scit
1762 5244 1886 5285 eum
1919 5229 2083 5300 plene

474 5339 826 5390 conversum,
879 5321 1076 5394 grandi
1106 5322 1352 5393 pondere
1387 5322 1680 5394 premitur,
1713 5323 1804 5394 qui
1835 5330 2080 5392 rogatur,

478 5424 538 5472 ut
566 5415 659 5486 qui
689 5431 722 5472 e
751 5429 912 5471 SCI’VO
937 5413 1174 5482 fugitivo
1203 5423 1365 5485 atque
1394 5423 1640 5486 raptore,
1672 5416 1919 5471 minister
1937 5416 2084 5485 Apo-

480 5511 604 5568 stoli
631 5509 806 5566 factus
824 5518 962 5564 erat.
992 5503 1169 5582 (Quod
1192 5520 1372 5564 autem
1398 5508 1543 5564 aliud
1561 5507 1764 5564 habeat
1785 5508 2084 5578 Apostolus

2183 4669 2274 4724 sed
2323 4667 2700 4725 voluntarium.
2755 4666 2870 4724 Hoc
2898 4667 3046 4741 quod
3078 4685 3107 4724 a
3158 4668 3434 4741 plerisque
3483 4668 3780 4738 quaeritur,

2184 4774 2239 4820 et
2266 4762 2570 4833 saepissime
2601 4769 2933 4818 retractatur
2967 4753 3186 4835 :Iquare
3211 4763 3352 4818 Deus
3391 4760 3668 4818 hominem
3703 4763 3781 4815 fa-

2185 4854 2365 4921 ciens,
2416 4868 2525 4909 non
2552 4869 2678 4910 eum
2706 4852 2909 4909 bonum
2938 4862 3261 4924 rectumque
3314 4851 3666 4921 condiderit,
3709 4851 3778 4908 de

2186 4943 2347 5020 757
2397 4947 2657 5018 prmsenti
2685 4947 2804 5003 loco
2833 4946 2970 5003 solvi
3000 4956 3201 5017 potest.
3250 4945 3307 5002 Si
3335 4945 3479 5002 enim
3508 4943 3659 5002 Deus
3688 4961 3786 5001 vo-

2186 5040 2448 5108 luntarie,
2480 5052 2535 5096 et
2557 5055 2662 5097 non
2692 5057 2756 5098 ex
2787 5041 3118 5098 necessitate
3147 5039 3322 5096 bonus
3346 5047 3450 5106 est,
3475 5039 3662 5094 debuit
3684 5039 3786 5094 ho-

2185 5139 2386 5195 minem
2421 5137 2628 5195 iaciens
2655 5179 2669 5204 ,
2715 5137 2783 5193 ad
2831 5151 2986 5192 suam
3027 5135 3320 5208 imaginem
3359 5142 3416 5192 et
3458 5132 3783 5191 similitudi-

2186 5247 2307 5287 nem
2335 5231 2538 5296 facere,
2568 5231 2675 5286 hoc
2697 5240 2802 5296 eSt,
2832 5238 2894 5286 ut
2917 5239 2973 5284 et
2992 5228 3112 5301 ipse
3143 5227 3476 5294 voluntarie,
3498 5235 3554 5284 et
3576 5241 3686 5283 non
3712 5238 3781 5280 ex

2186 5320 2516 5378 necessitate
2539 5321 2714 5377 bonus
2742 5328 2914 5376 esset.
2944 5318 3047 5388 Qui
3069 5333 3251 5375 autem
3277 5327 3537 5375 asserunt
3563 5316 3634 5373 ita
3657 5332 3782 5372 eum

2185 5413 2440 5470 debuisse
2468 5413 2586 5468 lteri
2616 5454 2630 5479 ,
2666 5421 2726 5467 ut
2763 5413 2965 5467 malum
2998 5413 3247 5482 recipere
3279 5421 3391 5467 non
3421 5417 3648 5482 posset,
3682 5411 3784 5464 hoc

2189 5506 2376 5563 dicunt
2402 5523 2417 5562 :
2441 5503 2563 5560 talis
2588 5504 2776 5562 debuit
2799 5504 2919 5560 ﬁeri
2943 5505 3034 5577 qui
3060 5503 3388 5561 necessitate
3407 5502 3582 5560 bonus
3611 5495 3781 5568 esset,

552 5701 578 5730 α
608 5692 743 5769 μεθ.
787 5693 962 5752 Antea
987 5690 1094 5769 [sic
1124 5690 1491 5761 :etnendattt;
1521 5685 1981 5766 quemadmodum
2021 5697 2080 5752 et
2103 5687 2295 5748 Petrus
2317 5685 2524 5748 Petitus
2548 5689 2602 5746 in
2631 5688 2727 5749 lib.
2759 5688 2992 5750 Misce".
3015 5691 3245 5762 Quaestt.
3270 5687 3585 5764 conicum
3611 5701 3778 5765 repo-

483 5763 744 5825 nendum.
