4034 6374
205 263 318 329 613

896 266 1555 328 conuenmmoauu
1593 264 1660 327 1N
1704 248 1927 328 Epist.
1968 268 2062 328 AD
2102 266 2554 333 cumsecum
2593 273 2823 333 LIBER.

3403 262 3512 341 sit

205 402 261 450 et
290 407 399 449 non
441 386 744 448 voluntate.
792 388 949 458 Quod
981 388 1028 444 si
1057 388 1181 446 talis
1216 390 1410 447 fuisset
1439 388 1693 457 eii‘ectus,
1726 388 1817 460 qui
1844 386 1901 452 Α
1926 397 2028 458 ter,
2080 403 2136 450 et
2170 409 2277 451 non
2308 402 2425 451 toto
2451 393 2561 469 [AL
2591 394 2786 469 totum]
2835 384 2943 451 fixo
2974 394 3191 468 gradu:
3229 404 3291 454 ut
3328 397 3375 454 si
3406 400 3519 459 non

208 490 417 543 bonum
463 503 573 542 non
613 487 931 551 voluntate,
984 483 1081 540 sed
1129 485 1457 540 necessitate
1506 483 1815 555 perficeret,

210 598 324 639 non
358 591 507 637 esset
539 582 653 636 Deo
683 577 911 650 similis:
936 579 1027 649 qui
1050 580 1174 634 ideo
1203 580 1381 634 bonus
1403 590 1509 646 εει,
1537 579 1661 650 quia
1684 580 1816 645 vutt,

213 598 324 639 non
358 591 507 637 esset
539 582 653 636 Deo
683 581 805 636 sim'
833 581 911 635 is:
936 581 1027 649 qui
1050 581 1174 634 ideo
1203 581 1381 634 bonus
1403 590 1509 646 εει,
1537 581 1661 650 quia
1684 581 1816 645 vnit,

213 693 325 733 non
371 678 499 749 quia
529 581 891 750 cogitur/Ex
917 689 1026 746 quo
1055 673 1405 730 manifestum
1427 681 1535 738 est,
1576 688 1696 729 rem
1726 680 1821 728 eos

212 773 360 830 inter
386 786 449 828 se
482 771 762 840 postulare
793 767 1151 826 contrariam.
1199 766 1335 826 Nam
1369 785 1437 825 ex
1462 783 1531 825 eo
1556 766 1704 841 quod
1734 766 1820 823 di-

215 874 372 931 cunt,
402 860 600 920 Debuit
626 862 796 919 homo
831 862 946 918 Deo
967 860 1166 918 similis
1195 861 1335 929 ﬁeri,
1365 859 1496 916 illud
1518 868 1737 931 petunt,
1763 868 1823 917 ut

216 959 376 1015 liberi
402 956 560 1014 ﬁeret
591 954 841 1021 arbitrii,
874 954 1018 1011 sicut
1043 954 1189 1010 Deus
1218 953 1336 1026 ipse
1365 962 1471 1010 est.
1520 954 1604 1008 Ex
1632 968 1698 1009 eo
1727 967 1824 1007 au-

222 1058 336 1107 tem
385 1044 528 1121 quod
570 1036 823 1103 inferunt
850 1036 964 1119 [AL
996 1044 1277 1118 infertur],
1314 1045 1438 1100 talis
1460 1044 1646 1100 debuit
1676 1041 1820 1113 fieri,

224 1145 316 1216 qui
349 1140 546 1197 malum
578 1139 833 1210 recipere
863 1152 973 1193 non
1016 1146 1235 1208 posset;
1277 1136 1404 1192 dum
1439 1136 1823 1192 necessitatem

224 1235 276 1291 ei
308 1233 437 1289 boni
468 1230 790 1304 important,
814 1227 951 1284 illud
974 1228 1187 1293 volunt,
1212 1236 1274 1283 ut
1298 1226 1464 1282 homo
1491 1228 1600 1282 Deo
1629 1224 1825 1281 similis

225 1343 335 1386 non
362 1329 538 1383 fieret.
589 1324 773 1381 Potuit
800 1323 985 1395 itaque
1014 1331 1070 1380 et
1091 1323 1375 1395 apostolus
1388 1321 1588 1378 Paulus
1619 1320 1825 1392 absque

222 1418 510 1477 voluntate
560 1416 893 1473 Phiienmnis
919 1457 935 1484 ,
986 1413 1311 1471 Onesimum
1353 1412 1460 1469 sibi
1488 1414 1541 1470 in
1577 1415 1828 1470 ministe-

224 1514 364 1569 rium
396 1512 664 1568 retinere.
707 1508 818 1567 Sed
847 1508 893 1564 si
918 1508 1023 1565 hoc
1051 1510 1171 1564 sine
1188 1508 1469 1564 voluntate
1491 1507 1827 1564 Philemonis

222 1604 478 1664 fecisset:
511 1605 716 1662 bonum
740 1601 961 1674 quidem
987 1612 1129 1668 erat,
1157 1602 1253 1657 sed
1285 1616 1394 1657 non
1423 1601 1822 1657 voluntarium.

223 1696 380 1768 Quod
430 1708 618 1754 autem
660 1712 768 1753 non
797 1703 919 1753 erat
947 1694 1338 1758 voluntarium,
1369 1695 1479 1750 alio
1506 1708 1709 1766 genere
1734 1707 1827 1749 ar-

1923 486 2194 557 posuisset
2225 486 2481 557 forsitan,
2512 489 2765 544 omnibus
2798 489 2976 544 servis
3007 488 3319 562 fugiendum
3347 498 3520 560 esset,

1923 589 1982 635 ut
2008 580 2295 652 apostolici
2324 578 2534 637 fierent.
2569 580 2727 650 Quod
2756 586 2960 649 autem,
2993 583 3063 637 ad
3089 582 3296 654 horam,
3316 582 3519 656 iunxit,

1923 671 2112 727 horam
2142 688 2243 745 pro
2272 680 2521 744 tempore
2560 672 2827 730 debemus
2867 676 3139 746 accipere.
3190 676 3270 733 Ad
3300 692 3523 749 compa-

1921 766 2189 822 rationem
2211 764 2359 821 enim
2381 766 2707 822 aeternitatis
2727 807 2744 835 ,
2782 770 2945 823 omne
2967 774 3185 839 tempus
3216 766 3388 825 breve
3415 776 3522 827 est.

1927 857 1996 914 Ut
2019 866 2273 913 wtemum
2294 855 2449 913 illum
2478 857 2753 928 reciperes.
2784 854 2976 915 Nullus
3003 864 3243 916 aeternus
3267 857 3525 918 dominus

1923 949 2069 1007 'servi
2098 950 2218 1006 sui:
2264 952 2511 1020 potestas
2551 950 2757 1022 quippe
2785 946 2903 1022 eius
2929 991 2945 1017 ,
2990 959 3049 1008 et
3082 952 3369 1023 utriusque
3391 958 3525 1009 cen-

1924 1040 2083 1109 ditio,
2110 1050 2286 1098 morte
2316 1042 2526 1098 finitur.
2558 1034 2851 1100 Onesimus
2864 1052 2999 1101 vero
3020 1045 3113 1115 qui
3138 1054 3209 1100 ex
3234 1044 3342 1102 fide
3360 1044 3526 1103 Chri-

1924 1134 1993 1193 sti
2028 1130 2209 1192 'factus
2246 1145 2485 1193 aeternus
2527 1144 2649 1205 est,
2682 1142 2896 1192 interno
2927 1137 3267 1206 Philemoni,
3310 1140 3437 1211 quia
3469 1141 3525 1198 in

1923 1229 2204 1287 Christum
2246 1240 2303 1287 et
2341 1230 2460 1301 ipse
2489 1230 2842 1300 crediderat,
2893 1232 3390 1303 spiritulibertatis
3421 1240 3523 1293 ae-

1925 1331 2126 1394 cepto,
2170 1322 2282 1393 jam
2326 1337 2433 1379 non
2481 1334 2709 1390 servus,
2748 1322 2843 1379 sed
2887 1322 3058 1381 frater
3100 1328 3270 1397 coepit
3309 1342 3430 1383 esse
3457 1327 3528 1386 de

1926 1430 2120 1483 servo,
2164 1412 2332 1471 frater
2360 1415 2719 1472 cbarissimus
2739 1456 2755 1484 ,
2788 1415 2960 1472 frater
2996 1428 3280 1476 aeternus:
3313 1430 3525 1478 aeterno

1925 1516 1981 1564 et
2014 1509 2115 1579 ipsi
2152 1504 2418 1579 Apostolo
2455 1507 2787 1579 dominoque
2827 1522 2961 1578 suo,
2990 1511 3079 1566 cui
3108 1508 3427 1569 Onesimum
3460 1516 3526 1569 ut

1928 1599 2112 1656 carnis
2138 1608 2264 1657 ante
2290 1599 2577 1657 conditio:
2606 1600 2680 1657 ita
2704 1608 2895 1673 postea
2918 1602 3149 1674 spiritus
3171 1605 3411 1675 copulat.
3457 1603 3530 1664 Et

1929 1702 2059 1748 tunc
2081 1692 2304 1765 quidem
2336 1693 2558 1765 quando
2584 1702 2705 1750 erat
2734 1693 2783 1750 ei
2811 1692 3094 1765 subjectus
3123 1695 3178 1751 in
3205 1704 3394 1765 carne,
3420 1704 3530 1755 non

223 1792 491 1865 guebatur
523 1806 632 1846 non
658 1802 780 1845 esse
804 1786 1031 1845 bonum.
1071 1785 1217 1842 Nihil
1240 1791 1445 1859 quippe
1486 1787 1689 1843 bonum
1716 1780 1823 1841 dici
1850 1774 1900 1846 Β
1927 1796 2045 1843 erat
2092 1788 2142 1842 ei
2178 1786 2405 1857 junctus
2452 1786 2509 1841 in
2562 1786 2825 1853 Domino;
2878 1792 3026 1843 nunc
3073 1792 3257 1845 autem
3296 1788 3350 1846 ei
3387 1796 3442 1846 et
3472 1789 3527 1846 iit

223 1894 442 1962 potest,
491 1882 598 1940 nisi
645 1878 790 1956 quod
840 1876 1150 1939 ultroneum
1178 1886 1284 1937 est.
1325 1880 1405 1936 Ex
1434 1895 1544 1952 quo
1578 1878 1826 1950 Apostoli

222 1976 945 2049 considerandaprudentia
978 1986 1102 2031 est:
1149 1977 1239 2045 qui
1287 1970 1494 2030 idcirco
1541 1972 1825 2045 fugitivum

226 2089 456 2131 servum
480 2071 706 2127 remittit
732 2070 796 2124 ad
827 2068 1134 2134 dominum,
1160 2077 1217 2122 ut
1243 2068 1419 2139 prosit
1439 2067 1661 2122 domino
1691 2080 1825 2121 suo:

224 2167 323 2239 qui
355 2164 616 2237 prodesse
667 2168 779 2219 non
812 2171 1061 2232 poterat,
1090 2160 1137 2216 si
1166 2160 1388 2216 domino
1417 2168 1702 2217 teneretur
1724 2160 1826 2215 ab.

225 2267 408 2316 sente.
449 2256 709 2328 Superior
756 2268 889 2327 ergo
934 2255 1168 2325 qutestio
1216 2253 1289 2309 ita
1333 2253 1562 2309 solvitur
1587 2250 1830 2329 z/Potuit

229 2344 373 2409 De’us
406 2349 681 2405 hominem
733 2347 854 2403 sine
883 2345 1164 2402 voluntate
1208 2346 1331 2415 ejus
1375 2345 1558 2402 facere
1598 2346 1824 2401 bonum.

220 2435 403 2500 Porro
427 2443 473 2499 si
504 2442 608 2498 hoc
640 2438 883 2505 fecisset,
913 2455 1020 2494 non
1048 2448 1168 2495 erat
1192 2437 1397 2494 bonum
1427 2438 1828 2505 voluntarium,

230 2535 329 2594 sed
373 2533 741 2592 necessitatis.
803 2522 964 2600 Quod
1006 2538 1189 2587 autem
1238 2532 1574 2587 necessitate
1621 2530 1827 2586 bonum

231 2637 339 2697 est,
375 2644 487 2685 non
518 2636 602 2685 est
625 2627 853 2694 bonum,
882 2631 940 2680 et
967 2624 1291 2697 aliogenere
1321 2623 1525 2679 malum
1558 2623 1828 2694 arguitur.

228 2714 405 2789 Igitur
453 2722 681 2793 proprio
729 2719 958 2778 arbitrio
1002 2728 1106 2776 nos
1148 2717 1501 2787 relinquens,
1533 2717 1706 2788 magis
1761 2710 1831 2775 ad

232 2829 387 2871 suam
410 2813 707 2886 imaginem
740 2823 798 2871 et
826 2814 1244 2871 similitudinem
1276 2812 1432 2871 fecit.
1463 2811 1715 2869 Similem
1736 2826 1835 2868 au-

232 2913 348 2966 tem
369 2907 486 2964 Deo
512 2922 636 2962 esse
665 2907 915 2962 absolute
943 2905 1147 2961 bonum
1177 2914 1282 2961 est.
1304 2920 1343 2979 /

308 3001 494 3075 (Vera.
522 3003 613 3069 15,
645 3000 762 3073 16.)
793 2998 1043 3056 Forsitan
1072 2999 1209 3055 enim
1239 2999 1357 3054 ideo
1391 2997 1628 3054 discessit
1653 2996 1722 3052 ad
1741 2995 1836 3051 ho-

1927 1892 2095 1934 carne
2110 1878 2333 1948 junctus
2359 1885 2478 1945 est,
2530 1886 2583 1933 et
2613 1877 2669 1933 in
2702 1876 2955 1935 Domino.
3006 1876 3088 1936 Ex
3118 1884 3237 1953 Quo
3270 1880 3532 1952 intelligi-

1928 1974 2298 2042 mus;servum
2329 1971 2422 2042 qui
2460 1966 2766 2026 crediderit
2786 1956 3013 2028 Christo
3032 2014 3047 2038 ,
3075 1971 3280 2043 duplici
3302 1973 3532 2030 domino

1926 2080 2028 2122 suo
2054 2065 2178 2137 lege
2208 2066 2550 2136 constringi,
2594 2073 2656 2121 ut
2679 2066 2730 2122 ei
2760 2074 2816 2122 et
2839 2066 3025 2122 carnis
3050 2065 3378 2123 necessitate
3402 2065 3534 2138 jun-

1924 2169 2086 2233 gatur
2111 2159 2178 2216 ad
2207 2169 2424 2231 tempus
2443 2201 2459 2228 ,
2494 2169 2550 2215 et
2576 2160 2631 2215 in
2661 2169 2927 2217 aeternum
2958 2162 3157 2233 spiritu
3178 2160 3489 2232 copuletur.

2000 2251 2188 2328 (Vers.
2223 2240 2341 2322 1⁸1.)
2374 2250 2437 2309 Si
2460 2268 2583 2325 ergo
2608 2250 2763 2308 habes
2795 2259 2874 2308 ine
2902 2252 3119 2320 socium,
3153 2255 3354 2325 suscipe
3378 2253 3532 2310 illum

1926 2347 2061 2403 sicut
2092 2362 2192 2400 me.
2223 2338 2253 2384 δ
2283 2344 2572 2400 Philemon
2598 2336 2832 2403 Paulum
2859 2348 3074 2404 socium
3104 2346 3312 2405 habere
3339 2349 3535 2422 cupie-

1926 2440 2023 2498 bat
2046 2483 2062 2509 ,
2096 2451 2151 2497 et
2198 2439 2252 2496 in
2300 2438 2578 2496 Christum
2610 2441 2842 2499 credens
2867 2483 2884 2510 ,
2918 2441 3058 2499 tales
3090 2442 3282 2515 utique
3308 2443 3534 2500 volebat

1929 2530 2136 2590 habere
2170 2532 2470 2604 profectus,
2491 2540 2553 2590 ut
2577 2534 2748 2591 Paulo
2776 2535 2974 2591 similis
3003 2536 3176 2604 fieret,
3208 2544 3267 2594 et
3287 2537 3335 2594 ei
3365 2532 3533 2612 ’159

1931 2629 2368 2685 communicaret
2390 2626 2445 2684 in
2469 2628 2724 2685 vinculis.
2757 2628 3188 2687 Consideremus
3210 2646 3347 2704 ergo
3366 2646 3542 2702 quan-

1935 2728 2048 2776 tum
2080 2719 2169 2777 hic
2200 2721 2455 2777 laudetur
2475 2721 2803 2791 Onesimus,
2828 2731 3092 2796 quantum
3125 2716 3429 2795 profecisse
3448 2723 3538 2782 di-

1933 2820 2133 2869 catur:
2168 2826 2294 2868 cum
2342 2814 2417 2869 ita
2460 2813 2810 2885 recipiendus
2859 2812 2931 2871 sit
2953 2815 3330 2889 utApostolus
3357 2824 3415 2875 et
3455 2817 3538 2877 sie

1934 2907 2052 2977 ejus
2102 2906 2366 2962 dominus
2413 2914 2473 2963 ut
2500 2905 2662 2964 Pauli
2714 2907 2914 2965 debeat
2942 2908 3266 2967 desiderare
3299 2924 3534 2969 consor-

1936 2994 2091 3053 tium.
2127 2996 2377 3054 Breviter
2402 2996 2548 3070 quod
2566 2996 2703 3055 dicit
2729 3000 2836 3057 tale
2867 3004 2993 3057 est:
3027 3000 3088 3060 Si
3120 3017 3209 3060 me
3230 3000 3310 3060 vis
3332 3002 3540 3063 habere

232 3112 353 3153 ram
382 3112 416 3149 a
436 3098 504 3164 te,
533 3106 588 3150 ut
609 3104 859 3150 mternum
887 3092 1037 3149 illuni
1062 3092 1341 3162 reciperes.
1391 3088 1515 3145 lam
1558 3107 1660 3145 non
1700 3091 1836 3146 sicut
1882 3165 1905 3167 _
1939 3100 2277 3158 consortem,
2306 3088 2509 3147 habeto
2537 3102 2592 3147 et
2610 3090 2961 3161 Onesimum,
2994 3102 3156 3167 quem
3183 3110 3285 3166 ego
3308 3110 3541 3152 consor-

234 3200 465 3257 servum,
494 3187 588 3242 sed
620 3187 737 3257 plus
763 3201 933 3249 servo,
962 3184 1177 3256 fratrem
1200 3182 1584 3251 charissimam,
1616 3181 1838 3236 maxime
1860 3165 1911 3230 (Ζ
1944 3192 2074 3254 tem,
2106 3194 2162 3240 et
2184 3184 2355 3239 filium
2385 3198 2593 3250 meum,
2623 3193 2679 3240 et
2704 3184 2919 3241 viscera
2956 3165 3076 3242 mea
3110 3185 3326 3244 habeo:
3362 3192 3538 3259 quem

237 3281 409 3336 mihi:
438 3292 631 3351 quanto
659 3276 826 3350 magis
853 3285 1028 3332 autem
1058 3275 1183 3345 tibi,
1218 3285 1264 3331 et
1290 3276 1344 3330 in
1373 3291 1548 3342 carne,
1581 3282 1631 3329 et
1654 3273 1709 3327 in
1732 3271 1838 3328 Do-

238 3373 402 3429 mino.
467 3366 885 3443 Nonnumquam
934 3371 1139 3427 malum
1189 3370 1409 3427 occasio
1452 3371 1512 3426 fit
1541 3369 1835 3435 bellorum,

240 3476 302 3525 et
330 3465 616 3523 hominum
657 3480 826 3538 prava
864 3465 1093 3521 consilia
1135 3465 1281 3521 Deus
1319 3465 1483 3520 vertit
1512 3464 1576 3519 ad
1606 3472 1835 3519 rectum.

165 3582 184 3601 ο
222 3548 396 3627 Quod
427 3559 551 3614 dico
577 3554 919 3613 manifestius
942 3555 1191 3627 exemplo
1224 3555 1341 3612 fiet.
1381 3554 1583 3626 Josepb
1613 3554 1834 3623 fratres,

238 3642 523 3725 ‘sui758
570 3649 674 3706 zeli
722 3648 958 3706 stimulis
998 3647 1250 3715 incitati,
1301 3645 1593 3704 lsmaelitis
1644 3648 1840 3717 viginti

241 3756 269 3786 α
301 3746 486 3803 aureis
529 3743 896 3802 vendiderunt
927 3740 1083 3818 (Gen.
1120 3742 1353 3815 xxxv").
1402 3741 1516 3798 Iloc
1541 3738 1756 3797 initium
1787 3751 1844 3798 et

243 3838 421 3912 patri,
461 3847 517 3895 et
556 3837 853 3906 fratribus,
902 3843 958 3893 et
983 3835 1133 3893 omni
1167 3830 1406 3907 Egypto
1435 3832 1704 3890 bonorum
1726 3849 1845 3889 om-

247 3935 398 3990 nium
426 3930 551 3988 fuit.
581 3930 832 4004 Denique
875 3929 994 4001 ipse
1012 3938 1211 4000 postea
1234 3927 1300 3983 ad
1332 3928 1566 3984 fratres:
1606 3927 1734 3996 Vos,
1764 3929 1846 3984 in-

246 4026 652 4102 quit,cogitastis
671 4025 735 4080 de
752 4041 831 4080 me
843 4023 982 4080 mala
995 4039 1014 4078 :
1034 4031 1081 4079 et
1108 4021 1250 4079 Deus
1270 4026 1510 4099 cogitavit
1533 4024 1596 4079 de
1616 4041 1695 4079 me
1714 4023 1848 4079 bona

250 4116 406 4190 (Gen.
443 4133 575 4187 xcv,
609 4117 691 4189 8).
734 4114 927 4174 Simile
957 4114 1085 4186 quid
1112 4125 1167 4170 et
1191 4116 1243 4171 in
1270 4114 1530 4172 Onesimo
1560 4128 1848 4186 possumus

251 4211 585 4282 intelligere,
623 4209 770 4282 quod
810 4211 951 4265 mala
990 4207 1257 4279 principia
1296 4209 1614 4263 occasiones
1646 4206 1851 4262 fuerint

251 4306 334 4362 rei
360 4305 539 4360 bonae.
571 4302 629 4361 Si
652 4305 798 4361 enim
823 4303 1107 4359 dominum
1139 4319 1248 4357 non
1276 4301 1523 4373 fugisset,
1551 4315 1849 4372 numquam

254 4397 498 4453 venisset
526 4388 756 4454 Romam
780 4394 875 4452 ubi
905 4404 1023 4452 erat
1050 4395 1253 4451 Paulus
1282 4393 1501 4451 vinctus
1527 4394 1578 4448 in
1604 4408 1848 4449 carcere.

1938 3277 1984 3332 si
2014 3292 2122 3332 non
2152 3275 2466 3348 susceperis
2490 3316 2506 3342 ,
2555 3288 2657 3333 nec
2678 3275 2884 3334 habere
2909 3276 3152 3334 volueris
3170 3318 3187 3348 ,
3226 3288 3283 3336 et
3309 3277 3427 3349 ipse
3456 3278 3541 3338 in-

1940 3366 2145 3439 telligis
2174 3367 2321 3441 quod
2351 3384 2439 3425 me
2466 3367 2671 3426 habere
2692 3380 2803 3425 non
2837 3370 3036 3441 possis.

2012 3456 2197 3533 (Vers.
2228 3459 2345 3533 18.)
2382 3460 2444 3518 Si
2465 3470 2640 3518 autem
2661 3462 2861 3534 aliquid
2889 3460 3064 3518 nocuit
3096 3463 3211 3533 tibi,
3250 3474 3341 3521 aut
3368 3463 3539 3535 debet,

1943 3555 2038 3610 hoc
2080 3555 2210 3611 mihi
2244 3554 2463 3629 imputo.
2505 3554 2752 3612 imitator
2780 3556 2995 3613 Domini
3022 3558 3141 3629 sui,
3180 3568 3236 3616 et
3260 3557 3541 3618 Christum

1940 3648 1997 3704 in
2040 3663 2102 3705 se
2142 3648 2464 3720 loquentem
2494 3644 2735 3718 habens,
2768 3664 2832 3708 ea
2874 3652 3028 3723 juxta
3048 3653 3198 3711 Vires
3228 3669 3357 3712 suas
3378 3654 3551 3715 debet

1942 3743 2125 3801 facere
2166 3761 2288 3815 qua:
2336 3742 2615 3800 Christus.
2679 3743 2737 3802 Si
2762 3740 2909 3802 enim
2942 3744 3035 3804 ille
3064 3746 3418 3806 infirmitates
3445 3764 3549 3807 no-

1943 3847 2090 3892 Stras
2114 3836 2385 3908 portavit,
2435 3845 2492 3893 et
2515 3837 2711 3908 plagas
2742 3848 2961 3894 nostras
2982 3837 3155 3896 dolu‘it
3173 3884 3188 3909 ,
3222 3839 3369 3912 juste
3392 3832 3549 3914 Apo-

1946 3929 2122 3985 stolus
2149 3943 2248 4000 pro
2276 3918 2536 3984 Onesimo
2566 3944 2628 3986 se
2656 3930 2920 4001 Opponit,
2962 3940 3019 3988 et
3044 3934 3282 4003 spondet
3309 3939 3431 4007 qua:
3452 3936 3551 3994 ille

1948 4019 2203 4077 debebat.
2246 4016 2320 4076 Ut
2346 4028 2529 4076 autem
2561 4035 2726 4091 supra
2750 4021 3017 4090 diximus,
3059 4031 3236 4081 totum
3268 4022 3405 4083 illud
3435 4037 3549 4102 est,

1948 4114 2093 4185 quod
2117 4113 2354 4169 ablatum
2385 4112 2554 4183 furto,
2584 4122 2642 4171 et
2665 4129 2759 4186 per
2789 4115 3059 4173 luxuriam
3089 4116 3363 4190 perditum
3383 4161 3399 4187 ,
3438 4136 3550 4179 non

1951 4216 2164 4279 poterat
2189 4208 2406 4265 absolvi
2438 4227 2454 4265 :
2485 4209 2631 4281 quod
2664 4206 2952 4267 Philemon
2982 4210 3177 4283 grandi
3205 4210 3388 4286 pretio
3417 4230 3555 4289 pen-

1948 4296 2109 4355 sabat
2141 4298 2250 4372 [AL
2284 4297 2696 4375 compensabat]
2726 4300 2855 4358 dum
2880 4310 2980 4375 pro
3001 4310 3162 4362 servo
3191 4304 3418 4379 fugitivo
3441 4349 3459 4378 ,
3497 4315 3556 4366 et

1954 4393 2181 4463 pecunia
2217 4393 2448 4464 perdita,
2482 4403 2539 4451 et
2562 4393 2791 4452 fratrem
2813 4393 3223 4469 charissimum,
3254 4394 3550 4459 etfratren‘t

236 4489 314 4569 Si
336 4480 569 4545 Paulum
603 4490 656 4545 in
705 4485 941 4544 vinculis
978 4502 1088 4542 non
1116 4485 1350 4542 vidisset
1372 4527 1386 4550 ,
1417 4500 1525 4541 non
1553 4485 1853 4555 recepisset
1882 4552 1919 4569 *ἢ
1954 4487 2227 4557 reciperet
2254 4497 2548 4555 aeternum,
2579 4499 2632 4545 ct
2655 4502 2752 4561 per
2772 4504 2896 4547 eum
2919 4490 3025 4548 sibi
3056 4490 3380 4566 Apostolum
3409 4493 3556 4554 face-

257 4583 417 4639 fidém
468 4583 524 4639 in
563 4578 860 4640 Christum.
900 4580 960 4637 Si
982 4579 1189 4637 Christi
1215 4595 1324 4635 non
1352 4577 1639 4634 habuisset
1664 4552 1846 4644 fidem,
1881 4552 1930 4621 ί)
1956 4589 2041 4637 ret
2066 4552 2395 4638 debitorem.

257 4676 555 4747 numquam
610 4670 763 4733 Pauli
811 4674 1042 4731 eﬂ'ect‘us
1083 4671 1262 4742 illius,
1313 4673 1367 4728 in
1413 4686 1551 4743 epus
1580 4671 1854 4742 Evangelii

261 4771 591 4824 mitteretur.
646 4768 726 4823 Ex
773 4782 880 4838 quo
912 4766 1173 4839 paulatim
1201 4808 1215 4833 ,
1264 4774 1320 4821 et
1352 4781 1445 4837 per
1465 4764 1672 4836 gradus
1701 4780 1854 4832 suos,

259 4860 651 4931 rei-ipr-ocante
680 4858 949 4915 sententia
968 4900 983 4926 ,
1036 4856 1161 4914 ideo
1187 4855 1438 4914 minister
1462 4854 1749 4929 Evangelii
1775 4866 1858 4915 est

259 4948 437 5007 factus
468 4952 796 5019 Onesimus,
824 4951 949 5022 quia
978 4948 1113 5024 fugit
1140 4969 1170 5007 a
1200 4952 1445 5010 domino.
1503 4944 1737 5009 Pulchre
1763 4969 1859 5010 au-

264 5056 369 5099 tem
412 5045 643 5112 addens,
693 5044 937 5116 forsitan,
983 5044 1312 5100 sententiam
1346 5044 1690 5115 temperavit.
1757 5046 1861 5101 Oc-

262 5128 404 5190 culta
458 5146 589 5191 sunt
635 5134 838 5208 quippe
884 5136 1088 5207 judicia
1133 5137 1248 5205 Dei,
1300 5148 1355 5193 et
1391 5140 1742 5193 temerarium
1775 5146 1864 5194 est

262 5233 415 5302 quasi
446 5231 512 5286 de
542 5238 698 5286 certo
722 5232 1082 5300 pronuntiare
1110 5231 1252 5303 quod
1285 5229 1509 5286 dubium
1540 5242 1645 5287 est.
1678 5231 1863 5287 Forsi-

266 5331 380 5391 tan,
405 5323 623 5396 inquit,
655 5323 772 5379 ideo
794 5325 1070 5380 discessit:
1112 5335 1301 5392 caute,
1327 5325 1552 5394 timide,
1582 5326 1864 5397 trepidan-

340 5515 366 5541 λ
405 5504 560 5574 Legit
586 5503 691 5561 hoc
725 5503 847 5560 loco
876 5504 1175 5560 secundum
1205 5506 1536 5573 interpretes
1561 5504 1729 5571 LXX,
1770 5507 1863 5576 qui

267 5578 564 5659 prouiginti
591 5579 870 5659 argenteis.
896 5585 1399 5659 posueruntaureos
1422 5576 1868 5659 vigirtti;_De_qu_o

270 5648 477 5721 yjde'si‘s
521 5648 698 5721 ipsum
764 5649 1157 5721 Hieronymum
1199 5649 1254 5704 in
1296 5664 1416 5721 cap.
1453 5658 1578 5721 vat
1605 5648 1869 5705 Matthxi.

262 5708 829 5776 Mant—Notatum
864 5708 999 5776 verb
1021 5720 1240 5787 ipsimet
1268 5722 1328 5776 S.
1357 5708 1579 5776 Ductori
1621 5733 1682 5775 Su
1728 5722 1875 5783 eritis

272 5792 334 5853 in
381 5788 761 5853 Commentar.
804 5789 867 5852 in
899 5789 1132 5853 Matth”
1161 5804 1283 5853 can.
1320 5805 1480 5853 xxvi.
1511 5789 1657 5853 quod
1682 5736 1879 5853 θυεεηὴ

1721 5804 1841 5874 οεερ

272 5792 334 5856 in
381 5788 761 5853 Commentar.
793 5789 867 5867 in
899 5789 1132 5867 Matth,
1161 5804 1283 5865 cap.
1320 5805 1480 5863 xxvi,
1511 5789 1657 5867 quod

2027 4670 2209 4746 (Vers.
2246 4671 2361 4743 19.)
2384 4672 2498 4746 Ego
2520 4671 2721 4730 Paulus
2742 4676 2928 4750 scripsi
2954 4694 3110 4733 manu
3132 4695 3265 4737 mea.
3302 4680 3413 4753 Ego
3434 4681 3559 4736 red-

1957 4763 2081 4818 dam
2102 4805 2117 4829 ,
2146 4771 2329 4819 utnon
2358 4764 2529 4818 dicam
2555 4765 2680 4831 tibi,
2713 4766 2836 4838 quia
2866 4779 2915 4824 et
2940 4768 3115 4841 ipsum
3146 4779 3194 4825 te
3222 4771 3348 4826 mihi
3380 4772 3554 4830 debes.

1958 4857 2112 4927 Quod
2144 4856 2277 4913 dicit
2306 4858 2414 4912 tale
2440 4865 2525 4913 est
2561 4874 2575 4913 :
2623 4856 2777 4925 Quod
2826 4859 3124 4917 Onesimus
3170 4861 3319 4918 furto
3354 4864 3559 4935 rapuit,

1960 4966 2062 5022 ego
2085 4966 2171 5005 me
2193 4946 2441 5021 spondeo
2456 4947 2799 5005 redditurum
2828 4968 2842 5005 :
2873 4950 3031 5021 cujus
3060 4952 3400 5022 sponsionis,
3428 4948 3563 5025 Epi-

1968 5042 2106 5099 slola
2148 5043 2266 5098 haec
2310 5050 2366 5099 et
2399 5057 2594 5097 manus
2641 5043 2799 5099 testis
2842 5050 2929 5100 est
2972 5043 3189 5115 propria
3217 5063 3228 5098 :
3257 5060 3418 5116 quam
3451 5052 3563 5103 non

1967 5135 2134 5192 solito
2164 5151 2317 5191 more
2345 5134 2589 5205 dictavi,
2621 5130 2714 5191 sed
2742 5150 2863 5193 mea
2892 5149 3060 5192 manu
3090 5134 3207 5208 ipse
3233 5136 3564 5208 conscripsi.

1970 5228 2143 5286 Crede
2163 5230 2326 5302 igitur
2354 5228 2486 5285 tnilti
2517 5242 2619 5302 pro
2659 5229 2919 5287 Onesimo
2948 5227 3262 5300 pollicenti.
3304 5227 3422 5286 Hoc
3462 5243 3567 5286 au-

1973 5332 2080 5381 tem
2107 5322 2228 5379 dico
2275 5323 2430 5395 quasi
2466 5323 2535 5379 ad
2573 5328 2896 5380 extraneum
2918 5318 3177 5394 ib'qu'en‘s.
3216 5316 3491 5380 Caeterum
3521 5308 3572 5385 ἐι

1971 5521 2097 5571 non,
2144 5511 2199 5558 ut
2245 5500 2399 5557 multi
2438 5502 2874 5577 ρ-ιι-ιιιῃιηίτιξίὲζὶιΔ
2903 5486 3047 5577 LX:
3084 5499 3390 5577 interpretes
3426 5502 3574 5577 (qui-

1977 5580 2209 5653 huscum
2252 5570 2449 5653 tamen
2464 5572 2555 5653 hic
2583 5570 2732 5653 facit)
2768 5572 2955 5653 uiginti
2982 5572 3156 5653 aureis
3192 5570 3443 5653 venditus
3457 5570 3571 5653 est;

1979 5648 2070 5723 sed
2091 5651 2250 5723 justo
2277 5642 2601 5723 Hebraicaat
2612 5642 2875 5723 veritatem
2899 5643 3388 5723 vigintiargentcis.

2049 5712 2109 5763 δ’
2127 5718 2342 5790 νιιὶοδο,
2355 5726 2523 5798 penes
2549 5712 3359 5788 Manhnaeumft’hitenionem.
