4034 6388
498 255 604 314 615

1765 247 1823 306 S.
1867 240 2141 304 EUSEBII
2177 241 2560 302 HIERONYMI

3703 242 3817 302 616

495 367 564 424 ad
595 367 689 439 jus
736 384 917 425 meum
970 365 1220 431 redeam,
1258 375 1484 435 propter
1509 378 1825 421 sermonem
1865 360 2090 428 Christi,
2124 358 2176 420 Α
2205 357 2323 431 (Ps.
2351 374 2538 420 cxvm,
2567 357 2733 422 iOS)’:
2770 357 3001 429 plusque
3032 357 3242 414 faciens
3277 375 3437 430 quam
3465 370 3814 430 praeceptum

497 475 661 530 quem
698 460 794 516 tibi
825 457 1190 527 evangehzavi
1213 496 1228 520 ,
1273 465 1330 511 et
1366 454 1711 511 Christianus
1749 452 1979 510 elfectus
2011 467 2095 517 es,

494 553 737 622 tcipsum
766 551 896 606 mihi
928 550 1116 605 debes.
1144 545 1299 616 Quod
1330 549 1374 602 si
1402 557 1457 602 tu
1484 563 1637 605 meus
1663 563 1748 614 es,
1777 555 1831 602 et
1859 552 1949 600 tua
1977 558 2097 598 om-

493 644 582 700 nia
611 660 733 700 mea
755 650 882 698 sunt
906 641 1228 698 :Onesimus
1253 656 1488 712 quoque,
1523 642 1616 713 qui
1645 649 1774 696 tuus
1803 647 1910 705 est,
1942 649 2096 692 meus

492 746 597 793 est.
654 737 906 792 Poteram
939 735 1101 806 igitur
1142 749 1209 790 co
1252 733 1334 789 uti
1377 746 1438 789 ut
1468 749 1626 801 meo;
1670 732 1772 790 sed
1820 727 2096 787 voluntati

491 838 600 885 tuae
627 827 900 898 relinquo,
929 837 991 883 ut
1011 827 1326 885 mercedem
1356 826 1562 885 habeas
1589 827 1948 901 ignoscendo.

561 917 748 990 (Vers.
775 918 894 989 20.)
921 917 1032 984 Ita,
1062 923 1247 991 frater,
1303 935 1397 990 ego
1443 930 1493 974 te
1533 920 1687 990 fruar
1739 919 1796 972 in
1846 915 2092 972 Domino.

492 1015 895 1086 Pr0prietatem
947 1013 1197 1070 Graecam
1235 1013 1466 1070 Latinus
1499 1027 1687 1070 sermo
1716 1021 1742 1049 ι
1771 1026 1883 1067 non
1919 1009 2095 1080 expli-

485 1115 596 1164 cat.
624 1107 778 1175 Quod
805 1105 954 1163 euim
984 1105 1089 1172 ait,
1132 1109 1234 1174 ναὶ,
1265 1104 1444 1181 ἀδελφέ
1470 1122 1482 1159 :
1523 1109 1605 1160 ναὶ
1633 1103 1906 1175 quoddam
1941 1102 2094 1172 quasi

487 1199 814 1256 adverbium
849 1199 1190 1256 blandientis
1216 1209 1324 1255 est.
1367 1199 1479 1255 Nos
1510 1208 1693 1254 autem
1722 1199 2092 1268 interpretan-

491 1284 594 1361 tes,
627 1294 721 1360 ita,
755 1297 943 1364 frater,
979 1293 1232 1363 aquatius
1261 1301 1317 1347 et
1343 1290 1568 1347 dilutius
1599 1290 1787 1346 nescio
1823 1289 1950 1359 quid
1979 1304 2095 1344 ma-

487 1386 573 1458 gis
605 1386 753 1442 aliud
783 1401 950 1458 quam
984 1385 1038 1440 id
1067 1384 1211 1455 quod
1235 1393 1322 1442 est
1350 1385 1636 1454 scriptum,
1670 1397 1948 1440 sonamus.
1977 1382 2093 1439 Sic-

487 1490 546 1536 ut
586 1479 730 1534 enim
757 1494 898 1534 ANNA
941 1479 1098 1551 (mu)
1144 1477 1280 1534 illud
1319 1478 1679 1545 Hebraicum,
1721 1493 1818 1547 pro
1838 1493 1947 1548 quo
1981 1475 2094 1532 fre-

485 1578 722 1641 quenter
748 1569 916 1642 760
944 1570 1298 1640 Septuaginta
1332 1571 1665 1642 interpretes
1695 1568 1734 1624 ὦ
1753 1570 1823 1638 ,δή
1855 1579 2092 1626 transtu-

487 1663 696 1728 lerunt,
726 1663 781 1718 in
804 1663 988 1734 lingua
1012 1679 1108 1719 sua
1131 1663 1402 1734 significat
1431 1665 1777 1734 deprecantis
1800 1665 2087 1720 aii‘ectum:

2202 462 2314 517 est,
2347 455 2526 506 vincat
2567 466 2664 506 eos
2694 453 2784 520 qui
2819 452 3199 506 tantummodo
3235 453 3500 523 imperata
3534 455 3811 521 iecerunt,

2200 553 2256 598 et
2280 543 2542 612 jubentur
2573 543 2758 597 dicere
2785 561 2798 596 :
2849 543 2999 599 Servi
3047 545 3258 600 inutiles
3305 561 3516 607 sumus,
3548 546 3692 617 quod
3718 547 3816 601 tle—

2201 637 2405 691 buimus
2437 639 2636 706 facere,
2665 635 2825 708 761
2851 637 3236 709 fecimus(l.uc.
3269 655 3400 703 xvu,
3427 638 3540 708 10).
3575 639 3812 709 Virgini-

2199 738 2282 784 tas
2306 744 2525 800 quoque
2540 739 2830 798 propterea
2849 730 3049 798 majori
3074 731 3300 801 praemio
3329 742 3660 789 coronatur:
3683 736 3811 806 quia

2198 830 2532 893 praeceptum
2567 822 2784 878 Domini
2817 840 2926 880 non
2959 823 3164 893 habet,
3196 836 3252 882 et
3280 827 3419 884 ultra
3449 828 3715 902 imperata
3747 845 3812 887 se

2197 915 2396 971 tendit.

2273 1007 2454 1080 (νει-ε.
2477 1009 2596 1081 22.)
2621 1007 2795 1066 Simul
2811 1019 2986 1065 autem
3010 1020 3060 1065 et
3081 1027 3320 1084 prtepara
3339 1012 3470 1067 mihi
3496 1014 3802 1085 hospitium.

2195 1097 2314 1154 Non
2345 1111 2476 1169 puto
2509 1111 2618 1157 tam
2649 1102 2878 1160 divitem
2933 1101 3107 1158 fuisse
3137 1104 3486 1172 Apostolum,
3539 1115 3596 1161 et
3639 1107 3811 1163 tantis

2195 1193 2426 1248 sarcinis
2457 1205 2808 1266 occupatum,
2834 1204 2938 1251 utc
2973 1205 3285 1267 praeparato
3315 1207 3504 1270 egeret
3535 1199 3810 1269 hOSpitio,

2194 1297 2252 1344 et
2275 1305 2382 1344 non
2407 1306 2512 1346 una
2535 1302 2828 1348 contentus
2845 1292 3063 1359 cellula,
3091 1293 3286 1351 breves
3305 1296 3550 1367 corporis
3571 1298 3654 1353 sui
3675 1312 3812 1369 Spa-

2193 1381 2274 1436 tio
2301 1383 2468 1449 aedes,
2499 1385 2870 1454 amplissimas
2899 1385 3246 1441 existimaret
3272 1403 3287 1442 :
3320 1388 3413 1443 sed
3437 1396 3494 1442 ut
3520 1388 3646 1444 dum
3669 1404 3809 1444 eum

2192 1485 2477 1546 exspectat
2507 1478 2615 1551 [Αι.
2671 1479 2906 1553 spectat]
2938 1480 3224 1537 Philemon
3253 1481 3321 1536 ad
3371 1496 3430 1537 se
3456 1497 3575 1538 esse
3602 1490 3812 1536 ventu-

2193 1586 2338 1636 rum,
2374 1572 2548 1643 magis
2596 1573 2759 1628 faciat
2788 1574 2935 1644 quod
2979 1582 3202 1646 rogatus
3227 1583 3331 1630 est.
3378 1573 3438 1631 Si
3484 1583 3666 1631 autem
3698 1574 3813 1631 hoc

2193 1677 2301 1717 non
2331 1662 2757 1736 dispensatorie,
2790 1667 2888 1722 sed
2919 1681 3048 1722 vere
3075 1667 3199 1738 quis
3241 1666 3518 1722 existimat
3560 1668 3808 1738 impera-

491 1757 637 1815 unde
682 1773 1096 1829 nonnumquam
1141 1758 1510 1829 Symmachus
1550 1775 1652 1829 pro
1683 1775 1856 1825 sum,
1888 1758 2087 1832 δέομαι,
2119 1751 2170 1813 Β
2197 1764 2334 1820 tum,
2365 1767 2423 1810 ut
2473 1757 2579 1814 sibi
2630 1757 2926 1827 ltOSpitium
2977 1767 3279 1830 praeparet,
3332 1759 3582 1830 apostolo
3631 1759 3810 1830 magis

493 1849 601 1905 hoc
631 1857 718 1906 est
742 1889 758 1916 ,
799 1849 1031 1918 obsecro,
1082 1850 1402 1906 transtulit:
1438 1851 1510 1906 ita
1539 1860 1594 1907 et
1623 1866 1725 1906 nos
1754 1850 2002 1906 eamdem
2036 1852 2088 1906 in

487 1941 680 2000 Grzcca
725 1941 909 2014 lingua
955 1941 1065 1998 vim
1099 1943 1362 2014 patimur,
1411 1959 1576 2011 quam
1610 1943 1788 2000 Graeci
1816 1943 2092 1999 sustinent

490 2033 544 2089 in
571 2034 826 2090 Hebraea.
859 2034 1015 2103 Quod
1043 2045 1224 2091 autem
1243 2035 1356 2091 ait:
1385 2033 1498 2107 Ego
1520 2044 1570 2090 te
1587 2039 1739 2104 fruar
1757 2035 1810 2089 in
1838 2033 2087 2103 Domino,

487 2127 640 2184 aliud
686 2127 862 2183 multo
910 2127 1230 2199 intelligitur
1273 2143 1435 2200 quam
1485 2136 1728 2199 putatur.
1791 2129 2089 2198 Apostolus

487 2238 600 2280 non
628 2223 824 2278 fruitur
853 2223 958 2279 nisi
987 2237 1054 2280 eo
1083 2225 1174 2292 qui
1202 2223 1404 2279 multas
1431 2224 1484 2278 in
1507 2239 1568 2280 se
1599 2223 1762 2279 habet
1785 2223 2082 2279 concinen-

486 2323 678 2387 tesque
727 2315 959 2371 virtutes
984 2357 999 2382 ,
1047 2324 1104 2371 et
1135 2324 1310 2372 talum
1353 2315 1500 2386 quod
1532 2315 1561 2353 ι)
1591 2314 1846 2370 Christus
1887 2315 2088 2371 dicitur

486 2423 586 2480 pro
625 2407 894 2464 varietate
942 2423 1228 2464 causarum
1267 2423 1283 2462 :
1315 2407 1642 2478 sapientiam
1669 2407 1956 2477 videlicet,
2002 2406 2086 2477 ju-

477 2501 683 2556 stitiam
708 2540 726 2569 ,
781 2499 1197 2568 continentiam,
1234 2499 1739 2567 mansuetudinem,
1771 2509 2087 2570 temperan-

477 2593 634 2661 tiam,
683 2594 994 2650 castitatem
1029 2611 1042 2647 :
1100 2593 1202 2649 has
1234 2592 1577 2664 imprecetur
1613 2592 1924 2649 Philemoni
1960 2611 1972 2647 :
2023 2602 2085 2649 ut

477 2705 602 2745 cum
640 2687 726 2745 his
759 2688 1154 2757 abundaverit,
1187 2687 1305 2758 ipse
1336 2702 1404 2744 eo
1433 2687 1727 2759 perfruens
1767 2687 2079 2758 impleatur.

479 2783 549 2842 Et
580 2799 652 2840 ne
679 2793 839 2855 putes
865 2783 1015 2839 illam
1041 2783 1364 2840 fruitionem
1388 2781 1520 2850 dici,
1546 2797 1650 2853 qua
1683 2796 1784 2838 nos
1809 2795 1958 2852 saepe
1983 2796 2082 2836 uo-

475 2877 578 2932 stri
604 2875 746 2932 inter
771 2890 871 2932 nos
905 2876 1198 2946 przesentia
1227 2875 1592 2942 delectamur,
1629 2873 1860 2940 addidit,
1889 2875 1943 2928 in
1971 2872 2083 2928 Do-

475 2967 619 3021 mino
643 2982 663 3023 :
693 2975 755 3022 ut
777 2982 841 3022 ex
872 2982 940 3024 eo
966 2963 1114 3038 quod
1145 2966 1359 3022 Domini
1396 2980 1596 3022 nomen
1627 2965 1946 3036 adjunctum
1973 2973 2078 3031 est,

474 3060 908 3132 intelligeretur,
952 3071 1007 3118 et
1035 3061 1144 3118 alia
1175 3075 1301 3118 esse
1338 3059 1562 3130 fruitio,
1591 3076 1698 3133 qua
1724 3061 1846 3133 quis
1870 3060 2080 3132 absque

477 3155 713 3213 Domino
743 3155 1076 3228 perfruatur.

546 3246 726 3319 Reﬁce
764 3251 960 3306 viscera
1003 3265 1118 3304 mea
1145 3250 1201 3304 in
1225 3247 1452 3306 Christo.
1501 3249 1660 3307 Sicut
1687 3250 1804 3320 ipse
1835 3249 1942 3304 frui
1962 3249 2082 3305 vult

473 3338 802 3400 Philemone
837 3343 893 3399 in
939 3342 1213 3399 Domino:
1250 3343 1324 3397 ita
1358 3344 1572 3399 viscera
1603 3357 1702 3397 sua
1732 3341 2076 3407 Onesimum,

477 3451 641 3508 quem
691 3446 746 3492 et
794 3436 1052 3507 superius
1090 3434 1284 3491 eodem
1329 3433 1553 3490 nomine
1577 3431 2077 3504 appellavit,refici

468 3530 590 3587 vult
621 3545 722 3602 per
750 3530 1130 3586 Philemonem
1161 3571 1176 3597 ,
1229 3536 1286 3583 et
1327 3527 1583 3598 ambigue
1618 3526 1822 3582 dictum
1852 3544 1864 3580 :
1893 3533 2075 3580 utrum

467 3623 685 3680 viscera
716 3622 871 3678 Pauli
915 3623 970 3678 in
1008 3621 1237 3678 Christo
1269 3619 1565 3676 Onesimus
1605 3620 1718 3676 sit:
1771 3635 1842 3676 an
1864 3619 2074 3675 viscera

467 3711 628 3772 Pauli
671 3714 966 3771 Onesimus
1013 3727 1115 3782 per
1161 3711 1544 3768 Philemonem
1591 3710 1649 3766 in
1685 3709 1908 3768 Christo
1945 3710 2076 3766 refi-

469 3806 665 3864 cienda
719 3807 857 3863 sint.
898 3805 956 3862 Si
1001 3805 1256 3876 superius
1300 3803 1550 3876 accipere
1598 3803 1875 3873 volueris,
1925 3813 2076 3860 recte

469 3898 630 3958 Pauli
661 3899 717 3955 in
759 3897 984 3954 Christo
1011 3897 1225 3954 viscera
1262 3897 1518 3954 dicentur
1559 3895 1881 3963 Onesimus,
1912 3912 2074 3968 quem

478 3989 534 4047 in
561 3989 800 4046 vinculis
826 3990 1052 4047 Christo
1075 3990 1285 4062 genuit.
1345 3990 1403 4048 Si
1433 3991 1745 4062 posterius:
1777 3990 1832 4046 in
1858 3989 2106 4050 Christo.

470 4081 810 4139 reficiendus
840 4093 925 4140 est
957 4082 1250 4140 Onesimus
1281 4099 1311 4139 a
1339 4082 1681 4148 Philemone,
1711 4081 1841 4139 dum
1871 4083 1990 4151 ejus
2017 4083 2075 4139 in

472 4174 697 4233 Christo
729 4177 1078 4234 sermonibus
1109 4177 1378 4234 eruditur.

541 4267 728 4341 (νει-ε.
752 4269 874 4341 21.)
905 4267 1188 4339 Conﬁdens
1215 4271 1280 4325 de
1306 4269 1597 4325 obedientia
1619 4279 1708 4324 tua
1731 4270 1914 4343 scripsi
1938 4269 2031 4324 tibi
2053 4286 2074 4326 :

474 4363 642 4418 sciens
667 4364 915 4434 quoniam
944 4379 1100 4436 super
1126 4364 1182 4418 id
1208 4363 1347 4435 quod
1375 4364 1494 4419 dico
1525 4364 1704 4433 facies.
1741 4363 1844 4432 Qui
1870 4380 2073 4435 pracsu-

475 4455 578 4510 mit
623 4454 693 4510 de
730 4469 798 4512 eo
827 4471 991 4526 quem
1051 4467 1342 4527 rogaturus
1386 4466 1493 4523 est,
1523 4457 1643 4526 ipsa
1670 4457 2071 4528 quodammodo

2195 1865 2356 1921 quam
2387 1850 2557 1907 Paulo
2594 1851 2896 1922 hOSpitium
2935 1854 3356 1924 praeparandum
3387 1864 3493 1909 est.
3527 1852 3812 1910 Venturus

2195 1941 2266 1996 ad
2308 1957 2506 1998 novam
2546 1945 2824 2001 civitatem
2849 1986 2867 2013 ,
2903 1944 3299 2016 praedicaturus
3325 1945 3663 2003 Cruciﬁxum
3690 1990 3706 2015 ,
3751 1956 3809 2004 et

2192 2033 2435 2092 inaudita
2476 2035 2736 2108 dogmata
2763 2037 3074 2108 delaturus,
3109 2039 3326 2095 sciebat
3353 2039 3421 2094 ad
3451 2053 3512 2096 se
3542 2038 3808 2109 plurimos

2195 2142 2598 2196 concursuros;
2629 2138 2686 2186 et
2716 2145 2950 2187 necesse
2977 2139 3099 2187 erat
3129 2131 3386 2199 primum,
3417 2138 3479 2186 ut
3506 2129 3702 2188 domus
3746 2131 3805 2186 in

2191 2223 2399 2280 celebri
2433 2209 2587 2281 esset
2611 2225 2761 2281 urbis
2803 2225 2950 2292 loco,
2994 2224 3063 2283 ad
3089 2239 3253 2296 quam
3290 2225 3452 2280 facile
3477 2225 3806 2282 convenire-

2191 2326 2300 2371 tur.
2336 2317 2567 2388 Deinde,
2618 2327 2679 2373 ιιι
2707 2319 2776 2374 ab
2821 2319 2971 2374 omni
3027 2318 3445 2390 importunitate
3493 2332 3712 2374 vacua:
3745 2325 3806 2374 ut

2187 2410 2392 2480 ampla,
2418 2426 2541 2480 qua:
2564 2409 2834 2481 plurimos
2855 2419 3079 2482 caperet
3107 2409 3448 2466 audientium
3477 2424 3494 2465 :
3522 2424 3593 2465 ne
3616 2411 3806 2479 proxi-

2185 2518 2276 2558 ma
2316 2505 2755 2575 spectaculorum
2787 2505 2922 2561 locis
2955 2521 2970 2560 :
2999 2519 3070 2561 ne
3099 2504 3243 2576 turpi
3270 2504 3475 2560 vicinia
3502 2502 3804 2560 detestabi-

2185 2594 2251 2650 iis
2283 2613 2296 2650 :
2327 2604 2607 2666 postremo
2638 2607 2696 2652 ut
2727 2598 2779 2652 in
2815 2598 2976 2668 plano
3006 2596 3193 2668 potius
3231 2606 3382 2652 esset
3419 2595 3520 2650 sita
3544 2610 3710 2666 quam
3745 2594 3800 2650 in

2185 2689 2499 2744 caenaculo.
2533 2689 2708 2756 Quam
2731 2689 2800 2746 ob
2827 2705 3047 2746 causam
3071 2704 3194 2745 eum
3223 2689 3478 2745 existimo
3507 2688 3665 2744 etiam
3687 2687 3802 2744 Ro-

2185 2795 2293 2836 mae
2321 2783 2376 2836 in
2423 2780 2696 2838 conducto
2745 2781 3021 2838 mansisse
3052 2780 3332 2837 biennium
3372 2779 3482 2854 [ΑΙ.
3526 2777 3796 2852 biennio].

2188 2872 2300 2929 Nec
2331 2889 2520 2944 parva,
2545 2885 2602 2930 ut
2623 2889 2771 2940 reor,
2797 2884 2916 2931 erat
2940 2875 3173 2944 mansio,
3201 2875 3268 2931 ad
3292 2889 3454 2948 quam
3479 2872 3797 2930 Judaeorum

2192 2967 2368 3023 turbze
2397 2967 2641 3039 quotidie
2668 2967 3042 3024 conﬂuebant.
3453 2985 3463 2994 ··

2263 3061 2431 3132 Spero
2458 3062 2596 3117 enim
2623 3078 2714 3128 per
2744 3062 3006 3116 orationes
3030 3070 3225 3116 vestras
3275 3060 3462 3116 donari
3506 3075 3586 3115 me
3625 3057 3791 3115 vobis.

2109 3150 2157 3215 C
2188 3151 2387 3209 Filium
2420 3153 2590 3222 Patri,
2628 3154 2776 3210 Deus
2813 3163 3040 3226 rogatus
3069 3153 3337 3225 indulget,
3367 3161 3424 3209 et
3453 3152 3621 3209 frater
3647 3165 3796 3221 serpe

2180 3248 2366 3302 fratris
2391 3247 2643 3303 oratione
2663 3256 2935 3304 servatur.
2962 3247 3262 3319 Apostolus
3285 3254 3468 3302 autem
3495 3245 3664 3302 totius
3684 3245 3793 3301 Ec-

2180 3340 2366 3397 clesiae
2395 3341 2656 3412 precibus
2688 3341 3032 3405 conceditur,
3073 3340 3145 3396 ob
3175 3355 3364 3396 eorum
3394 3338 3490 3410 qui
3525 3352 3650 3394 eum
3691 3351 3793 3392 au-

2180 3432 2352 3488 dituri
2383 3442 2512 3488 sunt
2544 3425 2858 3489 utilitatem.
2892 3432 2958 3487 Et
3007 3432 3111 3488 hoc
3156 3431 3382 3495 donum,
3434 3439 3682 3486 nontam
3733 3429 3792 3485 in

2180 3543 2303 3584 eum
2336 3527 2540 3584 dicitur
2571 3543 2694 3585 esse
2729 3529 2821 3600 qui
2849 3527 3096 3584 defertur
3128 3525 3236 3600 [ΑΙ.
3280 3523 3554 3598 differtur]
3586 3539 3613 3578 a
3645 3538 3793 3579 mar-

2181 3620 2322 3691 tyrio
2342 3619 2410 3675 ad
2440 3620 2765 3693 martyrium
2787 3627 3153 3690 praeparatus,
3172 3633 3330 3688 quam
3355 3617 3410 3674 in
3439 3631 3535 3674 eos
3558 3616 3624 3672 ad
3649 3629 3791 3686 quos

2177 3712 2486 3783 Apostolus
2507 3714 2762 3769 mittitur.
2785 3713 2940 3781 Quod
2965 3722 3147 3769 autem
3175 3712 3372 3769 crebro
3391 3711 3656 3768 Paulusin
3675 3725 3790 3766 car-

2179 3819 2304 3860 cere
2333 3805 2526 3874 fuerit,
2558 3815 2615 3862 et
2640 3805 2712 3862 de
2741 3804 2978 3860 vinculis
3009 3804 3275 3860 liberatus
3303 3805 3397 3869 sit,
3447 3804 3565 3873 ipse
3594 3801 3646 3858 in
3676 3800 3788 3857 alio

2177 3901 2300 3958 loco
2327 3900 2459 3958 dicit
2488 3918 2500 3954 :
2533 3899 2604 3956 In
2649 3901 2945 3957 carceribus
2975 3905 3269 3973 frequenter
3300 3897 3373 3972 (Il
3422 3896 3543 3953 Cor.
3577 3896 3683 3969 XI),
3716 3897 3787 3955 de

2179 3994 2376 4065 quibus
2403 4008 2813 4065 nonnumquam
2862 3993 3077 4048 Domini
3117 3990 3350 4060 auxilio,
3405 3988 3601 4046 crebro
3647 3990 3787 4060 ipsis

2178 4086 2632 4159 persecutoribus
2678 4086 2814 4142 nihil
2843 4085 3066 4157 dignum
3101 4086 3156 4140 in
3185 4101 3252 4141 eo
3278 4093 3457 4141 morte
3490 4083 3785 4139 invenien-

2179 4181 2324 4236 tibus
2369 4178 2776 4234 dimittebatur.
2842 4177 3085 4235 Necdum
3141 4178 3286 4232 enim
3342 4191 3509 4246 super
3561 4175 3787 4232 nomine

2177 4271 2494 4330 Christiano
2538 4271 3015 4327 senatusconsulta
3063 4277 3472 4340 praecesserant
3502 4286 3517 4323 :
3549 4266 3783 4323 necdum

2178 4362 2547 4418 Christianum
2578 4363 2897 4435 sanguinem
2947 4363 3181 4418 Neronis
3210 4360 3425 4434 gladius
3473 4359 3780 4416 dedicarat.

2177 4456 2284 4512 Sed
2319 4471 2416 4527 pro
2451 4457 2693 4511 novitate
2725 4455 3171 4527 praedicationis,
3205 4454 3323 4509 sive
3349 4469 3378 4507 a
3407 4451 3612 4509 Judazis
3645 4452 3784 4507 invi-

474 4545 906 4618 praesumptione
955 4547 1310 4618 prmjudicat,
1341 4563 1410 4604 ne
1437 4547 1487 4602 ei
1520 4563 1719 4618 negare
1741 4548 1906 4604 liceat
1928 4549 2070 4618 quod
2098 4539 2155 4602 D
2178 4550 2460 4617 dentibus,
2485 4550 2601 4607 sive
2628 4551 2699 4606 ab
2725 4551 2810 4608 his
2837 4552 2930 4623 qui
2961 4566 3056 4606 sua
3086 4550 3347 4606 videbant
3375 4549 3520 4606 idola
3547 4545 3779 4613 destrui;

466 4648 718 4709 rogatur.
760 4638 934 4695 Porro
965 4640 1009 4695 si
1033 4641 1138 4694 scit
1167 4639 1261 4696 ille
1283 4641 1375 4711 qui
1406 4640 1642 4710 postulat
1663 4641 1949 4711 plusquam
1978 4659 2071 4698 ro-

469 4731 642 4804 gavit,
675 4741 925 4804 rogatum
958 4747 1081 4790 esse
1108 4733 1350 4789 futurum
1380 4752 1393 4788 :
1428 4733 1555 4791 ideo
1586 4735 1796 4790 minora
1827 4736 1982 4807 petit,
2015 4745 2075 4792 ut

464 4823 662 4882 habeat
683 4837 903 4897 rogatus
926 4827 1318 4896 voluntariam,
1343 4837 1398 4884 et
1426 4828 1690 4900 majorem
1721 4831 2070 4900 praestatione

465 4920 804 4977 mercedem.
875 4922 931 4978 Si
983 4931 1164 4979 autem
1217 4921 1504 4980 Philemon
1550 4923 1670 4979 haec
1715 4923 1782 4979 ad
1829 4924 2069 4981 hominis

462 5024 792 5085 prteceptum
826 5013 956 5071 facit
995 5033 1008 5071 :
1041 5025 1250 5087 quanto
1296 5018 1470 5088 magis
1507 5017 1668 5074 faciet
1707 5017 1777 5074 ob
1811 5019 2064 5075 dilectio-

461 5121 590 5163 nem
638 5107 776 5163 Dei?
821 5107 982 5165 Unde
1030 5109 1232 5165 merito
1277 5108 1532 5178 Apostoli
1581 5124 1718 5166 voce
1773 5110 2062 5168 laudatur:

461 5198 606 5269 quod
655 5199 914 5254 mandata
955 5200 1074 5269 ejus
1115 5214 1285 5270 Opere
1326 5210 1656 5269 prtevertat,
1701 5212 1756 5256 et
1785 5205 1957 5272 possit
1984 5203 2068 5258 di-

455 5303 620 5346 cere:
651 5288 967 5346 Voluntaria
987 5292 1092 5348 oris
1117 5293 1220 5346 mei
1260 5292 1615 5362 complaceant
1656 5295 1750 5348 tibi
1800 5337 1815 5361 ,
1841 5295 2064 5350 Domine

529 5480 556 5509 ⁸
595 5472 841 5544 Negandi
900 5473 1264 5543 particulam,
1317 5489 1479 5542 quam
1531 5482 1739 5530 temere
1789 5475 2045 5541 Martian,

457 5547 832 5626 praetermisit,
868 5547 1041 5602 nostri
1070 5559 1206 5601 mss.
1238 5555 1562 5617 veteresque
1585 5547 1716 5602 editi
1746 5546 1868 5602 libri
1898 5546 2052 5603 suffi-

455 5627 785 5742 cugnhlaluit
813 5686 957 5743 idem
987 5689 1264 5755 Martian.,
1298 5688 1436 5756 quod
1467 5687 1664 5744 Christi
1691 5689 1906 5744 dicitur.

541 5765 563 5795 ε
592 5756 734 5813 Olim
782 5767 924 5827 erat,
954 5773 1007 5814 ut
1039 5762 1102 5816 de
1128 5758 1478 5832 prtrparattdo
1505 5771 1676 5832 ageret
1727 5761 1976 5834 hospitio,
2007 5772 2056 5820 et

2172 4645 2242 4702 ad
2293 4645 2534 4701 furorem
2569 4646 2792 4716 p0pu|is
2838 4645 3153 4707 concitatis,
3188 4644 3340 4699 missi
3372 4644 3424 4698 in
3475 4656 3779 4708 carcerem,

2175 4752 2393 4794 rursutn
2425 4737 2634 4807 impetu
2677 4747 2732 4792 et
2773 4736 2955 4794 furore
2989 4735 3265 4806 deposito,
3309 4735 3470 4808 762
3509 4733 3780 4788 laxaban-

2175 4839 2283 4885 tur.
2312 4830 2382 4884 Et
2412 4830 2516 4885 hoc
2537 4829 2612 4884 ita
2649 4844 2772 4885 esse
2821 4840 2881 4884 ut
2926 4829 3178 4896 dicimus,
3228 4828 3612 4898 Apostolorum
3642 4827 3781 4882 Acta

2170 4931 2465 4989 testantur,
2491 4923 2546 4976 in
2577 4923 2776 4993 quibus
2807 4935 2863 4977 et
2883 4920 3039 4977 Felix
3062 4920 3307 4991 loquitur
3332 4920 3401 4974 ad
3429 4917 3728 4988 Agrippam
3758 4933 3777 4972 :

2169 5013 2420 5086 pomisse
2450 5013 2654 5070 dimitti
2687 5014 2941 5082 Paulum,
2972 5014 3017 5069 si
3075 5027 3185 5067 non
3219 5010 3554 5083 appellasset
3582 5008 3776 5064 Caesa-

2170 5123 2287 5163 rem
2323 5109 2462 5178 (Act.
2497 5110 2648 5178 xxv).
2704 5108 2772 5162 Et
2815 5108 2939 5178 quia
2994 5105 3198 5162 nullam
3253 5104 3526 5160 invenerit
3553 5115 3775 5156 causam

2170 5209 2378 5274 prazter
2407 5203 2739 5273 quaestiones
2764 5201 3028 5272 quasdam
3057 5201 3126 5254 de
3153 5198 3418 5269 religione
3440 5195 3685 5267 propria,
3718 5201 3780 5249 et

2170 5297 2238 5352 de
2269 5297 2504 5367 quodam
2535 5296 2690 5363 Jesu,
2743 5311 2903 5366 quem
2954 5294 3154 5349 Paulus
3183 5293 3371 5349 vivere
3415 5287 3770 5363 praedicabat.

2159 5494 2262 5532 non
2285 5494 2390 5532 una
2414 5486 2696 5532 contentus
2729 5477 2940 5540 cellula,
2969 5478 3116 5533 breve
3142 5479 3375 5546 corporis
3409 5478 3492 5532 sui
3513 5475 3768 5547 spatium,

2159 5549 2294 5604 (edes
2345 5546 2693 5616 amplissimas
2724 5549 3061 5604 existimaret.
3115 5549 3439 5618 lmpressam
3475 5546 3770 5604 lcetionem

2160 5620 2753 5690 restituitjatnpt'idem
2800 5619 3106 5681 Vicmrius,
3156 5621 3502 5689 explicatque
3554 5619 3652 5681 ita,
3712 5627 3772 5674 ut

2162 5693 2326 5746 etiam
2359 5693 2710 5745 brevissitttus
2743 5699 2799 5745 et
2833 5690 3247 5760 angustissimas
3275 5691 3447 5753 cedes,
3483 5690 3769 5760 exiStima-

2163 5772 2249 5818 ret
2272 5763 2568 5834 Apostolus
2596 5759 2962 5832 amplissimas
2991 5763 3074 5821 sui
3102 5763 3348 5832 corporis
3372 5759 3576 5833 spatio.
