4032 6314
294 282 403 352 si“:

988 296 1638 368 coithsunntonun
1677 310 1747 370 LV
1789 306 2008 374 artsr.
2053 314 2144 376 AD
2189 317 2644 388 eutLEitoxsn
2685 318 2912 392 Lmen.

3488 343 3595 412 618

285 402 365 465 Ex
405 425 517 482 quo
544 406 1062 487 animadvertimus,
1092 429 1148 477 et
1177 436 1207 478 a
1254 428 1472 482 ueteris
1510 427 1787 499 judicibus
1813 434 1889 489 si-
1919 439 1971 499 Α
1996 437 2089 507 qui
2116 449 2235 494 sunt
2262 443 2461 500 nobiles
2485 447 2540 503 in
2569 453 2845 523 apostolis,
2877 447 2965 526 qui
2989 453 3037 512 et
3061 468 3182 516 ante
3206 478 3284 517 me
3308 452 3521 537 fuerunl
3543 472 3599 526 in

285 502 500 537 mntem.
536 520 632 537 Δ...
664 508 911 537 ..ηομεηηι
958 511 1149 537 .r:--.:..:
1224 515 1276 537 2,:
1328 532 1511 537 Αμμμ--
1550 521 1588 537 τι
1689 523 1701 535 .
1876 535 1885 537 _
2108 531 2119 537 -
2243 531 2266 537 _

2603 502 2629 523 Γ
2648 502 2845 523 --,---ν,
2878 502 2888 508 .
2914 502 2963 511 .-ν
2989 502 3034 512 vv
3061 502 3179 516 κινιν
3208 502 3282 517 νην
3335 502 3414 521 μοι
3429 502 3520 524 αισι
3544 502 3599 526 111

282 502 500 559 utiliter
536 520 635 563 eos
664 508 912 580 potuisse
956 511 1175 584 dimitti,
1224 515 1276 571 id
1323 532 1519 589 agente
1550 521 1800 592 Domino,
1835 535 1892 583 ut
1995 502 2201 588 Christo
2228 531 2356 590 Iesu
2389 538 2568 611 (Rom.
2600 559 2713 611 xvi,
2747 547 2823 619 7).
2857 502 2985 607 time
3025 553 3093 609 de
3122 502 3392 628 Epapli'ra.
3422 562 3599 620 Cirte-

287 606 404 628 ιλιι.
433 600 571 628 Ληιυι
600 618 736 628 ..-ηρ
775 621 884 628 --κ
902 607 1085 628 λε-λιῖκ
1123 610 1166 628 ³·
1324 611 1338 626 ⁸

287 606 405 655 ιοιο
432 600 572 657 orbe
600 618 739 659 nova
775 607 1094 675 praedicatio
1112 610 1590 674 disseminaretur.

351 692 536 762 (Vera.
553 695 644 760 23.
658 697 779 771 24.)
803 699 1015 758 Salutat
1037 713 1088 759 te
1098 703 1373 779 Epaphras
1396 715 1724 785 concaptiuus
1746 735 1887 775 mens

281 785 337 840 in
356 787 694 845 ChristoIcsn
709 806 729 845 :
745 791 980 859 Marcus,
1007 798 1361 865 Aristarchus,
1382 803 1594 872 Demos,
1620 809 1790 866 Lucas
1801 829 1888 867 co-

282 890 579 949 operatores
603 884 723 937 mei.
749 884 806 940 Id
830 887 975 957 quod
1007 889 1058 942 in
1090 892 1355 964 princip’o
1376 896 1716 967 dicebamus,
1748 918 1886 973 quo-

282 968 427 1023 niam
441 969 884 1037 adColossensc-s
901 977 1138 1047 Epistota
1154 984 1411 1057 eademin
1431 997 1697 1059 tempore,
1715 968 1778 1048 et
1787 1009 1885 1064 per

282 1060 540 1117 eumdem
596 1075 743 1120 esset
783 1066 989 1138 scripta
1022 1069 1266 1140 bajulum
1304 1076 1628 1147 litterarum,
1677 1060 1881 1151 quo-ad

278 1151 653 1212 Philemonem
686 1173 905 1230 quoque
932 1163 1195 1235 scriptum
1222 1176 1329 1233 est,
1368 1171 1532 1228 etiam
1566 1189 1756 1231 eorum
1787 1178 1879 1250 qui

272 1246 576 1303 salutantes
604 1249 935 1308 inducuntur
954 1256 1172 1313 nomina
1185 1257 1408 1318 docent.
1430 1263 1565 1320 Nam
1596 1275 1653 1322 et
1682 1268 1732 1323 in
1758 1246 1877 1338 ipsa

275 1341 348 1394 ita
408 1341 668 1398 scribitur
713 1362 725 1398 :
775 1344 986 1402 Salutat
1029 1365 1123 1404 vos
1164 1349 1502 1412 Aristarchus
1547 1364 1878 1431 concaptivns

270 1446 436 1501 meus,
469 1443 518 1489 et
547 1431 780 1499 Harcus.
810 1440 1153 1496 consobrinus
1173 1439 1455 1515 Barnabas,
1493 1457 1542 1504 et
1575 1447 1872 1523 Epaphras,

265 1521 359 1591 qui
403 1538 468 1576 ex
517 1524 659 1579 vobis
699 1542 879 1583 servus
907 1525 1103 1585 Christi
1133 1532 1353 1606 (Coloss.
1406 1552 1480 1606 tv,
1532 1521 1743 1615 10,12)
1770 1561 1786 1612 ;
1818 1556 1878 1603 et

271 1610 438 1681 paulo
474 1612 746 1672 inferius:
780 1616 993 1676 Salutat
1040 1638 1129 1677 vos
1167 1623 1341 1682 Lucas
1368 1631 1599 1687 medicus
1626 1610 1872 1692 charissi-

276 1719 418 1762 mus.
447 1716 496 1759 et
521 1704 742 1775 Densus;
771 1720 818 1765 et
846 1711 1000 1768 dicite
1024 1715 1287 1789 Archippo
1318 1734 1339 1775 :
1369 1719 1503 1778 Vide
1531 1726 1871 1787 ministerium

265 1795 410 1861 quod
429 1801 676 1869 accepisti
700 1802 755 1855 in
785 1799 1032 1875 Domino,
1061 1819 1116 1862 ut
1141 1806 1279 1865 illud
1305 1813 1521 1886 impleas
1554 1817 1746 1889 (litim,
1778 1821 1842 1878 14

264 1887 388 1958 1Ἰ);
411 1903 464 1944 ct
493 1905 509 1944 :
556 1890 816 1950 Mentores
862 1905 1021 1954 estote
1063 1899 1383 1959 uinculorum
1412 1887 1645 1965 meorum
1673 1910 1870 1985 (Ibid.,

263 1978 389 2049 18).
419 1978 478 2035 Si
505 1994 686 2038 autem
729 1999 800 2041 ex
852 2001 920 2043 eo
948 1988 1147 2061 aliquis
1176 2009 1284 2049 non
1314 2007 1468 2067 putat
1502 1978 1712 2071 pariter
1735 1978 1874 2061 seri;

260 2078 415 2140 ptas,
444 2072 588 2142 quod
616 2075 683 2130 ad
711 2075 1068 2137 Colossenses
1114 2099 1282 2153 pauca
1320 2087 1431 2145 sint
1477 2094 1701 2150 nomina
1747 2112 1870 2169 quae

258 2163 358 2219 hic
388 2181 498 2220 non
530 2169 770 2225 terantur
797 2174 1075 2246 ascripta:
1099 2176 1238 2234 sciat
1265 2195 1374 2236 non
1403 2197 1593 2242 omnes
1614 2191 1869 2248 omnibus

257 2267 362 2315 aut
392 2260 604 2317 amicos
640 2278 788 2332 esse,
817 2275 915 2322 aut
958 2278 1143 2338 notos,
1177 2282 1231 2327 et
1270 2272 1417 2332 aliud
1448 2292 1569 2334 esse
1598 2281 1866 2351 privatam

259 2350 331 2405 ad
385 2368 552 2409 unum
602 2354 905 2426 hominem,
937 2359 1086 2417 aliud
1117 2364 1395 2434 publicam
1435 2369 1503 2426 ad
1556 2372 1865 2434 universam

262 2443 567 2500 Ecclesiam
594 2448 892 2515 epistolam
939 2452 1082 2508 ﬁeri.
1128 2453 1338 2512 Salutat
1368 2469 1437 2528 te,
1486 2461 1681 2535 inquit,
1714 2465 1862 2540 Epa-

256 2532 419 2606 phras
448 2538 778 2611 concaptivus
798 2557 939 2596 meus
959 2543 1014 2599 in
1044 2542 1250 2603 Christo
1279 2548 1429 2607 Iesu.
1459 2532 1593 2621 Quis
1619 2532 1695 2612 sit
1717 2532 1860 2630 Epa-

261 2626 426 2696 puras
450 2633 814 2701 concaptivus
836 2632 1017 2705 Pauli,
1044 2638 1208 2695 talem
1230 2639 1473 2699 fabulam
1496 2626 1816 2720 accepimus
1844 2669 1859 2708 :

254 2716 428 2773 Aiunt
461 2729 722 2789 parentes
757 2727 987 2795 apostoli
1023 2727 1173 2785 Pauli
1215 2730 1285 2786 de
1332 2731 1587 2805 Gyscalis
1634 2716 1861 2811 regione

254 2807 435 2869 fuisse
460 2812 702 2883 Iudam;
735 2826 790 2874 et
818 2834 938 2890 eos,
963 2836 1083 2877 cum
1118 2832 1228 2879 tota
1272 2829 1576 2898 provincia.
1612 2831 1858 2893 Romana

254 2915 580 2962 vastaretur
609 2925 795 2980 manu,
827 2923 884 2968 et
910 2913 1361 2989 dispergerentur
1406 2922 1461 2978 in
1507 2925 1698 2982 orbem
1744 2926 1855 3002 [ΑΙ.

247 2996 413 3070 orbe}
439 2996 638 3067 Judaei,
657 3004 713 3057 in
739 3001 1008 3062 Tharsum
1035 3012 1234 3066 urbem
1256 3011 1466 3070 Ciliciae
1491 3015 1657 3075 fuisse
1678 2996 1859 3077 trans-

251 3089 400 3147 latos
432 3108 446 3147 :
483 3107 779 3167 parentum
822 3101 1192 3161 conditionem
1220 3106 1687 3169 adolescentulum
1718 3115 1859 3172 Pau-

250 3186 365 3242 lum
395 3201 671 3247 secutum.
704 3192 776 3248 Et
820 3193 900 3251 sic
946 3212 1108 3268 posse
1156 3208 1302 3258 stare
1354 3203 1491 3260 illud
1520 3210 1665 3277 quod
1696 3210 1765 3266 de
1795 3227 1854 3268 se
1878 3231 1927 3298 ο

250 3279 375 3350 ipse
401 3291 637 3342 testatur
669 3302 686 3342 :
720 3285 931 3345 ΙΙεὸνωὶ
956 3302 1098 3364 sunt,
1131 3306 1178 3348 et
1203 3310 1298 3370 ego
1316 3312 1335 3350 :
1354 3295 1615 3356 Israelita
1635 3313 1779 3369 sunt,
1802 3315 1849 3360 et

246 3390 344 3449 ego
365 3391 386 3432 .'
413 3394 587 3434 semen
615 3382 845 3439 Abraha:
866 3396 1009 3455 sunt,
1037 3394 1088 3443 et
1113 3405 1210 3463 ego
1256 3390 1326 3458 (ll
1350 3391 1471 3448 Cor.
1501 3411 1576 3465 xl,
1617 3394 1732 3469 22).
1779 3398 1849 3455 Et

245 3484 467 3526 rursum
497 3472 627 3530 alibi
654 3491 669 3529 :
701 3475 953 3534 Hebraeus
997 3498 1063 3536 ea:
1090 3480 1324 3541 Hebraeis
1369 3485 1600 3559 (Philip.
1628 3506 1710 3558 ιιι,
1742 3493 1799 3565 5)
1832 3511 1845 3549 :

243 3746 346 3803 illo
369 3758 617 3820 tempore
645 3764 865 3823 captum
894 3757 1186 3829 suspicari,
1215 3778 1323 3833 quo
1353 3777 1544 3834 captus
1582 3746 1667 3825 est
1705 3771 1846 3827 Pau-

240 3838 332 3894 lus
364 3859 379 3896 :
410 3853 610 3898 etcum
643 3848 960 3915 parentibus
990 3852 1104 3907 suis
1144 3852 1199 3908 in
1243 3855 1489 3913 Colossis
1523 3860 1656 3918 urbe
1698 3861 1842 3921 Asiae

238 3932 599 4001 collocatum,
618 3937 817 3995 Christi
843 3951 1030 4012 postea
1050 3946 1296 4016 recipere
1312 3964 1647 4010 sermonem.
1680 3955 1840 4029 763

237 4020 401 4081 Unde
429 4026 497 4082 ad
528 4028 909 4100 Colossenscs,
946 4045 1003 4089 ut
1031 4051 1196 4109 supra
1245 4039 1503 4113 diximus,
1534 4020 1793 4103 scribi—uii-
1822 4067 1836 4104 :

236 4114 457 4172 Salutat
494 4134 583 4175 vos
613 4118 890 4194 Epaphras
918 4128 1007 4197 qui
1034 4138 1107 4183 est
1135 4146 1201 4184 ex
1227 4131 1388 4198 vobis,
1420 4153 1594 4190 servus
1623 4140 1837 4212 Christi,

227 4223 442 4278 semper
468 4210 728 4268 sollicitus
756 4231 851 4287 pro
876 4218 1018 4273 vobis
1054 4220 1107 4273 in
1154 4224 1476 4281 orationibus
1505 4218 1731 4301 (Coloss.
1760 4210 1836 4302 tv,

232 4299 359 4370 η).
404 4299 519 4358 Hoc
568 4304 616 4360 si
646 4320 706 4361 se
737 4308 810 4361 ita
866 4308 1085 4377 habeat,
1118 4319 1173 4367 et
1203 4299 1550 4373 Aristarchus
1577 4323 1670 4389 qui
1700 4299 1836 4379 con;

228 4396 485 4464 captivus
514 4398 636 4468 ejus
688 4401 741 4456 in
772 4411 798 4439 α
834 4403 1026 4459 eadem
1057 4405 1299 4478 Epistula
1328 4410 1549 4480 dicitur,
1581 4415 1650 4471 ad
1682 4432 1833 4474 eam-

227 4485 360 4541 dem
393 4488 804 4562 intelligentiam
826 4495 1129 4553 deducetur
1153 4517 1166 4553 :
1188 4501 1292 4556 nisi
1317 4503 1459 4559 forte
1490 4509 1831 4567 reconditum

230 4577 463 4649 aliquid,
495 4592 550 4637 et
593 4596 889 4653 sacratum,
943 4600 1000 4643 ut
1046 4591 1266 4662 quidam
1317 4606 1527 4669 putant,
1578 4600 1630 4655 in
1661 4577 2042 4694 νοιιιοῃίιιι,

227 4670 570 4739 captivitatis
599 4679 909 4735 ostenditur
932 4680 1041 4753 [ΑΙ.
1075 4685 1357 4761 ostendit],
1388 4692 1529 4760 quod
1564 4695 1706 4763 capti
1739 4711 1836 4765 pa-

227 4761 276 4817 ri
305 4777 366 4817 cr
394 4774 450 4819 et
479 4766 666 4838 vincti,
702 4769 755 4825 in
797 4771 991 4828 vallem
1024 4772 1162 4831 hanc
1195 4778 1415 4836 adducti
1447 4779 1556 4854 [ΑΙ.
1590 4761 1834 4861 deduct]

226 4857 337 4909 sint
367 4855 755 4927 lacrymarum.
787 4863 942 4931 Quod
974 4867 1019 4921 si
1053 4879 1312 4925 neutrum
1347 4877 1626 4945 recipitur,
1660 4894 1724 4934 ex
1765 4895 1831 4937 eo

225 4944 372 5013 quod
402 4947 489 5002 hic
515 4950 762 5006 additum
788 4964 873 5010 est
896 4956 951 5011 in
980 4955 1189 5015 Christo
1218 4960 1369 5033 Iesu,
1419 4944 1709 5037 possumus
1740 4985 1832 5027 sn-

223 5037 426 5108 spicari
449 5043 640 5100 eadem
666 5063 791 5102 cum
824 5046 1013 5107 Romae
1041 5069 1143 5124 pro
1172 5055 1388 5113 (.bristo
1415 5061 1629 5118 vincula
1659 5067 1831 5121 susti-

224 5131 412 5189 nuisse
439 5151 562 5207 quze
597 5138 827 5197 Paulum
863 5160 878 5194 ε
907 5155 963 5202 et
993 5156 1051 5202 nt
1086 5150 1326 5208 vinctum
1358 5153 1588 5228 Christi,
1628 5160 1700 5215 ita
1731 5177 1822 5219 ca-

223 5225 431 5295 ptivum
453 5245 673 5304 quoque
700 5235 817 5306 ejus
841 5241 1083 5309 potuisse
1105 5242 1234 5302 dici.
1267 5225 1649 5324 Autcerteita,
1674 5257 1819 5327 quod

218 5321 421 5377 nobilis
448 5332 504 5378 et
535 5325 653 5396 ipse
682 5331 754 5384 sit
781 5329 833 5387 in
865 5335 1152 5407 apostolis,
1187 5348 1244 5396 ut
1261 5340 1610 5405 Andronicus
1636 5321 1819 5408 vet-Ju-

217 5408 314 5478 lia,
343 5413 414 5470 de
437 5417 638 5487 quibus
675 5420 743 5477 ad
790 5422 1072 5485 Romanos
1117 5435 1411 5493 scribitur:
1444 5441 1685 5500 Salutate
1712 5448 1820 5503 Λη-

218 5503 521 5578 dronicum,
572 5520 618 5566 et
666 5511 866 5570 Iuliam
911 5532 1183 5594 cognatos,
1228 5538 1279 5583 et
1307 5536 1631 5605 concaptivos
1658 5558 1816 5613 meos,

298 5708 753 5807 "ullupcnquoque
778 5721 959 5807 locum
983 5724 1291 5807 Origeniani
1313 5735 1580 5807 dogmatis
1602 5756 1822 5807 accusat

226 5779 310 5849 litt
321 5784 489 5859 illius,
514 5779 685 5859 quc-ui
704 5793 901 5848 videsis
927 5779 1719 5886 Ιηιέόεῗίιῆιιῖιιιῖιῖδϊῒἐἶ

632 5878 906 5948 Psrnoc.
954 5885 1191 5959 XXVI.

1993 637 2110 679 rum
2153 641 2544 699 cooperatores
2575 636 2855 711 Evangelii
2886 655 2941 699 ct
2968 645 3310 706 \‘ittCulmum
3342 669 3592 727 suorum,

1991 732 2113 773 cum
2153 722 2223 777 ad
2264 723 2636 788 Philemonem
2687 738 2972 807 epistolam
3025 747 3310 816 scriberet,
3353 752 3593 815 Marcum

1992 812 2170 881 petiit,
2193 831 2358 887 quem
2398 833 2531 892 puto
2564 826 2842 900 Evangelii
2875 837 3242 911 canditorem,
3274 812 3328 901 et
3355 812 3597 908 Aristcr;

1989 901 2152 959 chum
2193 910 2350 979 cujus
2380 927 2545 984 supra
2579 916 2815 978 iecimus
2847 932 3207 1001 mentionem,
3240 947 3295 992 et
3344 939 3591 1010 Demam.

1987 993 2056 1051 de
2085 1011 2196 1067 quo
2227 999 2278 1054 in
2312 1002 2422 1058 alio
2456 1006 2576 1063 loco
2615 1013 2864 1079 queritur
2896 1033 2912 1073 :
2939 1017 3136 1078 Demos
3181 1044 3262 1081 me
3290 1030 3591 1106 dereliquit,

1986 1086 2211 1159 diligens
2236 1112 2468 1162 prwsens
2502 1102 2778 1169 swculum,
2810 1119 2858 1163 et
2890 1111 3017 1169 abiit
3049 1114 3093 1171 Τ
3092 1086 3591 1186 Ιιεεεαιοηίεαιηΐέἱ

1986 1179 2188 1238 Lucam
2217 1187 2515 1260 medicum,
2547 1197 2640 1266 qui
2684 1198 3032 1273 Evangelium
3065 1219 3119 1265 et
3157 1212 3326 1272 Actus
3353 1179 3586 1290 Apost;

1981 1272 2158 1330 lorum
2191 1277 2452 1338 Ecclesiis
2479 1272 2890 1364 derelinquens,
2921 1303 3197 1368 quomodo
3227 1272 3590 1379 Apostoliﬂde

1983 1367 2353 1436 piscatoribus
2384 1377 2638 1449 piscium,
2669 1367 2968 1453 piscatores
3003 1367 3294 1457 hominum
3311 1402 3438 1460 lacti
3461 1420 3592 1467 sunt

1982 1458 2201 1531 (Matth.
2234 1466 2311 1539 ιν)
2348 1485 2362 1525 ε
2393 1470 2467 1526 ita
2501 1474 2571 1530 de
2597 1479 2814 1537 medico
2859 1499 3175 1558 corporum,
3207 1493 3263 1549 in
3315 1458 3588 1558 satis};

1978 1565 2064 1609 est
2094 1571 2284 1615 versus
2308 1563 2638 1635 animarum,
2663 1571 2732 1628 de
2754 1590 2863 1646 quo
2903 1588 2961 1634 et
3011 1582 3065 1636 in
3095 1584 3208 1640 alio
3234 1586 3354 1643 loco
3389 1607 3404 1644 :
3436 1589 3585 1663 Misi,

1978 1642 2174 1719 inquit,
2207 1668 2325 1708 cum
2349 1654 2447 1712 illo
2491 1660 2731 1734 fratrem,
2763 1642 2919 1742 cujus
2948 1672 3071 1729 laus
3099 1687 3174 1732 est
3216 1678 3271 1733 in
3300 1642 3588 1757 Evangelii;

1980 1757 2072 1810 prr
2094 1758 2270 1845 omnes
2301 1746 2565 1807 Ecclesias
2594 1755 2664 1828 (ιι
2721 1758 2843 1816 Cor.
2900 1778 3018 1834 vm,
3070 1768 3163 1841 i8)
3197 1788 3210 1825 :
3240 1774 3395 1845 cujus
3446 1746 3587 1835 liber

1848 1865 1862 1888 ν
1892 1838 1943 1902 Β
1971 1834 2424 1912 quotiescumque
2453 1844 2653 1918 legitur
2699 1851 2753 1907 in
2786 1852 3076 1933 Ecclesiis,
3110 1834 3278 1921 toties
3304 1834 3428 1940 ejus
3467 1886 3585 1929 me-

1974 1926 2157 1985 dicina
2184 1947 2291 1989 non
2318 1948 2521 1994 cessat.

2045 2019 2231 2119 (\iers.
2282 2025 2402 2101 εδ.)
2427 2027 2619 2089 Gratia
2643 2033 2858 2096 Domini
2888 2048 3055 2102 nostri
3077 2048 3206 2106 Iesu
3235 2052 3434 2113 Christi
3457 2077 3577 2119 cum

1970 2113 2163 2180 spiritu
2186 2128 2379 2174 vestro.
2413 2123 2566 2180 Sicut
2594 2142 2623 2181 a
2655 2131 2886 2190 meliore
2919 2147 3071 2207 parte
3102 2141 3342 2204 hominis
3372 2113 3574 2224 capite,

1969 2217 2295 2264 numeratur
2325 2215 2556 2282 populus
2601 2218 2804 2287 Israel.
2853 2226 3073 2288 dicente
3122 2215 3456 2309 Scriptura,-
3492 2215 3583 2302 se:

1969 2297 2203 2353 cundum
2233 2304 2416 2374 capita
2446 2306 2611 2382 764
2632 2326 2823 2370 eorum
2850 2316 3043 2391 (Num.
3068 2341 3109 2393 ι,
3136 2328 3197 2400 2)
3229 2297 3351 2389 {ita
3375 2297 3430 2392 in
3462 2297 3579 2396 toto

1962 2763 2152 2832 spiri'u
2182 2781 2369 2825 vestro.
2400 2769 2537 2828 Cum
2568 2787 2751 2834 autem
2809 2782 2864 2836 in
2912 2787 3110 2857 spiritu
3158 2798 3335 2864 gratia
3381 2798 3571 2873 fuerit,

1961 2865 2132 2914 totum
2156 2859 2284 2918 facit
2316 2864 2594 2925 hominem
2637 2874 2982 2942 spiritualem
3015 2898 3033 2939 :
3067 2895 3127 2941 ιιι
3156 2859 3212 2944 et
3239 2905 3372 2948 caro
3406 2859 3568 2966 spici:

1961 2952 2039 3005 tui
2061 2954 2291 3023 serviat,
2324 2967 2380 3014 et
2407 2963 2589 3018 anima
2618 2980 2724 3022 non
2752 2969 3008 3030 vincatur
3031 2992 3061 3031 a
3086 2994 3253 3040 carne
3273 2996 3326 3041 et
3349 2952 3570 3051 redacta

1958 3044 2122 3101 simul
2146 3047 2199 3102 in
2223 3051 2585 3111 substantiam
2607 3059 2972 3134 spiritualem,
3002 3069 3283 3132 adhtereat
3305 3078 3563 3153 Domino;

1959 3137 2086 3205 quia
2109 3138 2199 3209 qui
2228 3141 2473 3200 adhaeret
2503 3148 2754 3217 llomino,
2798 3170 2937 3211 unus
2964 3162 3189 3229 spiritus
3229 3177 3314 3224 est
3346 3171 3409 3240 (ll

1959 3227 2049 3302 γι).
2089 3230 2487 3301 interpretatur
2513 3251 2695 3298 autem
2728 3252 3025 3307 secundum
3058 3255 3278 3316 Judmos
3310 3261 3416 3335 [ΑΙ.
3454 3248 3563 3325 lle;

1954 3321 2156 3398 bzzeos]
2212 3326 2441 3398 Paulus,
2495 3334 2841 3394 admirabilis.
2900 3342 3224 3420 Timotheus,
3275 3321 3556 3426 beneﬁcus.

1950 3413 2247 3489 Philemon,
2278 3424 2408 3480 mire
2457 3426 2704 3496 donatus,
2757 3433 2874 3491 sive
2906 3455 2963 3492 os
2989 3442 3162 3509 panis,
3194 3445 3264 3501 ab
3290 3461 3409 3517 ore,
3445 3462 3569 3510 non'

1950 3510 2017 3563 ah
2046 3526 2192 3568 osse.
2227 3515 2455 3587 Apphia,
2481 3525 2771 3593 continens,
2815 3536 2909 3585 aut
2946 3530 3183 3591 libertas.
3228 3510 3548 3619 Archippus,

1946 3789 2212 3846 mandato.
2246 3796 2600 3865 Aristarchus,
2630 3818 2775 3859 mons
2809 3811 2980 3878 operis
3007 3789 3296 3885 amplioris.
3332 3820 3541 3899 Demus,

1942 3878 2119 3935 silens.
2152 3882 2343 3955 Lucas,
2376 3889 2489 3960 ipse
2531 3909 2863 3969 consurgens.
2908 3902 3042 3972 Quae
3070 3908 3116 3962 si
3144 3913 3362 3969 nomina
3390 3878 3543 3986 juxtti

1941 3967 2451 4044 interpretationem
2477 3996 2630 4040 suam
2661 3967 2947 4049 volueritis
2972 3996 3298 4074 intelligere,
3330 3967 3436 4064 non
3461 4022 3543 4068 est

1941 4063 2165 4123 difﬁcile
2188 4068 2572 4131 admirabilem
2603 4091 2769 4150 atque
2809 4083 3114 4147 beneﬁcum
3146 4063 3435 4172 prmcipue
3470 4063 3545 4162 ad

1938 4169 2063 4211 eum
2097 4162 2376 4234 scribere,
2428 4169 2516 4223 cui
2549 4172 2806 4232 universa
2838 4194 3100 4241 concessa
3139 4162 3249 4245 sint
3279 4162 3466 4252 b'vitia
3493 4210 3551 4257 et

1938 4265 2000 4306 os
2021 4252 2140 4323 ejus
2172 4270 2355 4328 pateat
2382 4262 2448 4317 ad
2480 4266 2764 4326 caelestem
2796 4288 3014 4342 panem.
3045 4281 3252 4341 Deinde
3277 4288 3345 4343 ad
3369 4294 3549 4349 conti-

1937 4355 2183 4417 nentem,
2209 4364 2265 4406 et
2283 4352 2532 4422 liberam,
2563 4374 2616 4415 et
2640 4363 2708 4418 ad
2737 4365 3133 4439 longitudinem
3159 4382 3377 4449 operis:
3396 4390 3540 4456 quod

1935 4452 2234 4509 numquam
2267 4461 2297 4500 a
2328 4458 2520 4504 sancto
2548 4452 2737 4513 labore
2765 4461 3013 4520 debiSiﬂi.
3066 4469 3322 4531 Scribere
3351 4452 3534 4537 autem

1936 4546 2038 4599 pro
2060 4547 2127 4588 eo
2155 4535 2247 4605 qui
2296 4543 2973 4612 respondeattestimonio
3002 4575 3125 4627 suo,
3179 4581 3279 4621 nec
3331 4584 3437 4626 non
3484 4576 3536 4629 ei

2067 4625 2238 4699 eum],
2264 4631 2352 4684 cui
2378 4634 2687 4701 specialiter
2712 4640 2955 4710 Epistula
2978 4625 3287 4724 dedicatur,
3312 4661 3538 4720 salutari

1935 4712 2003 4766 ab
2029 4715 2275 4773 ubertate
2297 4734 2604 4780 crescente.
2638 4728 2704 4783 Et
2730 4746 2854 4786 eum
2880 4733 2992 4807 [AL
3024 4741 3114 4815 eo]
3146 4746 3239 4813 qui

1936 4824 2036 4877 per
2058 4810 2307 4866 mandata
2323 4815 2644 4889 sublimior,
2672 4820 2875 4895 illoque
2895 4831 2986 4899 qui
3014 4810 3115 4902 per
3142 4810 3346 4908 majora
3367 4859 3532 4915 opera

1933 4897 1988 4953 in
2012 4913 2253 4959 montem
2280 4920 2449 4977 uSque
2479 4918 2838 4983 succreverit,
2869 4897 2940 4975 ab
2972 4897 3040 4978 eo
3068 4897 3287 4999 quoque
3315 4897 3532 5007 qni‘po-

1933 4993 2043 5048 suit
2074 4996 2379 5054 custodiam
2411 5001 2492 5056 ori
2522 5017 2645 5072 suo,
2698 5017 2754 5063 et
2803 5012 3003 5070 omium
3057 4993 3346 5079 munitum.
3374 4993 3533 5087 lahiis

1933 5084 2048 5139 suis
2080 5101 2096 5141 :
2123 5089 2213 5157 qui
2263 5088 2474 5149 idcirco
2504 5092 2732 5153 forsitan
2764 5099 2937 5171 siluit,
2968 5106 3093 5176 quia
3142 5111 3210 5168 ad
3259 5084 3530 5179 modicum

1925 5174 2247 5247 Apostolum
2278 5180 2667 5256 dereliquerat.
2696 5190 2765 5247 Et
2800 5193 2871 5248 ad
2902 5174 3211 5260 extremum
3247 5207 3320 5263 ab
3348 5225 3416 5265 eo

1927 5284 2025 5340 per
2051 5284 2114 5327 se
2142 5272 2259 5341 ipse
2289 5290 2636 5351 consurgens
2691 5286 2941 5356 quotidie
2980 5306 3265 5369 augeatur,
3315 5272 3538 5372 proces-

1926 5376 2130 5434 susque
2163 5367 2362 5425 habeat
2393 5386 2407 5423 :
2438 5373 2565 5428 dum
2588 5375 2711 5444 ejus
2742 5378 3043 5452 Evangelia
3071 5388 3218 5447 orbis
3250 5367 3533 5469 him-pietur,

1924 5465 1979 5509 et
2012 5457 2175 5513 toties
2199 5463 2422 5530 crescit,
2454 5467 2669 5535 quoties
2695 5470 2915 5528 auditus
2939 5483 2997 5532 et
3015 5477 3190 5540 lectus
3218 5457 3477 5549 tediilcat.

2008 5751 2037 5795 ι’
2067 5756 2188 5818 Duo
2230 5760 2585 5831 Cistcrcieus.
2613 5784 2749 5832 mss.
2784 5788 3026 5835 concessa
3055 5781 3158 5841 sint
3180 5785 3389 5847 vincere
3414 5791 3544 5863 τίείς

3057 5947 3143 6021 20
