4034 6360
1328 301 1677 360 APPENDIX
1714 299 1808 357 AD
1842 298 2084 358 TOMUM
2120 295 2482 357 SEPTIMUM
2517 295 2577 354 S.
2620 287 3026 351 HIERONYMI.

544 420 3839 512 Μ

1570 638 2826 809 APPENDIX

1739 920 1848 981 AD
1890 917 2184 982 TOMUM
2228 916 2645 981 SEPTIMUM

540 1103 1400 1261 OPEBUM
1482 1102 1631 1248 S.
1731 1099 2520 1248 EUSEBII
2599 1089 3845 1256 HIERONYMI,

1958 1343 2417 1399 COMPLECTENS

575 1489 1519 1585 COMMENTARIOS
1579 1489 1698 1572 IN
1758 1485 1970 1570 JOB
2023 1486 2176 1568 ET
2230 1476 2993 1565 BREVIARIUM
3048 1475 3161 1559 IN
3227 1407 3791 1558 PSALMOS.

748 1792 2055 1951 COMMENTARII
2147 1790 2337 1923 IN
2431 1786 3122 1921 LIBRUM
3207 1784 3595 1915 JOB.

523 2041 935 2098 Commentarios
958 2039 1014 2093 in
1042 2036 1167 2104 Job,
1196 2049 1329 2107 quos
1357 2031 1524 2086 editor
1562 2026 1881 2084 Veronensis
1918 2023 2304 2080 commentariis
2332 2023 2385 2077 in
2419 2023 2643 2091 maiores
2669 2019 2966 2090 prophetas,
2999 2017 3123 2072 tomi
3148 2016 3315 2088 quinti
3343 2013 3631 2088 ampliandi
3658 2029 3846 2082 causa,

586 2134 949 2207 subjunsemt,
977 2147 1096 2201 nos,
1124 2145 1189 2185 ne
1215 2136 1382 2183 tomus
1409 2132 1582 2180 noster
1601 2123 1805 2193 justam
1827 2134 2121 2174 mensuram
2147 2118 2434 2184 excederet,
2461 2115 2583 2185 huc,
2615 2114 2849 2169 ordinem
2870 2110 3128 2169 Biblicum
3154 2109 3364 2167 aliunde
3389 2110 3572 2181 secuti,
3600 2117 3841 2165 transtu-

1950 2277 2390 2343 PROLOGUS.

589 2228 770 2284 limus.

2006 2439 2354 2455 ﬂ

598 2576 721 2647 Job,
739 2576 833 2648 qui
853 2573 1063 2643 dolens,
1078 2572 1208 2629 vel‘
1232 2570 1877 2644 magnusinterpretalur,
1904 2564 2129 2635 ﬁguram
2158 2573 2212 2633 Α
2236 2564 2510 2618 calatores
2539 2561 2678 2632 ejus.
2716 2559 2941 2632 Eliphaz
2993 2558 3138 2614 ettim
3166 2558 3222 2614 in
3269 2557 3553 2625 Latinoﬂ
3603 2553 3706 2612 Dei
3748 2555 3856 2648 mei

522 2666 732 2725 Christi
772 2669 1032 2739 portavit.
1074 2665 1251 2722 Amici
1280 2680 1412 2719 vero
1440 2663 1563 2733 ejus
1596 2662 1820 2732 ﬁguram
1846 2656 2134 2713 ha=retico~

525 2770 644 2815 rum
705 2769 920 2829 tenent,
972 2757 1097 2830 qui,
1150 2757 1251 2812 sub
1292 2755 1517 2811 nomine
1567 2752 1800 2821 Christi,
1852 2750 2133 2806 Christum

523 2851 907 2921 blasphemant
939 2860 995 2906 et
1045 2851 1391 2920 impugnant;
1423 2846 1580 2901 lleliu
1624 2859 1773 2911 vero,
1811 2853 1866 2899 et
1908 2841 2126 2896 Baalain

521 2938 656 3017 [ΑΙ.
724 2940 1006 3015 Baldad],
1066 2950 1250 3013 typum
1296 2939 1597 3010 praleruut
1649 2937 2133 3008 philusopliorum,

520 3034 647 3104 quia
672 3034 828 3105 foris,
860 3032 913 3088 id
966 3040 1084 3101 est,
1146 3044 1299 3088 extra
1350 3031 1508 3086 [idem
1564 3030 1757 3101 positi,
1804 3027 2138 3082 insidiantur

519 3124 789 3183 Ecclesia:
816 3125 934 3183 Dei.
971 3124 1063 3181 Isti
1091 3127 1235 3181 enim
1288 3125 1529 3195 pretiosa
1558 3122 1777 3179 nomina
1805 3120 1906 3177 sibi
1958 3119 2126 3190 impo.

518 3230 678 3290 nunt,
711 3221 867 3293 quasi
896 3220 1003 3291 ipsi
1030 3219 1143 3275 sint
1169 3235 1361 3275 aurum
1411 3216 1531 3287 Dei,
1564 3217 1653 3273 vel
1698 3213 1959 3286 praecipui
2001 3228 2121 3282 spc-

2240 2671 2431 2709 aurum
2451 2664 2633 2711 sonat.
2662 2652 2887 2718 Baldad,
2912 2651 3229 2723 prwcipuus,
3254 2650 3564 2723 vetusta[Al
3586 2646 3851 2719 vetustas]

2238 2757 2455 2802 secreta.
2510 2745 2746 2817 Sopliar,
2803 2742 3121 2814 speculator,
3178 2743 3265 2797 vel
3290 2741 3529 2796 buccina.
3580 2740 3647 2795 lli
3692 2742 3851 2796 enim

2238 2841 2366 2897 elati
2399 2856 2498 2911 pro
2521 2855 2587 2893 eo
2613 2837 2758 2908 quod
2790 2852 2887 2907 per
2914 2846 3122 2891 natura:
3153 2835 3379 2900 bonum,
3418 2835 3597 2905 aliqua
3628 2834 3854 2904 sapien-

2243 2943 2324 2989 ter
2369 2930 2774 3002 prredicabant,
2825 2928 2970 2998 apud
3010 2943 3071 2984 se
3111 2927 3427 2998 jactitantes
3455 2926 3804 2983 severitatem
3831 2966 3849 2991 ,

2242 3042 2367 3082 cum
2392 3033 2693 3081 assertores
2722 3026 2833 3078 sint
2858 3022 3130 3077 mendacii
3157 3038 3172 3076 :
3196 3022 3319 3092 quia
3351 3024 3420 3077 de
3456 3020 3708 3086 Christo,
3741 3036 3853 3075 non

2246 3130 2307 3175 ut
2334 3118 2603 3175 divinitati
2625 3117 2766 3188 ejus,
2795 3115 2891 3172 sed
2922 3122 2979 3171 ut
3004 3115 3244 3186 ipsorum
3270 3116 3535 3187 impietati
3559 3121 3848 3187 competit,

2242 3212 2323 3266 sic
2351 3210 2666 3282 loquuntur.

590 3373 797 3447 FLege
822 3375 1073 3443 omnino,
1119 3389 1367 3444 magnus,
1413 3380 1472 3428 et
1513 3370 1623 3426 vid.
1680 3369 1775 3425 lib.
1830 3367 2121 3426 Nominum
2234 3364 2469 3447 Baldad,
2502 3374 2727 3447 vetustas
2750 3365 2882 3447 sola.
2914 3363 3128 3447 Sopitar
3175 3366 3399 3447 specula:
3442 3363 3738 3447 dissipatio,
3774 3363 3856 3418 vel

512 3446 624 3505 sol.
651 3445 779 3516 121,
809 3454 917 3502 etc.

589 3515 619 3556 δ
648 3517 709 3574 In
736 3509 932 3574 eodem
956 3516 1132 3574 lexico
1152 3513 1338 3580 Nom.,
1382 3509 1628 3587 Elipltaz,
1651 3511 1753 3568 Dei
1778 3520 2122 3583 contemptus.

2234 3439 2613 3508 speculatorem
2636 3438 2927 3509 dissipans,
2959 3436 3064 3492 sive
3112 3436 3489 3511 speculatorem
3508 3437 3714 3491 videbo.

531 3642 3824 3676 WW—

1210 3769 1833 3858 INCIPIUNT
1889 3770 2439 3856 EDISSERI
2497 3770 3125 3857 CAPITULA.

1162 4049 1390 4108 CAPUT
1439 4050 1480 4106 1.

606 4146 706 4202 Vir
731 4154 843 4202 erat
870 4145 927 4200 in
956 4154 1099 4201 terra
1127 4142 1268 4211 Hus,
1300 4144 1508 4199 nomine
1528 4141 1649 4200 Iob.
1675 4142 1742 4199 Et
1768 4154 1878 4199 erat
1925 4143 2005 4197 vir
2047 4143 2136 4198 ille

523 4238 746 4308 simplex
774 4247 824 4291 et
850 4246 1019 4291 rectus
1047 4251 1107 4290 ac
1136 4238 1316 4290 timens
1339 4234 1502 4290 Deum
1526 4278 1542 4304 ,
1568 4248 1612 4289 et
1641 4236 1885 4290 recedens
1909 4252 1942 4288 a
1972 4237 2129 4289 malo.

530 4330 764 4400 Natique
779 4338 899 4383 sunt
918 4329 967 4383 ei
996 4337 1193 4399 septem
1219 4328 1401 4397 lilii,“
1423 4337 1524 4382 tres
1542 4326 1687 4396 ﬁlim.
1723 4325 1789 4380 Et
1819 4326 1919 4396 fuit
1940 4344 2133 4395 posses-

524 4425 603 4480 sio
642 4426 757 4494 ejus
777 4432 967 4494 septem
991 4420 1162 4476 millia
1187 4422 1379 4488 ovium,
1401 4429 1451 4475 et
1467 4421 1567 4474 tria
1584 4420 1751 4473 millia
1782 4421 2129 4474 camelormn:

525 4516 809 4589 quingenta
863 4529 1061 4584 quoque
1106 4512 1235 4586 iuga
1293 4512 1485 4579 boun,
1529 4520 1578 4565 et
1630 4512 1925 4581 quingenta:
1970 4512 2132 4564 asinw

527 4624 591 4662 ac
611 4605 816 4679 familia
858 4607 1030 4660 multa
1058 4606 1233 4659 nimis.
1264 4602 1500 4674 Eratque
1525 4605 1603 4658 vir
1624 4602 1714 4657 ille
1742 4620 1955 4675 magnus
2000 4606 2132 4657 inter

529 4714 705 4756 omnes
739 4698 1055 4754 Orientales.
1089 4697 1156 4751 Et
1180 4698 1323 4752 ibant
1348 4697 1449 4767 ﬁlii
1481 4700 1612 4767 (ius,
1644 4707 1691 4750 et
1724 4698 1985 4768 faciebant
2011 4713 2133 4749 con-

525 4794 659 4849 vivia
681 4809 773 4865 per
791 4794 991 4860 domos,
1023 4791 1375 4863 unusquisque
1404 4791 1458 4845 in
1488 4792 1573 4845 die
1629 4808 1742 4845 suo.
1775 4788 1844 4844 Et
1871 4792 2129 4844 mittentes

524 4885 776 4945 vocabant
805 4895 910 4939 tres
930 4899 1138 4939 sorores
1189 4901 1333 4952 snas,
1362 4894 1419 4938 ut
1444 4884 1768 4938 concederent
1805 4892 1851 4938 et
1904 4884 2131 4937 biberent

524 4996 642 5037 eum
663 4981 755 5035 eis.
805 4976 1037 5049 Cumque
1062 4978 1117 5032 in
1146 4977 1317 5032 orbem
1366 4978 1671 5033 transissent
1724 4977 1835 5031 dies
1884 4977 2126 5045 convivii,

524 5072 757 5127 mittebat
773 5070 842 5125 ad
855 5084 941 5126 eos
957 5070 1081 5135 Job,
1107 5080 1155 5124 et
1171 5072 1338 5125 sancti
1341 5069 1531 5138 ﬁcabat
1551 5068 1669 5123 illos
1686 5087 1703 5124 :
1718 5086 2130 5140 consurgensqne

525 5161 793 5230 diluculo,
824 5170 934 5219 etc.
971 5161 1086 5217 ﬂnz
1115 5171 1169 5217 et
1183 5161 1291 5216 Buz
1332 5161 1424 5216 lilii
1464 5160 1684 5217 fuerunt
1706 5160 1920 5217 Nacltor
1949 5160 2129 5216 fratris

524 5255 783 5323 Abrabze,
803 5254 898 5310 lilii
914 5253 1139 5310 Melclta:
1153 5253 1363 5309 sororis
1385 5253 1554 5320 Sane,
1574 5254 1643 5309 de
1664 5253 1818 5325 cujus
1837 5254 2005 5323 stirpe
2026 5252 2127 5308 Job

520 5346 829 5403 descendit.
847 5345 965 5402 Non
987 5348 1126 5402 sicut
1146 5344 1367 5417 quidam
1384 5345 1522 5402 [also
1557 5349 1923 5418 suspicantur,
1952 5346 2019 5401 de
2036 5359 2128 5415 ge-

2154 4051 2204 4113 B
2233 4057 2318 4103 tur
2348 4048 2702 4104 eonsiliatrim.
2745 4047 2951 4104 Sedet
2992 4047 3266 4116 Elcbana,
3321 4048 3413 4120 qui
3458 4048 3852 4120 interpretatur

2239 4143 2495 4213 possessio
2517 4142 2633 4207 Dei,
2660 4152 2814 4213 pater
2843 4142 3171 4198 sanctissimi
3212 4142 3486 4200 Samuelis
3528 4144 3845 4215 PrOpltctm,

2237 4236 2323 4289 vir
2344 4249 2486 4290 unus
2524 4235 2867 4304 appellatur:
2903 4251 3011 4290 non
3039 4237 3186 4291 enim
3221 4253 3318 4305 per
3359 4238 3576 4293 diversa
3620 4238 3848 4296 mobilis

2236 4334 2399 4396 atque
2424 4326 2696 4381 instabilis
2753 4325 3049 4391 ferebatur,
3086 4327 3181 4383 sed
3214 4327 3402 4383 ﬁrmus
3444 4338 3606 4399 atque
3642 4330 3848 4385 incon-

2236 4431 2432 4471 cussus
2458 4419 2785 4487 persistens,
2813 4420 2897 4472 vir
2917 4434 3057 4472 unus
3087 4428 3233 4473 erat:
3266 4428 3319 4475 et
3352 4420 3558 4476 idcirco
3586 4421 3639 4475 in
3659 4431 3849 4478 monte

2237 4510 2498 4581 Ephraim
2541 4512 2816 4584 fructifera
2857 4513 3193 4568 morabatur.
3232 4513 3290 4569 In
3337 4514 3444 4570 alta
3474 4516 3685 4571 scilicet
3712 4533 3849 4572 con-

2239 4604 2595 4671 templatione
2634 4604 2919 4670 virtutum,
2959 4615 3076 4661 uta
3118 4607 3280 4662 nullis
3338 4607 3753 4677 subjacentibus
3791 4620 3849 4666 ct

2234 4696 2768 4751 circumlatranzibus
2783 4699 3040 4753 vitiorum
3062 4700 3467 4767 agitationibus,
3500 4704 3698 4757 mentis
3726 4703 3848 4772 ejus

2235 4789 2907 4861 sublintitasdcjicerelur,
2928 4792 3209 4848 velunitas
3225 4793 3582 4850 scinderetur.
3608 4793 3849 4851 Proinde

2234 4880 2324 4936 hic
2350 4884 2430 4936 vir
2459 4897 2687 4951 magnus
2715 4894 2883 4955 atque
2907 4884 3159 4955 egregius
3181 4884 3306 4955 Job,
3337 4886 3390 4941 in
3412 4894 3558 4941 terra
3604 4885 3717 4941 llnz
3743 4887 3846 4942 lm-

2235 4974 2443 5031 bitasse
2497 4977 2852 5045 perhibetur,
2880 4992 3002 5048 quae
3053 4978 3385 5033 consiliatriz
3429 4979 3843 5049 interpretatur.

2232 5066 2352 5122 Non
2376 5068 2521 5123 enim
2547 5076 2692 5124 terra
2721 5070 2903 5125 carnis
2947 5069 3088 5138 ejus,
3141 5072 3380 5124 animum
3414 5069 3583 5139 ipsius
3609 5085 3845 5140 sapt-ra-

2232 5158 2345 5229 bat,
2374 5158 2806 5230 sedimperantis
2851 5162 3022 5216 animi
3065 5160 3297 5216 consilio
3336 5170 3528 5218 cuncta
3560 5161 3843 5219 faciebat:

2232 5252 2377 5308 unde
2408 5263 2465 5308 et
2490 5253 2607 5324 ipse
2644 5255 2717 5309 ait
2754 5272 2768 5308 :
2800 5253 2990 5327 Pepigi
3019 5255 3187 5327 [mdus
3232 5271 3351 5309 cum
3394 5255 3563 5310 oculis
3601 5257 3752 5321 meis,
3781 5265 3841 5312 nt

2231 5362 2334 5401 non
2366 5348 2642 5419 cogitarem
2666 5348 2873 5419 quidem
2894 5349 2959 5403 de
2989 5350 3209 5423 virgine.
3240 5350 3355 5404 Hoc
3384 5364 3517 5419 ergo
3547 5350 3843 5406 consilium

522 5436 977 5495 lereeuml‘uisse
1004 5436 1352 5510 Esau(Hier.
1373 5436 1549 5506 Quest.
1587 5438 1835 5508 inGen.).
1853 5438 1985 5494 Nam
2017 5440 2128 5494 Eli-
2151 5459 2198 5523 ρ
2231 5449 2285 5495 et
2319 5452 2533 5509 paetum
2556 5441 2832 5512 quondam
2856 5442 2959 5499 sibi
2982 5443 3214 5497 invicem
3240 5441 3504 5509 inierunt,
3532 5442 3696 5498 homo
3721 5443 3843 5513 ejus

516 5530 657 5601 plus
694 5529 943 5587 nascitur
974 5529 1043 5585 de
1076 5529 1378 5585 Adamore
1393 5529 1890 5600 Esiu,ctreguavit
1913 5531 1965 5584 in
1981 5531 2123 5586 Tlte-

518 5621 1365 5689 man,undeetiam'l‘bemanites
1382 5621 1563 5678 dictus
1584 5632 1689 5679 est.
1706 5622 1951 5677 Tlteman
1964 5620 2120 5687 ,ldu-

2229 5533 2460 5590 interior
2490 5545 2544 5590 et
2567 5536 2846 5592 exterior:
2876 5546 2937 5591 ut
2964 5544 3132 5604 terra,
3157 5537 3210 5591 id
3238 5546 3343 5606 est,
3395 5549 3528 5591 caro
3548 5536 3688 5606 ejus.
3707 5536 3844 5593 obe-

2227 5626 2429 5681 diendo
2471 5627 2629 5683 ﬁeret
2650 5628 2989 5683 consiliatrix
3045 5627 3286 5699 spiritui,
3317 5640 3386 5682 ne
3417 5624 3469 5679 in
3493 5641 3556 5681 ea
3578 5627 3841 5682 domina-

515 5726 679 5781 maea,
703 5710 1514 5783 SeirDaroma,Zebora,regio
1537 5714 1634 5769 fuit
1655 5712 1823 5767 Esau.
1846 5710 2121 5768 Habitavit
2228 5732 2378 5774 retur
2404 5720 2685 5789 iniquitas.
2718 5722 2782 5776 Et
2814 5720 2941 5792 quia
2967 5722 3075 5789 vir,
3119 5720 3273 5791 juxta
3310 5716 3553 5774 divinum
3587 5721 3843 5778 testimo-

514 5814 700 5865 autem
725 5804 833 5860 Job
850 5806 937 5861 vir
955 5821 1181 5878 magnus
1202 5809 1257 5861 in
1287 5815 1432 5861 terra
1463 5806 1598 5875 Buz,
1632 5819 1753 5877 quae
1785 5805 2115 5873 interpreta-

2227 5811 2400 5876 nium,
2429 5809 2660 5881 simplex
2691 5823 2830 5880 erat,
2862 5811 3113 5869 habitans
3171 5813 3225 5869 in
3255 5811 3453 5867 domo:
3483 5821 3721 5881 quatuor
3748 5810 3848 5885 ω.
