4034 6398
124 300 237 359 621

1101 294 1585 356 ΕΟΗἈΙΝΪΔΒΗ
1628 292 1701 353 ΠΝ
1731 289 2001 355 ωῆυκ
2036 293 2183 352 JOB.
2221 294 2381 352 CAP.
2421 288 2463 350 Ι.

3320 298 3431 361 6%!

127 418 364 488 pollebat
391 414 709 483 virtutibus,
755 411 1065 484 prudentia,
1105 416 1334 485 iustitia,
1388 411 1724 479 fortitudine,
1751 411 1808 479 Α
1835 411 2171 467 venientium
2200 410 2461 467 ostendit.
2497 411 2551 466 lu
2599 410 2793 481 bubus,
2819 414 2909 485 qui
2943 416 3139 473 munda
3166 417 3428 474 animalia

129 510 518 579 temperantia.

204 599 468 668 Oﬂ'erebat
492 598 804 654 holocausta
853 614 946 671 per
991 598 1245 668 singulos.
1280 597 1492 652 Dicebat
1542 598 1723 653 enim:

134 692 217 747 Ne
242 694 376 762 {orte
401 690 726 764 peccaverint
745 689 842 758 ﬁlii
864 690 986 754 mei,
1033 699 1081 744 et
1117 689 1475 745 maledia'erint
1519 686 1628 743 Deo
1670 690 1725 742 in

127 787 368 840 cordibus
414 786 546 839 suis.
600 784 693 841 Sic
717 783 937 854 faciebat
969 782 1071 837 Job
1101 783 1302 837 cunctis
1347 783 1549 837 diebus.
1585 782 1727 850 Qua-

132 880 251 932 dant
279 887 451 932 autem
502 876 587 930 die
628 893 744 929 cum
786 875 1037 930 venissent
1080 875 1181 944 ﬁlii
1211 872 1310 928 Dei
1350 883 1405 928 ut
1433 875 1727 930 assisterent

132 989 305 1026 coram
330 970 551 1024 Domino
572 986 593 1024 .'
614 970 762 1039 aﬂuit
788 969 842 1023 in
855 980 924 1023 ‘er
953 984 1038 1021 eos
1059 968 1216 1023 etiam
1243 968 1430 1023 Satan.
1458 967 1553 1023 Cni
1595 969 1729 1023 dixit

138 1065 389 1119 Dominus
418 1063 610 1119 :Unde
636 1062 815 1116 renis?
844 1061 947 1128 Qui
971 1061 1312 1133 respondens,
1342 1062 1416 1115 ait
1448 1077 1466 1114 :
1492 1060 1729 1117 Circum-

134 1158 207 1211 ivi
230 1168 438 1221 terrain,
462 1166 505 1209 et
525 1154 884 1227 perambulaei
927 1170 1061 1208 eam.
1100 1153 1345 1221 Dixitque
1376 1153 1630 1209 Dominus
1658 1155 1728 1208 ad

136 1267 251 1303 eum
282 1266 302 1303 :
326 1248 943 1319 Numqnidconsiderasti
983 1264 1185 1302 servum
1230 1263 1399 1301 ineunt
1428 1244 1550 1316 Job,
1590 1248 1728 1318 quod

139 1358 239 1397 non
265 1344 332 1396 sit
360 1344 404 1394 ei
420 1344 606 1396 similis
633 1343 686 1396 in
724 1351 863 1395 terra
890 1357 907 1394 :
937 1340 1093 1394 homo
1113 1342 1354 1412 simplex,
1381 1353 1428 1396 et
1453 1354 1637 1413 rectus,
1668 1359 1729 1396 ac

134 1436 317 1488 timens
340 1432 506 1487 Deum
531 1443 576 1487 et
588 1433 829 1487 recedens
850 1450 882 1485 (ι
904 1431 1081 1485 malo?
1098 1430 1189 1486 Cui
1205 1434 1520 1502 respondens
1536 1432 1726 1495 Sulatt,

137 1528 209 1580 ait
231 1541 251 1580 .'
274 1525 546 1596 Numquid
585 1529 778 1594 frustra
800 1522 901 1578 Job
928 1526 1066 1577 timet
1089 1523 1290 1579 Deum?
1310 1521 1501 1580 Nonne
1545 1535 1596 1579 tu
1620 1529 1731 1579 val-

139 1621 257 1674 lasti
293 1637 412 1674 eum
453 1637 516 1674 ac
544 1620 751 1673 domum
796 1619 908 1687 ejus
948 1619 1344 1691 uni;ersnmque
1388 1621 1729 1674 substantiam

135 1717 245 1787 ejus
283 1730 373 1782 per
420 1712 782 1765 circumitum?
829 1708 1080 1782 Operibus
1126 1728 1372 1764 manuum
1419 1713 1530 1782 ejus
1583 1711 1729 1765 bene-

1827 512 1975 570 snnt,
1999 503 2312 560 JUdtBOI‘HIII
2361 506 2595 576 plebem.
2623 506 2679 561 lu
2712 506 2882 562 asinis
2912 526 3040 563 vero
3084 511 3429 568 immundum

1830 612 2013 668 poetis,
2065 599 2310 668 gentium
2340 599 2598 670 populum
2632 599 3047 658 demonstravit.
3084 603 3236 660 Unde
3258 605 3428 661 Isaias

1829 690 1905 745 ait
1938 711 1951 745 :
1984 689 2173 762 Crgno.
2194 692 2233 745 it
2281 690 2371 745 bos
2396 708 2745 763 possessorem
2772 710 2946 759 suum,
2980 706 3031 749 et
3052 697 3231 751 asinus
3287 716 3428 769 pra:-

1828 798 1950 851 sepe
1996 782 2196 836 domini
2239 783 2323 838 sui
2351 798 2369 836 :
2395 784 2603 840 scilicet
2643 785 2788 855 quod
2831 789 3173 844 nativitatem
3222 790 3429 847 Cinisti

1832 876 2146 931 incarneet
2181 876 2352 930 Judaei
2408 893 2474 931 ex
2507 890 2688 946 parte,
2729 888 2785 933 et
2815 891 3013 949 gentes
3063 884 3380 952 agnoverint
3410 902 3428 939 :

1829 968 1959 1024 etin
1992 970 2228 1038 μετεξειιοί
2255 970 2445 1025 altaris
2474 972 2712 1039 Domini,
2758 975 2912 1044 quasi
2940 976 3140 1030 munda
3172 978 3431 1033 animalia

1833 1078 1929 1131 per
1980 1064 2313 1132 Baptismum
2363 1065 2901 1123 acceSserintzforte
2929 1069 2997 1124 ad
3050 1070 3153 1125 hoc
3206 1073 3433 1141 respicit

1831 1155 1963 1210 illud
1996 1156 2272 1226 Evangelii
2305 1174 2318 1210 :
2343 1157 2542 1231 Iugum
2568 1161 2706 1213 enim
2734 1178 2902 1215 meum
2922 1180 3075 1218 suave
3097 1175 3190 1227 est.
3222 1177 3270 1220 et
3301 1184 3432 1221 onus

1829 1263 1999 1303 meum
2028 1248 2154 1304 leve.
2186 1248 2244 1304 In
2265 1251 2418 1320 jugo,
2449 1250 2767 1307 Judaaosﬁu
2813 1253 2989 1319 asino,
3016 1255 3081 1309 ad
3110 1273 3265 1325 quem
3296 1273 3435 1313 onus

1833 1340 2004 1409 magis
2036 1342 2290 1411 pertitnzt,
2313 1353 2527 1413 gentes,
2553 1354 2611 1397 ut
2635 1359 2798 1415 supra
2825 1345 3062 1402 diximus
3084 1349 3433 1417 significavit.

1832 1430 2055 1501 Magnos
2084 1432 2282 1487 dicitur
2324 1432 2578 1489 Christus
2609 1436 2749 1490 inter
2778 1451 2969 1492 omnes
2999 1437 3321 1506 Orientales,
3350 1458 3439 1498 se-

1831 1522 2069 1578 cundum
2101 1522 2230 1578 illud
2261 1542 2275 1578 :
2309 1522 2474 1579 Unait
2525 1534 2574 1581 te
2619 1525 2757 1581 Deus
2801 1538 2919 1581 tuus
2950 1530 3064 1583 oleo
3108 1530 3301 1585 ltctitia:
3329 1548 3438 1602 prce

1832 1616 2152 1670 consortibus
2174 1617 2296 1670 tuis.
2329 1616 2600 1675 Numerus
2649 1634 2777 1673 vero
2806 1621 3123 1675 animalium
3151 1623 3201 1675 in
3228 1637 3438 1692 septem

1833 1721 1881 1762 et
1914 1708 2087 1763 tribus
2111 1710 2375 1775 millibus,
2404 1723 2565 1781 atque
2618 1711 2671 1765 itt
2702 1712 3009 1782 κιιίειεςυιιιὶδ
3033 1726 3281 1770 sacratus
3328 1727 3435 1771 est.

135 1805 331 1866 dixisti,
355 1815 401 1857 et
429 1804 686 1873 possessio
711 1806 829 1875 ejus
865 1804 1021 1858 crevit
1051 1804 1109 1857 in
1154 1812 1310 1857 terra.
1362 1803 1471 1859 Sed
1514 1806 1729 1859 extende
1758 1800 1971 1865 BNam
1999 1813 2232 1871 septem,
2262 1803 2415 1871 juxta
2450 1804 2839 1859 auctoritatem
2872 1807 3300 1877 Scriptut-arnm,
3330 1809 3441 1877 plc-

134 1899 410 1970 paululum
439 1913 649 1950 manum
678 1905 846 1960 luant,
870 1909 917 1950 et
951 1907 1103 1970 tange
1141 1906 1327 1953 cuncta
1349 1914 1466 1967 qua
1485 1898 1732 1966 possidet,

136 1991 237 2046 nisi
257 1995 309 2043 in
334 1990 524 2059 faciem
551 1988 864 2043 beneditcerit
883 1988 998 2042 tibi.
1032 1987 1181 2044 Dixit
1209 2007 1335 2060 ergo
1367 1989 1622 2045 Dominus
1666 1991 1734 2044 ad

138 2086 303 2142 Satan
334 2102 351 2140 :
385 2083 518 2140 Ecce
542 2085 777 2138 universa
799 2099 916 2154 qua:
944 2085 1116 2153 habet,
1146 2085 1201 2139 in
1225 2100 1386 2139 manu
1435 2094 1529 2139 tua
1571 2096 1690 2139 sunt
1715 2101 1733 2140 :

135 2189 279 2234 tanta
304 2197 331 2229 η
361 2179 413 2231 in
437 2193 555 2231 eum
586 2192 648 2229 ne
673 2176 920 2231 extendas
940 2193 1150 2233 manum
1195 2187 1357 2231 tuam.
1389 2175 1737 2248 Egressusqne

134 2282 208 2326 est
236 2270 406 2326 Satan
434 2284 468 2322 a
496 2269 629 2339 facie
652 2266 879 2320 Domini.
910 2266 1043 2321 Cum
1080 2275 1254 2331 autem
1273 2268 1498 2339 quadam
1526 2269 1608 2322 die
1638 2267 1739 2337 lilii

136 2374 182 2419 et
210 2364 338 2432 ﬁlia:
364 2366 477 2435 ejus
518 2363 845 2417 come..'erent
894 2371 943 2416 et
995 2360 1218 2416 biberent
1267 2363 1441 2416 vinum
1479 2364 1532 2417 in
1582 2363 1739 2418 domo

139 2462 313 2528 fratris
327 2460 411 2512 sui
434 2458 782 2528 printogeniti,
804 2458 1015 2510 nuntius
1034 2457 1168 2509 venit
1196 2456 1267 2509 ad
1286 2454 1321 2508 Ι
1326 2456 1386 2509 ob
1405 2457 1494 2527 qui
1515 2456 1737 2513 diceret:

138 2550 296 2607 Boves
317 2550 558 2618 orabant,
579 2561 627 2604 et
647 2551 809 2604 asiam
826 2549 1170 2620 pascebantur
1187 2550 1344 2619 juxta
1368 2564 1474 2615 eos,
1502 2557 1551 2601 et
1574 2550 1741 2602 irrue.

136 2655 260 2699 runt
284 2644 468 2700 Sabini
501 2646 832 2712 tuleruntque
851 2643 1049 2707 omnia,
1076 2651 1125 2696 et
1158 2658 1346 2711 pueros
1376 2651 1740 2709 percusserunt

138 2740 351 2810 gladio;
380 2749 427 2793 et
471 2738 607 2792 evasi
638 2753 734 2807 ego
765 2736 939 2803 solus,
976 2746 1031 2789 ut
1061 2736 1355 2790 nuntiarent
1378 2735 1488 2790 tibi.
1513 2734 1740 2805 Cumque

138 2832 313 2885 adhuc
342 2828 431 2883 ille
460 2830 782 2899 loqueretur,
815 2828 951 2882 venit
977 2829 1127 2893 alter,
1152 2840 1197 2881 et
1236 2828 1370 2882 dixit
1397 2845 1416 2881 :
1449 2825 1596 2899 Ignis
1644 2826 1742 2883 Dei

135 2925 319 2977 cecidit
346 2940 377 2977 e
401 2925 528 2977 celo
569 2932 619 2978 et
649 2932 809 2976 tactas
832 2938 950 2976 oves
981 2937 1269 2991 puerosque
1303 2922 1617 2991 consumpsit
1646 2937 1664 2974 :
1693 2932 1743 2976 et

134 3014 297 3085 effugi
317 3014 858 3083 solus,utnuntiarein
882 3012 996 3067 tibi.
1030 3012 1137 3067 Sed
1159 3012 1332 3067 adhuc
1357 3011 1454 3066 illo
1474 3014 1739 3083 loquente,

135 3110 273 3164 venit
299 3110 465 3172 alius,
491 3118 539 3161 et
561 3107 692 3162 dixit
723 3123 741 3159 :
765 3104 1000 3161 Chaldtei
1030 3110 1259 3176 fecerunt
1289 3115 1393 3160 tres
1418 3118 1637 3174 turmas,
1693 3116 1740 3161 et

135 3204 439 3255 invaserunt
484 3199 731 3262 camelos,
773 3210 821 3253 et
873 3201 1100 3252 tulerunt
1151 3214 1235 3253 eos
1259 3214 1278 3264 ς
1302 3214 1505 3253 necnon
1552 3215 1736 3269 pueros
1759 3178 1810 3247 Ο

136 3302 501 3366 percusserunt
547 3291 756 3360 gladio,
810 3299 857 3344 et
883 3306 978 3360 ego
1028 3290 1138 3360 fugi
1180 3291 1324 3344 solus
1360 3301 1416 3344 ut
1446 3292 1740 3344 nuntiarent

136 3388 251 3441 tibi-
286 3384 468 3441 Adhuc
492 3386 799 3457 loquebatur
850 3384 969 3451 ille,
994 3394 1042 3438 et
1086 3400 1201 3439 ecce
1234 3382 1373 3439 alius
1403 3386 1634 3450 intravit,
1691 3395 1740 3440 et

138 3479 275 3534 dixit
303 3498 323 3534 :
347 3476 395 3531 Ε
400 3480 506 3533 iliis
526 3481 631 3532 tuis
657 3487 703 3531 et
729 3477 936 3544 ﬁliabus
976 3477 1288 3533 vescenttbus
1306 3522 1321 3548 ,
1366 3489 1413 3533 et
1452 3478 1742 3534 bibentibus

136 3575 321 3625 vinum
340 3573 393 3627 in
410 3575 565 3627 domo
587 3572 767 3641 fratris
793 3571 876 3625 sui
903 3572 1250 3643 primogeniti,
1300 3584 1509 3644 repente
1561 3583 1741 3628 ventus

140 3666 416 3722 uehemens
444 3666 596 3720 irruit
624 3683 657 3718 ιι
686 3665 896 3737 regione
923 3666 1137 3731 deserti,
1165 3675 1213 3720 et
1233 3667 1491 3721 concussit
1517 3677 1741 3734 quatuor

142 3760 370 3832 angulos
397 3762 602 3823 domus,
634 3776 751 3832 quia
793 3776 1039 3815 corruens
1083 3762 1333 3831 oppressit
1364 3759 1552 3815 liberos
1602 3771 1737 3830 tuos,

142 3864 196 3908 et
224 3853 413 3906 mortui
437 3862 577 3917 sunt,
604 3861 651 3905 et
682 3850 849 3921 eﬁugi
884 3868 981 3924 ego
1014 3855 1182 3918 solus,
1214 3862 1267 3905 ut
1297 3851 1592 3907 nuntiarem
1625 3854 1737 3909 tibi.

145 3945 259 4001 Pro
310 3944 430 3998 [iliis
482 3944 596 3998 suis
619 3984 635 4009 ,
699 3960 834 4012 quos
865 3947 934 3997 ita
986 3943 1210 4011 regebat
1233 3984 1247 4008 ,
1281 3956 1336 3997 ut
1367 3959 1473 3998 non
1507 3954 1616 3999 tam
1644 3963 1743 4012 pro

146 4039 517 4109 pra-sentibus
536 4036 876 4101 criminibus,
926 4050 1085 4106 quam
1119 4050 1216 4106 pro
1242 4038 1474 4092 occultis
1497 4038 1548 4092 in
1578 4037 1743 4094 corde

145 4130 411 4203 peccatis,
441 4146 562 4200 qua:
591 4129 870 4184 hominum
898 4144 1112 4200 quoque
1139 4129 1327 4195 lugere
1354 4132 1596 4185 notitiam
1621 4150 1742 4201 pos-

145 4232 301 4286 sunt,
326 4223 561 4277 divinam
586 4221 935 4276 clementiam
979 4221 1212 4276 assiduis
1226 4223 1513 4278 sacriﬁciis
1552 4239 1715 4279 exora
1730 4255 1744 4266 -

146 4329 265 4372 ret.
301 4316 639 4387 Privilegium
693 4331 825 4371 vero
873 4314 1135 4371 oll'erendi
1193 4317 1606 4385 primogenitis,
1657 4320 1743 4374 vel

150 4408 398 4464 maxime
430 4408 642 4478 regibus
673 4407 1117 4477 debebatnrzpro
1143 4408 1462 4464 excellentia
1495 4411 1745 4467 videlicet

146 4501 473 4581 sapientia,
523 4501 609 4556 vel
656 4500 943 4557 nobilitate
999 4502 1235 4571 gerteris.
1289 4500 1356 4557 Et
1401 4501 1531 4572 quia
1561 4514 1743 4573 typum

1840 1894 2138 1950 nitudinem
2187 1896 2476 1966 quamdam
2528 1898 2669 1952 sacri
2716 1898 2958 1969 mysterii
3002 1900 3313 1964 signiﬁcant
3340 1918 3354 1957 :
3384 1912 3443 1956 tit

1839 1986 1935 2053 ibi,
1984 1996 2193 2056 septem
2243 1988 2508 2058 spiritus,
2558 2002 2766 2058 septem
2818 1991 3180 2057 candelabra,
3230 2006 3438 2063 septem

1839 2076 2122 2133 Ecclesia.
2158 2078 2216 2134 In
2251 2079 2423 2135 tribus
2454 2097 2583 2135 vero
2614 2082 2852 2136 millibus
2879 2101 2891 2135 :
2922 2086 3104 2137 anima
3139 2097 3193 2139 et
3241 2103 3440 2156 corpus

1840 2178 1897 2226 et
1926 2171 2176 2240 Spiritus,
2197 2173 2281 2226 vel
2324 2171 2589 2227 triformis
2617 2173 2886 2229 docti-inae
2914 2178 3165 2241 scientia,
3203 2181 3253 2232 in
3289 2180 3440 2235 Scri-

1840 2266 2014 2334 pturis
2067 2266 2293 2332 sanctis,
2350 2266 2462 2320 sive
2508 2280 2907 2321 sacramentum
2958 2269 3130 2323 boatu:
3160 2270 3441 2327 Trinitatis

1842 2369 2013 2429 puteal
2047 2360 2275 2428 intelligi
2312 2375 2326 2412 :
2363 2374 2467 2429 pro
2501 2375 2567 2414 co
2618 2363 2759 2429 quod
2794 2364 2971 2416 omnis
3006 2364 3294 2418 multitudo
3323 2380 3443 2421 crc-

1841 2455 2103 2521 dentiutn,
2138 2452 2302 2507 trium
2333 2453 2544 2507 dierum
2566 2454 2703 2507 viam
2729 2456 3030 2522 ambulans,
3058 2459 3123 2510 ad
3158 2458 3365 2527 perfect
3385 2474 3447 2515 o-

1844 2562 1965 2601 nem
2017 2549 2345 2600 aeternitatis
2370 2545 2644 2601 desiderat
2670 2549 2972 2616 pervenire.
2999 2550 3292 2620 Quingenti
3317 2568 3445 2607 vero

1842 2639 1932 2708 qni
1964 2637 2034 2692 dc
2073 2640 2314 2708 quinque
2353 2650 2691 2708 Consurgunt
2719 2641 3136 2711 qttinquiplicati
3168 2645 3445 2713 quinquin.

1841 2732 1993 2799 ginta
2013 2730 2247 2799 quinque
2269 2730 2498 2798 iaciunt,
2535 2733 2770 2799 peractis
2829 2734 3050 2787 lubrica:
3109 2739 3285 2791 inlatis
3334 2739 3445 2792 fra-

1843 2821 2161 2894 gilitatibus,
2194 2822 2248 2876 in
2274 2822 2448 2910 viratu
2504 2821 2805 2892 perfectum
2855 2826 3130 2883 hominem
3181 2840 3442 2887 transisse

1842 2916 2160 2987 signiﬁcant
2184 2930 2199 2980 ;
2226 2923 2282 2970 et
2311 2931 2409 2984 per
2428 2916 2613 2970 decies
2641 2922 2837 2985 quinos
2886 2920 3285 2992 quinquaginta
3322 2940 3445 2990 pcr-

1843 3011 2091 3076 veniunt,
2122 3008 2195 3063 ita
2229 3025 2324 3077 per
2351 3008 2537 3064 decies
2565 3011 2986 3081 quinquagenos
3015 3016 3081 3066 ad
3115 3018 3375 3086 quittgi‘nt
3418 3035 3443 3073 s

1844 3104 2162 3159 ascendunt.
2198 3102 2463 3158 Similiter
2493 3102 2793 3157 Ecclesium
2819 3114 3007 3172 totam,
3060 3123 3183 3177 qua}
3232 3111 3442 3163 cttlttlll-

1843 3213 1968 3253 nam
1991 3207 2046 3252 et
2068 3196 2472 3251 ﬁrmamentum
2498 3197 2743 3250 veritatis
2768 3197 2971 3252 Christi
3007 3200 3302 3267 ﬁgurauit»
3333 3219 3440 3271 qua

1841 3304 2035 3346 sensus
2058 3288 2253 3355 nostri,
2286 3288 2371 3343 vel
2426 3286 2888 3358 puriﬁcationem.
2949 3290 3030 3344 vel
3061 3293 3437 3347 remissionum

1844 3392 2186 3453 peccatorum
2217 3379 2494 3450 accipiunt
2524 3396 2537 3431 :
2571 3379 2691 3447 quin
2721 3378 2774 3433 in
2829 3380 2934 3434 isto
2962 3396 3189 3436 numero
3212 3398 3321 3438 non
3353 3400 3438 3437 so-

1844 3475 1961 3530 lum
1982 3472 2233 3530 remissio
2259 3482 2637 3545 peccatorum,
2669 3472 2765 3526 sed
2786 3475 2947 3526 etiam
2972 3472 3239 3529 adtentus
3268 3477 3441 3531 sancti

1844 3567 2083 3638 Spiritus
2111 3567 2442 3624 declaratur.
2477 3566 2601 3621 Filii
2652 3581 2781 3621 vero
2810 3566 2902 3621 Dei
2931 3584 2943 3619 :
2975 3568 3057 3622 vel
3085 3572 3301 3641 angeli,
3354 3574 3438 3627 w-t

1842 3663 2018 3717 sancti
2071 3660 2411 3732 intelligendi
2458 3670 2617 3725 sunt,
2664 3662 2754 3730 qui
2792 3661 2935 3715 dono
2975 3664 3164 3731 gratia:
3202 3666 3442 3734 Spiritus

1843 3753 2169 3811 sanctiFilii
2200 3753 2299 3809 Dei
2352 3763 2638 3807 vocantur.
2695 3750 2846 3807 later
2879 3756 2981 3809 bos
3007 3771 3140 3826 ergo
3192 3757 3442 3817 diabolus

1844 3857 2026 3903 astare
2049 3846 2255 3903 dicitur
2286 3862 2298 3898 :
2330 3846 2457 3914 quia
2481 3858 2555 3899 ex
2584 3844 2943 3913 permissione
2998 3844 3095 3901 Dei
3123 3850 3443 3917 plerumque

1847 3944 2071 3995 sanettis
2117 3938 2278 3992 sudet
2324 3946 2556 3991 tentare.
2615 3936 2857 3990 Miranda
2916 3936 3150 3992 ﬁliorum
3201 3940 3302 3998 Job
3330 3954 3437 3999 tam

1848 4033 2091 4087 fraterna
2118 4030 2447 4085 concordia!
2475 4028 2583 4085 Sed
2621 4031 2747 4099 qnia
2795 4028 2896 4085 Job
2941 4045 3124 4103 typum
3163 4032 3438 4094 Christum

1850 4140 2068 4197 portare
2089 4122 2430 4179 ostendimus
2451 4140 2463 4176 :
2491 4124 2589 4178 hos
2610 4122 2837 4177 interius
2858 4138 2954 4192 per
2982 4125 3207 4195 figuram
3230 4141 3441 4199 septem

1847 4218 2051 4289 gratias
2073 4215 2333 4273 Ecclesia:
2360 4230 2486 4271 esse
2507 4214 2763 4281 dicimus,
2789 4218 2881 4285 qui
2910 4216 3177 4285 spirituali
3210 4222 3446 4294 fungum.

1852 4322 1940 4367 tur
1970 4321 2434 4367 sacramentorum
2460 4308 2746 4375 convivio,
2794 4310 3019 4378 Legem,
3068 4312 3440 4387 Prophetiam,

1850 4419 1907 4463 et
1936 4409 2227 4477 Evangelia
2262 4424 2276 4461 :
2303 4405 2461 4475 quasi
2492 4413 2607 4459 tres
2638 4420 2858 4459 sorores
2905 4420 3089 4461 secum
3140 4406 3404 4469 habentes
3424 4457 3442 4481 ,

1850 4503 2161 4558 divinorum
2208 4500 2549 4568 eloquiorum
2601 4497 2984 4569 intelligentiae
3036 4500 3269 4571 dapibus
3292 4517 3446 4563 satu-

149 4571 356 4650 Christi
386 4593 487 4649 Job
510 4593 656 4647 terre
689 4591 945 4659 diximus,
969 4590 1251 4648 videamus
1275 4606 1420 4648 nunc
1451 4571 1746 4662 quid—terra
1777 4571 1833 4633 θ
1856 4600 2067 4651 rantur.
2095 4590 2153 4645 in
2203 4593 2363 4644 ruina
2404 4604 2534 4643 vero
2577 4590 2794 4655 domus,
2842 4605 2962 4659 quae
2998 4594 3270 4661 oppressit
3304 4597 3449 4654 [ilics

153 4689 272 4743 llnz
300 4690 351 4743 in
370 4686 587 4744 Christo
613 4687 899 4755 signiticet.
932 4685 1157 4740 Terram
1184 4685 1321 4740 hanc
1345 4728 1361 4754 ,
1408 4697 1746 4757 assumptum

151 4798 342 4836 verum
385 4781 660 4836 hominem
693 4797 760 4834 ex
793 4780 957 4833 Maria
1008 4779 1386 4851 intelligimus,
1428 4794 1554 4849 qua:
1600 4781 1746 4849 ideo,

153 4874 270 4930 lilio
300 4875 396 4931 Dei
437 4881 752 4929 assnmcnte
781 4888 925 4937 eam,
964 4872 1303 4928 Consiliatris
1332 4871 1555 4940 dicitur,
1604 4873 1750 4945 quod

154 4984 256 5038 per
280 4969 621 5024 divinitatem
672 4968 1002 5022 assumeutis
1036 4966 1284 5022 habitant
1311 4968 1364 5022 in
1394 4984 1457 5023 ea
1510 4968 1749 5026 thesauri

154 5061 355 5118 divinae
385 5060 673 5130 sapientia:
701 5069 758 5116 et
781 5060 1025 5114 scientia:
1054 5061 1358 5117 absconditi
1390 5079 1589 5134 ;qnam
1645 5064 1751 5120 sibi

153 5156 231 5211 ita
283 5154 649 5211 indissolubili
698 5153 1042 5209 connexioue
1091 5154 1400 5223 conjunxit,
1454 5169 1511 5211 ut
1556 5158 1757 5227 ipsein

154 5250 432 5307 Trinitate
457 5262 600 5303 unus
625 5247 699 5304 sit
727 5246 871 5301 illius
903 5245 1014 5303 Dei.
1039 5245 1259 5317 Septem
1291 5264 1421 5303 vero
1451 5249 1574 5315 lilii,
1603 5250 1766 5318 septi-

151 5340 390 5397 formem
421 5338 666 5408 Spiritus
691 5336 869 5391 sancti
893 5337 1156 5405 gratiam;
1199 5346 1254 5392 et
1278 5348 1390 5393 tres
1412 5338 1556 5405 tiliae,
1588 5342 1767 5409 legem

151 5446 212 5494 et
242 5433 621 5507 prophetiam,
644 5443 700 5487 et
722 5432 1071 5504 Evangelium
1103 5434 1265 5489 nobis
1320 5434 1572 5491 videntur
1600 5434 1769 5505 signi-

152 5532 350 5587 licare.
379 5529 523 5582 Oves
555 5526 768 5595 plebem
794 5523 1001 5583 Christi
1029 5565 1046 5592 ,
1104 5536 1326 5598 propter
1349 5528 1715 5585 innocentiam
1747 5573 1763 5598 ,

151 5641 284 5700 quae
312 5626 369 5679 in
421 5621 698 5690 baptismo
738 5621 941 5677 sordes
994 5630 1346 5690 peccatorum
1379 5623 1731 5693 deposuerint
1756 5667 1774 5692 ,

1856 4687 1994 4752 Job;
2028 4686 2376 4754 antiquorum
2410 4681 2735 4750 principum,
2770 4697 3058 4751 regnorum
3114 4693 3453 4755 persecutio.

1860 4794 2007 4841 nem,
2036 4776 2121 4832 vel
2149 4774 2414 4830 saevitiam
2468 4783 2654 4827 contra
2699 4772 2998 4827 Ecclesium
3028 4778 3289 4833 ostendit.
3346 4783 3450 4849 Qui

1860 4889 1992 4930 vero
2012 4872 2161 4928 solus
2192 4868 2567 4941 pertnatisitut
2588 4866 2880 4930 nuntiaret,
2913 4868 3452 4940 raritatemipsorutn

1865 4975 2273 5039 persecuturum
2303 4961 2529 5017 indicat.
2564 4958 2741 5014 Sabaei
2776 4959 3205 5028 interpretantur
3226 4966 3459 5036 captivi:

1862 5071 1915 5116 et
1934 5056 2173 5115 Chaidiei
2204 5070 2351 5125 quasi
2373 5052 2626 5108 dtmnonia
2660 5068 2680 5106 :
2710 5049 2765 5105 hi
2795 5066 2989 5120 nempe
3029 5054 3226 5122 captivi
3255 5055 3463 5113 dmino.

1867 5168 1996 5208 num
2023 5153 2342 5221 impngnant
2380 5146 2680 5202 Ecclesium
2713 5163 2725 5198 :
2753 5144 2809 5200 hi
2840 5158 2947 5201 non
2989 5152 3164 5201 solum
3206 5149 3297 5203 ulti
3331 5165 3462 5221 pos.

1867 5256 2015 5307 sunt,
2045 5243 2270 5313 abigunt
2305 5253 2502 5309 greges
2527 5239 2864 5304 dominicos,
2915 5254 3104 5294 verum
3152 5242 3313 5297 etiam
3365 5259 3462 5301 eos

1869 5340 1994 5410 igne
2023 5350 2146 5402 suo,
2190 5349 2354 5406 quem
2383 5331 2512 5388 οωιί
2562 5346 2686 5387 esse
2739 5331 3095 5398 mentiuntur,
3138 5334 3466 5405 haeresibus‘,

1873 5432 1958 5488 vel
1990 5426 2395 5499 superstitionis
2441 5423 2708 5494 pravitate
2748 5435 3098 5480 caiisumunt.
3158 5426 3470 5485 Praesentia

1878 5525 2041 5582 etiam
2065 5538 2248 5591 rcgntn
2276 5518 2423 5573 venti
2444 5515 2819 5571 violentissimi
2872 5516 3235 5573 similitudine
3263 5520 3473 5577 violen.

1881 5627 1974 5685 tm,
2011 5624 2245 5687 quattuor
2288 5611 2595 5681 Evangt-liis
2636 5610 2785 5665 velut
2831 5610 3045 5681 angulis
3071 5611 3469 5685 conﬁrmatam,

147 5721 436 5785 ηοιιιὶιιιιι.
468 5715 526 5769 lu
552 5716 779 5770 camelis
805 5731 962 5783 vero,
1002 5716 1244 5786 gentium
1276 5719 1621 5787 pravitatem,
1655 5733 1778 5774 cum
1884 5711 2086 5766 Christi
2115 5708 2336 5763 domum
2363 5704 2718 5760 concutiunt;
2751 5713 2809 5757 ut
2845 5702 3092 5773 prmdimi
3118 5714 3328 5775 septem
3353 5705 3476 5785 ﬁlii,

148 5810 431 5879 oneribus
450 5805 750 5869 criminum
778 5816 833 5864 et
853 5807 1117 5865 tortuosis
1134 5807 1386 5887 sensibus
1406 5810 1479 5870 ad
1496 5814 1778 5873 Christum

698 6064 861 6207 ί

666 6216 706 6273 /

3365 5789 3477 5805 -νἾιΑ

1885 5810 1943 5862 ct
1968 5811 2079 5862 tres
2107 5800 2235 5860 lilia
2261 5799 2484 5875 pariter,
2513 5812 2637 5856 cum
2664 5798 2782 5872 ipsa
2801 5794 2968 5857 domo
2987 5797 3288 5864 intereant.
3358 5797 3378 5876 ς

2986 5991 3011 6001 ρ
