4032 6326
539 295 648 368 6%

1325 275 1671 347 APPENDIX
1720 274 1808 335 Αι)
1846 269 2089 333 ΤΟΜΗΜ
2132 253 2495 327 SEPTIMUM
2533 252 2592 317 Β.
2633 247 3037 315 HIERONYMI.

3748 237 3875 297 63‘

609 422 757 478 Tunc
785 414 1011 476 surrexit
1034 404 1155 473 Job,
1182 416 1229 463 et
1251 404 1402 461 scidit
1428 396 1727 458 uestimenta
1767 406 1884 457 sua,
1914 398 1960 444 et
1983 396 2132 478 tonso
2160 383 2215 447 Α
2241 413 2329 458 ιω.
2350 398 2492 470 eius,
2523 390 2898 466 impugnanda
2920 384 3226 445 εροιθείειηι
3255 393 3436 440 suam,
3464 376 3625 447 Quod
3659 385 3868 432 amem

539 516 726 589 capite,
761 524 1003 566 corruens
1042 505 1097 559 in
1126 512 1337 566 terram,
1369 491 1608 550 adoravit
1632 498 1681 544 et
1708 485 1842 540 dixit
1880 496 1898 535 :
1942 477 2138 534 Nudus
2175 501 2179 505 ν

539 624 775 684 egressus
793 621 905 659 sum
935 603 999 656 de
1018 608 1163 654 utero
1189 592 1371 649 matris
1407 603 1554 651 meat,
1594 592 1643 638 ct
1697 580 1867 636 nudus
1909 582 2138 630 reuertar

539 671 691 761 illuc.
714 702 970 756 Dominus
996 696 1159 761 dedit,
1196 690 1454 747 Dominus
1484 682 1697 740 abstulit
1724 679 1888 734 :sicut
1914 671 2139 727 Domino

540 798 755 873 placuit,
789 796 863 849 ita
893 795 1087 865 factum
1117 797 1190 843 est
1221 803 1239 842 :
1265 786 1331 839 sit
1353 796 1536 837 nomen
1562 773 1771 832 Dontini
1798 767 2137 825 benedictum.

536 855 791 948 'Snrrexit
816 855 1270 941 ad'tolcrantiam
1302 873 1606 949 patientiae.
1648 866 1786 924 Nam
1819 871 1875 920 et
1905 860 2041 923 Job,
2085 855 2141 913 id

539 993 626 1037 est
654 980 916 1037 Christus
938 1020 954 1043 ,
986 976 1054 1031 ad
1086 987 1278 1045 pacem
1309 966 1542 1024 dandam
1577 956 1840 1017 Ecclesia:
1869 949 2139 1016 surrexit,

541 1085 600 1130 ut
630 1082 841 1145 gestum
871 1041 1145 1141 signiticet
1176 1061 1457 1118 vindictae.
1491 1053 1838 1111 Vesﬁmenta
1866 1057 2002 1099 vero
2029 1041 2142 1095 sci-

539 1134 663 1225 dit‘:
697 1164 889 1220 fideles
917 1134 987 1214 ab
1016 1155 1334 1214 inﬁdelibus
1354 1148 1654 1222 separavit.
1681 1137 1922 1198 Procidit
1949 1134 2006 1190 itt
2034 1142 2143 1225 tere

542 1275 685 1327 ram,
719 1272 844 1312 cum
872 1270 935 1309 se
958 1254 1029 1307 de
1057 1248 1231 1304 forma
1258 1245 1355 1300 Dei
1396 1254 1572 1312 usque
1608 1236 1674 1293 ad
1718 1233 1948 1289 formam
1996 1224 2143 1283 servi

542 1350 867 1411 exinanivit.
900 1345 1089 1403 Nudus
1117 1352 1375 1414 egressus
1404 1346 1485 1390 est
1512 1333 1581 1388 de
1612 1338 1771 1385 utero
1796 1322 1986 1381 matris
2008 1334 2141 1384 sure,

540 1448 691 1505 nulla
719 1441 983 1499 videlicet
1003 1412 1172 1493 sorde
1195 1432 1402 1504 peccati
1433 1423 1719 1497 originalis
1748 1429 2027 1490 aspersus.
2062 1412 2144 1468 Ex

547 1553 783 1612 persona
811 1532 1052 1590 hominis
1074 1530 1150 1584 ait
1175 1544 1189 1582 :
1216 1524 1473 1580 Dominus
1490 1517 1656 1586 dedit,
1679 1526 1724 1570 et
1750 1506 2005 1569 Dominus
2030 1505 2145 1562 abs-

547 1600 693 1689 iulit.
724 1630 880 1687 Dedit
908 1626 1071 1681 Pater
1097 1623 1271 1679 bonos
1296 1618 1352 1675 itt
1394 1612 1797 1674 hmreditatem,
1829 1614 1885 1661 et
1909 1600 2083 1658 malos
2112 1612 2143 1652 a

547 1739 718 1797 regno
739 1721 864 1779 Filii
885 1718 971 1774 sui
998 1714 1247 1773 seclusit.

623 1779 959 1873 JInrontnibus
983 1807 1065 1864 his
1094 1822 1197 1861 non
1227 1802 1455 1878 peccavit
1492 1798 1595 1855 Job
1627 1796 1778 1852 labiis
1807 1793 1947 1859 suis,
1982 1800 2147 1860 neque
2172 1779 2225 1843 Β

549 1912 770 1969 stultum
796 1905 923 1979 quid
952 1909 1137 1958 contra
1167 1898 1335 1954 Deum
1370 1897 1576 1951 locutus
1606 1898 1702 1946 est.
1735 1888 1852 1944 Hoc
1880 1884 1993 1939 ait:
2023 1879 2148 1952 quia

550 2003 719 2061 stulte
747 2000 893 2070 loqui
921 2011 1029 2052 non
1061 1993 1239 2066 potuit
1269 1989 1536 2061 sapientia
1567 1981 1786 2041 Patris:
1815 1991 1994 2050 neque
2019 1988 2151 2048 pec-

549 2109 730 2156 catum
755 2089 1096 2151 committere
1124 2082 1504 2142 immaculatus
1526 2080 1739 2151 Agnus.

1166 2214 1396 2274 CAPUT
1437 2213 1510 2269 ll.

627 2344 856 2401 Factum
910 2346 985 2394 est
1033 2343 1207 2390 autem
1251 2344 1374 2385 cum
1407 2324 1640 2399 quadam
1663 2321 1751 2376 die
1768 2319 2025 2376 uenissent
2053 2312 2154 2386 ﬁlii

554 2442 677 2511 Dei,
706 2449 754 2494 et
779 2441 981 2492 starent
1009 2444 1186 2487 coram
1210 2423 1436 2479 Domino
1459 2436 1478 2474 :
1508 2419 1729 2475 uenisset
1753 2427 1956 2487 quoque
1984 2409 2155 2466 Satan

550 2501 684 2589 inter
714 2547 823 2595 eos,
855 2537 904 2583 et
935 2530 1093 2580 staret
1122 2523 1179 2577 in
1209 2523 1488 2588 conspectu
1509 2515 1647 2586 ejus,
1670 2521 1729 2565 ut
1758 2508 1949 2562 diceret
1972 2501 2156 2558 Domi-

558 2641 655 2681 nus
685 2624 752 2676 ad
778 2593 948 2677 Satan
970 2633 991 2673 :
1022 2613 1174 2670 Unde
1205 2610 1386 2667 venis?
1413 2606 1515 2672 Qui
1544 2600 1861 2673 respondens
1894 2598 1968 2652 ait
1989 2613 2009 2651 :
2034 2593 2157 2649 Cir-

556 2718 743 2774 cumiui
761 2722 973 2780 terram,
1004 2718 1052 2764 et
1078 2702 1433 2780 perambulaui
1456 2714 1590 2754 eam.
1616 2694 1686 2750 Et
1718 2694 1792 2748 ait
1812 2690 2067 2746 Dominus
2088 2687 2158 2742 ad

559 2814 729 2869 Satan
760 2826 779 2865 :
827 2804 1103 2876 Numquid
1147 2794 1490 2854 considerasti
1525 2805 1731 2847 seruum
1775 2801 1947 2842 meum
1991 2783 2094 2839 Job
2136 2799 2158 2839 :

553 2904 694 2976 quod
723 2916 830 2955 non
850 2899 917 2952 sit
939 2897 982 2951 ei
1010 2892 1197 2949 similis
1226 2890 1283 2943 in
1320 2899 1459 2944 terra
1482 2902 1501 2941 :
1529 2885 1608 2939 vir
1626 2881 1852 2953 simplex
1881 2886 1929 2934 et
1962 2883 2157 2942 rectus,

557 3014 619 3052 ac
649 2997 831 3050 timens
855 2991 1040 3056 Deum,
1073 2994 1121 3040 et
1146 2982 1389 3039 recedens
1419 2997 1453 3034 a
1473 2976 1638 3043 malo,
1662 2984 1710 3030 et
1740 2970 1915 3027 adhuc
1930 2971 2160 3026 retinens

557 3081 945 3141 innocentiam?
967 3076 1051 3133 Tu
1075 3085 1251 3128 autem
1283 3067 1605 3126 commovisti
1635 3079 1716 3119 me
1738 3063 1987 3117 adversus
2017 3074 2157 3122 eum,

2240 494 2488 551 videntes
2518 490 2731 560 plagam
2774 484 2917 556 ejus,
2953 480 3238 538 sciderunt
3269 476 3619 538 vestimenta,
3651 481 3707 528 ct
3746 470 3867 526 mi-

2240 596 2432 646 serunt
2466 586 2744 657 pulverem
2777 594 2940 651 super
2969 582 3132 645 caput
3164 586 3325 629 suum
3353 588 3369 627 :
3398 569 3523 625 illos
3554 566 3871 622 lmreticos

2241 679 2539 751 signiﬁcat,
2578 675 2676 747 qui
2729 671 3012 729 Christum
3069 667 3124 723 in
3183 664 3359 736 gloria
3410 660 3624 718 cmlesti
3677 658 3869 712 Deum

2242 774 2517 832 credunt:
2544 767 2983 825 incarnationem
3007 771 3063 818 et
3094 758 3403 831 passionem
3431 770 3541 812 non
3572 751 3821 810 credunt
3850 768 3866 806 :

2243 867 2341 924 sed
2371 863 2685 936 opprobriis
2714 869 2767 915 et
2810 854 3200 913 Inuniliatione
3229 852 3351 920 ejus
3383 846 3607 914 oﬂ'ensi,
3637 845 3692 902 in
3747 843 3873 898 ιλιι-

2244 957 2550 1031 sphetniam
2601 960 2998 1022 erumpentes,
3043 944 3207 999 ﬁdem
3263 939 3547 1004 scindunt,
3603 948 3781 1008 atque
3839 950 3873 989 a

2244 1029 2494 1123 corporis
2532 1048 2740 1104 unitate
2781 1040 3092 1101 discedunt.
3140 1036 3210 1093 Et
3251 1033 3535 1106 pulverem
3572 1029 3874 1088 mittentes

2245 1138 2411 1222 super
2455 1146 2635 1217 capita
2684 1157 2782 1198 sua
2802 1180 2818 1205 ,
2869 1148 3090 1194 terreno
3117 1143 3171 1189 ct
3201 1139 3419 1187 mortuo
3449 1140 3616 1184 sensu
3637 1166 3653 1189 ,
3688 1123 3870 1180 corda

2245 1259 2344 1301 sua
2374 1240 2639 1313 operiunt
2669 1245 2835 1307 atque
2863 1230 3126 1286 obruunt.
3178 1223 3338 1280 Omni
3385 1222 3547 1278 etiam
3602 1228 3870 1287 tempore

2246 1340 2374 1395 vita:
2410 1352 2549 1405 sum,
2578 1347 2701 1407 quae
2750 1331 2805 1385 in
2845 1336 3057 1399 septem
3085 1322 3280 1380 diebus
3331 1334 3394 1375 ac
3423 1316 3678 1374 noctibus
3718 1329 3877 1370 con-

2247 1433 2509 1494 tinetur;
2558 1424 2843 1494 indignum
2899 1434 2962 1475 os
3006 1432 3166 1474 suum
3231 1413 3575 1468 confessione
3611 1408 3821 1462 divina
3858 1448 3873 1473 ,

2249 1534 2397 1583 muta
2428 1516 2767 1579 inﬁdelitatis
2803 1512 3156 1586 improbitate
3211 1506 3614 1572 condemnant,
3639 1510 3697 1558 et
3753 1498 3873 1556 0b-

2247 1626 2492 1677 struetur
2533 1628 2597 1671 os
2621 1607 2961 1683 loquentium
3003 1603 3213 1675 iniqua.

2876 1787 3107 1849 CAPUT
3145 1784 3238 1843 Ill.

2327 1959 2459 2016 Post
2481 1959 2591 2015 haec
2613 1954 2818 2030 aperuit
2843 1951 2944 2008 Job
2960 1968 3019 2007 os
3045 1965 3224 2016 suum,
3248 1954 3297 2003 et
3316 1942 3590 2002 maledixit
3615 1940 3722 1996 diei
3741 1954 3870 2005 suo,

2253 2064 2300 2111 et
2331 2051 2538 2108 locutus
2575 2057 2650 2104 est
2682 2063 2702 2103 :
2734 2046 2925 2102 Pereat
2968 2042 3080 2097 dies
3106 2041 3165 2096 in
3193 2055 3298 2112 qua
3320 2046 3481 2092 natus
3508 2049 3645 2099 sum,
3679 2039 3731 2086 et
3759 2045 3876 2084 nos

2251 2148 2309 2203 in
2349 2162 2458 2219 qua
2506 2144 2711 2198 dictum
2746 2135 3183 2209 est:Conceptus
3231 2140 3305 2188 est
3352 2129 3533 2185 homo.
3594 2125 3719 2180 Dies
3768 2122 3874 2178 illa

2252 2249 2485 2297 vertatur
2537 2238 2593 2292 in
2640 2234 2895 2290 tenebras.
2948 2231 3079 2288 P08t
3132 2227 3270 2292 haec.
3312 2227 3452 2283 sicut
3504 2223 3583 2279 ait
3627 2219 3874 2289 scriptor

2258 2336 2420 2408 hujus
2469 2328 2738 2395 historiae,
2775 2340 2942 2399 quem
2990 2323 3233 2395 Moysem
3256 2334 3380 2377 esse
3412 2315 3577 2373 tradit
3624 2311 3820 2384 opinio
3853 2352 3869 2375 ,

2257 2407 2475 2500 aperuit
2502 2424 2607 2482 Job
2638 2439 2702 2479 os
2733 2437 2918 2485 suum,
2945 2426 3002 2475 et
3033 2414 3322 2473 maledixit
3362 2411 3469 2467 diei
3499 2424 3601 2466 suo
3627 2407 3826 2463 dicens
3853 2421 3870 2462 :

2257 2521 2449 2578 Pereat
2490 2520 2602 2574 dies
2648 2518 2703 2572 in
2751 2532 2856 2588 qua
2881 2523 3039 2568 natus
3059 2526 3197 2576 sum,
3232 2516 3280 2562 et
3313 2522 3421 2561 nos:
3445 2505 3501 2559 in
3531 2518 3636 2575 qua
3661 2500 3870 2555 dictum

2255 2629 2329 2672 est
2354 2630 2374 2670 :
2395 2612 2688 2680 Conceptus
2705 2620 2780 2665 est
2811 2607 2989 2663 homo.
3022 2604 3128 2661 Job
3156 2602 3253 2675 qui
3297 2611 3486 2674 typum
3518 2597 3708 2652 habuit
3738 2594 3866 2651 Sal-

2257 2711 2465 2767 vatoris
2487 2711 2540 2765 in
2570 2723 2653 2776 se,
2677 2703 2903 2761 humani
2927 2699 3152 2774 generis
3176 2694 3569 2753 mortalitatem
3595 2688 3865 2746 deﬂevit:

2257 2821 2384 2876 quae
2406 2813 2630 2874 propter
2649 2804 2933 2871 peccatum
2959 2808 3026 2850 ex
3054 2790 3149 2847 Dei
3170 2789 3314 2860 iusta
3335 2784 3632 2851 sententia,
3647 2779 3864 2835 homini

2260 2874 2464 2953 inﬂicta
2493 2901 2598 2950 est.
2626 2889 2818 2946 Pereat
2845 2887 2958 2942 dies
2982 2887 3037 2940 in
3063 2899 3165 2955 qua
3185 2888 3338 2936 natus
3358 2894 3474 2934 sunt
3496 2892 3516 2931 :
3542 2874 3740 2932 redeat
3767 2885 3867 2942 per

2258 2989 2538 3045 Christum
2570 2980 2981 3046 immortalitas,
3013 2990 3175 3049 quam
3200 2973 3372 3029 Adam
3407 2978 3560 3026 reatu
3589 2962 3864 3038 priet-ari-

2260 3080 2495 3139 cationis
2540 3074 2745 3145 amisit,
2799 3081 2857 3130 ct
2911 3071 3078 3127 abeat
3123 3081 3328 3123 morsa
3369 3078 3480 3132 me,
3535 3074 3697 3130 quam
3750 3058 3864 3112 alio

554 3192 613 3233 nt
633 3177 925 3250 affligerem
953 3185 1070 3225 eum
1107 3167 1323 3238 frustra.
1354 3160 1451 3216 Cui
1491 3157 1807 3230 respondens
1834 3153 2003 3209 Satan
2030 3150 2105 3204 ait
2136 3165 2154 3208 :

2265 3174 2612 3243 delinquente
2635 3164 2913 3224 contraxi.
2961 3163 3029 3218 Et
3053 3158 3348 3216 Jeremias:
3368 3154 3657 3210 Maledicta
3679 3152 3791 3206 dies
3811 3152 3866 3204 in

560 3246 768 3329 Pellem
789 3283 886 3340 pro
906 3264 1064 3338 pelle,
1094 3272 1145 3317 et
1171 3266 1358 3314 cuncta
1383 3269 1500 3327 qua:
1527 3251 1679 3306 habet
1705 3249 1861 3303 homo
1890 3246 2033 3300 dabit
2061 3259 2158 3315 pro

556 3368 735 3422 anima
773 3380 871 3419 sua
912 3378 929 3418 :
955 3356 1192 3427 alioquin
1220 3354 1362 3408 mitte
1388 3362 1603 3404 manuni
1633 3356 1799 3410 tuam,
1840 3350 1888 3395 et
1920 3349 2074 3410 tange
2099 3351 2158 3390 os

560 3464 675 3533 ejus
699 3469 746 3513 et
774 3469 1007 3520 carnem,
1028 3459 1077 3505 et
1098 3459 1219 3502 tunc
1235 3443 1428 3500 videbis
1445 3443 1581 3510 quod
1601 3438 1656 3492 in
1682 3439 1871 3509 faciem
1891 3431 2159 3489 benedicat

558 3531 672 3608 tibi.
698 3551 845 3605 Dixit
871 3564 992 3619 ergo
1013 3541 1271 3598 Dominus
1298 3537 1366 3591 ad
1395 3538 1562 3591 Satan
1586 3548 1607 3588 :
1634 3531 1773 3585 Ecce
1802 3531 1858 3584 in
1882 3543 2044 3583 manu
2065 3534 2159 3579 tua

554 3654 631 3700 est
659 3661 676 3698 :
703 3649 1056 3698 uerumtamen
1108 3632 1338 3686 anintant
1390 3624 1538 3680 illius
1579 3639 1751 3679 serua.
1799 3620 2055 3691 Egressus
2085 3623 2160 3671 est

560 3739 722 3809 igitur
748 3732 913 3790 Satan
941 3747 973 3782 a
1003 3726 1138 3799 facie
1167 3720 1383 3776 Domini
1416 3735 1435 3779 :
1468 3727 1517 3773 et
1550 3715 1804 3788 percussit
1849 3709 1949 3766 Job
1989 3708 2160 3765 ulcere

560 3801 783 3901 pessimo
813 3843 846 3880 a
872 3825 1054 3894 planta
1100 3817 1249 3891 pedis
1282 3829 1444 3884 usque
1474 3812 1542 3866 ad
1573 3809 1818 3864 uerticem
1866 3808 1980 3877 ejus
2014 3820 2033 3862 :
2071 3801 2161 3874 qui

560 3894 690 3976 testa
735 3917 935 3973 saniem
976 3913 1213 3975 radebat,
1266 3906 1453 3964 sedens
1510 3907 1563 3959 in
1618 3899 1965 3971 sterquilinio.
2016 3894 2164 3950 Dixit

561 4020 737 4067 autem
754 4006 837 4063 illi
852 4022 988 4061 uxor
1012 4020 1110 4058 sua
1135 4019 1154 4058 :
1173 3999 1361 4055 Adhuc
1381 4008 1437 4052 tu
1454 4010 1730 4065 permanes
1752 3993 1807 4045 in
1826 3986 2165 4061 simplicitate

566 4105 690 4159 tua?
718 4099 928 4157 benedic
955 4095 1090 4162 Deo,
1121 4105 1169 4149 et
1192 4108 1412 4148 morere.
1451 4089 1554 4158 Qui
1594 4090 1667 4142 ait
1697 4085 1766 4141 ad
1791 4083 1940 4139 illam
1961 4098 1980 4136 :
2000 4081 2163 4148 Quasi

563 4215 670 4254 una
698 4197 762 4251 de
788 4195 962 4250 stultis
985 4189 1285 4247 mulieribus
1307 4187 1479 4241 locuta
1500 4202 1577 4240 es.
1610 4183 1671 4239 Si
1694 4184 1827 4237 bona
1847 4180 2166 4250 suscepimus

567 4295 632 4347 de
674 4306 832 4344 manu
879 4285 1115 4353 Domini,
1160 4282 1300 4337 mala
1344 4295 1506 4352 quare
1542 4294 1647 4333 non
1674 4277 2025 4331 sustineamus
2048 4275 2073 4328 7
2096 4271 2166 4327 In

567 4382 802 4439 omnibus
844 4380 927 4436 his
956 4395 1060 4434 non
1103 4374 1330 4448 peccauit
1357 4371 1460 4428 Job
1489 4370 1641 4426 labiis
1681 4369 1813 4424 suis.
1849 4366 2027 4439 Igitur
2070 4382 2168 4422 att-

566 4481 763 4535 dientes
785 4487 887 4532 tres
913 4474 1068 4531 amici
1087 4471 1189 4528 Job
1220 4485 1370 4526 omne
1390 4468 1586 4523 malum
1608 4465 1747 4537 quod
1776 4463 2050 4518 accidisset
2072 4462 2121 4516 ei
2148 4502 2164 4530 ,

2259 3284 2361 3341 qua
2400 3274 2560 3322 natus
2602 3277 2740 3317 sum.
2784 3257 2944 3315 Unde
3003 3253 3140 3311 nulli
3181 3251 3404 3308 dubium
3450 3255 3561 3315 est,
3611 3244 3756 3318 quod
3807 3242 3862 3297 hi

2259 3338 2452 3416 omnes
2480 3350 2990 3429 praevaricationem
3025 3346 3152 3403 Adae
3181 3345 3546 3401 detestentur.
3576 3338 3860 3409 Spiritus-

2260 3452 2391 3509 liter
2414 3464 2543 3521 ergo
2565 3446 2684 3502 dies
2708 3460 2833 3501 cum
2857 3458 2955 3498 sua
2988 3449 3171 3507 nocte,
3197 3435 3453 3492 diabolus
3471 3442 3527 3489 et
3554 3430 3862 3488 mortalitas

2264 3552 2493 3617 possunt
2520 3539 2796 3611 intelligi:
2830 3553 2940 3593 non
2966 3534 3093 3607 quia
3126 3526 3245 3591 dies
3274 3532 3370 3597 sit,
3395 3527 3492 3585 sed
3526 3525 3652 3598 quia
3688 3523 3859 3579 fuerit

2262 3640 2478 3714 quando
2502 3635 2858 3710 permanebat
2879 3646 3004 3690 cum
3030 3630 3167 3696 Deo,
3194 3643 3223 3683 a
3247 3641 3358 3699 quo
3384 3622 3654 3682 recedens
3682 3621 3858 3676 tactus

2262 3713 2349 3792 est
2403 3748 2532 3803 nox,
2584 3730 2673 3787 vel
2724 3728 2849 3801 quis
2900 3724 3086 3797 impiis
3126 3735 3191 3779 ac
3242 3716 3645 3792 peccatoribus,
3672 3717 3724 3769 iu
3758 3713 3861 3768 hac

2264 3827 2633 3903 prosperitate
2674 3830 2732 3879 et
2770 3818 3035 3876 felicitate
3072 3811 3465 3889 gaudentibus,
3488 3810 3607 3867 dies
3634 3820 3757 3863 esse
3787 3805 3861 3861 vi-

2263 3924 2482 3978 deatur.
2503 3917 2663 3975 Unde
2691 3914 2895 3971 dicitur
2926 3929 2942 3969 :

2337 4015 2617 4085 Auferetur
2636 4007 2700 4063 ab
2720 4006 2899 4080 impiis
2919 4004 3013 4059 (ua:
3031 4018 3150 4058 sua.
3182 3999 3307 4057 Non
3331 3998 3565 4072 requirat
3589 4011 3705 4051 eum
3725 3992 3858 4049 Deus

2264 4108 2508 4176 desuper.
2543 4102 2659 4157 Hoc
2688 4107 2794 4167 est,
2824 4111 2896 4154 ne
2935 4097 3030 4152 llat
3059 4093 3178 4166 ejus
3224 4093 3491 4149 metuaris
3522 4098 3649 4146 ante
3684 4088 3854 4144 Deum

2269 4201 2321 4255 in
2348 4197 2576 4253 bonum.

2340 4288 2408 4345 Et
2435 4303 2541 4344 non
2567 4285 2864 4342 illustretur
2912 4280 3135 4339 lumine.
3167 4275 3582 4351 Rccognitionis
3615 4272 3731 4344 Dei,
3770 4273 3856 4329 vel

2268 4383 2632 4457 paenitentiae.
3793 4429 3802 4435 _
3844 4390 3856 4432 ξ

2344 4474 2635 4531 Obscureut
2653 4486 2771 4528 eum
2802 4467 3027 4524 tenebrat
3054 4476 3105 4524 et
3129 4467 3312 4523 umbra
3335 4462 3543 4520 mortis.
3570 4460 3832 4520 Tcnehm

563 4582 808 4629 venerunt
849 4569 1046 4641 singuli
1085 4568 1149 4623 de
1183 4567 1297 4622 loco
1325 4578 1443 4631 suo,
1467 4560 1691 4635 Eliphaz
1729 4557 2084 4624 Themanites,
2112 4563 2162 4611 et
2186 4542 2244 4608 Ι)
2275 4580 2494 4644 peccata
2521 4576 2648 4624 sum
2666 4573 2723 4622 ει
2751 4561 2981 4621 invidia.

565 4665 775 4722 Baldad
814 4663 1009 4727 Suites,
1050 4668 1098 4716 et
1133 4657 1341 4730 Sophar
1386 4651 1771 4710 Naamatltites.
1808 4649 2162 4707 Condiazerant

569 4764 707 4817 enim
738 4771 793 4814 ut
814 4758 1008 4834 pariter
1030 4756 1286 4811 venientes
1306 4753 1574 4808 visitarent
1602 4765 1740 4818 eum,
1763 4754 1811 4802 et
1831 4742 2164 4801 consolaren-

566 4868 671 4912 tur.
705 4853 934 4925 Cumque
963 4851 1243 4906 elevassent
1267 4847 1448 4917 procul
1477 4842 1656 4899 oculos
1677 4857 1822 4908 suos,
1843 4854 1949 4894 non
1971 4852 2165 4907 cogno-

566 4956 751 5004 verunt
778 4962 913 5001 eum.
943 4942 1064 4999 Non
1089 4939 1234 5014 quod
1268 4939 1413 4995 Deus
1444 4937 1695 5007 ignoret;
1720 4931 1818 4989 sed
1850 4940 1907 4987 ut
1936 4945 2038 4986 nos
2067 4930 2166 4985 do-

565 5052 688 5100 ceat
724 5042 856 5113 quid
892 5037 1236 5111 reaponderit
1273 5034 1465 5102 Satan,
1505 5031 1602 5105 qui
1638 5029 2033 5101 interpretatur
2060 5026 2160 5081 ad-

565 5151 842 5190 versamus.

640 5226 711 5280 Et
764 5224 1115 5281 exclamantes
1168 5221 1501 5294 ploraverunt
1548 5232 1567 5273 :
1621 5218 1895 5290 scissisque
1939 5218 2162 5273 restibus

569 5328 870 5393 sparserunt
906 5316 1168 5389 pulverem
1207 5330 1365 5387 super
1392 5320 1547 5384 caput
1578 5328 1730 5367 suum
1761 5313 1814 5366 in
1847 5312 2049 5367 caelum.
2092 5309 2161 5364 Et

567 5413 809 5468 sederunt
839 5425 955 5463 cum
976 5423 1034 5461 eo
1064 5408 1278 5461 interra
1305 5416 1500 5475 septem
1530 5404 1733 5471 diebus,
1756 5413 1806 5458 et
1847 5414 2039 5474 septem
2067 5419 2161 5456 no-

569 5505 757 5573 ctibus,
793 5512 842 5559 et
866 5516 1018 5556 nemo
1046 5498 1352 5570 loquebatur
1379 5498 1426 5552 ei
1461 5497 1690 5552 verbum.
1734 5495 1993 5550 Videbunt
2029 5494 2167 5549 enim

569 5597 803 5654 dolorem
845 5611 954 5652 esse
1005 5591 1368 5649 vehementem.
1399 5590 1534 5647 Nam
1582 5601 1638 5646 et
1686 5603 1879 5646 omnes
1924 5587 2167 5643 haeretici

566 5690 770 5750 Christi
800 5688 1007 5744 amicos
1038 5702 1097 5742 se
1118 5701 1243 5743 esse
1268 5686 1483 5749 dicunt;
1515 5683 1672 5753 cujus
1698 5697 1757 5737 se
1788 5682 2048 5751 sanguine
2074 5694 2164 5735 re-

568 5782 823 5860 demptos
847 5777 1170 5858 glutiautur.
1201 5779 1267 5841 Et
1294 5778 1642 5853 posuuodum
1675 5772 1885 5841 inimici
1917 5770 2163 5839 sllicitat»

2338 4664 2565 4734 Occupet
2597 4674 2713 4715 eum
2756 4657 2952 4727 caligo,
2983 4663 3032 4709 et
3056 4653 3348 4709 incoluntur
3388 4649 3755 4707 amaritudine.
3793 4645 3850 4704 Id

2265 4767 2375 4824 est,
2405 4758 2624 4812 caecitas
2647 4750 2850 4807 cordis.

2340 4850 2559 4905 Noctem
2594 4847 2743 4904 illam
2779 4846 3077 4903 tenebrosus
3122 4842 3275 4897 turbo
3315 4835 3599 4910 possideat.
3631 4830 3768 4900 Quia
3789 4828 3854 4885 ad

2268 4942 2687 4998 amaritudinem
2718 4947 2982 5012 provocat
3009 4938 3207 5003 Deum,
3237 4931 3383 4988 sicut
3400 4938 3456 4986 et
3476 4928 3667 4984 caueri
3692 4922 3855 4980 satel-

2266 5034 2388 5090 lites
2410 5033 2568 5104 ejus:
2601 5033 2790 5089 l'urore
2815 5031 2910 5088 ira:
2938 5029 3032 5087 Dei
3057 5030 3462 5099 apprehensus,
3485 5016 3856 5075 circumdatur

2269 5127 2523 5184 omnibus
2564 5124 2744 5194 malis,
2782 5134 2838 5180 et
2873 5122 3204 5179 involvatur.
3261 5115 3484 5172 Noctem
3521 5113 3671 5167 illam
3717 5118 3852 5163 tene-

2270 5219 2452 5274 brosus
2489 5218 2639 5273 turbo
2685 5215 2951 5289 possideat
2989 5229 3008 5268 :
3039 5212 3093 5268 id
3139 5217 3247 5276 est,
3291 5205 3567 5266 diabolus,
3592 5200 3688 5274 qui
3718 5198 3852 5256 diem

2273 5312 2553 5368 felicitatis
2585 5311 2789 5366 homini
2821 5307 3076 5374 abstulit,
3107 5315 3163 5361 et
3185 5311 3403 5359 noctem
3446 5295 3705 5369 inquieta:
3738 5292 3854 5349 vitae

2275 5407 2620 5463 turbulentus
2647 5404 2876 5460 invexit.

2344 5497 2469 5553 Non
2515 5505 2840 5570 computetur
2879 5498 2935 5550 in
2962 5494 3142 5549 diebus
3175 5488 3322 5545 anni.
3381 5490 3572 5543 Annus
3616 5481 3852 5539 Christus

2271 5593 2622 5664 intelligitur,
2669 5590 2762 5662 qui
2808 5589 2862 5645 iu
2890 5603 2953 5644 se
2993 5592 3191 5642 cuneta
3233 5579 3470 5637 revolsit
3496 5588 3550 5633 et
3593 5577 3847 5632 cont-inet.

2270 5686 2328 5743 In
2345 5685 2504 5755 hujus
2527 5700 2656 5754 ergo
2677 5683 2868 5739 diebus
2892 5680 3046 5747 anni,
3072 5694 3180 5734 non
3207 5682 3556 5745 computetur
3576 5669 3848 5727 diabolus:

2271 5778 2326 5845 id
2351 5787 2457 5856 est,
2484 5785 2801 5843 sanctorum
2827 5787 3060 5841 numero
3085 5786 3193 5834 non
3218 5766 3609 5845 coutjungatur.
