4032 6318
1159 347 1638 407 COMMENTARII
1679 349 1748 407 IN
1784 349 2051 409 LIBRUM
2088 353 2231 412 JOB.
2269 353 2425 414 CAP.
2467 357 2557 413 Ill.

3443 361 3549 423 626

313 462 432 519 Nec
490 470 793 520 numeretur
842 463 899 517 in
952 461 1240 518 mensibus.
1296 463 1515 519 Menses
1573 462 1676 518 hoc
1729 462 1850 518 loco
1877 466 1933 526 Α
1956 475 2083 521 sunt
2112 467 2444 540 philosophi,
2475 481 2532 526 et
2559 471 2654 527 alii
2694 473 2977 544 sapientes
3007 470 3170 544 hujus
3197 474 3408 544 mundi,
3437 476 3543 534 ful-

238 567 462 614 sanctos
499 555 788 628 apostolos
837 566 992 612 recte
1034 555 1426 627 intelligimus,
1458 557 1582 626 qui,
1615 565 1674 611 ut
1701 556 1846 621 ligna

236 650 527 722 paradisi,
585 648 906 722 spirituales
973 649 1238 706 Ecdesiae
1305 647 1545 704 alterunt
1612 649 1842 703 fructus.

311 769 400 826 Sit
423 785 528 824 nox
551 767 648 822 illa
669 766 934 832 solitaria,
955 783 1046 821 nec
1071 764 1229 820 laude
1251 765 1431 836 digna.
1455 765 1840 834 Apostolorum

232 859 450 914 scilicet
493 857 911 928 praedicatione,
941 857 1031 911 ubi
1084 856 1206 911 dies
1257 856 1450 911 salutis
1497 855 1839 926 agnoscitur,

231 966 397 1022 quam
424 947 704 1006 Abraham
739 948 900 1015 vidit,
935 957 990 1004 et
1018 948 1236 1003 laetatus
1267 957 1378 1004 est.

307 1057 627 1113 Maledicant
657 1058 703 1112 ei
730 1059 821 1129 qui
855 1058 1176 1112 maledicunt
1205 1056 1312 1112 diei
1337 1072 1357 1111 :
1393 1057 1482 1126 qui
1510 1056 1685 1127 parati
1714 1067 1838 1111 sunt

229 1154 494 1208 suscitare
537 1151 850 1207 Leoiathan.
900 1150 1087 1207 Sancti
1120 1150 1308 1220 utique
1354 1149 1465 1206 diei
1515 1149 1838 1218 praevarica-

232 1244 408 1299 tionis
438 1243 630 1300 mortis
655 1258 769 1299 sua:
797 1258 921 1298 cum
946 1242 1316 1298 detestatione
1334 1240 1675 1298 maledicunt
1699 1258 1714 1295 :
1741 1241 1834 1312 qui

229 1349 343 1389 non
374 1333 671 1390 serviendo
699 1333 872 1401 vitiis,
903 1335 1174 1390 suscitant
1202 1343 1395 1390 contra
1420 1347 1481 1390 se
1508 1331 1828 1400 draconem,

222 1427 588 1483 fortissimum
612 1428 836 1485 scilicet
863 1428 1098 1485 hostem.

298 1528 714 1584 Obtenebrentur
771 1528 938 1585 stellte
989 1527 1216 1602 caligine
1282 1531 1420 1601 ejus.
1497 1528 1828 1588 Peccatores

219 1621 458 1688 scilicet,
480 1621 574 1692 qui
596 1620 652 1677 in
676 1628 859 1689 nocte,
887 1621 1072 1677 saeculi
1097 1620 1306 1676 divitiis
1328 1630 1383 1676 et
1403 1620 1613 1678 honore
1638 1622 1827 1680 lucere

217 1731 282 1772 se
310 1725 529 1785 putant,
563 1717 829 1772 etecitatis
858 1715 1095 1788 caligine
1125 1717 1503 1785 tenebrentur,
1541 1725 1600 1773 et
1624 1718 1824 1775 merito

212 1822 344 1874 suo,
378 1809 668 1882 Evangelii
694 1809 881 1866 lumen
912 1825 1020 1865 non
1047 1810 1288 1868 videant.

289 1915 578 1986 Exspectet
601 1917 794 1988 lucem,
821 1929 995 1973 etnon
1017 1918 1210 1974 videat.
1228 1917 1341 1976 Nec
1360 1935 1468 1975 nox
1498 1921 1824 1990 praevarica-

207 2010 382 2066 tionis
423 2018 480 2067 et
517 2011 731 2078 mortis,
778 2011 832 2066 in
889 2026 996 2082 qua
1055 2011 1307 2066 diabolus
1361 2028 1595 2083 regnum
1645 2021 1820 2084 tenet,

207 2114 400 2175 potest
424 2105 606 2162 lumen
627 2104 1010 2174 Redemptoris
1031 2105 1235 2160 Christi
1256 2120 1621 2177 cognoscere;
1644 2121 1820 2177 neque

202 2199 290 2255 illi
336 2201 430 2270 qui
477 2200 530 2254 in
577 2214 644 2255 ea
677 2207 1001 2266 nascuntur,
1033 2197 1138 2256 nisi
1169 2214 1293 2256 eam
1337 2214 1436 2270 per
1477 2198 1816 2270 baptismum

203 2293 391 2348 renati
418 2291 818 2350 destruxerint.

284 2395 397 2450 Nec
451 2405 626 2451 ortum
691 2396 954 2468 surgentis
1035 2410 1266 2451 aurorae.
1325 2395 1813 2454 Resurrectionem

205 2486 420 2543 Christi
443 2484 778 2558 signiﬁcavit
799 2505 811 2542 :
829 2487 992 2557 unde,
1021 2487 1074 2543 in
1091 2488 1330 2560 psalmo,
1345 2488 1528 2560 vigilia
1549 2491 1814 2546 matutina

205 2577 437 2635 dicitur.

281 2682 422 2747 Quia
448 2698 549 2736 non
571 2682 827 2738 conclusit
871 2683 1008 2737 ostia
1050 2683 1248 2738 uentris
1287 2683 1375 2752 qui
1423 2684 1648 2754 portavit
1681 2701 1758 2739 me
1790 2703 1810 2740 :

203 2791 304 2830 nec
345 2774 563 2830 abstulit
605 2776 745 2830 mala
790 2775 854 2830 ab
881 2777 1047 2830 oculis
1075 2778 1207 2848 ejus.
1240 2774 1418 2840 Quare
1446 2792 1549 2830 non
1575 2779 1631 2830 in
1658 2777 1810 2832 vulva

199 2877 446 2922 mortuus
489 2870 648 2923 sum?
678 2869 854 2935 Quare
897 2885 1137 2942 egressus
1189 2885 1253 2923 ea:
1299 2878 1446 2923 utero
1484 2885 1586 2923 non
1631 2870 1808 2923 statim

199 2961 384 3030 perii:
417 2958 522 3014 Cur
551 2972 794 3032 exceptus
831 2961 1081 3034 genibus?
1117 2960 1221 3016 Cur
1259 2961 1484 3016 luctatus
1525 2961 1810 3016 uberibus?

197 3051 324 3108 Sub
353 3066 584 3122 persona
615 3067 735 3116 sua,
773 3054 996 3110 humani
1025 3055 1246 3124 generis
1275 3053 1482 3125 plangit
1514 3053 1803 3111 miserias:

197 3161 379 3217 quare
411 3145 608 3202 iterum
637 3144 964 3216 moriturus,
997 3145 1141 3202 mala
1173 3146 1337 3201 istius
1369 3147 1493 3202 vita:
1521 3147 1759 3217 patiatur
1787 3163 1800 3200 :

1949 573 2135 629 gorem
2161 561 2288 616 boni
2319 562 2546 633 ingenii,
2573 562 3038 635 splendoremque
3065 565 3291 635 eloquii.

2021 651 2106 708 Ibi
2136 655 2283 727 impii
2313 666 2646 710 cessaverunt
2686 674 2719 711 a
2761 659 3012 712 tumultu.
3044 657 3242 714 Procul
3289 659 3460 718 dubio
3487 663 3545 719 in

1947 747 2188 803 interno.
2247 749 2317 803 Et
2370 749 2514 805 sicut
2567 749 2925 822 Septuaginta
2987 754 3418 824 transtulerunt,
3470 757 3547 813 ibi

1940 841 2089 912 impii
2142 841 2491 913 deposuerunt
2541 847 2774 913 furorem
2800 861 2978 911 suum,
3032 845 3082 899 id
3115 855 3222 915 est,
3251 847 3452 920 typbtts
3489 859 3548 905 et

1940 933 2226 1000 superbia,
2269 950 2390 988 cum
2423 935 2632 990 saevitia
2663 937 2716 988 in
2749 935 2855 990 hoc
2907 939 3115 992 saeculo
3163 938 3540 1011 gloriantium,

1938 1023 2224 1080 humiliata
2249 1037 2336 1082 est
2365 1027 2417 1082 in
2449 1026 2685 1082 inferno.

2011 1119 2080 1174 Et
2125 1121 2198 1175 ibi
2239 1122 2598 1194 requieverunt
2625 1122 2749 1191 fessi
2785 1122 2986 1177 robore.
3035 1123 3189 1180 Sicut
3228 1125 3332 1180 alia
3385 1124 3550 1183 habet

1936 1212 2225 1268 translatio
2272 1231 2285 1267 :
2335 1215 2408 1269 ibi
2462 1215 2824 1285 requieverunt
2879 1215 3087 1286 fatigati
3145 1233 3361 1288 corpore
3400 1235 3419 1274 ε
3466 1219 3537 1276 ab

1932 1306 2294 1376 oppressione
2337 1307 2528 1378 utique
2566 1315 2622 1362 et
2668 1306 2915 1375 miseria,
2968 1308 3158 1365 labore
3186 1311 3351 1366 etiam
3377 1311 3537 1369 istius

1937 1399 2126 1455 mundi
2156 1400 2399 1457 liberati.

2004 1491 2072 1546 Et
2099 1495 2359 1564 quondam
2388 1496 2547 1551 vincti
2571 1497 2765 1570 pariter
2793 1499 2905 1552 sine
2925 1499 3184 1554 molestia.
3219 1498 3536 1557 Vincieutes

1927 1593 1983 1642 et
2010 1587 2286 1657 quondam
2311 1590 2527 1645 vinctos
2549 1593 2604 1644 in
2629 1590 2846 1646 inferno
2869 1591 3004 1646 dicit
3026 1592 3238 1659 pariter
3260 1591 3528 1659 habitare,

1925 1677 2048 1732 sine
2093 1678 2291 1748 injuria
2325 1689 2505 1735 tamen
2556 1690 2614 1736 et
2654 1682 2909 1737 molestia
2934 1681 3376 1738 vinculatorum:
3420 1699 3529 1739 non

1923 1767 1998 1825 ita
2024 1780 2081 1825 ut
2119 1770 2244 1827 istic
2277 1772 2368 1829 ubi
2399 1783 2598 1842 praeter
2625 1788 2839 1844 ptenas,
2869 1774 3196 1844 captivitate
3223 1774 3308 1828 vel
3341 1775 3530 1830 servi-

1852 1851 1900 1912 B
1929 1868 2043 1916 tute
2061 1860 2220 1930 dura,
2238 1863 2472 1919 diversis
2489 1865 2654 1919 etiam
2673 1865 2798 1919 aliis
2819 1865 3252 1933 calamitatibus,
3275 1866 3529 1922 homines

1924 1953 2260 2025 obligantur,
2289 1955 2574 2012 dominatu
2600 1967 2655 2013 et
2686 1957 2952 2027 injuSIitia
2977 1959 3310 2028 iniquorum.

1995 2047 2119 2103 Non
2146 2051 2421 2105 audierunt
2449 2067 2624 2106 vocem
2648 2052 2926 2107 exactoris.
2949 2051 3108 2107 Jussa
3130 2051 3520 2122 imperantium

1920 2137 2006 2195 vel
2030 2137 2217 2210 inique
2245 2140 2604 2211 exigentium,
2638 2158 2745 2197 non
2779 2153 3054 2198 verentur.

1991 2229 2198 2286 Parvus
2217 2241 2264 2287 et
2283 2250 2501 2306 magnus
2523 2235 2593 2288 ibi
2613 2248 2752 2296 sunt.
2774 2245 2821 2288 et
2841 2251 3015 2290 servus
3037 2245 3083 2289 et
3103 2235 3232 2291 liber
3253 2254 3285 2288 a
3303 2237 3518 2292 domino

1917 2341 2033 2380 suo.
2066 2325 2239 2393 Quare
2266 2327 2454 2381 misero
2476 2328 2604 2382 data
2630 2336 2705 2382 est
2732 2328 2844 2393 lux,
2874 2338 2921 2383 et
2949 2331 3052 2383 vita
3078 2331 3161 2383 his
3189 2331 3244 2383 in
3264 2331 3522 2385 amaritu-

1915 2419 2037 2473 dine
2055 2420 2246 2472 animte
2265 2420 2426 2474 sunt?
2452 2420 2557 2487 Qui
2578 2430 2875 2490 exspectant
2901 2433 3140 2488 mortem,
3164 2433 3213 2476 et
3239 2440 3341 2477 non
3363 2425 3520 2491 venit,

1912 2511 2062 2581 quasi
2091 2510 2400 2578 eifodientes
2431 2511 2736 2568 thesaurum
2781 2530 2800 2568 :
2835 2514 3159 2585 gaudentque
3201 2515 3522 2569 vehementer

1911 2621 2028 2658 cum
2061 2606 2351 2660 invenerint
2400 2605 2717 2678 sepulcrum.
2747 2606 2881 2662 Cum
2932 2608 3004 2661 sit
3043 2623 3209 2678 ergo,
3243 2619 3300 2661 ut
3336 2608 3518 2676 video,

1911 2697 1966 2752 in
1999 2697 2216 2753 inferno
2248 2699 2530 2769 aequalitas
2565 2716 2957 2769 personarum,
2986 2713 3044 2757 et
3076 2702 3257 2755 nullus
3283 2703 3350 2755 de
3381 2702 3519 2757 alte-

1911 2789 2027 2845 rius
2078 2790 2460 2846 dominatione
2493 2792 2792 2848 formidat:
2826 2810 2926 2848 cur
2971 2795 3104 2848 tnibi
3151 2795 3358 2850 misero
3386 2794 3513 2850 data

1910 2893 1997 2936 est
2029 2881 2124 2936 lux
2167 2881 2290 2948 ista,
2322 2892 2379 2938 et
2422 2883 2531 2938 vita
2587 2885 2784 2938 similis
2814 2885 2896 2938 eis
2927 2885 3022 2955 qui
3055 2886 3107 2939 iu
3141 2885 3511 2941 amaritudine

1910 2977 2106 3030 animm
2139 2991 2252 3031 suae
2301 2986 2452 3042 sunt,
2484 2993 2606 3032 cum
2650 2979 2879 3033 meliora
2929 2980 3039 3032 sint
3082 2980 3384 3034 inferorum
3415 2994 3508 3035 er-

1907 3071 2144 3140 gastula,
2170 3087 2329 3140 quam
2364 3072 2530 3126 istius
2568 3070 2756 3126 mundi
2792 3071 3123 3128 miserabilis
3149 3073 3264 3126 vita
3295 3074 3509 3128 crucia-

1908 3163 2052 3218 tibus
2083 3163 2241 3234 plena
2284 3183 2296 3218 :
2355 3165 2443 3219 ubi
2479 3180 2591 3233 prae
2630 3165 2904 3234 angustiis
2960 3165 3218 3220 homines
3271 3175 3505 3221 mortem

197 3255 377 3308 quare
440 3239 734 3295 mortalem
785 3239 904 3310 ipsa
972 3254 1123 3296 mors
1183 3254 1294 3296 non
1347 3240 1680 3297 exstinxerit
1747 3239 1802 3295 in

1929 3266 2184 3326 luterunt,
2215 3265 2271 3312 et
2289 3273 2489 3328 magno
2515 3257 2812 3322 desiderio,
2840 3267 2896 3311 ut
2921 3257 3132 3322 veniat,
3152 3267 3504 3326 exspectant.

203 3343 369 3388 utero
392 3332 416 3386 ?

283 3434 439 3490 Nunc
461 3436 603 3490 enim
624 3435 885 3491 dormiens
906 3436 1131 3500 silerem,
1155 3444 1205 3490 et
1233 3451 1414 3491 somno
1443 3452 1555 3490 meo
1601 3435 1806 3507 requie-

203 3544 399 3582 scerent
431 3544 550 3581 cum
586 3526 792 3598 regibus
819 3539 867 3581 et
895 3527 1199 3582 consulibus
1241 3539 1412 3595 terrte,
1434 3528 1523 3597 qui
1539 3528 1806 3591 wdi/‘icant

202 3621 308 3674 sibi
355 3621 667 3674 solitudines
700 3637 718 3672 :
750 3629 841 3674 aut
891 3637 1010 3675 cum
1055 3621 1374 3694 principibus
1419 3622 1509 3691 qui
1541 3621 1805 3692 possident

203 3728 416 3778 aurum,
441 3721 490 3766 et
517 3711 718 3782 replent
757 3713 939 3766 domos
984 3730 1107 3769 suas
1141 3726 1382 3786 argento.
1415 3713 1723 3785 Principes,
1750 3723 1804 3770 et

205 3821 394 3877 reges,
425 3815 482 3860 et
507 3806 784 3872 consules,
821 3815 876 3861 et
901 3805 947 3860 si
981 3807 1036 3861 in
1069 3805 1286 3861 inferno
1314 3807 1600 3877 squalores
1630 3816 1801 3862 tarta-

205 3913 330 3954 reos
359 3898 638 3968 patiuntur
671 3914 684 3952 :
719 3913 864 3953 nunc
889 3907 1074 3953 tamen
1103 3897 1157 3952 in
1186 3898 1515 3968 corporibus
1542 3899 1656 3954 suis
1683 3907 1800 3954 tor-

207 4005 391 4052 menta
433 4011 542 4050 non
599 3993 870 4050 sentiunt.
915 3994 1121 4049 Horum
1170 4004 1404 4048 mortem
1446 3993 1576 4048 mihi
1609 3993 1802 4049 venire

205 4085 311 4142 hac
333 4085 647 4143 conditione
679 4087 999 4144 voluissem.

279 4189 383 4245 Ant
420 4189 553 4244 sicut
598 4189 890 4244 abortivum
919 4189 1281 4244 absconditum
1315 4205 1420 4242 non
1448 4187 1797 4256 subsisterent,

202 4284 288 4340 vel
307 4283 396 4353 qui
432 4283 665 4357 concepti
703 4299 806 4339 non
836 4283 1078 4338 uiderunt
1108 4282 1297 4337 lucem.
1323 4281 1503 4338 Variis
1538 4281 1714 4336 modis
1744 4289 1803 4337 et

202 4377 477 4447 exemplis
501 4377 657 4444 dicit,
688 4377 831 4448 quod
861 4392 1050 4447 pinnas
1070 4378 1202 4431 istas
1225 4377 1278 4431 in
1303 4377 1501 4448 quibus
1526 4385 1666 4443 erat,
1692 4393 1798 4432 non

203 4469 472 4524 d--buerat
519 4469 656 4538 pati.
689 4472 869 4537 Quare
911 4484 1020 4524 non
1059 4468 1114 4524 in
1150 4469 1314 4523 vulva
1345 4478 1594 4524 mortuus
1640 4469 1801 4523 sum?

205 4562 280 4618 Et
323 4561 586 4632 deinceps
613 4563 692 4616 ait
721 4580 732 4615 :
764 4561 922 4618 Nune
949 4573 1134 4618 autem
1162 4562 1444 4618 dormiens
1471 4561 1719 4623 silerem.
1745 4567 1802 4615 et

1910 3352 2233 3423 Exemplum
2269 3353 2548 3424 egregium
2580 3352 2848 3415 adhibuit.
2894 3352 3086 3408 dicens
3118 3368 3132 3405 :
3165 3353 3330 3420 Quasi
3371 3352 3506 3406 clio-

1907 3443 2127 3499 dientes
2145 3443 2488 3512 thesaurum,
2509 3445 2633 3514 quia
2659 3445 2915 3498 nimirum
2940 3443 3121 3514 utique
3137 3443 3504 3514 gratulantur,

1905 3551 2027 3592 cum
2059 3546 2299 3606 optatam
2327 3537 2431 3590 sibi
2467 3537 2776 3591 invenerint
2804 3537 3170 3604 sepulturam.

1986 3627 2113 3682 Viro
2143 3633 2296 3702 cujus
2325 3629 2631 3683 abscondita
2657 3639 2730 3682 est
2758 3629 2894 3695 rita;
2939 3638 2986 3682 et
3024 3629 3358 3683 circumdedit
3387 3645 3505 3684 eum

1905 3720 2046 3776 Deus
2077 3721 2322 3777 tenebris.
2344 3723 2419 3777 De
2451 3739 2512 3778 se
2544 3722 2675 3777 dicit
2709 3739 2722 3776 :
2765 3724 2856 3778 Sic
2883 3723 3066 3792 itaque
3094 3722 3412 3777 incedebam
3449 3723 3496 3776 ir

1905 3814 2178 3870 mandatis
2211 3815 2328 3879 Dei,
2379 3814 2614 3871 credens
2671 3814 2816 3884 quod
2870 3814 3002 3868 mihi
3050 3814 3502 3884 fruetusjnstitiu-

1904 3923 2042 3963 meae
2079 3908 2466 3978 responderet;
2526 3908 2621 3964 sed
2676 3908 3057 3964 absconditum
3112 3919 3195 3964 est
3248 3910 3498 3965 meritum

1901 4003 2029 4057 vita:
2060 4018 2217 4068 mete,
2251 4011 2304 4058 et
2355 4017 2452 4073 pro
2503 4001 2606 4056 hoc
2663 4017 2946 4073 poenarum
3001 4001 3242 4057 tenebris
3273 4001 3507 4058 cireum-

1902 4093 2064 4150 datus
2085 4111 2205 4150 sum
2240 4112 2254 4148 :
2287 4096 2357 4149 ita
2410 4104 2472 4150 ut
2531 4093 2663 4150 illud
2713 4095 2917 4148 bonum
2973 4093 3104 4148 mihi
3161 4095 3500 4149 subtractum

1902 4185 1992 4252 sit,
2038 4195 2095 4240 et
2142 4187 2243 4242 hoc
2288 4187 2490 4242 malum
2548 4189 2880 4257 appositum.
2912 4186 3068 4254 Quod
3100 4196 3281 4242 autem
3315 4203 3507 4258 poenas

1905 4279 2249 4333 tenebrarum
2283 4281 2504 4335 nomine
2531 4279 2749 4344 dixerit,
2780 4279 2905 4334 audi
2932 4279 3059 4350 qttid
3089 4281 3337 4350 sequitur
3368 4299 3381 4334 :

1973 4372 2262 4443 Antequam
2301 4373 2566 4428 comedam
2613 4374 2843 4443 suspiro,
2898 4383 2946 4427 et
2991 4373 3149 4444 quasi
3194 4375 3502 4427 inundantes

1904 4481 2073 4536 aqute,
2095 4465 2168 4519 sic
2190 4465 2394 4537 rugitus
2414 4481 2579 4518 meus.
2605 4465 2756 4520 inter
2771 4474 3002 4520 cteteros
3025 4467 3323 4536 cruciatus,
3339 4467 3505 4521 etiam

1905 4556 2050 4612 hanc
2079 4558 2128 4611 ei
2161 4556 2412 4610 diabolus
2461 4557 2836 4611 inﬁrmitatem
2879 4557 3179 4623 inﬂixerat,
3223 4575 3385 4629 quam
3422 4561 3507 4614 in-

203 4669 404 4708 somno
427 4669 549 4709 mea
573 4655 978 4725 requiescerem
997 4670 1122 4710 eum
1143 4655 1361 4724 regibus
1382 4664 1437 4710 et
1455 4655 1796 4711 consulibus.
1831 4623 1884 4682 Β
1911 4651 2220 4706 lirmitatem
2251 4649 2447 4705 medici
2501 4651 2825 4705 bolimiodes
2868 4652 3170 4721 appellant,
3201 4667 3322 4722 quae
3352 4653 3507 4708 inlir-

204 4745 377 4801 Forte
429 4747 743 4816 exemplum
793 4755 984 4804 contra
1031 4763 1129 4804 eos
1177 4761 1286 4813 εει,
1335 4747 1427 4818 qui
1459 4749 1652 4802 dicunt
1691 4763 1799 4802 non

206 4848 638 4908 resonet-turos,
682 4839 788 4897 nisi
817 4841 908 4912 qui
948 4839 1101 4910 juxta
1132 4841 1388 4896 ordinem
1431 4840 1546 4896 nati
1573 4840 1798 4895 l'nerint.

203 4930 264 4986 Si
294 4931 440 4985 enim
467 4931 721 5002 concepti
763 4933 1073 4989 moriuntur
1119 4933 1175 4989 in
1223 4941 1405 5002 utero,
1436 4947 1665 4988 necesse
1692 4940 1800 4998 est,

207 5022 332 5090 quia
362 5022 468 5077 vivi
505 5023 748 5079 iuerint:
779 5035 833 5080 et
863 5024 1124 5096 quidquid
1167 5026 1422 5092 moritur,
1457 5025 1602 5080 haud
1637 5025 1803 5081 dubie

206 5112 336 5184 quia
357 5123 634 5188 resurget.
673 5115 750 5171 Ita
782 5117 926 5184 quod
949 5117 1005 5173 in
1045 5118 1312 5175 membris
1332 5117 1432 5173 fuit
1461 5127 1517 5173 et
1547 5119 1704 5188 vixit,
1745 5127 1799 5173 et

209 5217 398 5262 natura
424 5209 604 5264 minus
624 5201 876 5265 dederit:
901 5209 1004 5266 hoc
1028 5212 1432 5267 resurrectione
1456 5211 1508 5265 in
1531 5210 1800 5281 integrum

208 5301 556 5372 reparabitur
586 5321 600 5358 :
632 5305 716 5360 sic
761 5303 906 5360 enim
955 5306 1179 5361 humani
1219 5306 1438 5376 generis
1477 5306 1806 5363 instauratio

209 5391 263 5448 in
304 5395 506 5450 melius
537 5403 709 5451 totum
757 5397 970 5464 reddet,
1003 5399 1150 5469 quod
1193 5408 1386 5453 natura
1432 5397 1804 5454 fraudaverat.

213 5485 354 5539 Dicit
381 5488 548 5541 etiam
579 5487 857 5555 abortiva,
899 5505 1023 5560 qua:
1048 5491 1102 5545 in
1141 5499 1337 5545 natura
1378 5489 1612 5546 humana
1645 5491 1808 5562 dege-

213 5584 406 5630 nerata
436 5587 586 5646 sunt,
609 5594 637 5631 a
667 5580 848 5650 pcenis
866 5595 992 5637 esse
1010 5581 1216 5649 aliena,
1241 5583 1334 5650 qui
1359 5582 1463 5638 sibi
1485 5583 1810 5638 solitudines

213 5664 396 5737 magis
422 5681 587 5736 quam
612 5669 809 5728 domus
831 5671 1127 5729 aediﬁcant.
1159 5672 1374 5729 Habitat
1391 5675 1536 5730 enim
1560 5673 1810 5729 diabolus

218 5757 275 5812 in
305 5754 621 5812 civitatibus
645 5758 931 5829 desolatis,
963 5771 1018 5818 et
1043 5765 1096 5818 in
1129 5761 1386 5819 domibus
1413 5765 1665 5821 desertis.
1697 5766 1810 5821 Non

238 5845 510 5902 habentes
551 5847 818 5921 hospitem
866 5853 1054 5922 Deum,
1085 5863 1138 5910 et
1192 5855 1467 5922 possident
1495 5873 1709 5924 aurum,
1759 5866 1817 5912 ut

1904 4745 2064 4800 mitas
2087 4744 2246 4798 talem
2270 4743 2480 4799 habere
2511 4744 2708 4799 dicitur
2758 4759 2997 4814 poenam,
3046 4755 3107 4799 ut
3153 4756 3277 4800 ante
3320 4747 3504 4801 cibmn

1906 4851 2223 4915 torqueatur
2269 4849 2526 4913 tegrotus,
2558 4851 2614 4898 et
2644 4842 2754 4897 sint
2808 4843 2863 4897 ei
2913 4818 3036 4913 post
3062 4843 3242 4898 cibum
3300 4845 3503 4898 indesi-

1906 4953 2104 5000 nentes
2137 4943 2382 5000 dolores.
2410 4941 2565 4999 Unde
2589 4942 2719 4998 dicit
2748 4960 2760 4997 :
2786 4943 2954 5012 Quasi
2983 4943 3311 4999 inundantes
3348 4959 3506 5014 aqua:

1907 5049 2048 5104 sicut
2080 5047 2295 5119 rugitus
2323 5062 2500 5102 meus.

1979 5150 2116 5218 Quia
2157 5149 2312 5202 timor
2357 5164 2504 5218 quem
2538 5148 2777 5202 timebam
2819 5149 2985 5202 evenit
3028 5149 3175 5202 mihi.
3226 5147 3508 5204 Tintebant

1906 5250 2052 5308 enim
2086 5250 2358 5321 peccando
2391 5250 2590 5306 laedere
2638 5251 2831 5317 Deum,
2863 5260 2918 5307 et
2947 5251 3040 5306 ille
3070 5251 3332 5319 ollensus,
3367 5252 3503 5308 iram

1903 5351 2127 5424 juStitize
2149 5367 2261 5406 suae
2283 5351 2338 5406 in
2362 5367 2447 5407 me
2469 5363 2750 5408 exerceat.
2784 5353 2886 5408 Sed
2911 5353 3040 5423 quid
3075 5352 3273 5422 proluit
3298 5355 3510 5410 cavisse

1911 5471 1942 5510 a
1975 5457 2233 5526 peccatis,
2264 5455 2705 5526 quandoquidem
2728 5465 2788 5512 ut
2810 5472 2941 5514 reus
2971 5458 3219 5513 omnium
3254 5471 3509 5531 peccato-

1909 5573 2030 5614 rum
2063 5557 2399 5613 discrucior?
2427 5557 2688 5628 Sequitur
2718 5578 2731 5614 :

1989 5655 2056 5711 Et
2080 5657 2216 5728 quod
2243 5658 2451 5712 verebar
2479 5658 2690 5712 accidit.
2739 5659 2878 5715 Aliis
2925 5660 3106 5716 verbis
3138 5662 3314 5732 ipsum
3353 5678 3508 5735 repe-

1912 5757 1998 5825 tit,
2031 5757 2176 5829 quod
2206 5758 2459 5825 superius
2497 5757 2734 5815 dixerat.
2770 5760 2876 5816 Pro
2924 5763 3341 5820 conﬁrmatione
3385 5765 3518 5822 dicti

1919 5859 2104 5916 solent
2151 5858 2205 5914 in
2258 5859 2557 5932 “eripturis
2604 5863 2726 5918 talia
2784 5863 2994 5921 iterari.
3029 5864 3143 5920 Non
3195 5876 3518 5944 arrogmler
