4034 6340
552 348 662 407 Μ

1337 344 1693 402 APPENDIX
1732 343 1827 401 AD
1865 343 2109 400 ’1³01101
2149 342 2509 401 SEPTIMUM
2551 346 2611 401 ὃ.
2655 342 3070 399 ΙΙΙΕΜΝΗΜΙ.

558 466 680 522 haec
718 467 871 533 dicit,
915 474 973 518 ut
1018 464 1177 519 faciat
1212 463 1322 517 Dee
1351 461 1633 532 iniuriam.
1666 459 1765 516 sed
1794 458 2156 514 conscientia:
2176 462 2232 518 Δ
2262 459 2425 516 leonis
2447 460 2689 532 dissipati
2711 465 2851 513 sunt.
2884 457 3055 513 Porro
3080 459 3152 513 ad
3178 473 3258 513 me
3300 457 3495 512 dictum
3538 468 3618 514 est
3658 459 3867 516 meum

560 562 764 615 merito
795 562 965 615 libere
994 558 1259 626 loquitur.

632 650 824 705 Nonne
852 649 1212 704 dissimulavi?
1239 647 1357 702 Non
1396 646 1684 701 reddendo
1728 644 2159 702 "tribuentibus

554 742 692 796 mihi
721 742 885 796 mala.

630 833 818 888 Nonne
839 832 1000 887 silui?
1030 832 1091 887 Ut
1131 848 1235 886 non
1266 831 1642 901 delinquerent
1686 829 1741 884 in
1786 829 1966 900 lingua
2011 843 2156 897 mea,

549 926 706 996 posui
738 925 818 980 ori
842 939 968 980 meo
993 925 1322 980 custodiam.

627 1015 817 1070 Nonne
835 1016 1041 1086 quievi?
1061 1014 1251 1070 Sciens
1276 1030 1398 1070 cum
1422 1014 1663 1069 surrexit
1684 1014 1738 1067 in
1757 1011 1968 1084 judicio
1990 1012 2156 1077 Deus,

542 1108 691 1179 quod
724 1110 907 1162 salvos
932 1107 1185 1162 facuirus
1207 1112 1280 1161 sit
1302 1120 1501 1163 omnes
1530 1115 1845 1160 mansuetos
1876 1115 2055 1160 terrae.

628 1200 694 1254 Et
724 1202 861 1255 venit
892 1215 1047 1271 super
1088 1216 1173 1254 nte
1217 1199 1532 1269 indignatio.
1580 1198 2006 1268 Indignzuionem
2054 1200 2158 1251 line

547 1295 666 1349 loco
712 1294 989 1364 plagarum
1039 1295 1243 1349 molem
1289 1293 1444 1361 dicit,
1493 1307 1657 1364 quam
1702 1291 1879 1349 refert
1902 1307 2069 1361 super
2092 1306 2159 1348 se

548 1390 839 1452 ccculisse,
866 1388 1022 1458 cujus
1049 1388 1292 1458 pondere
1319 1387 1681 1443 et.doloribus
1711 1402 1771 1441 se
1798 1388 1968 1458 gemit
1994 1386 2160 1440 obru.

550 1492 662 1536 tum
690 1499 703 1540 ;
738 1498 860 1536 cum
890 1484 1009 1551 ipse
1038 1493 1207 1545 esset,
1235 1492 1294 1536 ut
1319 1480 1571 1552 superius
1599 1480 1696 1543 ait,
1746 1480 1950 1534 morbis
1993 1479 2157 1534 caui-

549 1586 747 1643 gutus;
780 1589 919 1644 quas
944 1588 1132 1642 ptenns
1163 1573 1214 1626 iu
1246 1571 1728 1642 consequentibus,
1761 1570 1984 1639 sagittas
2005 1570 2109 1625 dici
2140 1584 2157 1625 :

549 1667 686 1718 sicut
711 1668 817 1722 ait:
836 1666 1053 1737 Sugitur
1069 1664 1277 1718 Domini
1298 1665 1350 1717 in
1365 1681 1444 1718 me
1460 1673 1576 1717 sunt
1593 1679 1613 1717 :
1635 1679 1854 1735 quarunt
1866 1662 2158 1733 indignatio

553 1760 652 1809 eth!
668 1761 686 1811 i
735 1762 981 1826 spiritum
1011 1774 1221 1812 meum:
1252 1758 1390 1819 sive,
1414 1767 1479 1811 ut
1504 1758 1612 1811 alia
1640 1756 1939 1812 translatio
1958 1756 2151 1821 liabet,

2255 552 2632 607 absconditum.
2662 551 2719 607 in
2748 552 2871 622 tigri
2902 550 3255 607 velocitatem
3287 550 3407 617 cjus
3430 554 3500 605 ad
3547 552 3870 622 spoliandus

2258 642 2527 710 homines,
2560 644 2910 714 pmdamqne
2954 659 3021 698 ex
3064 644 3149 698 eis
3192 641 3516 712 capiendam
3568 644 3861 720 describit,

2255 735 2416 805 cujus
2437 735 2602 790 etiam
2623 734 2789 789 catuli
2811 732 3022 789 similes
3044 732 3167 802 eius
3187 732 3436 802 dissipati
3459 742 3594 789 sunt
3624 744 3684 789 et
3721 733 3859 792 inte-

2258 828 2474 896 rempti.
2505 827 2560 884 lu
2584 827 2693 883 alia
2717 826 2960 883 editione
2980 841 3086 896 pro
3134 826 3282 899 tigri.
3338 827 3759 898 myrmicoleon.
3808 830 3860 886 id

2257 930 2364 987 est,
2390 921 2639 985 formica,
2665 929 2721 975 et
2748 920 2858 983 leo.
2882 933 3046 984 quem
3068 932 3172 974 nos
3188 916 3378 973 verius
3402 917 3681 974 diabolum
3710 919 3863 976 dixe-

2258 1015 2461 1070 rimus:
2487 1015 2577 1083 qui
2600 1014 2816 1083 quando
2839 1012 3080 1084 praedam
3106 1012 3236 1082 agit,
3259 1011 3329 1067 de
3350 1012 3569 1067 Sanctis
3591 1024 3867 1085 tamquam

2259 1106 2329 1163 de
2379 1107 2676 1176 majoribus
2724 1107 2910 1174 rebus,
2962 1116 3016 1159 ut
3058 1105 3145 1159 leo
3181 1104 3465 1159 habendus
3488 1117 3611 1161 est:
3644 1110 3866 1178 quando

2264 1213 2391 1255 vero
2421 1197 2648 1254 minima
2675 1199 2871 1268 quaerit
2894 1196 3135 1267 auferre,
3163 1195 3393 1251 formica
3438 1196 3714 1253 dicendus
3763 1208 3868 1254 est.

2264 1290 2328 1345 Et
2355 1291 2479 1361 quia
2512 1290 2653 1346 sicut
2677 1288 2905 1346 formica
2928 1305 3098 1359 grana
3127 1287 3198 1344 de
3229 1304 3379 1356 area,
3414 1289 3483 1344 ita
3512 1290 3607 1347 ille
3648 1292 3862 1363 cogita-

2263 1384 2440 1439 tiones
2472 1384 2639 1439 bonas
2667 1383 2843 1438 aufert
2870 1382 2941 1438 de
2965 1382 3223 1438 cordibus
3251 1381 3546 1437 hominum.

2335 1473 2400 1528 Et
2427 1477 2576 1546 quasi
2620 1476 2811 1547 furtive
2851 1477 3076 1545 suscepit
3118 1476 3265 1530 auris
3306 1492 3419 1530 mea
3457 1492 3607 1530 venas
3656 1480 3876 1532 susurri

2262 1574 2395 1644 ejus.
2421 1567 2485 1623 In
2515 1572 2727 1624 horrore
2748 1573 2957 1623 visi/mis
2986 1583 3271 1636 nocturne,
3300 1574 3508 1641 quando
3533 1573 3664 1628 solet
3706 1592 3876 1644 sapor

2262 1678 2515 1735 occupare
2541 1665 2791 1727 homines,
2826 1681 2983 1729 ιιαηιςι·
3005 1664 3166 1718 tenuit
3190 1681 3289 1731 me,
3317 1674 3364 1718 et
3386 1674 3600 1732 tremor,
3620 1677 3668 1719 et
3692 1670 3877 1722 omnia

2263 1772 2381 1809 ossa
2405 1772 2516 1808 mea
2548 1756 2815 1818 perterrita
2841 1768 2978 1808 smn.
3012 1755 3071 1807 lit
3103 1774 3220 1809 cum
3244 1758 3460 1829 spiritus
3491 1775 3571 1812 me
3613 1773 3875 1826 prmsente

547 1852 704 1904 ebibit
738 1852 1044 1921 sanguinem
1084 1866 1274 1903 mrum.
1319 1848 1387 1903 Et
1424 1849 1644 1917 proprie
1678 1849 1895 1918 sagitta:
1936 1861 2154 1903 vermes
2184 1840 2233 1900 Β
2260 1846 2525 1910 transiret,
2549 1844 2916 1899 inhorruerunt
2946 1848 3038 1915 pili
3062 1848 3235 1900 carnis
3262 1863 3403 1902 mete.
3441 1847 3599 1903 Stetit
3620 1853 3863 1921 quidam,

548 1952 776 2007 possunt
813 1942 1062 2010 intelligi,
1093 1943 1215 2011 quia
1242 1941 1312 1995 ab
1338 1940 1873 1995 eisindesineutibus
1916 1940 2155 1996 stitnulis

545 2034 921 2102 pungebatnr:
955 2035 1098 2088 sicut
1128 2037 1245 2099 ipse
1271 2034 1374 2088 Job
1401 2034 1473 2087 ait
1498 2050 1514 2088 :
1546 2034 1610 2088 Et
1641 2034 1735 2104 qui
1765 2033 2150 2101 comederunt,

542 2143 648 2181 non
673 2128 975 2182 dormiunt.
1005 2128 1158 2195 Quos
1183 2127 1434 2181 diabolus
1462 2126 1527 2180 ad
1577 2126 1979 2183 comedendum
2020 2142 2150 2182 eum

537 2222 788 2275 acriores
817 2221 1148 2285 faciebat,.et
1181 2221 1257 2274 illi
1282 2220 1437 2289 quissi
1458 2219 1811 2288 indignantes
1834 2220 2152 2275 ctirascen-

538 2324 622 2370 les
652 2318 721 2370 ita
753 2330 971 2372 carnem
997 2316 1114 2386 ejus
1141 2315 1414 2370 morsibus
1436 2314 1740 2381 fodiebant,
1774 2325 1833 2368 ιιι
1874 2314 2029 2369 velut
2050 2327 2148 2368 sa-

535 2411 685 2477 g’t'm
726 2409 1000 2463 viscerum
1042 2408 1299 2462 interiora
1353 2415 1729 2477 penetrarent.
1774 2406 2013 2476 Explicit
2057 2407 2149 2462 ubi

534 2505 643 2560 .lub
673 2504 952 2559 maledixit
981 2504 1125 2560 diem
1151 2502 1451 2558 nativitatis
1470 2516 1613 2557 sum.

1166 2634 1398 2694 CAPUT
1424 2628 1520 2691 TV.

614 2755 947 2827 Respondeas
976 2765 1146 2810 autem
1191 2752 1423 2825 Elipltas
1472 2750 1823 2820 Tltemanites,
1865 2751 2034 2807 dixit:
2086 2752 2149 2807 Si

536 2850 838 2923 ceperimus
867 2847 1009 2915 loqui
1057 2848 1171 2913 tibi,
1216 2847 1438 2918 forsitan
1483 2845 1697 2900 moleste
1741 2845 1985 2913 accipies.
2039 2844 2149 2900 Sed

535 2956 838 3012 conceptum
877 2959 1164 2998 sermonem
1212 2951 1385 2997 tenere
1431 2942 1547 3013 quis
1594 2942 1828 3013 poterit?
1870 2941 2147 3013 Concepta

530 3054 665 3109 ergo
688 3039 855 3095 verba
882 3038 999 3093 edit
1027 3038 1080 3092 in
1109 3037 1359 3106 injuriam
1384 3036 1678 3103 audientis,
1706 3045 1764 3091 et
1788 3037 1922 3092 dicit
1945 3037 2019 3092 ita
2043 3053 2059 3093 :

610 3130 740 3185 Ecce
769 3131 992 3185 docuisti
1020 3129 1235 3183 multos.
1270 3128 1327 3185 ld
1357 3137 1463 3197 est,
1493 3127 1921 3199 quamplurimas
1966 3128 2146 3185 soler-

527 3220 608 3277 tia
635 3230 745 3290 tua,
778 3233 832 3277 et
862 3223 1105 3277 bonitate
1129 3221 1200 3275 ab
1225 3219 1511 3281 erroribus
1538 3220 1834 3277 revocasti.

600 3312 669 3369 Et
703 3332 883 3370 manus
911 3316 1076 3369 lassas
1107 3313 1387 3369 roborasti.
1440 3310 1766 3369 Vacillantes
1806 3311 2145 3384 conﬁrmave-

525 3414 647 3459 runt
668 3421 929 3461 sermones
952 3405 1051 3471 tui,
1075 3413 1125 3460 et
1146 3420 1315 3475 genua
1337 3403 1609 3458 trementia
1628 3403 1958 3473 confortasti.
1985 3403 2144 3459 Nunc

525 3506 697 3552 autem
746 3498 883 3550 venit
930 3513 1087 3568 super
1131 3507 1178 3549 te
1222 3496 1398 3567 plaga,
1431 3503 1479 3547 et
1505 3495 1779 3563 defecisti:
1810 3497 1973 3570 tetigit
1995 3508 2065 3565 te,
2094 3507 2143 3553 et

527 3589 864 3644 conturbatus
886 3605 962 3643 es.
998 3587 1098 3643 Ubi
1123 3596 1199 3640 est
1220 3589 1374 3640 timor
1397 3595 1539 3649 tuus.
1570 3587 1824 3656 fortitudo
1868 3599 1995 3657 tua,
2044 3607 2141 3661 pa-

520 3683 704 3737 tientia
736 3694 825 3736 tua
849 3722 866 3747 ,
910 3691 957 3735 et
997 3681 1243 3751 perfectio
1274 3681 1475 3734 viarum
1512 3682 1763 3735 tuarum?
1792 3681 1898 3737 Ista
1922 3698 2055 3755 ergo
2084 3685 2138 3742 in

521 3784 776 3830 sanctum
795 3773 898 3828 Job
923 3788 1045 3829 cum
1072 3772 1327 3828 irrisione
1349 3771 1640 3827 dicuntur:
1668 3786 1720 3829 et
1748 3773 1907 3831 istum
1931 3774 2142 3843 habent

520 3881 748 3923 sensum
776 3890 789 3921 :
817 3867 863 3920 si
897 3865 1015 3921 haec
1036 3864 1263 3923 fecisses
1292 3882 1414 3936 qua:
1442 3865 1575 3931 disi,
1603 3883 1896 3938 numquam
1923 3869 1977 3925 in
2020 3870 2141 3941 hac

522 3965 636 4014 tam
665 3960 807 4014 mila
837 3959 906 4013 ad
932 3960 1250 4029 exemplum
1282 3962 1592 4016 mortalium
1636 3961 1921 4023 incidisses
1941 4004 1958 4030 ,
2008 3966 2137 4036 quia

524 4050 697 4106 Deum
744 4066 926 4105 rerum
972 4052 1215 4106 omnium
1243 4053 1588 4110 conditorem
1618 4053 1824 4109 bonum
1851 4055 2058 4117 scimus
2080 4066 2140 4115 et

522 4141 754 4211 justum.

598 4234 916 4298 Recordare,
949 4238 1156 4289 obsecro
1176 4248 1225 4292 te
1246 4253 1265 4290 :
1301 4238 1419 4307 quis
1451 4240 1586 4292 enim
1614 4254 1864 4310 umquam
1892 4240 2137 4299 innocens

519 4325 691 4396 periit,
723 4335 812 4377 aut
840 4327 1051 4395 quando
1078 4331 1200 4380 recti
1238 4328 1394 4384 deleti
1432 4333 1591 4385 sum?
1631 4330 1772 4396 Quin
1815 4333 1987 4406 potius
2027 4335 2134 4390 uidi

518 4435 607 4472 eos
653 4419 745 4489 qui
787 4429 1073 4490 operantur
1097 4422 1448 4492 iniquitatem,
1482 4434 1530 4479 et
1551 4426 1807 4483 sentinam
1829 4427 2059 4495 dolores,
2084 4441 2135 4486 et

517 4519 714 4563 metunt
741 4526 850 4579 eos,
877 4513 1046 4582 flante
1073 4512 1202 4578 Deo,
1233 4516 1449 4582 perisse.
1483 4527 1530 4571 et
1554 4518 1743 4587 spiritu
1771 4518 1864 4576 ine
1882 4522 1997 4588 eius
2020 4538 2133 4577 esse

2257 1940 2407 2011 cujus
2440 1955 2542 1991 non
2576 1938 2942 2007 tagttost‘cbam
2986 1939 3206 2005 vultum,
3250 1941 3422 2015 imago
3471 1959 3647 1996 coram
3697 1948 3873 2000 oculis

2255 2033 2400 2095 meis,
2433 2042 2479 2086 et
2510 2048 2679 2086 vocem
2709 2034 2858 2099 quasi
2886 2049 3031 2087 aura:
3059 2034 3190 2088 lenis
3208 2035 3411 2088 audivi.
3445 2033 3724 2105 Numquid
3766 2037 3870 2092 Ito-

2254 2140 2337 2179 mo
2366 2121 2464 2177 Dei
2507 2125 2895 2193 comparatione
2930 2125 3351 2199 justiﬁcabitur:
3389 2136 3480 2179 aut
3525 2131 3724 2199 faetore
3766 2148 3868 2185 suo

2254 2220 2433 2291 purior
2462 2221 2559 2274 erit
2587 2221 2702 2274 vir?
2722 2219 2784 2274 Id
2813 2228 2920 2285 est,
2949 2220 3183 2276 latenter
3204 2221 3269 2275 ad
3294 2237 3484 2277 aurem
3508 2224 3695 2280 cordis
3721 2227 3864 2295 mei,

2252 2310 2425 2366 virtus
2449 2312 2734 2367 sententia:
2758 2312 2909 2366 velut
2932 2311 3167 2382 quodam
3194 2312 3495 2382 spiramine
3528 2319 3864 2384 penetravit.

2325 2401 2460 2458 Ecce
2484 2404 2575 2475 qui
2598 2404 2826 2459 serviunt
2856 2405 2903 2459 ei
2924 2421 3030 2459 non
3060 2415 3179 2459 sunt
3203 2406 3435 2472 stabiles,
3462 2418 3509 2461 et
3548 2409 3602 2462 in
3648 2409 3866 2480 angelis

2252 2496 2361 2550 suis
2391 2499 2585 2566 reperit
2614 2498 2941 2563 pravitatem.
2976 2497 3187 2564 Quanto
3208 2501 3378 2569 magis
3404 2500 3459 2553 Ιιὶ
3482 2502 3577 2571 qui
3619 2500 3874 2558 habitant

2250 2589 2433 2643 domos
2463 2587 2649 2644 luteas.
2686 2588 2896 2643 Dicitur
2924 2590 3145 2659 quidem
3167 2590 3405 2657 diabolo,
3436 2593 3530 2661 qui
3577 2594 3865 2663 quondam

2251 2691 2474 2736 sanctus
2521 2683 2745 2753 angelus
2782 2683 2911 2745 fatu.
2958 2684 3103 2754 quod
3131 2685 3184 2738 in
3217 2688 3444 2740 veritate
3472 2700 3578 2741 non
3605 2690 3857 2755 steterit,

2251 2784 2309 2830 et
2335 2774 2408 2830 ab
2433 2773 2525 2830 illa
2548 2775 2883 2831 sublimitate
2900 2777 3151 2848 angelica
3184 2780 3405 2849 propria
3433 2781 3715 2838 voluntate
3758 2783 3873 2840 de-

2250 2866 2449 2925 ciderit
2479 2888 2494 2923 :
2542 2868 2641 2924 sed
2689 2879 2871 2925 tamen
2921 2885 3028 2925 non
3056 2881 3144 2926 est
3171 2874 3433 2928 continuo
3459 2877 3760 2943 generale:
3797 2887 3868 2933 ut

2250 2960 2396 3015 sicut
2414 2958 2619 3028 inillo,
2658 2960 2737 3017 ita
2784 2970 2841 3016 et
2875 2962 2939 3016 in
2983 2963 3234 3018 omnibus
3277 2965 3485 3033 angelis
3531 2966 3867 3023 inveniatur

2252 3054 2508 3121 pravitas,
2540 3068 2668 3123 que
2702 3062 2799 3110 est
2841 3066 3150 3124 peccatum.
3196 3056 3390 3112 Omnis
3435 3061 3578 3112 enim
3629 3069 3859 3129 natura,

2254 3143 2373 3200 sine
2399 3144 2565 3200 dubie
2588 3158 2797 3211 creata.
2831 3160 3000 3217 capax
3031 3153 3238 3218 peccati
3263 3159 3382 3207 est:
3411 3160 3471 3205 ut
3488 3156 3752 3222 apparuit
3800 3157 3859 3213 in

2167 3226 2218 3295 C
2246 3238 2442 3307 angelo
2482 3237 2556 3293 de
2594 3255 2709 3306 quo
2752 3238 2904 3295 dii:
2938 3241 3063 3311 quia
3111 3242 3164 3296 in
3212 3244 3449 3299 veritate
3500 3260 3607 3299 non
3659 3248 3859 3305 stetit:

2253 3342 2434 3385 tamen
2463 3347 2558 3400 per
2583 3332 2785 3388 donum
2822 3341 2877 3388 et
2921 3335 3147 3403 gratiam
3196 3337 3469 3391 creatoris
3509 3338 3617 3405 sui,
3670 3340 3743 3393 ita
3794 3343 3853 3397 in

2247 3438 2487 3479 amonem
2512 3425 2795 3481 cliaritatis
2824 3427 2977 3482 illius
3000 3429 3363 3495 transierunt,
3398 3439 3453 3483 ut
3474 3430 3589 3499 jam
3621 3446 3725 3488 nec
3752 3448 3852 3490 ve-

2246 3514 2345 3571 lint
2374 3531 2626 3585 peccare,
2660 3533 2761 3573 nec
2787 3519 3019 3588 possiet.

2316 3607 2423 3676 Qui
2467 3618 2728 3664 terrarum
2770 3611 2963 3667 habent
2999 3612 3430 3681 fundamentum,
3476 3628 3858 3675 constituentur

2244 3700 2379 3755 velut
2401 3718 2434 3755 a
2465 3703 2626 3757 tinea.
2660 3702 2717 3759 Si
2744 3703 2941 3759 domus
2969 3704 3136 3760 lutea:
3158 3716 3290 3761 sunt
3334 3721 3566 3776 corpora
3613 3720 3806 3765 nostra
3829 3727 3851 3770 :

2241 3792 2652 3850 fundamentum
2673 3795 2962 3852 domorum
2984 3807 3322 3865 nostrarum,
3346 3800 3511 3854 vitam
3542 3802 3680 3856 hanc
3702 3814 3855 3858 tem-

2242 3888 2513 3957 peras-iam
2543 3903 2686 3957 esse,
2710 3889 3040 3945 credendum
3061 3901 3170 3957 est,
3198 3908 3300 3961 qua
3321 3893 3619 3963 submota,
3645 3895 3849 3952 domus

2242 3981 2400 4036 lutea:
2430 3992 2594 4037 ruunt
2612 3983 2673 4037 in
2700 3992 2955 4038 mortem.

2313 4074 2392 4129 De
2416 4092 2567 4130 mane
2591 4092 2749 4145 usque
2782 4076 2853 4130 ad
2892 4093 3158 4144 vesperam
3194 4080 3533 4134 euocidentur
3554 4123 3570 4149 ,
3615 4091 3667 4134 et
3710 4084 3850 4151 quia

2241 4166 2413 4223 nullus
2438 4166 2704 4239 intelligit,
2726 4167 2789 4221 in
2809 4176 3064 4231 atch
3086 4170 3352 4236 peribit-ut.
3378 4170 3482 4236 Qui
3508 4177 3672 4225 autem
3711 4174 3816 4227 rels'
3831 4203 3848 4214 -

2237 4259 2325 4328 qui
2352 4258 2565 4326 fuerint,
2596 4262 2899 4332 auferetur
2922 4276 2991 4321 tu:
3030 4261 3107 4317 eis
3131 4276 3152 4316 :
3194 4262 3498 4326 morientur,
3542 4272 3591 4318 et
3628 4280 3737 4319 non
3782 4266 3843 4320 in

2234 4349 2595 4416 sapientiaJu
2621 4366 2727 4407 uno
2767 4351 2882 4418 dic,
2929 4362 3097 4413 lotam
3145 4355 3315 4409 vitam
3354 4354 3634 4411 hominum
3680 4371 3844 4413 mun-

2236 4444 2449 4507 suavit,
2490 4456 2613 4512 quae
2640 4443 2698 4503 in
2728 4443 2932 4505 mundo
2958 4453 3167 4501 seruat.
3197 4446 3254 4501 in
3284 4448 3533 4517 parvulis
3561 4446 3746 4513 ﬂoret,
3775 4449 3831 4504 in

2233 4532 2523 4599 juvenile
2547 4536 2903 4601 convalescit,
2931 4546 2988 4595 et
3034 4538 3329 4597 roboratur
3378 4548 3587 4603 matura
3627 4550 3835 4599 atate:

517 4612 871 4667 consumptos.
904 4602 1049 4673 Ergo
1082 4606 1301 4674 ignoras
1327 4607 1465 4663 Abel
1500 4610 1550 4663 in
1578 4610 1845 4680 principio
1868 4612 2127 4668 innocen-

2254 4646 2283 4680 η
2332 4628 2665 4695 senioribus,
2704 4637 2980 4701 tamquam
3004 4629 3060 4686 in
3088 4632 3373 4697 fructibus,
3494 4643 3833 4701 postremum

514 4702 627 4748 tem
659 4695 920 4764 ouiouu,
956 4706 1011 4749 et
1043 4696 1313 4753 Abraham
1348 4701 1717 4768 patriarcbam
1746 4714 1967 4774 propter
1991 4718 2125 4760 uxo-

512 4802 628 4843 rem
658 4804 808 4843 suum
841 4790 1008 4847 fuisse
1039 4793 1408 4861 periclitatum
1439 4814 1452 4850 :
1488 4806 1545 4852 ct
1594 4797 1710 4852 haec
1758 4813 1865 4852 nou
1919 4797 2124 4854 discer-

512 4896 673 4949 nens,
714 4885 1043 4953 generaliter
1071 4886 1166 4939 das
1196 4889 1553 4949 sententiam.
1588 4900 1646 4943 ut
1674 4904 1797 4944 cum
1827 4890 1917 4944 alii
1950 4889 2126 4945 homi-

510 4990 641 5030 num
674 4976 1015 5045 llagelleutur
1039 4993 1069 5031 a
1102 4977 1359 5044 Domino.
1394 4991 1449 5034 ut
1497 4979 1884 5047 emendentur,
1928 4981 2021 5036 alii
2066 4991 2124 5037 ut

508 5070 835 5138 probentur,
890 5071 955 5123 de
1006 5069 1206 5139 quibus
1257 5071 1363 5125 iste
1406 5081 1526 5126 est:
1555 5087 1654 5127 cur
1682 5072 1809 5128 huic
1844 5074 1995 5129 velut
2024 5088 2119 5129 reo

509 5175 727 5230 pinnam
756 5161 1093 5228 exprobras?
1122 5162 1260 5230 Quin
1298 5166 1472 5234 potius
1504 5180 1598 5219 θος
1625 5167 1716 5236 qni
1747 5169 2115 5234 operabantur

510 5254 873 5325 iniquitatem,
925 5254 1090 5311 flatile
1139 5257 1273 5326 Deo,
1318 5259 1564 5329 perisse:
1606 5262 1657 5315 id
1689 5275 1792 5323 est.
1828 5264 2113 5333 ut‘judicis

508 5352 774 5405 sententia
807 5352 957 5407 velut
978 5364 1145 5409 vento
1175 5354 1662 5411 vehementissimo
1691 5357 1935 5413 sublatos
1956 5373 1985 5411 a
2016 5372 2113 5427 spe

509 5452 731 5497 ratorum
758 5443 909 5497 vitte.

582 5533 807 5602 Ilugitus
838 5534 1028 5601 leonis,
1059 5545 1109 5589 et
1137 5553 1234 5591 vox
1279 5536 1477 5607 (erepat,
1517 5549 1564 5594 et
1600 5539 1781 5596 dentes
1818 5539 2114 5596 catulorum

506 5624 712 5677 Ιοιηιιηι
749 5626 960 5679 contriti
997 5638 1135 5682 sunt.
1166 5627 1223 5683 in
1251 5630 1434 5700 rugitu
1466 5632 1653 5687 leaenae
1678 5642 1733 5688 et
1765 5647 1917 5698 voce,
1950 5632 2113 5689 saevi-

503 5721 629 5770 tum
655 5717 1024 5786 deprzedantis
1054 5721 1232 5775 voluit
1254 5722 1583 5790 signiﬁcare.

562 5801 741 5879 finis
769 5808 918 5871 peric.
962 5836 1019 5863 ου
1050 5828 1185 5865 ιηιοα
1217 5829 1317 5867 non
1345 5811 1552 5869 haberet
1586 5832 1617 5870 υ
1652 5830 1837 5879 raw.
1868 5824 1916 5872 rt
1940 5812 2103 5873 catuli

2232 4722 2286 4774 in
2313 4720 2587 4790 decrepita
2618 4732 2899 4779 senectute
2940 4724 3254 4790 mlicitur,
3295 4740 3458 4795 quam
3498 4724 3591 4781 hic
3636 4739 3837 4796 vespe-

2230 4829 2348 4868 ram
2397 4813 2710 4884 appellavit.
2760 4813 2917 4873 Unde
2962 4827 3045 4870 εει
3096 4814 3232 4870 illud
3281 4816 3337 4877 in
3385 4816 3627 4885 psalmo:
3669 4815 3834 4871 Mum:

2227 4907 2361 4959 sicut
2385 4905 2542 4961 herba
2589 4915 2839 4974 transeat,
2880 4916 2936 4963 et
2975 4909 3218 4979 reliqua:
3249 4909 3455 4973 decidit
3498 4909 3556 4964 in
3600 4920 3780 4965 morte
3809 4949 3828 4976 ,

2230 4995 2511 5052 induntur
2541 4999 2596 5052 in
2623 4998 2907 5056 cadavere.

2866 5118 3097 5175 CAPUT
3130 5118 3195 5172 ν.

2293 5256 2436 5312 Voca
2468 5274 2592 5331 ergo
2619 5259 2663 5310 si
2690 5257 2876 5326 estqui
2906 5256 2996 5309 tibi
3023 5259 3355 5328 respondeat,
3384 5267 3435 5313 et
3477 5257 3548 5312 ad
3592 5258 3824 5329 aliquem

2213 5361 2511 5415 sanctorum
2536 5361 2847 5405 convertere.
2884 5346 3063 5405 Virum
3092 5352 3310 5407 stultum
3338 5353 3583 5421 interﬁcit
3608 5354 3827 5407 iracun-

2218 5446 2328 5513 dia,
2356 5455 2402 5498 et
2428 5443 2697 5513 parvulum
2720 5446 2902 5515 ocgidit
2924 5445 3136 5497 invidia.
3168 5444 3277 5515 ligo
3297 5444 3403 5498 vidi
3422 5445 3639 5498 stultum
3662 5445 3821 5515 ﬁrma

2215 5537 2412 5607 radice,
2445 5546 2492 5592 et
2524 5536 2764 5590 malcdiri
2810 5535 3189 5609 pulchritudini
3232 5538 3347 5608 ejus
3386 5536 3582 5589 statim.
3637 5533 3820 5608 Longe

2213 5631 2340 5701 ﬁent
2367 5629 2465 5697 filii
2491 5629 2604 5694 eius
2633 5646 2664 5684 a
2693 5630 2878 5690 salute.
2913 5638 2960 5682 et
2989 5636 3322 5681 conterentur
3347 5628 3400 5680 in
3430 5638 3605 5694 porta,
3632 5638 3681 5681 et
3707 5645 3816 5680 non

2213 5724 2308 5776 erit
2333 5722 2423 5793 qui
2452 5730 2617 5775 eruat.
2649 5719 2883 5777 Stultum
2908 5720 3064 5786 dicit,
3098 5721 3187 5788 qui
3216 5719 3282 5776 de
3313 5717 3425 5776 suis
3454 5716 3667 5775 meritis
3693 5716 3818 5789 gl"-

2215 5812 2403 5870 rialur.
2434 5811 2538 5869 Sed
2569 5811 2653 5867 llic
2684 5809 3164 5878 pulchritudinem,
3198 5809 3414 5865 nomine
3442 5804 3592 5863 falsa
3625 5805 3812 5862 felici-
