4034 6316
188 272 300 364 eas

1151 300 1632 360 COMllENl‘ARIl
1672 296 1738 353 lN
1780 294 2042 355 LIBRUM
2082 298 2224 356 JOB.
2266 298 2422 356 CAP.
2468 299 2529 354 ν.

3386 306 3493 364 650

185 421 316 479 tatis
346 421 586 492 appellat
612 439 624 475 :
654 435 776 493 qua:
804 420 1181 477 maledicentia
1214 432 1317 487 est,
1351 431 1406 479 et
1454 416 1790 477 exsecranda
1818 419 1875 479 Α
1897 417 2132 486 gladium
2164 430 2444 492 peccatum
2493 421 2658 491 dicat,
2704 422 2972 479 dimicans
3008 431 3203 480 contra
3249 424 3488 485 animam

186 525 297 581 est,
325 516 451 584 quia
480 529 603 569 eam
636 514 883 583 sequitnr
911 513 1168 569 interitus
1197 516 1587 586 sempiternus.

264 603 425 678 Cujus
458 622 673 660 messem
696 604 968 674 famelicus
1009 605 1275 672 comedet,
1322 615 1373 661 et
1417 608 1589 681 ipsum
1633 604 1801 677 rapiet

185 708 445 767 armatus,
478 707 525 753 et
549 698 717 753 bibent
746 697 972 751 sitientes
1002 698 1211 752 divitias
1231 700 1367 769 ejus.
1403 698 1557 753 Nihil
1579 699 1633 752 in
1660 707 1799 751 terra

185 793 304 848 sine
323 808 483 845 causa
506 791 597 856 sit,
623 798 669 842 et
694 788 760 842 de
783 787 942 842 humo
968 806 1071 843 non
1093 789 1384 861 egredietur
1403 790 1575 845 dolor.
1598 788 1799 846 Sitien-

184 894 297 954 tes,
331 884 595 951 famelici,
647 892 704 938 et
751 883 982 939 armati:
1031 883 1289 940 diabolus
1335 892 1391 941 et
1434 883 1522 940 sui
1571 892 1800 955 possunt

184 979 448 1051 intelligi,
480 980 570 1047 qui
601 984 925 1048 potestatem
955 977 1224 1047 accipiunt
1258 994 1287 1032 a
1313 976 1449 1042 Deo,
1481 987 1539 1032 ut
1582 986 1799 1033 vastent

184 1073 449 1144 iniquos:
480 1070 566 1126 vel
591 1069 844 1126 sitientes
870 1069 1149 1126 hominum
1181 1082 1434 1139 mortem,
1482 1087 1645 1128 omne
1692 1072 1798 1127 sci-

186 1167 325 1223 licet
371 1166 572 1221 bonum
621 1174 868 1231 natum,
910 1175 967 1219 et
1010 1165 1157 1233 quod
1201 1165 1423 1220 nomine
1477 1165 1794 1220 divitiarum

186 1258 400 1313 dictum
445 1266 546 1319 est,
582 1256 648 1311 ab
679 1257 760 1312 ei;
786 1256 941 1311 velut
964 1257 1218 1313 haustum
1251 1258 1507 1328 poculum
1538 1258 1799 1313 absorbe-

187 1360 279 1403 tur
303 1368 315 1403 :
340 1349 425 1403 vel
459 1348 707 1405 homines
740 1350 932 1419 iniqui,
965 1350 1059 1419 qui
1090 1357 1347 1421 premunt
1369 1350 1666 1420 subjectos.

268 1443 438 1497 Homo
482 1443 713 1501 nascitur
757 1441 826 1495 ad
868 1440 1134 1509 laborem,
1184 1451 1233 1495 et
1275 1444 1385 1496 avis
1432 1443 1502 1496 ad
1543 1443 1793 1497 volatum.

186 1534 540 1603 Q;umobrem
580 1551 675 1608 ego
717 1535 1036 1607 deprecabor
1077 1534 1380 1600 Dominum,
1432 1544 1482 1588 et
1521 1536 1589 1589 ad
1630 1533 1799 1589 Deum

183 1645 384 1700 ponam
410 1628 674 1700 eloquium
700 1644 890 1683 meum.
919 1629 976 1684 ld
997 1637 1101 1697 est,
1131 1628 1289 1683 labor
1309 1627 1587 1683 hominem
1614 1638 1799 1683 monet

182 1720 314 1796 [ΑΙ.
350 1718 553 1795 manet]
576 1761 590 1784 ,
624 1729 685 1775 ut
710 1720 779 1774 ab
798 1721 1052 1776 omnibus
1068 1721 1215 1777 vitiis
1236 1722 1535 1792 castigatus
1557 1722 1793 1778 incedat.

1902 512 2177 581 hominis,
2232 523 2290 567 ut
2338 528 2457 568 eam
2504 513 2607 569 sibi
2656 515 3093 584 acquiescentem
3154 526 3489 586 prosternat.

1899 606 2056 675 Quod
2104 616 2388 677 peccatum
2436 606 2599 676 gladii
2645 608 2867 663 nomine
2903 605 3102 662 dicitur
3131 623 3229 678 per
3254 610 3496 682 prophe-

1901 708 2031 766 tam,
2062 709 2122 754 ut
2150 701 2264 756 ait:
2295 700 2607 773 Speculator
2626 700 2670 754 si
2696 700 2878 755 viderit
2918 701 3152 774 gladium
3190 704 3492 762 venientem.

1970 792 2015 846 A
2038 793 2248 864 ﬂagello
2274 791 2467 862 linguae
2491 792 2846 861 absconderis,
2873 786 2923 848 et
2965 810 3070 849 non
3115 794 3315 851 timebis
3350 797 3497 852 cata.

1900 886 2126 939 mitatem
2166 903 2284 940 cum
2326 887 2538 941 venerit.
2579 887 2634 942 Si
2671 902 2974 944 conversus
2999 887 3168 945 lueris
3194 888 3261 945 ad
3293 888 3488 967 Deum,

1900 979 2157 1034 interiora
2191 987 2301 1043 tua,
2330 978 2493 1048 gladii
2519 979 2831 1046 verborum,
2864 994 2963 1050 per
2984 979 3223 1053 linguam
3263 981 3489 1053 iaculati

1900 1088 2007 1127 non
2054 1080 2367 1143 penetrant,
2415 1081 2470 1126 et
2513 1070 2872 1139 calamitates,
2901 1070 2986 1127 vel
3016 1072 3157 1127 mala
3181 1088 3301 1144 quae
3322 1087 3356 1129 a
3380 1072 3495 1132 Dos

1901 1164 2208 1235 irrogantur
2236 1163 2633 1234 peccatoribus,
2663 1177 2772 1219 non
2802 1163 3040 1219 timebis.

1972 1254 2040 1310 In
2067 1256 2303 1310 vastitate
2349 1264 2397 1310 et
2440 1255 2579 1324 fame
2623 1254 2835 1310 ridebis.
2883 1254 3139 1325 Ridebis,
3187 1255 3346 1327 dixit,
3396 1272 3495 1329 pro

1899 1347 2214 1416 exsultabit,
2249 1356 2407 1418 atque
2432 1346 2714 1419 gaudebis,
2742 1359 2796 1403 et
2822 1348 2980 1403 ltetus
3010 1348 3146 1416 eris,
3190 1364 3313 1405 cum
3350 1351 3492 1407 alios

1898 1443 2102 1499 videris
2146 1442 2287 1499 fame
2329 1442 2494 1511 allici,
2543 1442 2658 1499 sive
2681 1444 2960 1514 praesenti,
2991 1444 3110 1500 sive
3134 1445 3300 1501 etiam
3331 1444 3495 1503 intel-

1899 1536 2141 1591 lectuali.

1971 1629 2042 1684 Et
2072 1631 2255 1685 bestias
2276 1639 2429 1687 terra:
2448 1647 2548 1684 non
2575 1630 2904 1700 formidabis.
2949 1628 3076 1686 Haec
3119 1630 3353 1701 septima
3394 1646 3499 1686 ex-

1901 1732 2180 1792 tremaque
2226 1722 2525 1778 tribulatio.
2575 1722 2767 1778 Bestia:
2809 1732 2990 1788 terrm,
3039 1731 3270 1794 possunt
3307 1733 3363 1781 et
3391 1726 3494 1779 ista

263 1813 367 1882 Qui
397 1816 525 1886 facit
550 1830 740 1886 magna
768 1823 816 1867 et
842 1814 1220 1889 inscrutabilia,
1254 1822 1301 1869 et
1325 1815 1586 1868 mirabilia
1607 1816 1794 1886 absque
1822 1799 1876 1863 Β
1900 1815 2189 1869 animantia
2230 1829 2350 1883 qua:
2394 1823 2521 1869 sunt
2561 1817 2681 1869 sine
2724 1816 2937 1869 ratione
2985 1815 3242 1887 intelligi,
3292 1816 3493 1887 quibus

180 1921 426 1959 numero.
461 1904 564 1970 Qui
592 1907 683 1958 dat
710 1904 944 1977 pluviam
967 1922 1122 1972 super
1143 1907 1332 1977 faciem
1360 1917 1533 1973 terrae,
1576 1917 1625 1961 et
1664 1907 1793 1960 irri-

180 2006 279 2071 gat
324 1997 477 2067 aquis
519 1998 779 2052 universa.
817 1997 919 2065 Qui
966 1999 1110 2066 ponit
1151 1998 1369 2053 humiles
1391 2001 1446 2053 in
1475 1999 1718 2066 sublime,
1744 2009 1798 2057 et

182 2098 465 2144 atterentes
493 2090 637 2164 erigit
659 2093 927 2159 sospitate.
955 2090 1025 2147 Ut
1052 2092 1104 2147 in
1132 2092 1272 2147 Filio
1304 2092 1397 2149 Dei
1424 2092 1589 2149 homo
1632 2092 1797 2150 Chri-

182 2191 311 2239 stus
340 2184 413 2238 sit
443 2183 605 2248 Deus,
636 2192 693 2237 et
722 2199 819 2254 per
841 2199 969 2239 eum
993 2184 1259 2241 Ecclesia.

265 2275 371 2343 Qui
395 2277 616 2349 dissipat
643 2277 983 2347 cogitationes
1010 2277 1382 2348 malignorum,
1412 2295 1476 2332 ne
1505 2279 1669 2349 possit
1700 2281 1799 2335 im-

189 2370 336 2441 plere
362 2385 550 2424 manus
578 2385 759 2423 eorum
785 2369 926 2440 quod
954 2379 1211 2443 ceperant.
1242 2370 1553 2426 Iudaeorum
1601 2372 1800 2428 videli-

191 2472 302 2533 cet,
332 2463 426 2532 qni
456 2461 732 2517 Christum
764 2470 1090 2532 putaverunt
1117 2464 1489 2533 exstinguere,
1520 2472 1576 2518 et
1600 2480 1796 2521 nomen

193 2554 318 2627 ejus
345 2553 536 2610 delere
562 2554 629 2610 de
662 2563 826 2609 terra.
863 2554 957 2609 Vel
1005 2555 1058 2609 in
1109 2556 1447 2627 martyribus
1483 2569 1800 2625 persecuto-

192 2663 318 2706 rum
348 2646 613 2702 Ecclesiae
640 2647 1051 2701 adversantium
1083 2647 1374 2716 dissipavit
1414 2649 1795 2721 cogitationes,

194 2740 341 2801 sicut
385 2739 617 2796 Herodis
661 2739 714 2793 in
748 2739 934 2794 Petro.
964 2741 1031 2794 Et
1056 2740 1253 2795 aliter:
1282 2739 1401 2794 Non
1432 2740 1657 2809 implent
1688 2757 1800 2795 ma~

196 2847 305 2888 nus
330 2846 517 2887 eorum
543 2845 651 2901 quo
677 2831 890 2894 volunt,
942 2829 1069 2901 quia
1121 2831 1212 2885 alii
1254 2846 1451 2886 eorum
1500 2830 1802 2887 liberantur

194 2924 266 2980 ad
291 2935 534 2993 tempus:
556 2923 645 2977 alii
664 2938 796 2979 vero
818 2938 913 2992 per
931 2924 1156 2992 januam
1175 2925 1367 2979 mortis
1382 2923 1802 2979 introducantur

193 3018 267 3075 ad
293 3019 483 3084 vitam,
516 3028 569 3073 et
591 3020 751 3089 istos,
780 3027 835 3073 et
855 3017 978 3073 illos
1008 3019 1241 3073 salvabit
1264 3018 1437 3073 Deus.
1464 3017 1591 3073 Illos
1611 3026 1800 3089 aperte

191 3110 504 3175 liberando,
540 3112 639 3165 hos
665 3111 876 3165 occulte
901 3111 1240 3165 coronando.

274 3207 379 3273 Qui
403 3202 745 3275 apprehendit
773 3204 1034 3272 sapientes
1064 3206 1116 3258 in
1139 3204 1331 3258 astutia
1357 3219 1558 3269 eorum,
1587 3212 1634 3258 et
1675 3220 1798 3258 con-

191 3298 373 3356 silium
417 3313 697 3370 pravorum
737 3296 976 3369 dissipat.
1024 3295 1391 3365 Philosophos
1437 3296 1668 3362 scilicet,
1710 3295 1799 3351 vel

192 3392 416 3452 Iudaeos
458 3392 709 3448 doctrina
752 3391 1051 3459 apostolica
1085 3390 1439 3458 convincens,
1473 3398 1527 3444 et
1558 3389 1623 3441 ad
1659 3387 1800 3442 nihi-

192 3486 307 3543 lum
337 3497 561 3540 errores
584 3497 773 3537 eorum
806 3482 1081 3553 redigcns.

266 3579 374 3633 Per
398 3578 537 3632 diem
560 3579 821 3629 incurrent
853 3573 1113 3627 tenebras.
1143 3573 1268 3629 Dies
1307 3562 1424 3628 erat
1468 3572 1521 3625 in
1570 3571 1795 3639 Judmis,

192 3671 265 3727 de
292 3685 481 3740 regno,
509 3666 845 3734 sacerdotio,
876 3666 1014 3736 lege,
1047 3665 1209 3719 unius
1228 3664 1390 3719 etiam
1415 3663 1509 3719 Dei
1533 3662 1798 3734 religione

192 3761 592 3835 gloriantibus:
625 3760 718 3815 sed
748 3775 853 3813 non
880 3758 1169 3813 credentes
1193 3758 1247 3812 in
1268 3756 1515 3821 Christo,
1547 3755 1799 3810 tenebras

193 3854 439 3927 perlidim
473 3852 798 3908 inciderunt.

269 3948 336 4002 Et
363 3947 518 4020 quasi
544 3947 601 4001 in
633 3954 779 4000 nocte
799 3944 870 3999 sic
901 3942 1185 4014 palpabunt
1214 3943 1269 3995 in
1292 3941 1549 3994 meridie.
1599 3940 1798 4008 Utique

196 4040 577 4112 prosperitatis
605 4054 738 4107 sure,
771 4053 892 4107 qum
922 4052 1046 4091 cum
1080 4036 1243 4089 solito
1271 4032 1415 4088 circa
1462 4031 1651 4087 felices
1696 4048 1801 4087 sa:-

197 4134 306 4189 culi
334 4134 493 4202 hujus
516 4130 817 4201 Splendore
869 4146 1019 4183 vamc
1069 4126 1259 4197 glorise
1307 4126 1539 4197 amplius
1591 4125 1795 4194 fuerit,

196 4239 303 4296 qua
330 4240 389 4278 se
414 4224 575 4290 longa
604 4219 897 4276 securitate
928 4218 1165 4272 munitos
1194 4218 1452 4287 putabant
1477 4231 1596 4271 eam
1626 4232 1799 4287 usque

196 4316 267 4372 ad
288 4314 463 4371 aetatis
483 4330 594 4370 sua:
621 4326 907 4383 vesperam
934 4323 1282 4380 possessuros
1306 4326 1321 4365 :
1355 4311 1409 4364 in
1438 4309 1795 4364 tribulatione

198 4411 400 4477 subita,
432 4425 554 4480 qua:
585 4407 761 4461 noctis
792 4406 1011 4461 nomine
1040 4405 1184 4458 ilicta
1212 4410 1316 4467 est,
1347 4414 1574 4473 stupore
1603 4401 1795 4468 nimio,

199 4503 254 4559 in
280 4501 545 4572 angustiis
570 4499 853 4563 coarctati,
885 4497 1074 4552 mortis
1098 4496 1263 4550 etiam
1294 4495 1488 4549 timore
1510 4495 1745 4563 perculsi
1772 4535 1788 4558 ,

1900 1908 1967 1964 ad
2017 1909 2385 1964 ileVorantlum
2432 1910 2681 1964 homines
2728 1908 2925 1964 dantur
2974 1908 3026 1963 in
3052 1916 3402 1980 potestatem,
3435 1922 3491 1977 et

1900 2004 2148 2058 homines
2173 2004 2320 2069 mali,
2353 2003 2542 2059 bestia:
2571 2002 2951 2073 appellantur,
3001 2017 3181 2059 mores
3226 2002 3492 2061 habentes

1899 2095 2107 2152 similes
2133 2096 2379 2151 moribus
2411 2094 2729 2164 bestiarum,
2757 2104 2953 2151 contra
2981 2111 3115 2168 quas
3144 2111 3413 2169 pugnasse
3432 2112 3495 2155 ss

1901 2188 2102 2259 Ephesi
2129 2188 2263 2244 dicit
2288 2189 2603 2259 Aposmlns.
2632 2189 2751 2244 Non
2776 2189 3091 2245 formidabis
3111 2206 3263 2263 ergo,
3289 2192 3489 2267 inquit,

1902 2282 2007 2337 hoc
2033 2283 2259 2347 malum,
2286 2296 2408 2337 cum
2441 2292 2725 2354 correptus
2747 2299 2777 2341 a
2813 2282 3065 2351 Domino,
3116 2284 3258 2340 viam
3307 2301 3495 2342 emen-

1900 2373 2136 2429 dationis
2169 2373 2475 2429 intraveris.

1975 2466 2081 2522 Sed
2108 2483 2222 2519 cum
2251 2466 2513 2536 lapidibus
2538 2466 2802 2540 regionum
2837 2478 3043 2539 pactum
3072 2478 3234 2526 tuum.
3266 2472 3500 2545 Lapides

1900 2572 1999 2628 per
2025 2557 2419 2625 metaphoram,
2454 2557 2701 2613 homines
2732 2559 2865 2615 dixit
2897 2561 3123 2617 st'ibiles
3148 2571 3204 2618 et
3248 2564 3489 2636 quietos,

1900 2651 1992 2721 qui
2015 2660 2140 2704 sunt
2168 2651 2498 2721 utiqnejttsti
2528 2660 2582 2707 et
2612 2652 2821 2708 sancti:
2856 2652 2910 2708 hi
2936 2669 3168 2727 namque
3190 2657 3244 2711 in
3272 2658 3494 2714 modum

1902 2743 2140 2813 lapidum
2170 2742 2311 2797 [irini
2345 2744 2396 2797 in
2431 2744 2542 2799 Deo
2571 2755 2719 2815 sunt,
2749 2762 2847 2817 per
2876 2749 3125 2819 regiones
3153 2750 3333 2807 varias
3357 2767 3494 2808 con-

1901 2835 2101 2889 slituti.
2146 2832 2283 2890 Cum
2333 2834 2420 2890 his
2443 2836 2626 2907 itaque
2655 2836 2883 2893 habebis
2910 2851 3124 2908 pactum
3154 2843 3341 2900 solidae
3367 2844 3499 2902 cha-

1902 2927 2104 2997 ritatis,
2137 2936 2194 2982 ut
2224 2928 2292 2984 ab
2320 2928 2399 2984 eis
2429 2944 2723 3001 numquam
2759 2940 2811 2985 te
2840 2930 3119 2988 tribulatio
3144 2936 3320 3006 possit
3346 2937 3495 2993 avel-

1899 3022 2035 3081 lere.

1975 3115 2041 3170 Et
2068 3116 2240 3172 bestiae
2264 3125 2415 3171 teme
2439 3116 2671 3191 pacifica:
2695 3127 2843 3173 erunt
2872 3118 2983 3175 tibi.
3027 3120 3283 3178 Homines
3309 3123 3503 3181 videli-

1906 3219 1991 3264 cet
2037 3208 2309 3279 quondam
2355 3208 2478 3274 feri,
2528 3219 2582 3263 et
2630 3211 2779 3278 mali,
2825 3211 2877 3265 in
2909 3210 3245 3277 innocentia.
3276 3223 3335 3269 ut
3364 3232 3497 3273 oves

1903 3304 2081 3359 ell'ecti
2106 3321 2120 3364 :
2154 3318 2349 3359 nomen
2379 3312 2561 3359 tamen
2589 3304 2877 3373 pristinum
2905 3305 3229 3377 retinentes,
3257 3309 3397 3367 sicut
3427 3309 3498 3375 de

1903 3398 2162 3454 Matthmo
2193 3397 2522 3468 evangelista
2561 3397 2794 3452 dicitur:
2844 3397 3121 3455 Matthteus
3162 3400 3493 3471 publicanus,

1973 3489 2044 3543 Et
2069 3489 2196 3543 scies
2223 3488 2361 3559 quod
2384 3505 2561 3561 pacem
2589 3488 2771 3544 habeat
2800 3491 3188 3547 tabernaculum
3217 3504 3380 3555 tuum.
3409 3495 3496 3555 Ab

1903 3582 2020 3636 istis
2067 3580 2319 3635 omnibus
2360 3581 2555 3650 quibus
2598 3582 2750 3637 velut
2777 3584 2844 3637 ab
2878 3583 3124 3638 hostibus
3154 3599 3497 3658 expugnatur

1904 3673 2334 3738 tabernaculum,
2360 3674 2441 3729 vel
2466 3672 2751 3741 habitatio,
2776 3675 2890 3731 sive
2914 3675 3109 3732 domus
3131 3680 3377 3749 corporis
3394 3682 3492 3740 tui.

1974 3763 2042 3818 Et
2069 3765 2281 3818 visitans
2309 3765 2529 3836 speciem
2558 3773 2701 3818 tuam
2724 3782 2826 3820 non
2864 3767 3118 3838 peccabis.
3170 3768 3285 3825 Hoc
3323 3770 3492 3827 dicit:

1903 3855 2147 3911 Hominis
2176 3856 2249 3910 tui
2298 3856 2555 3925 Speciem,
2600 3871 2633 3909 ο
2676 3856 2802 3923 Job,
2853 3866 2912 3912 ut
2957 3857 3137 3914 divina
3182 3861 3494 3922 visitationo

1901 3947 2118 4019 dignam
2142 3948 2398 4002 exhibeas
2418 3957 2543 4017 peto
2568 3965 2582 4001 :
2611 3961 2674 4002 ac
2701 3947 3069 4013 habitationis,
3093 3959 3147 4005 et
3175 3949 3492 4027 habitantis,

1904 4043 2144 4107 nomine,
2177 4051 2346 4096 totum
2377 4040 2645 4113 integrum
2677 4041 2949 4098 hominem
2983 4045 3235 4117 signavit.

1976 4133 2045 4187 Et
2095 4134 2227 4189 scies
2268 4134 2512 4205 quoniam
2554 4134 2832 4204 multiplex
2872 4137 2966 4189 erit
3012 4153 3183 4191 semen
3230 4146 3405 4209 tuum,
3447 4148 3498 4197 et

1903 4225 2170 4297 progenies
2211 4233 2302 4278 tua
2339 4224 2490 4294 quasi
2513 4222 2671 4279 herba
2693 4235 2857 4280 terrm.
2890 4225 3262 4296 Spiritualiter
3285 4229 3355 4285 de
3380 4244 3499 4286 om-

1903 4316 2064 4369 nibus
2090 4315 2292 4370 sanctis
2321 4315 2524 4371 dictum
2557 4317 2760 4372 sentire
2808 4331 3118 4387 possumus,
3164 4320 3309 4390 quod
3356 4322 3500 4380 lllios

1902 4408 1957 4461 in
1980 4407 2236 4473 cperibus
2257 4405 2414 4461 bonis
2441 4405 2692 4463 habeant.
2716 4406 2808 4463 lsti
2838 4409 2975 4465 tales
2994 4408 3088 4465 filii
3110 4412 3498 4484 cogitationum

1908 4498 2117 4553 semine
2147 4499 2397 4568 concepti
2427 4498 2707 4568 pariuntur
2734 4501 2787 4554 in
2818 4515 3005 4570 opera,
3040 4510 3096 4557 et
3123 4505 3297 4559 sancti
3336 4504 3502 4579 hujus

199 4562 421 4668 palpare
453 4594 724 4657 dicuntur,
754 4590 949 4661 perditi
979 4592 1162 4659 utique
1190 4587 1447 4655 consilio,
1484 4562 1613 4656 quid
1652 4586 1802 4644 taceo
1827 4562 1887 4626 D
1911 4592 2275 4662 generationis
2299 4562 2641 4647 multitudine
2662 4562 2964 4663 gloriantur
3020 4595 3277 4665 quoniam
3308 4562 3507 4659 talibus

198 4700 324 4746 rent
356 4689 696 4759 ignorantes.

272 4764 444 4838 Porro
470 4783 670 4837 salvum.
697 4779 851 4850 faciet
879 4792 1097 4849 egenum
1125 4794 1158 4831 a
1184 4774 1361 4847 gladio
1388 4773 1491 4828 oris
1531 4789 1725 4839 eorum,
1757 4780 1804 4826 et

200 4879 264 4933 de
300 4893 463 4932 manu
507 4874 719 4930 violenti
748 4888 1046 4945 pauperem.
1073 4870 1352 4924 Christum
1385 4884 1414 4921 a
1449 4867 1804 4938 blasphemiis

199 4971 514 5028 luda'orum
540 4988 555 5025 :
585 4971 710 5040 quia
743 4969 924 5038 lingua
953 4981 1143 5020 eorum
1190 4963 1404 5034 gladius
1444 4973 1640 5018 acutus
1677 4964 1802 5027 fuit,

199 5064 455 5128 dicendo,
488 5060 760 5131 Cruciﬁge
789 5076 938 5115 eum.

274 5157 344 5213 Et
388 5157 487 5214 erit
526 5170 686 5227 egeno
728 5169 845 5220 spes
869 5167 888 5206 :
928 5151 1180 5221 iniquitas
1225 5156 1400 5205 autem
1442 5147 1707 5201 contrahet
1749 5161 1808 5201 os

199 5268 374 5310 suum.
405 5249 595 5304 Beatus
624 5246 780 5301 homo
808 5246 897 5315 qui
922 5244 1200 5314 corripitur
1227 5257 1260 5295 a
1289 5241 1531 5294 Domino.
1561 5236 1810 5309 Increpa-

203 5347 394 5400 tionem
437 5358 559 5412 ergo
603 5337 819 5392 Domini
857 5353 922 5390 ne
945 5334 1228 5405 reprobes:
1264 5334 1385 5404 quia
1414 5333 1522 5405 ipse
1550 5330 1812 5401 vulnerat,

203 5447 253 5493 et
280 5436 550 5491 medetur:
582 5430 824 5504 percutit,
852 5438 897 5482 et
918 5443 1101 5481 manus
1139 5431 1252 5499 ejus
1293 5425 1573 5479 sanabunt.
1625 5421 1690 5476 In
1729 5439 1818 5478 sea:

208 5528 628 5585 tribulationibus
659 5522 894 5578 liberabit
923 5531 991 5587 te,
1014 5530 1062 5576 et
1088 5522 1143 5575 in
1170 5521 1391 5589 septima
1422 5534 1524 5572 non
1553 5525 1725 5591 tanget
1768 5525 1817 5569 te

210 5616 519 5676 malum.ln
571 5618 708 5687 fame
747 5622 891 5669 eruet
937 5623 984 5667 te
1033 5612 1096 5667 de
1144 5622 1328 5667 morte.
1374 5609 1821 5665 Resurrectionis

211 5708 419 5769 Christi
444 5710 698 5765 virtutem
728 5704 992 5763 ostendit.

231 5822 241 5832 κ
290 5794 364 5859 Et
384 5796 443 5857 in
466 5796 600 5858 bello
629 5796 695 5857 de
718 5811 879 5855 manu
906 5793 1088 5870 gladii.
1127 5793 1236 5853 Sed
1265 5792 1569 5863 videamus,
1600 5808 1669 5852 ne
1697 5791 1835 5883 forts

1912 4681 2084 4752 magis
2111 4695 2271 4752 quam
2303 4681 2610 4737 carnalibus
2642 4682 2792 4739 Filiis
2821 4684 2931 4740 Deo
2958 4686 3171 4756 placere
3189 4688 3503 4744 voluerunt.

1912 4773 2095 4831 Potuit
2143 4787 2274 4844 ergo
2317 4772 2565 4840 Eliphaz,
2615 4775 2767 4844 quasi
2798 4777 3083 4831 consilium
3111 4779 3248 4835 dans
3275 4779 3400 4846 Job,
3433 4781 3509 4838 ita

1911 4867 2098 4924 dicere
2124 4884 2138 4920 :
2168 4865 2229 4922 Si
2257 4880 2552 4921 conversus
2580 4868 2647 4920 ad
2679 4866 2844 4922 Deum
2875 4866 3064 4935 lueris,
3094 4869 3164 4924 ita
3195 4878 3253 4925 ut
3282 4879 3338 4927 te
3386 4880 3507 4928 tuo-

1913 4975 2032 5015 rum
2062 4973 2288 5029 operum
2317 4958 2661 5028 antiquorum
2694 4960 2976 5029 poeniteat,
3005 4962 3189 5016 cordis
3217 4963 3293 5017 tui
3328 4962 3506 5019 virtu-

1916 5053 2078 5119 tibus,
2108 5052 2256 5107 velut
2281 5051 2582 5106 seminibus
2609 5051 2931 5107 abnndabis.
2983 5053 3061 5109 De
3101 5053 3296 5125 quibus
3338 5070 3507 5125 Opera

1912 5147 2077 5212 bona,
2110 5156 2380 5215 tamquam
2410 5146 2710 5201 sanctitatis
2737 5145 2885 5204 ﬁlios
2923 5149 3128 5218 poteris
3174 5165 3508 5221 procreare:

1917 5238 1988 5294 ita
2020 5247 2082 5291 ut
2112 5237 2398 5307 progenies
2434 5250 2660 5306 operum
2701 5251 2914 5294 tuorum
2947 5241 3283 5298 multitudini
3315 5242 3513 5305 herba-

1917 5344 2038 5385 rum
2068 5328 2454 5384 virescentium
2479 5339 2857 5400 comparetur,
2904 5347 3135 5402 quarum
3162 5334 3375 5393 radices
3398 5376 3417 5404 ,
3464 5338 3510 5403 si

1921 5433 2019 5491 spe
2046 5419 2189 5473 intus
2221 5418 2423 5475 habeas
2461 5420 2514 5473 in
2547 5421 2715 5477 corde
2750 5421 2957 5478 dellan
2982 5469 2997 5491 ,
3046 5431 3192 5480 terra
3231 5435 3323 5482 tua
3351 5428 3521 5485 ﬂores

1923 5527 2045 5567 cum
2079 5511 2341 5565 frui-tibus
2367 5512 2712 5582 germinahit.

2000 5602 2319 5677 Ingredieris
2348 5604 2403 5657 in
2429 5601 2753 5659 abundantia
2778 5604 3078 5675 sepulcrum
3096 5650 3113 5676 ,
3144 5610 3280 5667 sicut
3303 5612 3526 5687 infertur

1938 5711 2151 5750 acervus
2194 5695 2355 5750 tritici
2389 5697 2449 5751 in
2496 5706 2727 5769 tempore
2757 5714 2873 5755 suo.
2920 5697 3327 5764 Consummatis
3371 5712 3529 5771 annis

1941 5797 2221 5859 provectae
2244 5788 2446 5857 atatis,
2470 5789 3026 5869 plenusquedierum
3055 5792 3110 5854 in
3142 5799 3406 5871 tumulum
3435 5817 3531 5876 po-
