4034 6342
483 253 587 314 G3!

1263 252 1609 310 APPENDlX
1649 253 1739 309 AD
1778 252 2020 312 'lOMUM
2059 251 2416 312 SEPTIMUM
2458 253 2516 312 S.
2559 253 2967 313 lllERONYill.

3689 253 3801 318 631

486 375 632 432 situs
668 373 1008 448 requiesces,
1041 380 1096 428 ut
1125 371 1177 426 in
1217 379 1469 440 tempore
1502 370 1634 440 justi
1663 368 1851 439 judicii
1885 370 2015 439 Dei,
2049 385 2078 425 a
2108 375 2161 434 Α
2187 370 2451 424 mortem?
2489 369 2692 424 Anima:
2723 370 2860 424 enim
2907 369 3160 426 esurienti
3197 371 3350 426 etiam
3392 388 3579 427 amara
3610 374 3792 431 dulcia

489 466 750 521 sordibus
792 474 1134 536 peccatorum
1177 461 1422 516 minimis
1472 469 1529 515 et
1567 459 1779 515 levibus
1823 475 2082 532 purgatus

491 554 798 614 iiweniaris
856 573 870 612 :
928 555 1069 610 velut
1123 552 1362 608 triticum
1403 552 1548 623 quod
1601 561 1962 606 coacervatur
2029 551 2083 605 in

491 665 708 704 arcam.

562 738 697 793 Ecce
724 737 822 792 Itoc
847 747 902 791 ut
929 738 1352 809 investigaviinus
1373 778 1388 803 ,
1415 738 1488 790 ita
1516 746 1588 791 est
1613 780 1627 803 ,
1677 738 1818 808 quod
1847 737 2085 792 auditum

488 840 658 885 mente
697 839 979 906 pertracto.
1021 829 1136 884 Hoc
1173 830 1340 894 dicit,
1378 845 1741 901 quaecumque
1780 845 1812 884 a
1859 846 1946 884 me
1990 829 2086 884 tibi

484 923 628 978 dicta
655 931 803 990 sunt,
837 921 1132 995 diligenter
1161 924 1486 993 investigata
1511 940 1640 978 vera
1668 924 1889 978 noveris
1917 966 1931 992 ,
1964 939 2086 994 quze

488 1016 606 1086 ipse
671 1015 738 1072 ad
784 1017 1229 1074 emendationem
1289 1028 1439 1072 tuam
1519 1017 1686 1073 debes
1738 1017 1904 1073 corde
1958 1033 2086 1089 per-

486 1111 692 1182 cipere.

1112 1183 1194 1238 CX
1207 1182 1340 1239 PUT
1373 1182 1457 1237 Vl.

556 1299 898 1367 Respondeas
921 1310 1095 1354 autem
1107 1298 1208 1354 Job
1230 1300 1364 1353 dixit
1390 1317 1408 1356 .'
1434 1299 1643 1354 Utinam
1667 1301 2091 1368 appenderentur

495 1403 710 1462 peccata
741 1410 853 1448 mea
879 1393 1063 1461 quibus
1095 1394 1226 1447 iram
1261 1393 1428 1446 nterui
1451 1435 1466 1459 ,
1510 1401 1556 1446 et
1600 1392 1900 1454 calamitas,
1932 1407 2090 1460 quam

498 1485 694 1557 patior,
729 1486 781 1538 in
810 1497 1005 1539 statera
1035 1486 1230 1557 :quasi
1256 1502 1416 1539 arena
1445 1485 1601 1539 maris
1629 1484 1740 1539 liceo
1770 1485 1978 1556 gravior
1999 1502 2091 1556 ap-

494 1586 718 1648 pareret.
749 1575 902 1632 Unde
934 1587 981 1632 et
1011 1577 1164 1632 verba
1193 1594 1303 1630 mea
1341 1577 1520 1630 dolore
1539 1586 1658 1630 sunt
1684 1576 1863 1648 plena.
1899 1574 2092 1629 Dicitis

495 1687 584 1728 me
605 1672 843 1743 peccatis
863 1675 998 1728 meis
1019 1671 1352 1727 facientibus
1378 1672 1483 1725 ἰδίει
1515 1671 1626 1740 pati
1657 1690 1670 1724 :
1702 1679 1926 1740 propter
1946 1668 2089 1740 qttud

2187 473 2294 511 esse
2332 461 2592 513 videntur.
2645 459 2797 516 Sicut
2821 460 2965 514 enim
2996 475 3157 515 nemo
3187 460 3534 516 mortiferum
3567 462 3789 533 aliquod

2187 553 2446 618 comedit,
2482 561 2541 606 ut
2572 552 2697 607 vita:
2720 569 2833 608 sua:
2860 554 3113 608 inimicus
3139 554 3211 608 sit
3235 571 3247 607 :
3275 554 3345 609 ita
3374 571 3478 627 ego
3506 565 3790 627 peceatum

2189 647 2504 715 contingere
2546 646 3028 714 pertimescebam.

2265 736 2393 803 Quae
2436 739 2582 809 prius
2629 739 2834 792 noli-bat
2864 746 3077 811 tangere
3117 739 3293 794 anima
3323 756 3436 793 mea
3464 756 3484 794 :
3514 758 3659 796 nunc
3689 759 3792 810 prie

2189 830 2433 900 angustia
2463 830 2562 883 cibi
2592 831 2691 883 mei
2721 839 2861 885 sunt.
2896 831 3009 885 lloc
3036 840 3122 886 est
3150 873 3166 900 ,
3211 832 3394 886 verbis
3426 849 3576 888 nunc
3610 842 3793 900 pastor

2190 924 2435 994 asperis,
2464 934 2516 980 et
2557 925 2793 993 amaris,
2837 940 2957 996 qua:
2998 924 3128 979 mihi
3179 925 3527 981 immensitas
3560 929 3792 997 pmnalis

2191 1028 2504 1086 extorquet.
2538 1019 2667 1074 Haec
2691 1020 2836 1072 enim
2869 1018 3128 1073 timebam
3159 1033 3280 1074 meo
3309 1035 3406 1073 ore
3435 1019 3790 1089 depromere,

2191 1112 2417 1182 quando
2450 1112 2504 1167 in
2537 1113 2832 1167 sanctitate
2852 1123 2906 1167 et
2928 1113 3142 1182 justitia
3172 1129 3295 1168 cum
3329 1129 3466 1184 pace
3497 1116 3686 1184 quiete
3714 1115 3798 1170 vi-

2191 1204 2407 1259 vebam.
2460 1204 2566 1261 Sed
2615 1214 2673 1259 et
2713 1206 3163 1276 prtetereuudum
3219 1221 3328 1261 non
3365 1217 3482 1271 εει,
3513 1210 3641 1277 quia
3691 1205 3798 1264 boc

2192 1310 2412 1364 quoque
2443 1294 2588 1350 inter
2613 1305 2842 1350 czeteras
2871 1311 3061 1363 titanas
3084 1312 3282 1366 passus
3302 1299 3374 1352 sit
3397 1297 3517 1365 Job,
3545 1301 3798 1355 utetiam

2193 1387 2303 1441 cibi
2335 1387 2383 1441 ei
2412 1387 2564 1441 fetidi
2592 1385 2914 1441 viderentur
2940 1404 2953 1440 :
2987 1388 3131 1441 sicut
3157 1399 3242 1442 est
3273 1386 3410 1443 odor
3441 1388 3614 1444 leonis
3640 1432 3655 1454 ,
3713 1391 3800 1445 fe-

2194 1478 2326 1534 ralis
2355 1479 2568 1548 utique,
2592 1487 2650 1534 et
2679 1479 2910 1534 nimium
2939 1478 3200 1535 horridus
3229 1498 3243 1536 :
3272 1483 3366 1549 qui
3399 1481 3536 1537 odor
3565 1498 3693 1538 cum
3723 1482 3802 1538 de

2191 1572 2313 1640 ejus
2333 1571 2635 1627 visceribus
2655 1582 2994 1642 erumperet,
3019 1588 3162 1629 esca:
3193 1589 3306 1628 suae
3327 1576 3375 1630 ei
3406 1574 3456 1628 id
3484 1577 3796 1644 sepiebant,

2196 1665 2339 1736 quod
2371 1681 2594 1721 suarum
2625 1667 2913 1736 spirabant
2947 1668 3161 1722 interna
3191 1666 3452 1723 febrium.
3483 1669 3640 1738 Quod
3680 1669 3805 1741 ipse

493 1763 695 1832 velim,
729 1773 787 1820 ut
814 1774 1035 1835 peccata
1081 1772 1268 1818 contra
1317 1763 1688 1818 calamitatem
1740 1763 1881 1817 hanc
1925 1779 2087 1833 quam
2122 1757 2438 1830 nostendit
2495 1757 2586 1813 ubi
2644 1758 2779 1814 dicit
2818 1775 2833 1814 :
2877 1758 3145 1814 Interiora
3212 1773 3335 1814 mea
3407 1759 3799 1817 cﬂ‘erbuerunt

495 1858 673 1928 patior
700 1865 1079 1929 pensarentur,
1113 1867 1167 1913 et
1197 1858 1344 1914 illico
1373 1856 1793 1927 videretis,quia
1826 1857 1942 1912 haec
1971 1859 2087 1928 ipsa

491 1949 772 2004 calamitas
817 1951 964 2005 velut
993 1965 1154 2004 arena
1185 1950 1386 2016 maris,
1440 1964 1602 2019 supra
1637 1949 1836 2005 horum
1883 1963 2091 2020 pecca-

493 2050 670 2096 torum
698 2043 889 2096 merita
913 2041 1265 2111 ponderaret.

568 2135 703 2204 Quia
727 2135 932 2208 sagittte
961 2135 1169 2190 Domini
1194 2138 1248 2190 in
1281 2153 1360 2190 me
1390 2147 1772 2202 sunt,quarum
1803 2136 2093 2208 indignatio

490 2226 644 2282 ebibit
671 2228 918 2298 spiritum
949 2245 1136 2296 nteum,
1171 2240 1218 2282 et
1250 2238 1473 2284 terrores
1493 2229 1706 2283 Domini
1725 2229 1953 2283 militant
1977 2245 2095 2282 con-

495 2329 576 2373 tra
603 2336 701 2375 me.
736 2320 836 2375 ilic
870 2330 1052 2391 potest
1081 2321 1276 2386 videri,
1312 2322 1454 2390 quod
1487 2323 1739 2392 superius
1771 2323 2092 2392 sagittarum

491 2411 714 2467 nomine
753 2426 967 2467 vermes
997 2412 1200 2468 dixerit
1230 2431 1244 2467 :
1277 2427 1308 2467 a
1341 2413 1535 2483 quibus
1568 2425 1679 2468 tum
1720 2412 2096 2468 indesinenter

495 2501 854 2577 pungi-batur,
884 2523 985 2562 nec
1014 2508 1160 2576 loqui
1195 2509 1649 2578 permitte-bitur:
1678 2525 1783 2563 non
1815 2509 1956 2578 quod
1984 2525 2098 2562 vcr-

492 2611 609 2650 mes
642 2597 800 2652 talem
838 2613 1062 2653 sensum
1095 2600 1390 2654 habuerint
1413 2639 1430 2666 ,
1483 2611 1537 2654 ut
1570 2600 1678 2655 hoc
1707 2600 1916 2669 judicio
1949 2599 2096 2656 face-

493 2700 647 2754 rent,
677 2690 776 2746 sed
826 2691 1093 2760 permissu
1125 2693 1251 2759 Dei,
1286 2709 1314 2746 a
1347 2702 1612 2762 potestate
1659 2693 2007 2759 adversaria,
2040 2704 2097 2748 ut

495 2781 738 2834 acriores
760 2792 972 2846 essent,
1005 2782 1168 2836 etiam
1202 2782 1334 2852 ipsis
1367 2784 1606 2837 motibus
1640 2784 1872 2851 agebant
1901 2801 1912 2836 :
1955 2784 2098 2837 sicut

496 2873 754 2938 locustae,
799 2888 998 2928 musca:
1033 2882 1088 2929 et
1133 2889 1282 2929 rana:
1329 2875 1380 2929 in
1422 2874 1682 2946 Egypto.
1717 2875 1870 2942 Quod
1911 2883 2092 2930 autem

496 2961 684 3019 dixit:
715 2963 979 3020 Terrores
1011 2965 1224 3020 Domini
1261 2967 1500 3021 militant
1537 2977 1726 3022 contra
1762 2983 1875 3033 me,
1915 2975 2098 3036 potest

497 3055 618 3124 ipse
633 3053 886 3112 diabolus
909 3072 1030 3114 cum
1055 3058 1170 3114 suis
1193 3057 1423 3130 intelligi
1450 3076 1463 3114 :
1491 3061 1579 3131 qui
1603 3059 1867 3114 adhibitis
1884 3061 2096 3115 crucia-

2195 1851 2404 1922 absque
2431 1851 2541 1907 ulla
2572 1851 2763 1923 requie
2789 1867 2804 1907 :
2834 1849 2889 1906 id
2919 1861 3026 1919 est,
3049 1851 3162 1923 jam
3191 1851 3422 1909 decocta
3453 1861 3586 1908 sunt
3607 1863 3661 1910 et
3693 1868 3802 1926 pu-

2197 1949 2446 2000 trefacta.

2270 2036 2400 2103 Quis
2438 2036 2525 2091 det
2571 2044 2625 2089 ut
2672 2039 2841 2092 veniat
2868 2037 3048 2107 petitio
3087 2053 3232 2102 mea,
3263 2044 3311 2090 et
3340 2037 3480 2107 quod
3503 2047 3745 2111 exspecto
3764 2079 3782 2104 ,

2199 2130 2395 2184 tribuat
2425 2131 2556 2185 milii
2581 2129 2764 2186 Deus?
2790 2131 2918 2187 Haec
2942 2131 3074 2186 mihi
3099 2131 3170 2185 sit
3189 2129 3521 2199 consolatio,
3547 2141 3607 2187 ut
3634 2134 3806 2188 linem

2196 2236 2411 2291 preme,
2453 2223 2542 2279 vel
2595 2223 2939 2281 cruciatuum
2987 2238 3271 2292 meorum,
3312 2223 3558 2279 remedia
3606 2225 3808 2281 mortis

2200 2313 2504 2370 obtineam.

2271 2408 2341 2463 Et
2392 2411 2484 2481 qui
2530 2412 2682 2481 erepit
2709 2453 2723 2474 ,
2774 2411 2886 2482 ipse
2928 2427 3008 2465 me
3055 2419 3308 2464 conterat.
3358 2410 3539 2466 Solvat
3584 2422 3808 2465 manum

2198 2517 2350 2554 suam
2380 2510 2431 2557 et
2470 2504 2708 2557 succidat
2741 2519 2856 2570 me;
2897 2516 2944 2558 et
2986 2505 3095 2558 hate
3123 2503 3252 2557 milii
3281 2505 3346 2557 sit
3373 2503 3660 2558 consolatio
3681 2547 3696 2568 ,
3744 2515 3810 2558 ut

2198 2594 2446 2665 afﬂigens
2497 2613 2576 2650 me
2625 2595 2835 2659 dolore,
2892 2613 2995 2649 non
3041 2605 3268 2667 parcat:
3296 2612 3388 2649 nec
3442 2597 3810 2649 contradicam

2199 2687 2524 2742 sermonibus
2561 2691 2798 2744 sanctis?
2827 2688 2958 2756 Qua:
2992 2698 3069 2743 est
3107 2690 3244 2742 enim
3290 2687 3546 2760 fortitudo
3583 2704 3696 2742 mea
3745 2695 3811 2742 ut

2200 2783 2484 2836 sustineam
2509 2799 2527 2836 :
2559 2792 2650 2836 aut
2698 2783 2815 2854 quis
2869 2783 2992 2853 finis
3037 2799 3181 2837 meus
3221 2793 3277 2836 ut
3319 2784 3577 2852 patienter
3607 2785 3810 2854 agant?

2202 2873 2354 2932 Hanc
2381 2874 2549 2945 igitur
2582 2885 2814 2930 mortem
2851 2875 3110 2946 potestati
3133 2874 3336 2930 divinae
3363 2875 3468 2931 Job
3494 2875 3629 2929 solvi
3663 2891 3806 2930 exo-

2202 2976 2336 3037 ptat,
2365 2975 2425 3022 ut
2457 2967 2526 3021 ab
2555 2982 2624 3022 ea
2649 2966 2914 3024 decidens
2941 2967 3103 3023 cadat
3137 2970 3192 3023 in
3223 2969 3366 3023 hanc
3408 2967 3806 3036 temporariam

2202 3067 2461 3128 mortem,
2485 3071 2757 3132 quatenus
2786 3071 3098 3131 praesentes
3117 3075 3309 3130 pceuas
3333 3059 3507 3130 possit
3528 3058 3770 3116 evadere
3791 3075 3810 3114 :

494 3149 676 3214 tibus,
711 3158 769 3204 ut
791 3149 1027 3206 caederet
1060 3150 1165 3207 Job
1185 3193 1200 3219 ,
1246 3162 1302 3207 et
1332 3162 1389 3206 ut
1424 3153 1795 3208 innocentiam
1826 3155 2090 3207 sanctita-
2116 3159 2162 3226 ο
2193 3171 2317 3212 cum
2355 3156 2504 3212 velut
2531 3157 2699 3212 arbor
2729 3155 2798 3213 de
2830 3155 2930 3212 hac
2966 3156 3077 3211 vita
3107 3155 3358 3210 succisus
3405 3153 3593 3210 fuerit.

494 3250 711 3313 temque
754 3243 1073 3312 amitteret,
1123 3247 1346 3318 insuper
1375 3247 1681 3302 terroribus
1731 3247 2086 3302 minabatur:

492 3337 639 3408 quod
681 3337 845 3394 etiam
886 3340 1038 3394 multi
1096 3352 1515 3410 persecutores,
1569 3341 1803 3396 ministri
1847 3341 2086 3408 diaboli,

491 3427 698 3485 sanctis
727 3433 1059 3502 martyribus
1099 3431 1282 3486 facere
1315 3431 1625 3487 voluerunt.
1657 3433 2002 3488 Obsederunt
2035 3433 2088 3487 in

480 3530 627 3594 'gyro
655 3523 1068 3578 tabernaculum
1093 3539 1295 3578 meum.
1325 3524 1466 3579 Ecce
1486 3526 1571 3580 hic
1599 3525 1884 3580 manifeste
1907 3536 2093 3581 osten-

493 3615 611 3683 dit,
663 3616 805 3686 quod
859 3617 1004 3670 velut
1039 3615 1227 3671 hostes
1276 3615 1591 3686 iniinicique
1618 3617 1862 3684 diaboli,
1913 3627 1969 3672 ct
2007 3619 2092 3672 sui

492 3709 695 3762 acriter
721 3708 1019 3762 militarent
1049 3723 1062 3759 :
1092 3707 1144 3760 hi
1176 3705 1322 3761 enim
1349 3707 1570 3777 maligni
1598 3708 1842 3776 spiritus,
1875 3709 2092 3763 diverso

495 3801 660 3856 modo
710 3801 986 3871 accipiunt
1045 3809 1371 3868 potestatem
1419 3819 1430 3854 :
1476 3802 1541 3854 ad
1586 3801 1818 3855 aliorum
1869 3802 2091 3873 quidem

489 3895 920 3958 damnationem,
941 3894 1172 3949 aliorum
1198 3911 1331 3950 vero
1362 3895 1828 3961 emendationem,
1855 3897 2090 3950 aliorum

492 3999 674 4045 autem
723 3989 1106 4057 probationem
1133 4006 1146 4041 :
1171 3989 1262 4059 qni
1295 3991 1361 4043 de
1392 3991 1511 4045 suis
1543 3990 1784 4045 moribus
1812 3990 1898 4045 vel
1931 3990 2091 4044 mini-

492 4081 684 4150 sterio,
718 4081 870 4145 mali,
899 4081 1017 4135 sive
1046 4090 1287 4136 terrores
1307 4123 1321 4146 ,
1354 4082 1441 4136 vel
1471 4082 1636 4136 etiam
1675 4083 1918 4137 latrones
1951 4099 2093 4136 llllll-

492 4183 779 4244 cupantur.
821 4174 1018 4229 Omnia
1064 4174 1216 4230 dedit
1263 4175 1315 4230 lit
1345 4177 1598 4230 manibus
1630 4191 1857 4243 eorum,
1887 4177 1936 4230 id
1967 4187 2086 4244 est,

494 4270 836 4335 praedonum.
873 4266 1065 4322 Omnia
1119 4271 1304 4338 utique
1345 4284 1466 4338 qua:
1508 4270 1693 4324 habuit
1721 4310 1735 4334 ,
1786 4271 1903 4326 sive
1950 4272 2091 4326 filios

502 4374 690 4423 meos,
734 4360 850 4414 sive
897 4359 1264 4414 substantiam
1298 4380 1308 4413 :
1341 4362 1485 4416 sicut
1530 4371 1584 4416 ct
1623 4363 1890 4433 meipsum
1943 4363 2092 4418 dedit

493 4453 637 4508 Deus
668 4453 722 4508 in
755 4454 1004 4508 manibus
1035 4454 1262 4520 diaboli,
1292 4456 1407 4511 sive
1437 4472 1659 4510 suorum
1692 4456 2008 4513 satellitum.

2271 3249 2386 3305 Nec
2413 3251 2669 3321 fortitudo
2699 3250 2961 3322 lapidum,
2988 3249 3244 3322 fortitudo
3268 3264 3520 3304 meamec
3540 3264 3664 3303 caro
3686 3265 3807 3304 mea

2194 3359 2343 3398 teneo
2399 3352 2496 3398 est.
2528 3342 2672 3399 Caro
2709 3357 2828 3398 mea
2871 3342 3246 3411 corrumpitur
3293 3341 3450 3396 sanie
3499 3353 3563 3394 ac
3613 3350 3807 3410 putre-

2190 3433 2322 3489 dine
2371 3436 2663 3491 vulnerum
2699 3452 2712 3491 :
2743 3435 2872 3505 quia
2923 3450 3032 3488 non
3081 3443 3168 3488 est
3214 3433 3268 3488 in
3315 3447 3402 3486 me
3453 3431 3581 3486 talis
3637 3431 3803 3486 forti-

2197 3529 2390 3600 titudo,
2418 3530 2566 3586 velut
2595 3529 2860 3600 lapidum,
2898 3537 2958 3582 ut
2987 3528 3212 3583 dolores
3246 3543 3356 3582 non
3387 3527 3645 3582 sentiam.

2265 3623 2402 3678 Ecce
2451 3640 2555 3677 non
2585 3631 2656 3677 est
2697 3622 2958 3676 auxilium
2990 3622 3121 3675 milii
3164 3621 3220 3675 in
3259 3637 3376 3688 me,
3422 3629 3472 3673 et
3516 3620 3804 3675 necessarii

2192 3731 2396 3785 quoque
2421 3717 2519 3769 mei
2563 3724 2883 3769 recesserunt
2913 3732 2943 3766 a
2970 3729 3069 3768 me.
3101 3713 3232 3767 Tum
3257 3729 3324 3768 ex
3354 3727 3456 3767 sua
3481 3752 3498 3780 ,
3529 3728 3692 3783 quam
3727 3728 3800 3768 ex

2196 3821 2433 3878 persona
2460 3807 2694 3873 Christi,
2729 3806 3000 3878 propheta
3032 3807 3134 3861 hoc
3159 3806 3314 3860 dicit.

2271 3899 2370 3968 Qui
2413 3899 2550 3953 tollit
2580 3900 2642 3953 ab
2682 3899 2893 3954 inimico
2925 3916 3019 3955 suo
3057 3898 3502 3964 misericordiam,
3559 3899 3798 3953 tintorem

2193 3991 2411 4048 Domini
2436 3993 2772 4064 derelinquit.
2806 3991 3029 4047 Fratres
3057 3995 3156 4047 mei
3185 3993 3546 4060 praterierunt
3576 4009 3655 4046 me
3680 4008 3701 4046 :
3723 3993 3797 4047 si-

2193 4095 2276 4140 cut
2299 4097 2500 4140 torrens
2527 4086 2614 4157 qui
2641 4085 2837 4151 raptim
2880 4089 3068 4139 transit
3105 4085 3160 4139 in
3199 4083 3540 4139 convallibus.
3575 4083 3798 4138 Miseri-

2193 4180 2382 4235 cordia
2411 4188 2518 4245 est,
2552 4177 2617 4232 ad
2647 4177 2899 4234 miserias
2916 4193 3104 4233 eorum
3132 4178 3221 4247 qui
3248 4176 3605 4241 tribulantur,
3633 4191 3798 4230 com-

2197 4270 2455 4341 patiendo
2504 4283 2745 4326 niterore
2785 4270 2970 4324 cordis
3017 4267 3235 4324 deﬂecti
3284 4286 3297 4322 :
3334 4268 3474 4322 hanc
3518 4281 3615 4323 vos
3652 4265 3786 4322 dum

2193 4364 2374 4419 amico
2433 4377 2542 4418 non
2618 4361 2972 4432 impenditis,
3037 4360 3297 4416 timorem
3359 4358 3575 4415 Domini
3626 4357 3794 4416 derc-

2194 4457 2463 4528 liuqttitis.

566 4544 838 4616 Numquid
865 4547 1031 4616 rugiet
1061 4563 1253 4619 onager
1279 4564 1394 4601 Cttltt
1430 4549 1664 4602 habuerit
1708 4549 1918 4604 herbam
1944 4565 1962 4604 :
1991 4560 2081 4604 aut
2109 4551 2164 4614 Ι)
2262 4551 2364 4617 Qui
2384 4551 2560 4604 timent
2577 4549 2826 4622 pruinam
2845 4592 2861 4616 ,
2895 4549 3058 4603 irruet
3089 4565 3251 4616 super
3273 4564 3364 4603 eos
3388 4548 3501 4603 nix.
3536 4546 3792 4618 Tempore

491 4640 682 4714 ntugiet
725 4641 812 4696 bos
837 4656 956 4694 cum
985 4649 1102 4696 ante
1129 4659 1355 4714 prtt‘wpe
1400 4643 1609 4713 plenum
1644 4645 1878 4698 steterit?
1928 4643 2085 4701 Sicut

491 4735 636 4789 enim
687 4733 776 4789 illa
811 4750 932 4788 cum
961 4735 1046 4790 vel
1075 4735 1350 4789 abundant
1387 4736 1598 4806 pabulis
1627 4779 1640 4802 ,
1687 4739 1890 4793 nullam
1927 4739 2085 4810 quasi

495 4829 844 4899 querelarum
879 4846 1064 4885 vocem
1096 4832 1379 4896 emittunt,
1410 4841 1466 4886 ut
1497 4833 1676 4903 pabuli
1701 4833 1936 4905 inepiam
1956 4851 2082 4905 pro-

489 4932 758 4978 testentur
792 4941 804 4976 :
838 4923 1006 4978 simili
1037 4924 1228 4988 modo,
1258 4928 1534 4996 inquiens,
1587 4938 1644 4983 ct
1671 4943 1774 4997 ego
1815 4929 1860 4984 si
1894 4945 2079 4999 pacem

486 5023 540 5068 et
561 5015 795 5084 quietem
821 5017 998 5084 potius
1026 5033 1187 5086 quant
1215 5019 1413 5073 bellum
1436 5021 1692 5076 haberem
1713 5023 1764 5076 in
1792 5023 2075 5091 membris,

484 5117 540 5163 et
569 5109 620 5164 in
649 5110 830 5164 anima
862 5125 978 5164 mea
1001 5151 1017 5176 ,
1061 5111 1267 5166 nullum
1295 5128 1606 5169 sermonem
1637 5130 1882 5170 amarum
1915 5133 2076 5186 aspc-

486 5217 676 5257 rumve
709 5201 1035 5269 proferrem.

552 5295 656 5348 Aut
680 5296 864 5364 poterit
896 5297 1096 5351 comedi
1117 5297 1392 5363 insulsum,
1419 5299 1559 5369 quod
1589 5316 1692 5353 non
1719 5311 1794 5353 est
1825 5301 1935 5355 sale
1956 5318 2076 5353 con-

483 5383 667 5437 ditum.
700 5384 986 5453 Quomodo
1010 5390 1148 5444 ratio
1183 5406 1286 5446 non
1311 5391 1442 5444 sinit
1472 5393 1735 5446 naturalis
1761 5433 1777 5453 ,
1826 5401 1883 5444 ut
1922 5391 2078 5460 quid-

481 5490 643 5544 quam
677 5477 940 5533 insulsum
971 5482 1188 5536 comedi
1226 5483 1398 5552 possit
1429 5501 1441 5536 :
1488 5485 1556 5536 ita
1591 5500 1691 5553 ego
1736 5483 1869 5538 nihil
1900 5484 2072 5536 insul-

479 5579 622 5633 sum,
650 5567 782 5622 nihil
810 5572 1032 5625 stultum
1056 5583 1246 5628 c0ntra
1272 5576 1612 5640 Deum,mhil
1637 5576 1782 5646 quod
1807 5591 1916 5631 non
1942 5574 2070 5631 lidci

480 5657 595 5712 sale
620 5658 902 5714 conditum
927 5671 1104 5726 esset,
1133 5675 1392 5735 Operatns
1419 5683 1558 5722 sum.

484 5825 496 5831 ἢ
551 5748 655 5799 Ant
702 5760 860 5815 potest
910 5754 1099 5822 aliquis
1139 5766 1379 5826 gustare,
1431 5759 1568 5827 quod
1605 5769 1866 5828 gustatum
1918 5758 2073 5826 affert

2186 4661 2286 4713 quo
2336 4644 2527 4715 fuerint
2576 4642 2852 4715 dissipati,
2903 4642 3164 4713 peribunt.
3215 4641 3505 4697 Timebam
3563 4651 3789 4712 peccata

2186 4748 2349 4804 etiam
2379 4745 2600 4802 minima
2628 4755 2970 4818 perpetrare,
2997 4759 3067 4800 ne
3093 4758 3193 4815 pro
3213 4744 3297 4799 eis
3329 4744 3424 4801 Dei
3450 4743 3504 4798 in
3534 4756 3623 4800 me
3645 4744 3790 4800 ultio

2185 4847 2472 4904 deszeviret
2503 4865 2517 4901 :
2546 4855 2602 4903 et
2628 4862 2762 4902 ecce
2791 4862 2933 4903 nunc
2960 4846 3032 4902 ita
3067 4847 3262 4917 punior
3287 4885 3304 4913 ,
3351 4856 3629 4917 tamquam
3654 4861 3782 4903 sce-

2182 4951 2294 5006 lera
2325 4949 2575 5005 immania
2615 4947 3011 5004 commiserim.

2255 5051 2325 5106 Et
2348 5061 2398 5105 ut
2422 5051 3028 5118 incaluerint,solventur
3048 5051 3114 5104 de
3134 5051 3250 5104 loco
3268 5067 3384 5104 suo.
3417 5048 3520 5106 Ubi
3549 5049 3774 5106 fervere

2179 5164 2423 5225 coeperat
2463 5169 2662 5209 nomen
2691 5153 2812 5224 ejus
2839 5153 2892 5208 in
2925 5153 3163 5224 populis,
3197 5150 3252 5207 in
3284 5151 3476 5222 gloriae
3505 5166 3621 5206 sum
3653 5152 3780 5208 loco

2180 5272 2286 5312 non
2342 5258 2691 5329 comparuit,
2762 5255 2910 5312 velut
2971 5255 3064 5310 nix
3127 5271 3251 5311 cum
3322 5253 3505 5311 calore
3561 5254 3764 5310 dissol-

2179 5372 2345 5413 Vlllll'.

2255 5455 2510 5512 Involuta:
2536 5465 2658 5512 sunt
2679 5457 2873 5512 semita
2893 5471 3167 5529 gressuum
3194 5471 3372 5510 eorum
3396 5469 3414 5509 :
3435 5453 3784 5509 ambulabunt

2179 5559 2234 5613 in
2257 5575 2494 5626 vacuum,
2524 5570 2575 5615 et
2605 5559 2862 5630 peribunt.
2893 5558 3129 5614 Semitas
3158 5558 3391 5612 virtutes
3418 5557 3587 5612 animi
3611 5557 3778 5622 dixit,

2182 5661 2236 5717 in
2268 5663 2464 5732 quibus
2487 5663 2674 5719 utDeo
2703 5663 2977 5734 placeret,
3002 5661 3150 5718 omni
3173 5660 3361 5716 studio
3383 5658 3744 5728 gradiebatur
3763 5677 3782 5714 :

2142 5794 2147 5802 -
2187 5763 2284 5821 has
2324 5765 2544 5820 semitas
2588 5765 2742 5823 malis
2770 5782 2893 5836 qua:
2938 5763 3248 5836 patiebatur
3286 5763 3558 5818 involutas
3604 5774 3779 5838 atque
