4034 6318
231 292 340 354 633

1159 285 1647 350 COMMENTABII
1683 283 1749 344 ΙΝ
1788 282 2053 343 LIBRUM
2090 284 2234 343 JOB.
2273 283 2431 343 CAP.
2472 282 2586 340 νη.

3409 278 3518 343 658

231 411 533 486 implicitas
561 427 687 470 esse
713 411 864 476 dicit,
888 411 1018 484 dum
1039 410 1201 467 bonis
1231 412 1356 465 vitae
1378 404 1826 476 SlltB,8llppllCl0-
1851 406 1906 466 Α
1931 419 2048 458 rum
2081 402 2386 472 pertinebat
2413 401 2682 458 dolorem.
2700 407 2761 456 ut
2789 397 2972 456 sanies
2997 413 3118 470 tntae
3143 397 3212 456 de
3233 398 3520 469 putredine

231 523 354 562 rum
385 507 823 560 admiscerentur
847 503 1008 558 mala.

302 597 642 655 Considerate
671 597 879 651 semitas
900 595 1131 650 Themon
1157 612 1174 648 :
1206 596 1392 648 itinera
1417 594 1622 659 Sabbo,
1657 602 1702 646 et
1734 607 1823 645 ea:-

228 702 458 762 spectate
496 691 783 759 paulisper.
818 690 1041 759 (Σοιηίιεὶ
1067 699 1220 754 sunt,
1248 690 1371 758 quia
1403 687 1627 754 speravi.
1658 685 1826 741 Vene-

230 795 352 836 runt
378 797 583 852 quoque
612 798 772 852 usque
792 781 860 834 ad
882 798 962 836 me
981 824 996 849 ,
1029 792 1078 836 et
1099 783 1299 854 pudore
1331 780 1560 850 cooperti
1591 789 1736 832 sunt.
1769 777 1822 832 Id

229 887 338 942 est,
369 875 652 930 intuemini
690 876 754 930 ad
779 877 898 932 ιιωο
923 877 1044 931 loca
1067 893 1186 946 qua:
1215 876 1326 931 dixi
1366 919 1382 944 ,
1420 886 1476 930 et
1509 876 1628 944 ipso
1651 873 1825 928 silen-

235 970 309 1023 tio
337 969 678 1039 cognoscetis
709 985 834 1024 vera
865 985 989 1024 esse
1013 985 1136 1038 qum
1161 969 1292 1024 dixi.
1322 966 1599 1037 Respicite
1617 965 1682 1020 ad
1709 965 1822 1018 vias

236 1061 572 1118 diversorum
619 1077 911 1131 regnorum
949 1080 964 1116 :
1010 1077 1107 1130 per
1142 1079 1278 1133 quas
1327 1060 1394 1114 ad
1446 1074 1533 1114 me
1577 1058 1820 1112 omnium

235 1157 471 1225 gentium
498 1156 819 1228 lrequentia:
845 1157 1215 1225 conﬂuebant,
1248 1165 1304 1212 et
1331 1152 1588 1210 videbitis
1615 1167 1711 1208 eas
1739 1165 1818 1206 ra-

234 1246 427 1317 ritate,
460 1247 627 1302 immo
655 1249 955 1305 solitudine
982 1249 1265 1305 bnntinum
1299 1248 1593 1304 desolatas.

304 1337 463 1394 Nunc
485 1341 714 1404 venistis,
744 1350 792 1396 et
815 1341 966 1394 modo
986 1341 1218 1396 videntes
1240 1342 1448 1413 plagam
1471 1355 1641 1393 meam
1667 1340 1816 1393 time-

229 1432 318 1485 tis.
359 1430 629 1502 Numquid
668 1434 780 1490 dixi
810 1451 828 1489 :
859 1435 1057 1504 Aff'erte
1085 1435 1234 1499 mihi,
1261 1445 1308 1490 et
1336 1435 1400 1490 de
1423 1433 1714 1488 substantia
1734 1449 1815 1487 ve-

225 1532 335 1577 stro
360 1523 548 1578 donate
575 1525 704 1580 mihi
724 1541 745 1581 :
765 1526 844 1580 vel
867 1528 1082 1583 liberate
1111 1545 1191 1583 me
1207 1529 1273 1582 de
1294 1544 1449 1582 manu
1473 1527 1660 1588 hostis,
1682 1534 1729 1580 et
1754 1527 1816 1579 de

224 1635 380 1673 manu
408 1619 735 1675 robustorum
756 1623 915 1677 eruite
931 1624 1046 1678 me.’
1071 1621 1266 1676 Docete
1286 1637 1386 1685 me,
1419 1632 1464 1676 et
1493 1638 1586 1693 ego
1615 1621 1810 1685 tacebo,

221 1724 272 1768 et
302 1715 347 1768 si
371 1715 497 1784 quid
545 1720 680 1785 forte
706 1718 964 1788 ignoravi,
996 1719 1236 1772 instruite
1259 1734 1360 1771 me.
1377 1717 1553 1782 Quare
1577 1717 1813 1772 detraxi-

1931 498 2250 554 l'erventium
2283 499 2568 552 vulnerum
2597 496 2892 564 deﬂuebat,
2924 494 3175 550 sordibus
3204 493 3378 549 infusa
3396 494 3517 564 pul-

1931 597 2095 661 veris,
2124 610 2301 652 cutem
2334 596 2450 665 ejus
2480 593 2801 653 essicmret,
2831 602 2994 662 atque
3023 589 3390 645 contraheret.

1998 688 2111 744 Nec
2137 689 2348 760 aspiciet
2377 704 2457 741 me
2485 688 2620 741 visus
2647 685 2894 739 hominis.
2918 683 2974 739 ln
2997 699 3060 737 ea
3090 684 3238 737 enirn
3267 697 3398 752 pace
3417 724 3431 748 ,
3459 689 3516 737 et

1925 781 2093 853 gloria
2123 825 2137 850 ,
2170 780 2370 836 divitiis
2389 821 2406 844 ,
2437 787 2494 834 et
2523 781 2729 832 honore
2755 818 2771 842 ,
2807 776 2896 831 ubi
2924 783 3082 831 antea
3111 775 3186 830 l'ui
3214 815 3230 841 ,
3265 774 3374 844 jam
3405 788 3513 831 non

1926 888 2045 928 sum
2077 874 2145 926 ab
2188 871 2495 928 lii-minibus
2529 870 2818 926 videndus.

2000 965 2152 1021 Oculi
2177 967 2251 1019 tui
2273 966 2326 1018 in
2354 981 2454 1026 me,
2485 971 2532 1016 et
2564 979 2668 1016 non
2695 961 2994 1016 subsistam.
3021 960 3170 1017 Sicut
3193 959 3512 1014 consumitur

1925 1061 2102 1124 nubes,
2135 1068 2183 1114 et
2217 1057 2492 1131 pertransit
2523 1071 2542 1110 :
2568 1056 2642 1109 sic
2667 1057 2754 1125 qui
2783 1053 3047 1108 descendit
3087 1053 3156 1106 ad
3183 1053 3378 1122 inferos
3409 1068 3512 1106 non

1921 1152 2164 1206 ascendet
2187 1165 2205 1203 :
2232 1165 2323 1204 nec
2351 1157 2634 1203 revertetur
2673 1146 2817 1202 ultra
2846 1146 2900 1198 in
2925 1147 3135 1200 domum
3175 1160 3343 1199 suam.
3373 1143 3512 1210 Quia

1921 1244 2064 1300 oculi
2109 1243 2188 1299 tui
2215 1240 2372 1314 quasi
2415 1239 2698 1296 iracundia
2733 1239 2911 1308 pleni,
2945 1238 2998 1293 in
3031 1253 3119 1292 me
3150 1236 3352 1292 idcirco
3386 1245 3512 1292 sunt

1921 1335 2311 1392 intendentes:
2345 1341 2405 1388 ut
2458 1331 2642 1404 plagas
2690 1330 2973 1402 graviores
3022 1328 3226 1385 inimici
3281 1329 3388 1386 mei
3419 1343 3512 1385 ae-

1919 1429 2223 1484 cumulent.

1995 1523 2180 1597 Neque
2242 1531 2512 1597 cognoscet
2568 1537 2687 1576 eum
2727 1519 2953 1592 amplius
3001 1517 3147 1572 locus
3191 1518 3326 1588 ejus.
3370 1517 3515 1583 Qua-

1919 1626 2152 1688 propter,
2172 1626 2220 1672 et
2247 1632 2341 1690 ego
2361 1632 2463 1670 non
2493 1629 2703 1684 parcam
2726 1613 2803 1667 ori
2827 1628 2937 1666 meo
2969 1627 2988 1666 :
3012 1610 3196 1682 loquor
3215 1611 3270 1664 in
3296 1608 3514 1665 tribula-

1917 1709 2056 1763 tione
2083 1709 2294 1781 spiritus
2327 1708 2448 1772 mei,
2476 1706 2848 1777 confobulobor
2877 1720 2994 1758 cum
3020 1701 3368 1757 amaritudine
3395 1701 3514 1756 ani-

219 1807 312 1862 stis
349 1808 666 1863 sermonibus
703 1812 933 1865 veritatis
959 1853 975 1877 ,
1023 1827 1138 1865 cum
1164 1828 1190 1865 e
1217 1809 1355 1864 vobis
1405 1810 1582 1863 nullus
1625 1810 1688 1862 sit
1723 1810 1812 1880 qui
1842 1801 1892 1863 B
1918 1816 2015 1855 mw
2038 1815 2182 1856 mea.
2214 1797 2484 1869 Numquid
2516 1814 2660 1851 mare
2678 1814 2771 1868 ego
2789 1812 2924 1859 sum.
2952 1806 3041 1850 aut
3068 1805 3233 1858 cetus.
3263 1795 3386 1864 quia
3406 1795 3511 1848 cir-

217 1901 386 1972 possit
419 1917 636 1973 arguere
673 1905 796 1957 me?
823 1904 904 1957 Ad
947 1905 1331 1978 increpandam
1369 1916 1571 1960 tantum
1609 1907 1813 1974 eloquio

217 1993 542 2047 concinnatis
562 2033 577 2056 ,
607 2004 656 2048 et
702 1997 756 2047 in
788 2005 991 2051 ventum
1019 1998 1169 2052 verba
1208 1999 1472 2071 profertis.
1506 1997 1618 2052 Hoc
1643 1997 1810 2066 dicit,

216 2083 367 2155 quod
389 2084 560 2151 etipsi
575 2086 735 2142 amici
764 2087 875 2156 sui,
901 2089 1158 2159 exemplo
1185 2092 1332 2158 ejus,
1364 2090 1575 2144 ruinam
1600 2089 1705 2144 sibi
1738 2089 1810 2144 si-

214 2179 404 2234 milem
436 2179 811 2234 formidarent.
839 2180 1030 2237 Nonne
1056 2183 1237 2253 quievi
1264 2225 1280 2249 ,
1325 2197 1510 2238 nonne
1551 2181 1812 2237 dissimu-

215 2271 361 2334 lavi,
388 2272 707 2342 patientiam
740 2272 1000 2329 videlicet
1023 2285 1116 2329 aut
1155 2273 1456 2330 vindictam
1501 2273 1810 2330 malorum?

213 2365 401 2421 Nonne
430 2367 554 2421 silui
582 2409 597 2432 ,
652 2368 874 2423 silentio
904 2369 1176 2424 cohibens
1213 2369 1454 2439 linguam
1487 2385 1666 2424 meam
1689 2412 1706 2437 ,
1753 2377 1810 2424 nt

214 2472 319 2512 non
349 2459 739 2527 responderem
766 2460 1234 2530 exprobrantibus
1257 2460 1392 2515 mihi
1414 2461 1554 2516 mala
1587 2479 1598 2515 :
1629 2461 1712 2515 Vel
1740 2477 1808 2516 ne

213 2552 264 2605 in
292 2561 402 2606 toto
426 2552 557 2608 mihi
583 2555 1252 2622 nominareturiniquitas.
1280 2553 1376 2610 His
1397 2570 1528 2624 ergo
1556 2555 1806 2609 veritatis

212 2646 558 2701 sermonibus
587 2646 938 2714 detraxistis,
981 2647 1198 2714 quando
1238 2648 1463 2717 quidem
1497 2663 1583 2702 me
1619 2650 1671 2701 in
1719 2647 1806 2702 liis

210 2753 316 2792 non
341 2738 518 2794 solum
546 2738 817 2804 fallacem,
855 2755 1044 2795 verum
1073 2739 1236 2794 etiam
1262 2739 1315 2793 in
1343 2739 1466 2792 aliis
1493 2740 1656 2794 rebus
1688 2741 1801 2792 cri-

211 2831 481 2887 minosum
511 2832 802 2900 judicaSIis
836 2850 848 2884 :
877 2847 999 2886 cum
1035 2840 1285 2886 vestrum
1316 2831 1501 2886 nullus
1541 2832 1614 2885 ita
1649 2847 1806 2886 mnu-

208 2923 310 2978 dus
335 2925 410 2979 sit
434 2940 463 2978 a
501 2935 728 2995 peccato
747 2970 762 2995 ,
798 2933 858 2980 ut
884 2939 1215 2997 quemquam
1243 2935 1429 2995 posset
1461 2923 1632 2980 libera
1666 2939 1803 2979 con-

207 3018 441 3074 scientia
481 3018 701 3089 increpa
711 3033 793 3073 re.

279 3112 450 3184 Super
469 3111 736 3186 pupillum
757 3111 983 3177 irruitis,
1011 3121 1059 3166 et
1088 3110 1381 3166 subvertere
1402 3109 1631 3164 nitimini
1667 3110 1799 3162 ami-

1915 1892 2226 1947 cumdedisti
2252 1908 2331 1946 me
2356 1892 2599 1946 carcere?
2628 1889 2690 1946 Si
2718 1889 2930 1953 dixero,
2961 1886 3314 1942 consolabitur
3338 1904 3416 1942 me
3437 1888 3510 1941 le-

1912 1987 2080 2041 ctulus
2110 2001 2284 2053 meus,
2311 1994 2360 2040 et
2381 1983 2640 2039 relevabor
2669 1983 2883 2046 loquens
2913 1996 3135 2036 mecum.
3170 1979 3225 2034 Id
3257 1991 3362 2049 est,
3397 1981 3510 2050 pri-

1911 2082 2050 2135 stina
2081 2079 2266 2134 mundi
2311 2078 2470 2134 istius
2513 2079 2880 2144 conversatio,
2917 2090 3026 2132 non
3057 2074 3164 2132 erit
3193 2073 3245 2129 in
3287 2073 3508 2130 homine

1911 2181 2270 2228 commutato.

1981 2263 2048 2319 In
2069 2275 2232 2319 strotu
2258 2280 2370 2319 meo
2401 2262 2610 2318 terrebis
2637 2279 2718 2318 me
2747 2277 2838 2334 per
2857 2262 3082 2324 somnia,
3103 2270 3150 2314 et
3174 2275 3263 2322 per
3286 2259 3504 2314 visiones

1911 2359 2123 2412 horrore
2167 2355 2451 2410 concuties.
2489 2355 2602 2410 Hoc
2644 2371 2674 2408 a
2717 2353 2827 2409 Deo
2869 2351 2972 2408 Job
2999 2367 3058 2406 se
3099 2352 3206 2421 pati
3239 2349 3457 2405 dicebat
3481 2395 3496 2419 ,

1909 2449 2052 2520 quod
2083 2464 2110 2501 a
2135 2447 2479 2502 daemonibus
2509 2446 2814 2516 patiebatur
2846 2464 2859 2500 :
2893 2445 2984 2517 qui
3017 2445 3084 2498 ad
3117 2444 3223 2498 ista
3258 2444 3504 2500 iacienda

1909 2561 1940 2599 a
1967 2543 2081 2599 Deo
2109 2553 2438 2613 acceperant
2465 2550 2794 2610 potestatem
2821 2585 2835 2609 ,
2863 2542 2952 2611 qui
2983 2540 3033 2596 ei
3065 2538 3238 2595 torvis
3265 2538 3506 2592 vultibus

1907 2646 1963 2690 et
1992 2633 2294 2689 minacibus
2322 2633 2443 2688 sine
2471 2631 2638 2686 dubio
2663 2632 3002 2701 apparebant
3031 2631 3084 2685 in
3113 2631 3354 2684 somnis:
3377 2632 3505 2684 stri-

1906 2727 2105 2781 dentes
2125 2725 2287 2780 etiam
2319 2724 2594 2780 dentibus.
2621 2733 2677 2778 et
2705 2722 2772 2777 ad
2795 2722 3168 2779 devorandum
3192 2738 3318 2778 emn
3348 2723 3500 2790 quasi

1906 2836 2000 2875 ora
2030 2820 2357 2890 aperientes,
2377 2829 2434 2890 ut
2457 2817 2691 2872 insolita:
2714 2817 2942 2871 visionis
2966 2817 3197 2872 horrore
3213 2826 3501 2872 excutere-

1905 2923 1992 2968 tur
2023 2914 2072 2966 in
2101 2913 2263 2974 lecto.
2295 2920 2349 2966 et
2377 2910 2824 2988 exspergeiactus
2850 2924 3048 2964 somno
3075 2908 3362 2979 aufugeret
3391 2923 3501 2977 quo

1905 3005 2082 3060 solent
2123 3003 2343 3058 dolores
2372 3003 2523 3057 nimii
2557 2991 2825 3071 mitigari,
2869 3011 2924 3056 et
2950 2999 3310 3056 succederent
3344 3001 3502 3070 juges

1904 3099 2140 3168 vigilim.
2186 3107 2245 3153 ut
2274 3097 2710 3153 intlesimrntibus
2747 3095 3086 3151 cruciatibus
3131 3104 3499 3166 torqueretur.

205 3218 322 3256 cum
361 3183 614 3257 vestrum.
667 3201 1036 3257 Verumtamen
1077 3202 1217 3274 quod
1263 3202 1518 3271 ccepistis,
1579 3200 1797 3270 explete.
1830 3183 1877 3248 C
1909 3193 2035 3250 Sive
2061 3192 2282 3248 vulnera
2313 3207 2436 3261 qua:
2464 3189 2692 3261 vigilans
2721 3188 2898 3245 oculis
2933 3188 3045 3243 suis
3078 3189 3294 3242 videbat
3321 3187 3505 3257 quoti-

207 3291 442 3348 Prwbete
467 3309 668 3360 aurem,
693 3302 738 3346 et
764 3293 931 3348 videte
953 3311 1024 3348 an
1045 3294 1285 3348 mentior.
1304 3293 1624 3348 Desulatum
1649 3290 1801 3347 sciti-

205 3396 292 3443 cct
319 3404 349 3442 a
381 3389 704 3456 parentibus
740 3399 796 3444 et
825 3390 1040 3445 amicis.

277 3480 619 3553 Respondete,
652 3483 879 3551 obsecro,
902 3483 1093 3554 absque
1114 3481 1458 3545 contentione,
1473 3491 1518 3534 et
1539 3482 1799 3552 loquentes

203 3573 257 3626 id
281 3575 418 3644 quod
441 3575 636 3640 iustum
659 3584 762 3640 est,
781 3575 1039 3646 judicate.
1067 3573 1135 3628 Et
1165 3591 1268 3628 non
1308 3574 1574 3628 invenietis
1610 3574 1664 3627 in
1696 3572 1800 3628 lin-

203 3684 302 3737 gua
325 3682 436 3721 meo
455 3667 781 3735 iniquitatem
805 3682 824 3721 :
841 3668 1002 3721 necin
1024 3666 1260 3737 faucibus
1281 3667 1406 3721 meis
1427 3665 1647 3720 stultitia
1673 3683 1793 3735 pcr-

203 3761 429 3816 sonabit.
477 3760 596 3816 Non
634 3761 705 3815 sit
739 3760 1148 3817 contradicendi
1179 3761 1449 3825 studium,
1480 3761 1624 3832 quod
1660 3777 1793 3817 con-

204 3856 458 3911 tentionis
489 3865 714 3927 generat
748 3856 997 3911 morbum
1032 3874 1046 3910 :
1081 3865 1138 3910 et
1167 3855 1241 3910 ita
1273 3856 1487 3909 demum
1530 3853 1792 3909 animosi-

205 3949 329 4002 tatis
353 3948 592 4018 caligine
622 3962 726 4001 non
763 3947 1092 4016 perturbati,
1129 3947 1382 4017 poteritis
1411 3947 1462 4000 in
1497 3962 1584 4002 me
1612 3954 1669 4002 et
1698 3961 1794 4002 vos

203 4042 344 4114 quod
371 4042 577 4113 justum
606 4050 690 4098 est
724 4041 1000 4112 judicare.

795 4181 1025 4238 CAPUT
1067 4182 1180 4238 Vll.

278 4301 476 4357 Militia
497 4311 568 4359 est
597 4305 703 4358 vita
724 4302 948 4360 hominis
973 4320 1132 4373 super
1164 4313 1356 4358 terram
1376 4345 1393 4370 ,
1437 4312 1485 4360 et
1523 4305 1655 4360 sicut
1686 4305 1795 4361 dies

202 4395 529 4463 mercenarii,
557 4395 666 4452 dies
691 4398 825 4468 ejus.
851 4397 1126 4453 Dimicans
1147 4407 1338 4454 contra
1367 4396 1668 4454 invisibiles
1701 4399 1797 4453 ad-

201 4504 496 4546 versartos.

1903 3283 2012 3349 die,
2040 3283 2324 3354 putrisque
2349 3283 2553 3348 sanies,
2584 3281 2956 3350 verminmqne
2981 3279 3265 3334 lltultitudu
3293 3279 3507 3336 discur-

1901 3377 2138 3432 rentium
2171 3393 2265 3445 per
2292 3377 2576 3431 vulnerum
2604 3372 2814 3438 foveas,
2840 3372 2894 3428 in
2924 3372 3132 3429 somnis
3162 3373 3211 3428 ei
3235 3389 3266 3427 a
3299 3371 3506 3428 daemo-

1905 3470 2068 3525 nibus
2095 3469 2635 3524 demonstrabantur.

1977 3563 2325 3631 Quamobrem
2382 3561 2536 3634 elegit
2608 3560 2944 3630 suspendium
3007 3560 3186 3614 animo
3242 3575 3386 3626 meo,
3455 3568 3506 3615 et

1903 3665 2118 3711 mortem
2139 3672 2255 3710 ossa
2280 3671 2410 3709 meo.
2441 3653 2629 3710 Satius
2650 3663 2756 3721 est,
2787 3653 3056 3724 inquit,et
3078 3662 3302 3722 peccato
3328 3652 3498 3709 multo

1902 3748 2273 3818 tolerabilius,
2307 3749 2351 3803 si
2405 3748 2581 3804 victus
2618 3746 2986 3816 cruciatibus,
3037 3746 3106 3802 de
3157 3755 3336 3802 morte
3379 3763 3499 3804 mea

1899 3843 2175 3913 cogitem,
2231 3858 2392 3915 quam
2444 3853 2549 3899 tua:
2618 3841 2890 3912 majestati
2945 3841 3185 3912 irrogem
3247 3839 3504 3912 blasphe-

1899 3935 2083 3989 miatn.

1972 4025 2267 4100 Desperavi.
2316 4027 2657 4100 Nequaquam
2677 4028 2816 4083 ultro
2837 4027 2943 4092 iam
2965 4027 3153 4082 vivam.
3179 4025 3498 4096 Desperavi,

1898 4119 2174 4189 loquendo
2217 4121 2352 4188 lucc,
2396 4137 2517 4192 qua:
2545 4122 2731 4178 dicere
2757 4137 2865 4178 non
2895 4121 3216 4177 debueram.
3261 4119 3368 4175 Pro
3399 4118 3504 4176 hoc

1898 4214 2080 4286 itaque
2115 4216 2311 4284 verbo,
2343 4231 2450 4286 quo
2477 4231 2538 4272 se
2576 4216 2788 4286 lapsum
2820 4216 2874 4271 in
2912 4227 3191 4285 peceatum
3223 4214 3502 4286 deplorat,

1899 4309 2274 4380 pmnilentiam
2306 4309 2451 4364 illico
2475 4309 2771 4377 proﬁtetur
2799 4309 2988 4366 dicens
3016 4326 3032 4364 :

1975 4399 2143 4456 Parce
2162 4401 2310 4465 mihi,
2344 4399 2564 4456 Domine
2586 4418 2606 4457 :
2623 4403 2756 4456 nihil
2775 4402 2912 4458 enim
2933 4411 3054 4457 sunt
3079 4401 3190 4456 dies
3212 4401 3331 4456 mei.
3361 4401 3502 4469 Quid

1901 4500 1974 4546 est
1996 4494 2168 4557 homo,
2193 4494 2316 4562 quia
2345 4494 2646 4565 magniﬁcos
2675 4511 2794 4548 eum
2818 4511 2835 4548 :
2857 4504 2948 4548 aut
2976 4494 3104 4565 quid
3133 4494 3356 4562 opponis
3376 4510 3501 4566 ergo

272 4581 420 4638 Sicut
441 4597 619 4637 cervus
644 4582 908 4637 desiderat
937 4583 1194 4649 umbraut,
1220 4583 1415 4636 etsicut
1437 4583 1789 4636 mercenarius
1824 4577 1870 4638 Ι)
1897 4600 2010 4638 eum
2042 4599 2131 4637 cor
2159 4585 2345 4638 tuum!
2375 4583 2570 4638 Visitos
2603 4601 2719 4638 eum
2749 4585 3007 4649 diluculo,
3037 4587 3089 4640 et'
3114 4587 3279 4640 subito
3306 4588 3494 4658 probos

203 4677 534 4741 prmstolutur
559 4675 716 4743 linem
738 4677 910 4744 operis
938 4677 1022 4729 sui
1049 4691 1068 4730 :
1088 4677 1163 4730 sic
1190 4683 1238 4729 et
1264 4691 1356 4746 ego
1398 4674 1556 4728 habui
1594 4691 1794 4729 menses

199 4778 385 4818 vacuos
405 4808 420 4831 ,
468 4775 516 4817 et
542 4774 717 4819 noctes
748 4765 1038 4820 laboriosas
1070 4766 1364 4818 enumeravi
1401 4763 1549 4818 mihi.
1585 4763 1645 4820 Si
1671 4766 1795 4818 dor-

199 4857 387 4922 miero,
412 4856 584 4910 dicam
606 4857 816 4926 quando
839 4873 1147 4928 consurgam
1162 4858 1242 4911 ἵει
1264 4873 1472 4910 rursum
1493 4857 1794 4930 exspectabo

199 4962 480 5016 tmperam,
507 4957 556 5002 et
586 4948 822 5017 replebor
848 4949 1109 5003 doloribus
1138 4966 1294 5016 usque
1316 4950 1386 5002 od
1413 4952 1670 5004 tenebras.
1696 4949 1794 5004 ln-

199 5041 328 5094 duta
360 5051 434 5095 est
470 5057 594 5095 caro
635 5058 748 5096 mea
790 5043 1091 5112 putredine.
1131 5041 1426 5108 Similiter,
1469 5050 1526 5096 et
1565 5058 1669 5112 ego
1709 5058 1796 5096 mc

197 5133 458 5204 consequi
495 5133 842 5200 arbitrabar,
879 5134 975 5188 sed
1018 5149 1117 5203 pro
1164 5133 1353 5188 umbra
1404 5133 1669 5204 refrigerii
1711 5135 1794 5190 irt—

195 5223 340 5278 curri
370 5231 539 5278 aestus
572 5239 853 5295 poenarum
873 5267 888 5292 ,
926 5233 982 5281 et
1008 5239 1105 5296 pro
1143 5224 1396 5281 mercede
1425 5225 1532 5280 mei
1565 5225 1750 5296 operis
1775 5267 1790 5293 ,

197 5334 401 5375 vacuus
431 5321 699 5376 dimissus
729 5337 874 5377 sum.

268 5413 334 5467 Et
363 5414 600 5470 sordibus
644 5417 868 5489 pulveris
900 5416 1031 5470 cutis
1061 5433 1171 5470 meo
1201 5417 1344 5470 aruit
1369 5459 1382 5483 ,
1438 5425 1486 5471 et
1530 5426 1795 5471 contracto

196 5515 291 5559 est.
326 5505 447 5562 Dies
468 5509 569 5561 mei
597 5509 824 5562 velocius
860 5509 1174 5563 transierunt
1199 5524 1352 5578 quam
1392 5525 1426 5562 a
1452 5519 1656 5562 texente
1689 5509 1795 5562 tela

195 5599 514 5667 succiditur,
561 5612 608 5652 et
637 5601 930 5672 consumpti
978 5608 1097 5654 sunt
1141 5601 1332 5665 absque
1365 5601 1474 5654 ulla
1517 5616 1627 5667 spe.
1676 5600 1793 5654 Me-

195 5699 369 5743 mento
394 5731 408 5754 ,
453 5691 573 5759 quia
621 5703 798 5746 ventus
835 5703 912 5747 est
945 5692 1048 5744 vita
1096 5708 1206 5745 mea
1242 5707 1260 5746 :
1291 5702 1339 5745 et
1369 5709 1471 5745 non
1515 5701 1795 5748 revertetur

191 5781 375 5838 oculus
397 5797 541 5838 meus
564 5795 617 5838 ut
645 5785 817 5839 videat
850 5785 1005 5839 bona.
1042 5784 1154 5840 lloc
1191 5784 1354 5841 etiam
1387 5785 1452 5840 ad
1489 5797 1792 5846 tormento-

1901 4674 2073 4730 illum.
2105 4675 2404 4742 Tamquam
2436 4677 2481 4730 si
2521 4676 2767 4732 diceret:
2796 4678 2848 4731 in
2879 4677 2984 4733 hoc.
3022 4687 3274 4743 tempore
3320 4679 3498 4747 βαδιιί-

1903 4777 2104 4824 tentem
2137 4767 2372 4840 suscipe,
2417 4780 2472 4824 et
2500 4770 2806 4827 obsecranti
2852 4787 2951 4843 pro
2983 4774 3088 4827 Itoc
3133 4773 3334 4828 delicto
3380 4782 3502 4829 esto

1904 4863 2207 4935 placabilis.

1978 4957 2252 5029 Usqquuo
2279 4974 2378 5012 non
2421 4958 2592 5028 porcis
2624 4958 2770 5012 mihi.
2816 4957 2873 5014 ld
2905 4969 3011 5027 εει,
3042 4957 3110 5012 ab
3157 4956 3276 5013 istis
3324 4956 3502 5028 poenis

1904 5050 2034 5106 mihi
2068 5051 2397 5107 insuantibns
2426 5066 2533 5106 non
2563 5051 2810 5108 desistis.

1973 5141 2084 5198 Nec
2113 5144 2328 5199 dimittis
2372 5160 2452 5198 me
2479 5153 2535 5198 ut
2575 5145 2794 5216 glutiam
2835 5145 3053 5200 salivam
3083 5145 3294 5200 meam?
3337 5145 3492 5201 Inter

1899 5245 2096 5290 caetera
2129 5236 2267 5289 mala
2292 5234 2544 5290 dolorum
2574 5245 2630 5292 et
2655 5237 3016 5301 cruciatnum,
3045 5234 3366 5309 synanchim
3399 5235 3499 5290 ba-

1900 5327 2084 5384 bnisse
2113 5342 2173 5383 se
2201 5330 2469 5398 perbibet,
2493 5345 2600 5399 qua
2643 5338 2856 5386 tumore
2883 5329 3102 5386 saucius
3130 5327 3370 5384 hominis
3400 5327 3498 5384 ba-

1899 5419 2030 5474 litus
2059 5419 2458 5486 intercluditur,
2480 5430 2535 5476 et
2555 5436 2704 5491 saepe
2723 5422 2877 5493 quasi
2907 5422 3104 5492 laqueo
3127 5421 3500 5492 strangulatus

1902 5513 2284 5581 exstinguitur.

1977 5605 2212 5659 Peccavi.
2259 5605 2400 5672 Quid
2420 5607 2608 5673 faciam
2634 5608 2746 5677 tibi,
2774 5625 2803 5663 ο
2825 5618 2997 5663 custos
3025 5608 3334 5662 hominum?
3366 5608 3502 5664 Pec-

1901 5701 2016 5754 cavi
2063 5700 2116 5755 in
2152 5699 2234 5753 bis
2264 5715 2383 5770 quae
2430 5701 2538 5756 dixi
2571 5704 2846 5774 superius,
2891 5719 3012 5774 qua:
3046 5719 3133 5758 me
3176 5701 3362 5758 dicere
3390 5716 3500 5760 non

1901 5789 2127 5847 decebat
2159 5808 2174 5846 :
2206 5790 2333 5864 quid
2368 5807 2585 5863 possunt
2617 5794 2796 5853 facere
2826 5796 2954 5862 tibi,
2984 5796 3076 5869 qui
3104 5798 3284 5868 justus
3323 5793 3420 5852 es?
3501 5836 3513 5855 .
