4034 6340
466 302 580 365 633

1254 284 1607 358 serenant
1644 302 1739 358 so
1777 302 2026 357 manu
2064 296 2429 359 SEPTIMUII
2467 300 2530 356 s.
2572 295 2970 355 ulmorum.

548 424 723 494 Quare
761 440 844 479 me
873 424 1091 494 posuisti
1135 423 1458 477 contrarium
1507 421 1599 475 tibi
1618 422 1645 474 .’
1677 419 1884 475 Dedisti
1930 420 2065 474 mibi
2093 422 2143 481 Α
2171 435 2205 473 n
2224 426 2404 483 itum,
2432 426 2712 486 tamquam
2739 415 2963 468 divitiae
2990 428 3117 468 cum
3143 412 3556 476 meretricibus,
3588 411 3645 466 id
3665 422 3799 481 est,

469 519 686 590 copiam
723 516 1113 589 respOndeudi,
1148 526 1205 569 ut
1234 515 1478 569 dicerem
1510 513 1609 567 tibi
1635 532 1648 566 :
1674 513 1836 568 Justo
1864 511 2070 566 hemini

474 628 583 669 non
619 614 947 667 conveniunt
986 624 1183 679 ptume,
1212 624 1333 678 qua:
1362 608 1545 677 potius
1578 607 1961 676 peccatoribus
1993 606 2071 659 ir-

477 718 737 776 rogantur
762 721 778 759 :
800 704 927 759 dum
956 702 1123 757 homo
1160 701 1280 757 haec
1307 701 1435 756 dico
1462 700 1877 757 Deozcreatura
1913 714 2076 755 crea-

481 798 613 859 tori.
642 796 849 866 plasma
878 794 1068 865 ﬁgulo.

549 886 620 942 Et
656 889 831 959 [actus
850 904 967 942 sum
991 887 1333 957 mihimetipsi
1359 888 1552 959 gravis.
1584 884 1719 952 Quia
1750 898 1943 940 servus
1972 883 2076 937 Do-

469 981 621 1040 mino
649 996 771 1038 meo
801 993 909 1036 tam
941 981 1167 1051 querula
1193 996 1332 1036 voce
1360 979 1697 1049 respondere
1726 993 1835 1032 non
1860 977 2051 1032 debui.

542 1072 649 1129 Cur
676 1090 780 1128 non
809 1074 951 1128 tollis
972 1084 1240 1146 peccatum
1266 1090 1461 1139 meum,
1492 1082 1543 1127 et
1565 1088 1727 1143 quare
1755 1088 1859 1126 non
1890 1075 2075 1140 aufers

467 1167 796 1238 iniquitatem
834 1166 1046 1220 meam?
1080 1165 1214 1220 Ecce
1249 1182 1391 1219 nunc
1420 1167 1475 1219 in
1515 1166 1726 1235 pulvere
1768 1164 2028 1217 dormiam
2058 1178 2076 1215 :

469 1255 527 1312 Id
560 1267 671 1323 est,
699 1257 887 1313 aufers
915 1258 1136 1313 dolores
1165 1272 1343 1324 meos,
1368 1272 1466 1326 per
1484 1272 1629 1327 quos
1652 1258 1743 1328 qui
1763 1272 1916 1313 eram
1954 1256 2081 1309 hac-

470 1357 629 1405 tenus
651 1348 859 1421 justus,
902 1364 1047 1405 nunc
1079 1364 1314 1420 peccare
1343 1349 1698 1419 compellor?

545 1440 615 1496 Et
645 1444 691 1496 si
718 1460 873 1498 mane
906 1460 985 1497 me
1008 1445 1301 1513 qutesicris,
1352 1459 1457 1496 non
1498 1444 1799 1499 subsistant.
1836 1443 1970 1498 Post
2000 1444 2080 1498 is-

473 1534 583 1589 tius
611 1533 801 1589 saeculi
831 1545 1077 1602 noctem,
1114 1535 1169 1588 in
1201 1535 1345 1589 illius
1374 1533 1537 1588 futuri
1564 1534 1750 1588 δῖε-σαιί
1781 1533 2077 1602 principio,

473 1625 697 1697 quando
728 1626 832 1681 erit
857 1625 985 1681 felix
1014 1630 1347 1683 resurrectio
1375 1629 1661 1682 beatorum
1688 1645 1703 1682 :
1730 1641 1853 1682 cum
1887 1629 2079 1698 requi-

476 1719 618 1775 situs
647 1716 837 1788 fuero,
864 1734 970 1775 non
1004 1719 1254 1775 inveniar
1284 1738 1298 1774 :
1330 1721 1455 1791 quia
1492 1738 1600 1775 non
1628 1720 1697 1775 ita
1730 1720 1931 1791 dignus
1957 1735 2077 1787 ero,

2178 510 2547 579 voluptilihus
2587 507 2840 570 vivendo,
2886 506 3154 577 prodigus
3203 505 3556 574 dissipasset,
3600 505 3800 574 pani-

2178 601 2313 657 tenti
2360 600 2633 654 occiditur
2677 599 2906 662 vitulus,
2942 595 3200 652 Christus
3235 596 3515 650 :annulus
3560 610 3798 665 quoque

2180 693 2328 759 fidei,
2354 707 2459 761 qua
2478 700 2678 746 cuneta
2698 691 2967 761 promissa
2990 701 3139 744 certa
3167 689 3538 760 impressione
3562 689 3801 760 signara-

2178 793 2286 849 tur,
2318 785 2371 837 in
2399 798 2564 837 manu
2594 782 2648 837 ei
2684 783 2949 837 tribuitur
2976 799 2991 836 :
3017 791 3072 836 et
3100 797 3389 850 gressuum
3424 795 3654 835 suoru-
3689 795 3799 835 ac-

2178 878 2323 946 cepit
2359 877 2733 939 munimenta,
2779 884 2841 928 ut
2880 889 3054 944 super
3093 882 3386 943 serpentes
3431 880 3489 927 et
3532 872 3798 942 scorpios

2178 982 2406 1024 securus
2436 965 2657 1022 incedat
2683 983 2698 1019 :
2733 966 2880 1020 stola
2914 966 3082 1020 etiam
3111 974 3320 1025 eterna
3349 962 3794 1019 immortalitatis

2179 1060 2439 1114 donatur.

2252 1150 2530 1222 Interroga
2558 1150 2693 1204 enim
2725 1151 3117 1221 generationem
3146 1149 3451 1220 pristinam,
3478 1158 3528 1203 et
3549 1148 3795 1222 diligen—

2182 1253 2257 1297 ter
2283 1244 2534 1314 investiga
2579 1252 2790 1312 patrum
2818 1245 3145 1297 messoriam.
3192 1240 3441 1297 Hesterni
3467 1241 3660 1313 quippe
3683 1258 3791 1294 su-

2182 1352 2318 1401 mus,
2345 1344 2397 1390 et
2426 1336 2730 1406 ignoramus
2758 1351 2778 1389 .'
2801 1335 3049 1406 quonimn
3088 1335 3229 1389 sicut
3254 1335 3441 1391 umbra
3467 1334 3581 1388 dies
3608 1332 3789 1387 nostri

2181 1438 2300 1483 sunt
2326 1444 2488 1498 super
2514 1438 2710 1482 terram
2743 1442 2762 1481 :
2784 1428 2887 1495 ipsi
2928 1427 3184 1480 docebunt
3220 1435 3289 1482 te.
3325 1425 3615 1495 Loquatur
3651 1426 3782 1493 tibi,

2183 1529 2230 1574 et
2256 1520 2322 1574 de
2342 1520 2497 1573 corde
2515 1535 2612 1574 suo
2635 1520 2895 1588 profereut
2920 1519 3143 1587 eloquia.
3171 1519 3393 1579 Haec“
3413 1518 3621 1583 dicere,
3643 1518 3788 1586 quia

2184 1629 2284 1668 nos
2310 1613 2552 1669 hesterni
2579 1627 2793 1679 sumus,
2821 1614 3101 1681 interrega
3129 1613 3409 1682 antiquos,
3442 1618 3503 1666 et
3528 1612 3791 1669 invenias

2183 1709 2319 1764 alios
2358 1709 2410 1762 in
2441 1707 2667 1772 diluvio,
2711 1706 2850 1761 alios
2892 1710 2947 1761 in
2994 1704 3257 1770 Sodoma,
3306 1704 3427 1760 sive
3462 1705 3517 1758 in
3545 1704 3791 1763 diversis

475 1811 567 1881 qui
604 1812 911 1866 sanctitatis
942 1814 1143 1866 merito
1172 1813 1465 1867 subsistam
1505 1824 1636 1868 ante
1668 1812 1862 1869 faciem
1900 1821 2073 1868 tuam.

2192 1800 2321 1854 locis
2341 1815 2440 1868 pro
2466 1800 2703 1869 peccatis
2730 1798 2845 1853 suis
2868 1798 3114 1854 diversas
3140 1796 3425 1866 accepisse
3447 1795 3783 1852 sententias.

477 1904 635 1970 Quod
671 1906 716 1958 si
747 1904 945 1962 abhinc
976 1916 1235 1974 peccator
1266 1908 1480 1970 abiero,
1509 1908 1597 1963 cui
1633 1915 1688 1962 ttt
1716 1919 1846 1962 ante
1877 1909 2075 1978 propi-

475 1998 640 2050 tiatus
670 2012 777 2051 non
808 1996 1011 2052 fueris:
1036 2008 1219 2067 postea
1250 2009 1381 2055 ante
1403 2013 1788 2071 conspectum,
1823 2002 1915 2057 ubi
1945 2009 2077 2057 sunt

476 2090 661 2146 carteri
686 2089 886 2159 sancti,
916 2093 1158 2162 amplius
1180 2108 1291 2149 non
1313 2110 1431 2150 ero.

1071 2254 1304 2312 CAPUT
1343 2255 1480 2312 VIII.

549 2363 895 2438 Respondens
920 2375 1095 2424 autem
1117 2368 1325 2423 Baldad
1357 2368 1557 2436 Suites,
1589 2369 1723 2424 dixit
1752 2385 1771 2423 :
1799 2368 2073 2441 Usquequo

475 2456 705 2528 loqueris
728 2460 881 2527 talia,
911 2471 959 2517 et
993 2463 1213 2533 spiritus
1244 2463 1518 2535 multiplex
1545 2464 1800 2519 sermonis
1826 2464 1932 2517 oris
1961 2464 2081 2517 tui?

474 2549 729 2607 Oﬁensus
765 2562 852 2609 est
882 2553 1088 2610 Baldad
1118 2555 1175 2610 in
1204 2556 1553 2612 sermonibus
1593 2558 1770 2611 sancti
1799 2557 1926 2611 Job.
1960 2554 2081 2609 Pri-

477 2658 628 2702 mum
658 2647 783 2718 quia
815 2657 1026 2706 temere
1058 2650 1277 2706 locutus
1303 2650 1497 2706 fuisset
1519 2650 1585 2704 ad
1614 2650 1828 2705 Deum:
1853 2648 2077 2715 deinde,

477 2739 623 2812 quod
649 2740 859 2798 diceret
896 2743 1041 2813 quod
1074 2744 1127 2800 in
1157 2759 1327 2814 regno
1358 2743 1556 2801 fuisset
1607 2744 1825 2800 eteteris
1855 2741 2079 2812 regibus

477 2833 911 2903 prtepollentior,
940 2847 994 2891 et
1022 2836 1167 2907 quod
1200 2834 1340 2891 banc
1370 2838 1582 2906 plagam
1624 2837 1896 2891 innocens
1926 2845 2079 2904 pate-

477 2931 635 2979 retur
661 2931 719 2979 et
747 2933 900 2980 notat
947 2941 1069 2981 eum
1117 2928 1234 2997 ipse
1277 2928 1511 2994 Baldad,
1557 2927 1700 2998 quod
1751 2926 1906 2997 quasi
1957 2941 2068 2981 non

479 3015 657 3071 libera
691 3025 877 3074 mente
914 3028 970 3075 et
1008 3020 1193 3076 sobria
1224 3021 1568 3091 loqueretur,
1602 3019 1700 3076 sed
1743 3020 1937 3076 nescio
1968 3034 2079 3089 quo

477 3106 675 3181 spiritu
708 3111 887 3181 potius
914 3124 1190 3186 ageretur.

2256 1891 2529 1962 Numquid
2554 1891 2718 1945 virere
2760 1900 2925 1963 potest
2954 1892 3158 1959 scirpus
3186 1890 3380 1959 absque
3420 1888 3659 1956 humore,
3685 1896 3791 1943 aut

2183 2000 2410 2039 crescere
2454 1996 2713 2041 carectutn
2759 1986 2875 2042 sine
2900 2001 3060 2056 aqua.
3108 1984 3226 2039 Hoc
3252 1993 3338 2039 est
3384 1982 3575 2038 dicere
3604 1982 3795 2037 :sicut

2182 2079 2402 2147 scirpus
2431 2078 2520 2134 vel
2547 2089 2828 2133 carectum
2858 2079 2983 2134 sine
3010 2092 3153 2147 aqua
3178 2077 3373 2133 vivere
3404 2091 3520 2131 non
3558 2083 3743 2145 potest
3767 2091 3786 2129 :

2183 2171 2255 2225 ita
2288 2181 2342 2225 tu
2384 2172 2506 2226 sine
2532 2171 2779 2228 latueth
2816 2182 2979 2242 atque
3011 2171 3246 2226 humore
3281 2170 3545 2239 justitix,
3573 2182 3793 2239 nequa-

2181 2280 2342 2335 quam
2370 2280 2696 2336 permanere
2722 2266 2780 2321 in
2802 2267 3039 2332 pristina
3068 2264 3333 2321 felicitate
3362 2262 3613 2334 potuisti.

2253 2357 2381 2413 Cum
2415 2357 2594 2413 adhuc
2624 2358 2692 2412 sit
2731 2358 2788 2413 in
2824 2360 2975 2429 ﬂore,
3018 2373 3113 2411 uec
3149 2366 3400 2425 carpatur
3442 2371 3625 2419 manu,
3651 2360 3788 2411 ante

2184 2469 2356 2508 omnes
2376 2452 2563 2508 herbas
2591 2453 2781 2509 arescit
2810 2468 2831 2507 :
2851 2453 2929 2507 sic
2960 2453 3058 2508 uia
3079 2454 3313 2508 omnium
3348 2452 3439 2521 qui
3467 2448 3787 2505 obliviscun-

2184 2555 2270 2600 tur
2302 2546 2493 2602 Deum.
2522 2546 2663 2602 Dicit
2688 2554 2938 2601 sanctum
2968 2545 3097 2611 iob,
3129 2546 3281 2601 velut
3311 2544 3495 2601 herbe
3517 2542 3786 2601 similitu-

2182 2640 2312 2697 dine
2350 2641 2604 2696 ﬂoruisse
2636 2641 2771 2711 :qui
2813 2650 3108 2711 antequam
3136 2640 3206 2693 ad
3239 2639 3616 2693 maturitatem
3652 2634 3789 2690 fun-

2184 2735 2325 2790 datze
2349 2736 2541 2806 gloriae
2571 2735 2905 2804 perveniret,
2956 2734 3007 2789 in
3040 2741 3187 2788 tanta
3220 2733 3360 2788 mala
3402 2728 3783 2802 praecipitatus

2182 2832 2278 2896 sit,
2311 2846 2379 2886 ne
2406 2833 2459 2884 in
2490 2839 2736 2899 tempore
2764 2845 2889 2896 suo,
2921 2828 3080 2899 quasi
3109 2828 3163 2881 in
3191 2825 3534 2895 plenitudine
3560 2824 3782 2880 dierum

2183 2931 2566 2980 consummato
2593 2924 2983 2993 completoque
3017 2921 3411 2976 florentissimo
3434 2934 3631 2990 regno,
3657 2932 3785 2973 sna-

2184 3035 2255 3073 nu
2287 3018 2575 3088 potestatis
2612 3016 2733 3086 Dei,
2779 3015 2964 3085 inqua
3006 3018 3189 3069 omnia
3234 3030 3404 3084 regna
3440 3011 3782 3076 consistunt,

2182 3110 2456 3166 auferetur
2485 3125 2516 3164 a
2546 3110 2771 3165 saeculo.
2814 3108 2958 3178 Ergo
2984 3108 3113 3178 quia
3154 3122 3261 3162 non
3302 3107 3381 3160 ita
3406 3103 3598 3175 egisti,
3630 3114 3689 3159 ut
3716 3102 3778 3157 in

551 3198 825 3274 Numquid
848 3203 985 3259 Deus
1014 3208 1313 3279 supplantat
1329 3208 1613 3281 judicium,
1641 3217 1732 3261 aut
1758 3208 2077 3279 omnipotens
2098 3206 2148 3269 C
2180 3220 2336 3277 pace,
2355 3204 2629 3274 completo
2650 3214 2895 3273 tempore
2918 3212 3012 3255 tuo
3028 3200 3366 3256 conferreris
3389 3201 3442 3254 iu
3462 3198 3781 3268 sepulcrum

475 3291 722 3349 subvertit
742 3298 880 3365 quod
890 3299 1094 3370 justum
1119 3300 1236 3353 est?
1264 3298 1379 3355 iloe
1398 3298 1555 3363 dicit,
1581 3297 1706 3368 quia
1732 3298 1944 3369 justitia
1975 3297 2073 3353 Dei

477 3385 681 3455 pateris
716 3402 840 3457 qua!
868 3390 1115 3445 mereris.

547 3478 772 3537 Etiamsi
793 3481 892 3551 ﬁlii
921 3483 996 3537 tui
1019 3492 1359 3552 peccaverunt
1381 3484 1451 3550 ei,
1476 3492 1523 3536 et
1547 3482 1748 3535 dimisit
1773 3498 1857 3536 eos
1878 3481 1932 3535 in
1962 3496 2073 3533 ma-

474 3587 549 3627 nu
572 3572 858 3645 iniquitatis
887 3589 995 3628 aute
1023 3593 1035 3629 :
1061 3582 1116 3628 tu
1146 3584 1315 3629 tamen
1347 3576 1394 3629 si
1418 3574 1654 3629 diluculo
1681 3574 2071 3629 consurrexeris

476 3664 549 3718 ad
569 3660 761 3728 Deum,
792 3672 841 3719 et
863 3665 1262 3737 omnipotentem
1286 3666 1445 3736 fueris
1477 3666 1785 3736 deprecatus
1810 3681 1830 3718 :
1852 3666 1896 3716 si
1919 3681 2076 3717 mun-

473 3754 576 3810 dus
601 3763 648 3810 et
677 3763 849 3810 rectus
872 3756 1165 3818 incesseris.
1191 3758 1364 3810 statim
1392 3756 1660 3827 evigilabit
1690 3757 1763 3809 ad
1784 3765 1854 3821 te,
1884 3764 1936 3809 et
1955 3772 2078 3828 pec-

476 3856 648 3905 catum
678 3849 855 3904 reddet
893 3848 1247 3905 habitaculum
1264 3851 1490 3924 justitia:
1532 3860 1637 3904 tute
1664 3866 1682 3903 :
1715 3849 1974 3904 intentum
2017 3858 2075 3905 ut

474 3941 522 3996 si
548 3943 730 4012 priora
750 3953 840 3997 tua
861 3946 1057 4013 fuerint
1088 3961 1273 4012 parva,
1305 3954 1355 3999 et
1387 3944 1667 3999 novissima
1696 3954 1788 3999 tua
1818 3944 2076 4016 multipli-

480 4035 867 4100 centurjnimis.
900 4035 957 4090 Si
994 4036 1115 4103 lilii,
1152 4035 1347 4107 inquit,
1379 4037 1457 4090 tui
1498 4034 1767 4091 facientes
1798 4038 1959 4100 mala,
1986 4036 2073 4089 di-

477 4120 631 4179 missi
662 4135 789 4179 sunt
816 4141 845 4179 a
872 4126 1002 4189 Deo,
1047 4137 1105 4181 ut
1133 4137 1373 4197 potestas
1398 4142 1521 4197 qum
1548 4138 1780 4198 propter
1818 4129 2074 4199 iniquita-

481 4221 591 4271 tem
616 4228 805 4271 eorum
838 4215 894 4273 in
925 4233 1021 4272 eos
1048 4218 1174 4275 data
1204 4228 1309 4287 est,
1336 4219 1687 4274 interimendi
1708 4235 1808 4275 eos
1834 4220 2071 4277 haberet

476 4306 755 4372 eli'ectum,
785 4309 881 4365 tibi
911 4312 964 4365 in
986 4312 1144 4367 nullo
1168 4326 1370 4368 nocere
1399 4313 1600 4382 poterit
1625 4331 1637 4366 ε
1662 4313 1709 4367 si
1742 4323 1920 4370 tamen
1952 4315 2072 4386 ipse

473 4399 653 4456 adhuc
674 4400 867 4472 iacens
901 4402 956 4457 in
980 4403 1229 4459 stultitim
1255 4405 1526 4465 etet-imm.
1562 4403 1809 4461 diluculo
1834 4406 1888 4461 in
1915 4408 2073 4478 agni-

478 4490 683 4547 tionem
713 4492 914 4551 divinae
937 4494 1164 4566 justitite
1211 4498 1656 4570 consurrexeris,
1708 4508 1765 4554 et
1816 4514 1916 4569 pro
1966 4501 2073 4556 tuis

2185 3306 2334 3351 tuum
2360 3297 2603 3352 :idcirco
2622 3304 2750 3351 ante
2769 3310 2958 3349 omnes
2984 3294 3206 3353 herbas.
3228 3292 3282 3347 id
3302 3300 3407 3357 est,
3436 3300 3569 3347 ante
3580 3303 3781 3345 omnes

2182 3402 2514 3461 peccatores,
2553 3390 2644 3461 qui
2670 3388 2963 3444 herbarum
3006 3386 3274 3443 vocabulo
3300 3400 3446 3455 saepe
3483 3385 3773 3452 dicuntur,

2179 3482 2313 3538 solis
2350 3482 2546 3537 ardore
2574 3483 2806 3537 siccatus
2833 3496 2894 3537 es
2919 3500 2932 3535 :
2954 3481 3005 3536 id
3050 3488 3153 3547 est,
3187 3497 3311 3535 eum
3336 3477 3642 3535 infidelile
3675 3477 3776 3532 tri-

2181 3575 2548 3632 bulationibus
2598 3576 2763 3632 corde
2808 3576 3047 3633 cessisti.
3092 3574 3247 3642 Quod
3294 3581 3475 3629 autem
3521 3571 3620 3639 ait,
3657 3581 3782 3627 ante

2180 3673 2361 3727 herbas
2382 3690 2557 3728 omnes
2577 3674 2804 3728 arescit:
2826 3671 3074 3743 quisquis
3084 3672 3362 3726 hominum
3384 3670 3670 3729 multarum
3692 3678 3781 3725 est

2178 3766 2542 3838 iniquitatum,
2567 3768 2714 3822 sicut
2733 3777 2791 3822 tu
2811 3781 2896 3832 es,
2918 3782 3030 3836 prie
3052 3767 3293 3837 pondere
3310 3766 3619 3834 criminum,
3644 3775 3773 3822 ante

2179 3858 2373 3929 incipit
2415 3873 2603 3927 pinnas
2640 3858 2790 3913 luere
2822 3872 2985 3928 quam
3013 3859 3196 3913 ceteri
3226 3866 3560 3926 peccatores.

2247 3951 2317 4005 Et
2356 3968 2471 4024 spes
2520 3952 2802 4024 hypocrita:
2841 3950 3045 4022 peribit.
3093 3951 3407 4022 Hypocritte
3450 3948 3763 4004 simulantis

2176 4044 2593 4098 sanctimoniam
2626 4044 2750 4098 vita:
2782 4062 2795 4098 :
2822 4043 2910 4099 hic
2932 4051 3112 4098 autem
3142 4042 3445 4099 secundum
3471 4042 3589 4106 Dei,
3609 4040 3753 4097 sicut

2176 4134 2293 4204 ipse
2314 4134 2411 4197 ait,
2444 4134 2842 4199 testimonium,
2872 4132 3109 4203 simplex
3132 4132 3255 4200 fuit,
3289 4143 3492 4201 rectus,
3519 4141 3571 4188 et
3602 4129 3767 4186 inno-

2176 4242 2309 4282 cens
2340 4243 2353 4279 :
2387 4226 2451 4281 Si
2487 4226 2749 4280 ambulavi
2775 4228 2828 4280 in
2855 4230 3104 4281 uanitate.

2252 4316 2375 4372 Non
2402 4318 2449 4370 ei
2484 4317 2708 4389 placebit
2737 4318 2976 4373 vecordia
3004 4336 3121 4387 sua,
3152 4327 3202 4373 et
3235 4318 3370 4374 sicut
3410 4318 3513 4373 tela
3553 4332 3773 4372 uanu-

2175 4426 2293 4463 rum
2337 4410 2530 4477 ﬁducia
2579 4411 2712 4481 ejus.
2744 4410 2986 4466 Grandis
3031 4427 3219 4467 revera
3265 4410 3519 4467 vecordia
3571 4421 3679 4480 est,
3711 4419 3769 4465 et

2177 4502 2438 4568 amentia,
2474 4504 2619 4568 ficte,
2649 4511 2708 4559 et
2746 4504 3000 4559 simulate
3029 4519 3193 4575 agere
3227 4513 3356 4560 ante
3387 4504 3558 4559 Deum
3590 4502 3773 4574 :quod

477 4585 755 4642 erroribus
782 4596 838 4643 et
866 4588 1083 4645 delictis
1111 4590 1277 4647 Deum
1296 4631 1313 4659 ,
1344 4591 1434 4662 qui
1462 4590 1644 4645 omnia
1671 4601 1852 4661 potest
1876 4606 2075 4648 conce-
2101 4597 2155 4658 Β
2178 4596 2258 4650 eis
2301 4594 2353 4649 in
2399 4609 2719 4665 prosperum
2759 4611 2867 4649 non
2902 4595 3186 4664 procedet,
3230 4608 3354 4650 cum
3386 4594 3484 4649 ille
3504 4602 3775 4649 scrutator

474 4676 629 4747 dere,
663 4678 832 4736 fueris
857 4680 1201 4752 deprecatus.
1243 4683 1346 4752 Qui
1390 4683 1545 4754 quasi
1574 4683 1816 4738 dormire
1847 4683 2072 4739 videba-

478 4784 582 4837 tur.
615 4791 723 4831 non
753 4776 1027 4831 audiendo
1050 4788 1103 4833 Ie
1131 4777 1406 4844 videlicet,
1455 4793 1561 4834 nec
1587 4777 1850 4843 videndo,
1881 4776 2072 4833 confe-

475 4870 599 4926 stim
628 4870 909 4941 evigilabtt
936 4873 1002 4927 ad
1027 4882 1099 4937 te,
1123 4882 1179 4928 et
1206 4873 1273 4926 ad
1306 4871 1719 4944 przrparsndam
1754 4869 2069 4925 felicitatem

475 4973 620 5019 tuam
640 4964 883 5019 instabit.
907 4962 1181 5019 Intantuut
1203 4976 1260 5019 ut
1280 4967 1323 5019 si
1350 4966 1528 5032 priora
1548 4972 1637 5017 tua
1657 4962 1859 5018 fuerint
1877 4977 2068 5030 parva,

476 5058 771 5112 novissima
797 5067 881 5110 tua
905 5058 1333 5126 multiplicemur
1360 5059 1540 5112 nimis.
1565 5058 1620 5113 Si
1643 5072 1780 5127 ergo
1801 5057 1867 5111 ad
1897 5057 2069 5111 Deum

477 5164 785 5205 conversus
816 5151 1009 5221 fueris,
1063 5149 1257 5216 inquit,
1287 5150 1357 5204 ab
1396 5150 1794 5221 iniquitatibus,
1844 5159 2076 5220 propter

481 5255 616 5314 quas
659 5258 802 5296 nunc
833 5256 1022 5312 pmttas
1044 5243 1271 5312 pateris,
1300 5254 1353 5296 et
1385 5257 1481 5311 pt-r
1500 5240 1926 5297 satisfactionem
1947 5258 2073 5297 eum

481 5350 579 5407 pro
611 5336 822 5391 meritis
848 5337 960 5391 tuis
1007 5336 1103 5392 tibi
1153 5335 1309 5391 valde
1341 5338 1533 5391 iratum
1577 5338 1935 5393 reconciliare
1974 5352 2074 5393 vo-

481 5428 651 5485 lueris
681 5447 695 5483 :
728 5440 932 5483 tantam
957 5430 1075 5499 Pjtts
1107 5435 1332 5497 gratiam
1360 5431 1621 5485 continuo
1652 5430 1982 5499 possidebis,
2016 5439 2076 5484 ut

483 5519 550 5575 ad
573 5522 1035 5590 comparationem
1071 5523 1490 5577 novis~itnorum
1519 5523 1786 5577 bonorum
1824 5531 2069 5588 tuorum,

481 5623 600 5678 quae
653 5611 748 5664 tibi
798 5611 979 5667 subito
1025 5615 1223 5680 p0terit
1264 5629 1645 5683 compensare,
1692 5616 1877 5683 priora
1940 5616 2074 5668 satis

477 5708 667 5768 parva,
694 5708 748 5754 et
776 5701 994 5756 minima
1024 5703 1378 5771 deputentur.
1401 5710 1547 5770 Quos
1577 5715 1895 5777 peccatores
1918 5705 2064 5759 Illius

489 5781 586 5848 ιιιο
618 5784 800 5855 iunior
836 5791 889 5845 in
923 5791 1219 5861 Evangelia
1249 5794 1511 5865 figuravit,
1553 5797 1641 5865 qui
1692 5809 1817 5851 cum
1872 5792 2071 5851 bonum

465 5940 505 5965 μ

2173 4689 2246 4743 sit
2273 4687 2458 4743 cordis
2494 4695 2550 4742 et
2581 4688 2749 4743 renis.
2780 4686 3026 4742 Tales-in
3058 4686 3378 4758 Evangeliis
3420 4694 3767 4755 arguuntur:

2178 4782 2267 4851 qui
2294 4792 2420 4835 sunt
2449 4781 2627 4835 ornati
2660 4778 2868 4835 deforis
2904 4779 3062 4850 quasi
3113 4780 3300 4848 specie
3348 4779 3685 4845 sanctitatis,
3714 4787 3770 4834 et

2177 4872 2324 4926 intus
2353 4872 2558 4941 peccati
2583 4871 2874 4940 putredine
2903 4872 3051 4943 pleni
3074 4882 3224 4938 sunt,
3249 4879 3309 4927 ut
3333 4871 3593 4943 sepulcra
3626 4885 3774 4925 mor-

2184 4974 2423 5020 tuarum.

2254 5057 2516 5112 Innitctur
2542 5073 2701 5127 super
2737 5059 2949 5113 domum
3001 5074 3173 5123 suam,
3204 5065 3385 5113 etnon
3413 5057 3592 5112 stabit.
3621 5055 3768 5112 Con-
3793 5065 3797 5068 ’

2183 5149 2486 5217 lideudojn
2530 5150 2734 5219 seipse,
2778 5160 2836 5205 et
2869 5150 3251 5205 confirmando
3286 5165 3514 5207 carnem
3554 5149 3768 5205 brachii

2179 5244 2264 5299 sui
2296 5263 2309 5297 :
2342 5251 2492 5299 stare
2521 5257 2630 5297 non
2660 5244 2862 5310 poterit
2896 5244 3030 5299 :sed
3065 5245 3237 5315 magis
3287 5244 3444 5300 cadet
3488 5244 3765 5314 superbia.

2181 5336 2315 5404 Quia
2348 5336 2512 5390 omnis
2538 5350 2665 5389 caro
2707 5336 2883 5406 fenum
2914 5344 3009 5389 est.

2254 5427 2461 5484 Fulciet
2506 5445 2644 5494 eam,
2684 5436 2733 5482 et
2769 5444 2871 5481 non
2911 5436 3210 5498 consurget.
3251 5425 3491 5482 Conatur
3536 5425 3772 5497 propriis

2182 5521 2389 5577 viribus
2415 5536 2474 5575 se
2504 5522 2737 5591 erigere,
2770 5519 2865 5574 sed
2916 5534 3256 5589 nequaquam
3301 5533 3637 5588 consurgere
3671 5534 3772 5588 po-

2184 5618 2308 5668 terit
2336 5629 2350 5667 :
2379 5611 2504 5683 quia
2529 5621 2742 5666 nonest
2772 5612 3029 5665 Dominus
3064 5610 3326 5666 fortitudo
3349 5612 3495 5681 ejus.
3531 5610 3585 5665 In
3612 5626 3772 5682 quem

2182 5707 2567 5761 incumbentes
2598 5703 2912 5760 ﬁrmissime
2936 5706 3306 5759 continentur.

2256 5791 2544 5853 Httmcctus
2564 5795 2773 5850 “vidttur
2801 5802 3077 5867 antequam
3104 5796 3272 5853 t'eulat
3298 5794 3397 5852 sol.
3430 5791 3769 5853 Felicitatem
