4034 6316
282 288 397 363 657

1229 296 1714 363 ωωιιιιγι·,ιειιι
1749 298 1817 357 ιιι
1850 296 2125 357 LIBRUM
2156 302 2305 357 JOB.
2346 301 2503 363 CAP.
2532 300 2641 357 «1X.

3478 302 3594 377 358

279 408 668 480 prosperantis
710 406 951 471 hominis
982 408 1122 464 dicit
1153 426 1168 465 :
1198 410 1292 481 qui
1321 426 1443 465 cum
1482 420 1620 466 testu
1654 411 1886 467 tribula-
1909 414 1966 481 Α
2063 414 2165 483 Qui
2192 416 2414 471 oderunt
2442 427 2511 480 te,
2547 382 2834 475 inducatur
2866 417 3194 489 confusione.
3220 416 3365 481 Cum
3394 418 3584 490 utique

280 503 460 559 tionis
495 518 790 573 percussus
821 502 1009 571 fuerit,
1043 505 1468 563 adversitatibus
1508 504 1797 576 frangitur,
1830 516 1885 567 et

282 596 469 653 omnis
498 598 651 653 νει-οι·
696 598 940 668 pristinae
977 598 1096 669 ejus
1128 599 1354 667 laetitiae,
1401 611 1760 670 consumptus
1787 601 1883 655 tri-

285 692 439 749 Stitia
469 693 802 747 exsiccatur.

359 783 425 837 Et
448 784 504 837 in
534 793 655 838 ortu
676 800 773 838 suo
790 800 999 854 germen
1026 787 1141 858 ejus
1165 785 1478 859 egredietur.
1500 784 1558 841 In
1582 785 1881 856 principio,

279 874 482 950 inquit,
514 878 791 934 felicitatis
820 893 936 933 sua
965 889 1220 948 peccator
1245 893 1512 949 prospere
1538 894 1704 949 agere
1730 878 1883 934 vide-

282 972 397 1040 tur,
447 970 541 1025 sed
575 985 683 1026 non
730 970 1099 1040 permanebit,
1140 972 1367 1026 virentis
1410 970 1594 1028 herbae
1641 971 1881 1027 similis:

285 1062 412 1119 hinc
440 1074 523 1119 est
552 1065 831 1132 repentina
853 1063 1197 1133 incunditas,
1231 1064 1371 1119 sicut
1400 1064 1453 1118 in
1480 1062 1688 1133 psalmo
1714 1081 1727 1116 :
1755 1063 1885 1119 Cum

287 1156 458 1210 exorti
488 1155 684 1227 fuerint
723 1165 1022 1228 peccatores
1061 1167 1116 1209 ut
1162 1156 1363 1225 fenum,
1404 1165 1454 1210 et
1488 1157 1883 1226 apparuerint:

283 1231 342 1303 id
390 1259 493 1314 est,
528 1250 681 1304 velut
724 1249 910 1305 herbae
951 1252 1002 1304 in
1051 1250 1288 1305 virorem
1335 1251 1540 1306 Iustitiae
1589 1253 1883 1319 prtesentis

281 1343 614 1397 emerserint
649 1360 660 1395 :
690 1358 813 1396 mox
844 1343 1174 1399 adveniente
1201 1353 1452 1399 caumate
1482 1344 1757 1413 peribunt.
1791 1346 1881 1401 Ju-

281 1444 401 1488 stns
451 1450 586 1488 vero
627 1450 733 1489 non
777 1436 850 1488 ita
899 1448 953 1488 ut
987 1435 1165 1491 fenum
1202 1437 1419 1491 llorebit
1454 1456 1468 1491 ε
1501 1438 1610 1503 cui,
1654 1448 1713 1493 ut
1742 1437 1881 1506 dixi,

279 1536 639 1598 peccatorum
669 1514 841 1595 gloria
874 1539 1225 1591 comparatur
1252 1531 1379 1586 :sed
1405 1530 1546 1584 sicut
1574 1531 1749 1597 palma
1782 1529 1882 1585 llo-

281 1616 451 1679 rebit,
486 1620 658 1687 inquit
694 1619 979 1686 propheta.
1013 1619 1145 1687 Quze
1187 1621 1262 1674 ita
1307 1620 1359 1673 ἱί
1413 1620 1749 1689 profundum
1796 1630 1882 1676 est

282 1710 567 1766 radicibus
600 1711 862 1774 stabilita,
897 1725 951 1764 ιιι
980 1729 1081 1768 nec
1106 1723 1486 1782 tempestatem
1521 1725 1746 1781 metuat,
1782 1732 1881 1772 ttcc

1990 506 2114 559 talis
2159 504 2350 570 fueris,
2382 508 2599 578 qualem
2640 508 2756 563 dixi
2792 510 3080 577 superius,
3112 512 3203 582 qui
3237 511 3472 577 oderunt
3508 521 3585 579 te,

1990 598 2184 652 merito
2218 601 2348 653 conf
2349 602 2642 655 nudentur.

2059 690 2128 746 Et
2158 693 2548 748 tabernaculum
2588 694 2868 766 impiorum
2916 712 3018 751 non
3064 696 3324 752 subsistet.
3366 695 3445 753 De
3486 695 3590 757 Job

1986 783 2207 850 quidam
2251 787 2356 839 hoc
2384 785 2539 851 dicit,
2571 785 2667 839 sed
2697 786 2922 842 fallitur.
2955 786 3090 843 Nam
3121 786 3471 843 manifestum
3503 795 3592 843 est

1986 876 2394 933 tabernaculum
2425 878 2721 949 impiorum
2756 880 3057 949 periturum
3090 881 3144 935 in
3183 890 3452 936 aeternum
3490 897 3503 933 :
3533 879 3588 937 id

1986 977 2095 1038 est,
2127 969 2426 1036 diabolum,
2460 980 2514 1025 et
2542 972 2823 1027 ministros
2853 972 2997 1042 ejus,
3032 973 3117 1026 vel
3145 972 3311 1028 etiam
3345 985 3591 1045 presens

1986 1061 2267 1116 smculum.

2605 1130 2835 1188 CAPUT
2873 1130 2967 1186 IX.

2062 1246 2128 1300 Et
2175 1246 2487 1319 respondens
2511 1245 2632 1313 Job,
2661 1248 2735 1301 ait
2772 1262 2793 1303 :
2830 1246 2963 1301 l'ere
2985 1248 3095 1305 scio
3122 1248 3261 1317 quod
3304 1250 3377 1302 ita
3406 1248 3496 1315 sit,
3541 1255 3589 1302 et

1984 1341 2126 1411 quod
2151 1358 2255 1394 non
2276 1341 2601 1412 justiﬁcetur
2622 1338 2778 1393 homo
2808 1341 3121 1410 compositus
3151 1338 3281 1395 Deo.
3310 1340 3371 1395 Si
3401 1340 3580 1394 uolue-

1985 1434 2055 1487 rit
2081 1434 2387 1487 contendere
2412 1449 2531 1486 cum
2561 1448 2641 1496 co,
2685 1449 2787 1484 non
2818 1432 3005 1501 poterit
3032 1432 3343 1503 respondere
3361 1431 3407 1485 ei
3428 1447 3591 1487 unum

1984 1542 2078 1597 pro
2124 1524 2283 1577 mille.
2342 1524 2572 1594 Sapiens
2616 1525 2770 1578 corde
2818 1532 2911 1587 est,
2955 1532 3002 1576 et
3044 1523 3195 1594 {ortis
3226 1522 3428 1576 robore.
3464 1522 3583 1589 Noli

1984 1632 2118 1683 ergo
2149 1616 2215 1669 de
2247 1632 2332 1670 me
2362 1616 2432 1670 ita
2462 1616 2780 1669 existimare
2805 1614 2947 1685 quod
2978 1630 3080 1686 ego
3108 1619 3302 1668 saltem
3342 1605 3583 1683 cogitare

1987 1710 2089 1763 hoc
2115 1710 2367 1775 audeam,
2402 1724 2525 1764 cmn
2552 1710 2719 1763 sciam
2751 1711 2873 1779 quia
2922 1719 3173 1763 creatura
3201 1707 3451 1762 Creatori
3481 1721 3583 1773 suo

277 1787 414 1857 solis
443 1804 693 1858 ardorem
726 1804 1004 1863 formidet.
1042 1808 1105 1860 Et
1136 1824 1259 1861 cum
1282 1809 1384 1863 Sub
1406 1820 1621 1863 sacrato
1653 1827 1878 1866 numero
1906 1793 1958 1865 Β
1987 1803 2035 1853 in
2066 1802 2219 1855 nullo
2245 1802 2417 1870 possit
2448 1800 2661 1870 penitus
2710 1802 3032 1869 comparari.

282 1896 353 1951 ad
385 1910 604 1953 centum
639 1913 809 1966 usque
846 1899 1020 1955 nodos
1052 1902 1386 1970 pervenerit,
1423 1903 1623 1967 quibus
1652 1905 1881 1967 altitudo

287 1989 414 2058 ejus
443 1989 615 2044 solide
639 1992 953 2045 continetur
979 2010 993 2047 :
1018 2002 1147 2047 tunc
1179 1992 1385 2048 fructus
1406 1994 1601 2049 afferet
1627 1996 1882 2049 dulcissi-

288 2070 419 2132 mos
447 2078 749 2145 charitatis,
775 2082 828 2135 in
855 2098 1068 2137 summo
1097 2085 1308 2138 scilicet
1341 2084 1694 2153 perfectionis
1727 2086 1880 2141 fasti-

281 2171 397 2241 gio,
429 2188 540 2242 quo
560 2188 619 2227 se
642 2189 741 2244 per
763 2175 1098 2230 incrementa
1126 2177 1409 2242 virtutum,
1441 2179 1596 2248 quasi
1630 2194 1728 2248 per
1758 2180 1878 2247 plu-

279 2255 546 2319 rimorum
578 2266 844 2336 quasdam
875 2274 1064 2322 :etates
1102 2283 1366 2323 annorum
1399 2270 1719 2327 ascendisse
1760 2272 1879 2342 glo-

281 2352 483 2412 riatttr.

350 2448 529 2518 Super
553 2467 793 2504 acervum
813 2461 1078 2521 petrarum
1105 2455 1304 2507 radices
1334 2458 1447 2527 ejus
1484 2455 1874 2525 densabuntur,

282 2548 334 2595 et
360 2541 499 2594 inter
526 2543 725 2610 lapides
750 2545 1174 2598 commorabitur.
1207 2544 1472 2611 Quoniam
1501 2547 1714 2602 radices
1757 2547 1878 2617 ejus

280 2631 333 2686 in
358 2641 500 2687 terra
525 2633 667 2687 bona
694 2635 964 2701 solidatur,
990 2645 1049 2690 ut
1065 2637 1272 2692 fruetus
1298 2638 1575 2708 patientia:
1592 2638 1874 2705 afferrent,

280 2742 391 2781 non
442 2728 699 2798 figentur,
733 2728 828 2785 sed
875 2745 1039 2800 super
1087 2746 1346 2785 acervum
1394 2734 1563 2802 magis
1595 2741 1875 2801 petrarum

281 2819 732 2889 cuarctabuntur,
780 2835 889 2874 non
923 2822 1177 2876 habendo
1229 2822 1339 2877 illic
1375 2823 1496 2875 vila-
1543 2823 1873 2878 humorem:

278 2911 584 2967 moriturus
626 2912 811 2982 utique
842 2912 995 2984 prius
1024 2914 1278 2968 ariditate
1310 2916 1451 2968 sicca
1465 2916 1628 2968 bitur.

352 3002 418 3056 Et
451 3004 584 3057 inter
608 3003 811 3073 lapides
850 3007 1273 3060 coriunorabitur.
1307 3006 1716 3077 Metaphoricms
1742 3026 1755 3061 :
1785 3008 1868 3062 la-

276 3094 457 3166 pides,
494 3095 763 3162 infideles,
794 3105 849 3150 et
876 3096 996 3150 duri
1024 3097 1206 3152 cordis
1250 3098 1351 3152 hoc
1383 3098 1501 3153 loco
1531 3110 1761 3169 possunt
1793 3100 1877 3152 iu-

2060 1894 2190 1964 Quis
2218 1898 2401 1950 restitit
2423 1896 2490 1957 ei,
2522 1905 2568 1947 et
2596 1912 2773 1966 pacem
2802 1895 3015 1949 habuit?
3035 1892 3167 1967 Quis
3192 1903 3383 1949 c0utra
3412 1894 3579 1959 Deum

1983 2008 2148 2059 agens
2182 2007 2288 2043 non
2319 1989 2420 2045 sibi
2450 1989 2656 2045 bellum
2686 1988 2780 2043 irae
2808 1989 2927 2063 ejus
2957 1988 3274 2054 commovit,
3303 1990 3449 2044 sicut
3475 1987 3581 2041 Da-

1984 2083 2113 2135 tlian
2138 2092 2191 2135 et
2210 2082 2430 2136 caeteri?

2059 2175 2161 2239 Qui
2187 2174 2456 2227 transtulit
2478 2185 2696 2240 montes,
2725 2183 2775 2229 et
2798 2173 3084 2229 nescierunt
3109 2174 3309 2246 [liquos
3333 2173 3584 2228 subvertit

1980 2268 2035 2321 in
2057 2267 2236 2337 furore
2263 2284 2379 2321 suo.
2413 2267 2517 2333 Qui
2547 2279 2825 2321 commovet
2854 2279 3045 2320 terram
3071 2266 3136 2320 de
3171 2266 3284 2319 loco
3312 2282 3429 2321 suo.
3466 2265 3581 2321 Me-

1981 2359 2301 2428 L’tphOl‘ijS
2328 2370 2539 2413 montes
2560 2358 2814 2413 homines
2834 2398 2846 2420 .
2875 2361 2992 2413 sive
3024 2358 3207 2429 angeli
3239 2356 3581 2428 intelligendi

1980 2462 2106 2506 sum
2134 2470 2145 2506 :
2172 2468 2403 2521 quorum
2444 2452 2607 2505 elatio
2641 2453 2835 2506 mentis
2882 2449 3154 2505 infantum
3187 2450 3473 2516 intumuit,
3521 2459 3580 2504 ut

1980 2545 2214 2599 excelsis
2243 2543 2519 2597 montibus
2546 2554 2961 2613 comparentur.

2053 2635 2120 2690 Et
2145 2639 2399 2691 columnae
2424 2638 2540 2707 ejus
2569 2639 2959 2691 concutiuntur.
2982 2634 3281 2692 Columnas
3308 2634 3416 2691 hoc
3440 2632 3581 2691 loco

1981 2728 2399 2798 prostabilitale
2424 2740 2585 2784 terrae
2614 2729 2987 2800 intelligamus
3010 2748 3023 2784 :
3048 2746 3209 2799 quam
3238 2730 3381 2786 Deus
3408 2746 3576 2801 super

1980 2820 2329 2890 semetipsum
2358 2819 2791 2874 immobilissima
2828 2823 2972 2876 mole
3000 2820 3274 2876 fundavit.

2054 2910 2159 2977 Qui
2188 2914 2428 2984 prtm'ipit
2463 2912 2598 2977 soli,
2630 2923 2675 2968 et
2706 2930 2808 2967 non
2849 2915 3035 2980 oritur,
3072 2923 3121 2967 et
3162 2913 3344 2968 stellas
3386 2914 3582 2968 claudit

1981 3005 2129 3071 quasi
2159 2987 2581 3077 subisignaculo.
2615 3003 2717 3071 Qui
2739 3007 2971 3059 extendit
3001 3007 3155 3059 cmlos
3178 3004 3349 3073 solus,
3381 3016 3428 3058 et
3458 3023 3582 3077 gra-

1982 3096 2123 3150 ditur
2152 3115 2307 3167 super
2335 3101 2527 3169 ﬂuctus
2568 3098 2746 3152 maris.
2794 3097 2901 3152 Per
2930 3098 3339 3153 vicissitudines
3378 3098 3488 3154 diei
3524 3106 3582 3155 et

277 3187 452 3259 telligi
487 3206 500 3242 :
541 3189 682 3245 inter
716 3205 856 3260 quos
897 3191 1123 3261 quisque
1158 3201 1412 3261 peccator
1442 3194 1876 3250 commorabitur
1906 3180 1956 3246 ε
1987 3197 2192 3257 noctis;
2221 3192 2590 3261 dispositione
2614 3191 2710 3247 Dei
2737 3190 3095 3262 gubernantis
3118 3191 3308 3246 omnia
3336 3192 3580 3263 quotidie

274 3280 403 3334 vita:
446 3280 802 3335 similitudine
847 3283 1165 3353 cozeqzalis,
1213 3283 1303 3350 qui
1348 3285 1518 3338 Deum
1573 3296 1626 3338 ιιι
1676 3285 1875 3339 stolida

275 3370 497 3425 metalla
529 3386 637 3426 non
669 3374 933 3427 sentiunt.
970 3374 1077 3428 Aut
1102 3385 1258 3429 certe
1284 3375 1493 3444 lapides
1523 3386 1741 3443 peccata
1772 3393 1872 3430 no-

275 3462 521 3516 minavit.
564 3461 720 3520 Unde
752 3464 1017 3534 propheta
1048 3467 1123 3520 ait
1152 3484 1166 3519 :
1200 3465 1391 3521 Tollite
1420 3468 1617 3538 lapides
1653 3469 1716 3521 de
1746 3470 1827 3522 via
1854 3485 1872 3524 :

273 3553 326 3608 id
356 3563 463 3621 est,
486 3554 553 3609 de
576 3557 657 3610 via
689 3568 895 3612 sanctae
919 3558 1359 3613 conversationis
1385 3559 1595 3613 auferte
1620 3569 1869 3629 peccata.

350 3648 412 3704 Si
439 3649 764 3705 absorbuerit
788 3668 903 3705 eum
931 3652 995 3707 de
1034 3651 1151 3705 loco
1172 3669 1290 3720 suo,
1321 3655 1527 3726 negabit
1558 3671 1693 3723 eum,
1724 3664 1771 3708 et
1793 3654 1876 3708 di-

273 3749 349 3794 cct
378 3754 399 3793 :
426 3738 547 3794 Non
594 3743 710 3795 ttut‘l
739 3750 804 3795 te.
837 3743 970 3795 Cum
1006 3743 1072 3798 de
1104 3742 1204 3797 hac
1229 3744 1333 3797 vita
1363 3746 1429 3797 ad
1471 3745 1587 3798 loca
1621 3747 1867 3815 squalida

273 3832 568 3887 inferorum
606 3832 1025 3889 transferendus
1069 3836 1361 3903 absmptus
1390 3835 1548 3890 fuerit
1579 3853 1593 3889 :
1620 3836 1870 3906 indignus

271 3923 459 3992 utique
482 3926 795 3993 coiispectui
826 3924 920 3979 Dei
936 3939 1059 3980 esse
1082 3925 1391 3994 negabitur.
1407 3925 1586 3981 Larus
1609 3927 1867 3992 hominis,

271 4014 380 4072 dici
433 4026 612 4086 potest
662 4018 900 4086 qualitas
946 4019 1417 4085 convchatiOnis;
1469 4019 1562 4075 ubi
1614 4022 1698 4076 vel
1743 4021 1867 4075 vitae

268 4124 490 4179 genere,
525 4112 613 4166 vel
645 4124 829 4168 mente
857 4113 1109 4169 consistit
1144 4131 1156 4166 :
1193 4112 1246 4167 id
1276 4122 1382 4177 est,
1426 4114 1739 4182 disciplina,
1770 4115 1854 4171 vel

271 4203 440 4271 gratia
472 4219 632 4272 quam
683 4206 921 4274 accepit,
956 4214 1048 4259 aut
1086 4206 1251 4275 elegit
1281 4208 1499 4259 sectari.

346 4291 474 4347 Htec
511 4304 588 4349 est
630 4296 765 4349 enim
801 4297 984 4351 ltrtitia
1028 4298 1125 4350 via!
1151 4299 1262 4368 ejus
1290 4313 1309 4351 .'
1341 4298 1592 4354 lronicms
1623 4298 1863 4355 dicitur:

271 4384 389 4442 lta‘c
418 4397 502 4445 est
540 4389 727 4444 laetitia
770 4392 870 4443 via:
918 4391 1076 4459 ejus:
1108 4392 1250 4445 velut
1297 4392 1341 4444 si
1393 4391 1641 4446 diceret:
1678 4392 1767 4448 Sic
1812 4393 1864 4447 in

266 4477 427 4533 bonis
458 4479 736 4551 operibus,
768 4480 993 4551 Deoque
1026 4482 1366 4551 placentibus
1396 4482 1702 4536 ambulavit
1731 4482 1859 4537 dum

265 4572 475 4628 viveret
509 4592 524 4628 :
555 4585 612 4629 ut
642 4575 710 4629 ad
753 4589 1024 4629 :rrunmas
1055 4588 1318 4643 perpetuo
1346 4577 1679 4643 perueniret.

338 4664 406 4720 Ut
438 4682 645 4721 rursum
674 4666 738 4721 tle
760 4675 899 4725 terra
932 4667 1027 4737 alii
1068 4667 1443 4737 germinentur.
1479 4665 1633 4720 Facit
1672 4667 1863 4737 utique

261 4754 429 4820 Deus,
473 4767 534 4811 ut
572 4757 757 4829 justus
805 4758 991 4825 ju‘dex,
1040 4757 1168 4812 dum
1209 4757 1429 4813 .ludzeos
1474 4756 1787 4813 incredulos
1832 4773 1861 4813 a

261 4851 719 4919 promissionihus
759 4867 878 4918 uiue
908 4852 961 4904 in
993 4850 1211 4905 Christo
1257 4858 1409 4913 sunt,
1446 4859 1669 4918 prapter
1701 4852 1864 4919 perli-

262 4941 408 4994 diam
442 4942 702 5009 exclusit,
738 4952 793 4997 et
816 4954 1010 5013 gentes
1042 4951 1267 5012 propter
1293 4942 1662 4997 obedientiam
1694 4945 1865 4997 intro-

258 5034 427 5088 misit.
452 5034 578 5089 Sive
611 5036 666 5090 in
691 5036 811 5090 loco
832 5036 986 5091 indm
1016 5036 1296 5091 Maltltiutlt
1322 5038 1688 5103 constituens,
1712 5036 1856 5105 iusta

254 5122 456 5193 judicia
487 5140 583 5180 sua
627 5126 943 5182 declaravit.

330 5220 468 5273 Deus
492 5238 594 5274 non
622 5223 859 5292 projieiet
893 5222 1201 5293 simplicem,
1232 5236 1324 5274 nec
1374 5220 1607 5291 porriget
1634 5236 1851 5275 manum

254 5314 526 5382 malignis.
550 5315 607 5369 ld
636 5316 767 5371 dicit
794 5336 804 5367 :
832 5332 937 5371 non
960 5319 1112 5386 juvat
1144 5325 1205 5371 nt
1233 5316 1478 5371 faveatur
1500 5318 1857 5386 operantibus

254 5402 626 5475 iniquitatem,
661 5418 715 5461 et
745 5418 927 5465 tamen
954 5408 1192 5479 porriget
1226 5424 1443 5462 manum
1471 5407 1693 5477 pietatis
1716 5426 1850 5477 suae,

255 5506 317 5552 ιιι
346 5510 668 5569 peccatores
693 5503 759 5556 ad
792 5505 1166 5574 pcenitentiam
1215 5513 1521 5558 convertat.

286 5598 304 5606 “
329 5589 508 5645 Donec
530 5593 811 5662 impleatur
839 5595 949 5649 risu
995 5610 1049 5648 o»
1080 5604 1249 5662 tuum,
1284 5605 1331 5649 et
1365 5595 1503 5649 labia
1540 5603 1631 5648 tua
1650 5596 1851 5666 jubilo.
1888 5647 1897 5653 .

255 5676 316 5739 In
346 5683 482 5747 risu,
526 5683 770 5740 lmtitiam
803 5686 985 5742 cordis
1031 5686 1293 5757 intellige.
1330 5687 1386 5743 lu
1425 5688 1621 5759 jubilo,
1664 5702 1850 5745 vocem

250 5769 573 5833 exsultantis
597 5776 843 5833 adverte.

1982 3286 2096 3339 fieri
2128 3286 2197 3337 ita
2230 3285 2499 3338 videmus.

2055 3376 2158 3443 Qui
2189 3377 2319 3447 facit
2346 3384 2641 3439 arcturum,
2672 3383 2720 3430 et
2758 3375 2940 3430 oriona
2962 3417 2975 3441 ,
3008 3383 3054 3427 et
3086 3373 3319 3445 hyadas,
3367 3384 3414 3427 et
3442 3374 3578 3428 inte-

1977 3470 2120 3522 riora
2163 3469 2364 3523 Austri.
2396 3468 2453 3522 In
2488 3467 2571 3521 bis
2602 3467 2888 3522 stellarum
2934 3466 3133 3533 signis,
3184 3481 3305 3537 quae
3352 3476 3481 3520 sn..t
3524 3467 3577 3521 in

1978 3561 2330 3614 firmamento
2354 3558 2479 3614 caeli
2510 3574 2650 3628 pene
2674 3556 2929 3611 omnibus
2952 3557 3127 3611 stellis
3155 3559 3391 3621 notiora,
3408 3566 3575 3621 totum

1976 3652 2233 3707 militiam
2271 3660 2546 3707 astrorum
2590 3651 2722 3705 dicit
2751 3650 2816 3703 ad
2851 3650 3093 3719 regimen
3126 3648 3222 3704 Dei
3260 3648 3575 3719 pertinere,

1975 3761 2096 3816 qua:
2135 3760 2325 3815 magna
2371 3755 2428 3799 et
2480 3743 2751 3796 mirabilia
2792 3742 3049 3797 homines
3101 3743 3373 3812 iguoranl.
3421 3742 3576 3799 Unde

1975 3838 2092 3906 ipse
2135 3836 2396 3890 Dominus
2434 3835 2511 3890 ait
2547 3854 2559 3890 :
2610 3833 2883 3903 Numquid
2927 3834 3069 3888 nosti
3125 3834 3373 3889 ordinem
3417 3835 3577 3905 cteli,

1975 3942 2023 3984 et
2060 3931 2219 3996 ponis
2250 3929 2516 3984 rationem
2543 3927 2753 3997 ipsius?
2781 3926 2912 3981 Item
2940 3926 3264 3981 moraliter:
3291 3926 3392 3993 Qui
3426 3942 3579 3981 com-

1973 4033 2157 4077 movet
2190 4031 2390 4076 terram
2423 4022 2491 4075 de
2532 4021 2655 4074 loco
2698 4035 2822 4073 suo.
2860 4019 3148 4073 Hominem
3185 4018 3329 4073 Deus
3358 4019 3427 4074 de
3453 4019 3575 4076 loco

1972 4115 2094 4169 vitm
2124 4116 2321 4184 prioris
2353 4112 2671 4178 commovit,
2704 4119 2761 4167 et
2786 4110 3144 4167 delectabiles
3173 4112 3565 4184 cogitationes,

1971 4208 2067 4261 sed
2100 4207 2294 4261 novius
2314 4248 2328 4269 ,
2360 4206 2558 4276 quibus
2587 4204 2740 4274 quasi
2779 4205 3054 4259 columnis
3097 4203 3363 4258 incubans
3393 4218 3457 4258 ac
3487 4208 3597 4259 re-'

1969 4299 2263 4367 quiescens
2306 4299 2357 4352 in
2403 4298 2481 4352 eis
2512 4296 2913 4361 sustinebatur,
2962 4296 3267 4365 concussit,
3315 4305 3370 4351 et
3414 4295 3570 4351 infir-

1971 4391 2170 4454 mavit,
2218 4401 2280 4446 ut
2322 4405 2447 4445 eum
2490 4391 2556 4443 ad
2608 4390 2955 4443 sanctitatem
3000 4390 3135 4442 Vita:
3175 4395 3567 4442 commutaret.

1970 4481 2073 4547 Qui
2100 4482 2347 4551 prmcipit
2375 4481 2500 4541 soli.
2526 4491 2582 4535 et
2610 4496 2719 4535 non
2751 4481 2949 4535 oritur.
2972 4479 3363 4535 Peccatoribus
3388 4479 3573 4534 cordis

1885 4566 1942 4631 D
1969 4576 2222 4629 cmcitate
2252 4573 2552 4641 percussis,
2586 4590 2693 4627 non
2720 4573 2802 4628 sol
2833 4573 3010 4627 oritur
3030 4572 3259 4642 justitia:
3290 4571 3573 4638 Christus,

1969 4671 2086 4723 sive
2122 4668 2406 4721 stellarum
2437 4686 2449 4719 :
2484 4666 2536 4720 id
2569 4674 2682 4735 est,
2717 4665 3048 4723 Sanctorum
3098 4665 3293 4721 merita
3317 4707 3333 4730 ,
3375 4666 3574 4741 quibus

1970 4761 2063 4813 alii
2099 4760 2168 4813 ab
2196 4760 2320 4813 aliis
2361 4758 2646 4813 distabunt
2675 4758 2730 4812 in
2759 4759 3055 4812 claritate:
3089 4758 3182 4827 qui
3212 4758 3340 4811 dum
3369 4757 3462 4812 hic
3495 4759 3575 4811 la-

1967 4861 2087 4907 tent
2107 4894 2119 4916 ,
2152 4852 2305 4921 quasi
2352 4849 2685 4906 clauduntur
2714 4848 2819 4904 sub
2848 4849 3155 4918 signaculo.
3190 4849 3293 4916 Qui
3322 4848 3571 4905 extendit

1966 4948 2141 5003 eteius
2172 4961 2323 5000 suos.
2374 4946 2693 5014 Apostolos,
2726 4954 2780 4998 et
2822 4955 3055 4998 creterris
3101 4950 3356 5010 sanctos,
3400 4928 3573 5000 caelos

1966 5040 2197 5096 effectos
2249 5039 2448 5109 ubique
2503 5037 2895 5107 prardicatioue
2951 5034 3262 5091 diffundit:
3316 5035 3431 5091 sive
3485 5038 3567 5093 eis

1968 5134 2301 5202 Scripturas,
2335 5148 2457 5203 qua:
2494 5131 2758 5187 ccelorum
2792 5130 3016 5185 nomine
3047 5130 3372 5200 plerumque
3400 5129 3569 5199 signi-

1966 5227 2223 5293 ﬁcantur,
2257 5224 2556 5279 revelando
2588 5239 2780 5277 eorum
2811 5222 3070 5277 cordibus
3099 5221 3394 5293 patefacit:
3426 5207 3570 5278 sicut

1963 5321 2077 5375 ait:
2114 5318 2376 5384 Quoniam
2418 5317 2598 5370 videbo
2640 5316 2794 5370 caelos
2823 5331 2981 5386 opera
3018 5315 3305 5386 digitorum
3332 5322 3563 5369 tuorum.

1964 5417 2286 5487 Egredietur
2310 5429 2478 5485 super
2507 5412 2704 5466 fluctus
2734 5410 2927 5464 maris.
2952 5407 3342 5478 Super-smculi
3371 5406 3563 5477 utique

1964 5510 2120 5565 istius
2155 5508 2407 5562 homines
2439 5506 2745 5576 inquietos,
2773 5504 2975 5569 elatos,
3004 5509 3061 5556 et
3092 5500 3339 5556 turbidos
3365 5517 3377 5554 :
3408 5507 3466 5552 ut
3492 5500 3560 5554 ad

1956 5599 2467 5664 mansuetudinem,
2511 5607 2569 5653 et
2606 5595 3027 5667 placabilitatem
3062 5602 3278 5649 tumore
3308 5592 3563 5663 deposito

1950 5692 2364 5750 conculcentur.
2411 5688 2515 5756 Qui
2565 5687 2694 5742 facit
2734 5696 3012 5742 arcturum
3048 5726 3062 5752 ,
3108 5683 3159 5740 id
3200 5693 3317 5752 est,
3351 5685 3561 5754 primo!

1950 5783 2005 5839 ιιι
2035 5780 2439 5839 resurrectione
2473 5775 2771 5835 Ecclesla‘:
2815 5782 2872 5831 ut
2903 5776 3013 5831 adut
3057 5771 3316 5843 gloriosi.
3360 5770 3546 5845 spicu-
