4032 6314
447 319 556 384 659

1251 322 1605 383 ΑΡΡΕΝΒΙΧ
1643 324 1736 382 AD
1773 322 2018 382 TOMUM
2059 324 2414 386 SEPTIMUM
2455 327 2514 388 S.
2555 327 2944 387 BlERONYMl

3647 331 3756 395 640

450 441 646 498 dentes
665 438 820 498 velut
843 439 1126 506 meridies,
1149 439 1332 496 calore
1358 439 1642 496 charitatis
1667 440 1758 495 Dei
1791 440 2035 506 accensi,
2067 442 2119 503 Α
2145 442 2311 514 ipsum
2343 443 2602 514 ignorabit
2633 445 2813 499 anima
2841 461 2984 514 mea,
3014 453 3062 500 et
3090 444 3296 502 (ardebit
3335 463 3417 503 me
3443 447 3566 506 sine
3605 466 3754 507 mete.

451 545 508 592 et
537 535 660 591 fidei
694 536 898 592 lumine
926 535 1203 590 illustrati.

525 629 630 697 Qui
650 631 781 700 facit
799 645 1008 701 magna,
1025 639 1069 680 et
1093 627 1660 695 incomprehensibilia,
1677 637 1721 682 et
1747 629 2009 683 mirabilia
2023 645 2042 682 :

450 738 670 791 quorum
713 739 816 774 non
860 731 936 775 est
985 737 1250 774 numerus.
1287 721 1537 790 Magnum
1587 729 1671 775 est
1720 721 1863 791 quod
1914 721 2044 776 facit

456 815 628 879 Deus,
659 823 721 868 ut
755 829 845 867 ηις
874 813 1067 883 fragile
1102 813 1374 870 hominem
1415 814 1580 869 morti
1624 815 1918 869 obnoxium
1950 831 2046 885 per

451 903 726 960 Christum
769 906 820 959 in
863 920 1016 975 spem
1051 907 1225 961 beata:
1273 907 1692 962 resurrectionis
1721 909 2044 963 constituat.

455 995 524 1051 Et
552 996 815 1052 interiora
842 997 1049 1053 Austri.
1079 997 1184 1054 Ubi
1214 996 1604 1052 candelabrum
1637 1013 1760 1052 cum
1785 999 2041 1066 lucernis,

450 1089 790 1158 semiformis
815 1091 1042 1161 spiritus
1069 1089 1260 1161 gratiae
1285 1088 1569 1157 videlicet,
1589 1101 1642 1147 et
1669 1090 2045 1163 intelligentiae

451 1180 852 1247 relucentibus,
886 1182 1208 1238 collocatur.

525 1273 586 1330 Si
615 1274 810 1328 venerit
836 1275 905 1328 ad
933 1290 1042 1340 me,
1072 1290 1177 1329 non
1217 1273 1399 1329 videbo
1427 1291 1541 1330 eum
1566 1290 1586 1330 :
1615 1277 1661 1330 si
1689 1276 1907 1344 abierit,
1941 1294 2045 1331 non

451 1364 761 1435 intelligam.
796 1365 857 1422 Si
885 1375 1097 1435 repente
1125 1367 1429 1436 interroget,
1468 1368 1584 1436 quis
1611 1369 1941 1435 respondebit
1965 1371 2047 1424 ei?

459 1456 556 1514 Vel
585 1459 701 1528 quis
730 1459 903 1513 dicere
929 1469 1122 1531 potest,
1155 1457 1262 1514 Cur
1282 1461 1357 1514 ita
1387 1459 1554 1531 facis?
1585 1459 1749 1526 Deus,
1777 1464 1926 1534 cujus
1955 1463 2047 1516 ira:

451 1573 600 1612 nemo
626 1557 866 1613 resistere
889 1569 1073 1628 potest.
1105 1559 1234 1614 Plus
1261 1559 1428 1624 dicit,
1461 1559 1606 1628 quod
1637 1559 1904 1614 venientis
1947 1559 2043 1613 Dei

452 1653 745 1718 praseutia
777 1650 870 1715 sit,
903 1651 1122 1721 quando
1149 1650 1356 1707 homini
1393 1653 1711 1722 innotescit,
1742 1663 1797 1707 et
1828 1653 2045 1723 quando

450 1742 745 1810 occulitur,
777 1743 933 1814 quasi
961 1744 1214 1800 abeuntis
1243 1745 1487 1802 absentia
1513 1747 1804 1801 indicatur.

2149 531 2323 588 Unum
2344 543 2419 588 est
2445 540 2587 606 quod
2616 537 2817 590 locutus
2842 553 2976 604 sum,
3006 546 3055 591 et
3078 539 3426 607 innocentem,
3449 549 3497 596 et
3530 542 3753 614 impium

2146 626 2255 696 ipse
2286 629 2560 681 consumit.
2607 627 2793 695 Plagis
2842 628 3099 683 omnibus
3130 640 3294 700 atque
3339 629 3752 692 inﬁrmitatibus

2146 717 2484 774 circumdata
2515 728 2676 789 atque
2706 719 2929 775 obsessa
2954 762 2968 785 ,
3001 721 3209 791 repleta
3237 722 3382 779 fellis
3407 733 3575 796 atque
3610 726 3751 782 blas-

2149 810 2420 882 phemiae,
2451 821 2506 867 et
2552 811 2922 868 amaritudine
2960 814 3139 869 anima
3182 831 3326 870 mea.
3363 817 3440 872 lta
3471 827 3531 872 ut
3556 818 3748 878 durum

2152 903 2382 959 verbum
2428 914 2484 960 et
2523 919 2781 974 asperum
2829 919 2892 960 os
2930 900 3330 964 meum‘dicere
3362 911 3748 982 compellatur,

2149 1005 2202 1050 et
2233 995 2458 1051 tmdebit
2487 1012 2573 1052 me
2623 998 2750 1052 vitae
2802 1010 2959 1054 meae.
3009 997 3126 1068 Ego
3181 1008 3364 1055 tamen
3419 1000 3526 1057 hoc
3574 1003 3750 1062 solum

2147 1089 2306 1154 novi,
2339 1087 2482 1158 quod
2512 1089 2670 1144 malis
2699 1089 2830 1145 vita:
2862 1090 3157 1162 praesentis
3190 1092 3415 1161 punior.

2221 1181 2284 1237 Si
2312 1182 2578 1254 ﬂagellat,
2631 1183 2830 1237 occidat
2861 1184 3019 1239 semet
3042 1199 3062 1238 :
3091 1193 3141 1238 et
3170 1200 3273 1238 non
3303 1185 3372 1240 de
3401 1187 3567 1253 ptcnis
3597 1188 3752 1244 inno-

2147 1276 2373 1330 centium
2418 1276 2607 1331 rideat.
2660 1276 2802 1332 Dure
2854 1277 2948 1332 hic
2995 1278 3132 1332 satis
3176 1278 3393 1334 locutus
3434 1290 3516 1335 est
3557 1291 3746 1338 contra

2149 1366 2340 1423 Deum.
2387 1368 2442 1423 In
2477 1377 2592 1424 toto
2622 1368 2845 1440 quidem
2882 1369 3030 1425 libro
3062 1369 3204 1436 hoc,
3240 1371 3422 1425 nullus
3463 1372 3612 1427 locus
3657 1381 3746 1429 est

2147 1461 2398 1533 asperior
2430 1462 2566 1530 isto,
2617 1474 2672 1519 et
2719 1463 2896 1518 altero
2942 1463 3200 1534 superius
3250 1463 3462 1533 posito,
3493 1463 3581 1520 ubi
3622 1465 3742 1521 ait:

2147 1555 2523 1625 Quamobrem
2557 1556 2726 1626 elegit
2746 1555 3101 1625 suspendium
3125 1554 3303 1610 anima
3329 1571 3477 1624 mea,
3511 1566 3568 1610 et
3597 1571 3742 1610 mor-

2150 1657 2256 1701 tem
2285 1661 2410 1701 ossa
2440 1661 2562 1702 mea
2593 1665 2604 1700 :
2641 1646 2711 1703 de
2740 1647 2942 1718 quibus
2980 1647 3336 1702 sermonibus
3367 1647 3654 1718 respondit
3677 1647 3743 1704 ad

2148 1739 2317 1795 Deum
2348 1739 2402 1794 in
2437 1738 2543 1794 line
2575 1739 2703 1795 libri
2734 1758 2746 1794 :
2779 1756 2949 1795 unum
2984 1739 3201 1796 locutus
3249 1755 3404 1810 sum,
3455 1741 3604 1812 quod
3634 1743 3744 1798 uti-

525 1834 594 1890 Et
623 1838 717 1891 sub
745 1854 847 1909 quo
876 1848 1154 1894 curvantur
1192 1841 1283 1909 qui
1323 1850 1531 1911 portant
1559 1840 1754 1896 orbem.
1801 1841 2044 1909 Quantus
2074 1831 2124 1893 B
2152 1848 2273 1887 nam
2324 1847 2432 1887 non
2481 1831 2775 1900 dixissem,
2825 1842 2879 1888 et
2931 1832 3166 1887 alterum
3198 1833 3398 1902 quibus
3441 1833 3579 1889 ultra
3615 1834 3745 1890 nihil

455 1945 580 2004 ergo
602 1946 716 1985 sum
740 1947 855 2002 ego,
885 1941 940 1985 ut
970 1932 1312 2003 respondeam
1340 1933 1410 2000 ei,
1443 1942 1490 1988 et
1520 1933 1708 2000 loquar
1737 1934 1900 1988 verbis
1923 1933 2049 1990 meis

450 2039 569 2078 cum
595 2025 696 2078 eo?
724 2025 829 2093 Qui
855 2026 1012 2079 etiam
1054 2027 1100 2080 si
1128 2025 1354 2082 habuero
1381 2029 1653 2098 quippiam
1672 2031 1909 2100 justum,
1943 2044 2048 2081 non

448 2117 793 2187 respondebo,
817 2119 908 2174 sed
940 2135 1113 2174 meum
1132 2121 1369 2193 judicent
1398 2121 1732 2191 deprecabor.
1760 2121 2048 2176 Portantcs

451 2210 675 2274 orbem,
709 2213 887 2265 sancti
911 2221 1064 2267 recte
1095 2212 1516 2282 intelliguntur:
1549 2215 1638 2284 qui
1667 2214 1898 2285 gloriam
1933 2230 2050 2270 me-

449 2303 682 2360 ritorum
727 2319 988 2370 suorum,
1042 2307 1266 2374 magni,
1319 2316 1374 2362 et
1425 2317 1676 2376 potentes
1725 2316 1857 2362 sunt
1904 2307 2045 2378 apud

450 2395 646 2452 Deum.
670 2396 734 2450 lli
763 2412 897 2468 ergo
925 2397 1108 2452 cordis
1139 2399 1446 2455 humilitate
1475 2400 1539 2454 ad
1573 2400 2044 2455 interveniendum

449 2503 550 2558 pro
591 2489 976 2557 peccatoribus
1005 2490 1058 2545 in
1087 2503 1388 2560 conspectu
1435 2493 1554 2563 ejus
1585 2504 1715 2549 sunt
1745 2494 2042 2550 iucurvati.

448 2580 532 2638 lla
571 2582 744 2638 sancti
789 2591 1008 2649 portant
1053 2584 1346 2651 mundum,
1390 2585 1516 2640 dum
1557 2603 1682 2641 eum
1728 2603 1799 2641 ne
1831 2596 1952 2640 ruat
1980 2601 2044 2641 ac

449 2681 674 2742 pereat,
725 2677 1035 2729 orationum
1069 2675 1389 2732 fortitudine
1429 2679 1721 2732 sustinent.
1755 2679 2036 2733 Columna:

448 2766 576 2823 εαξιί
618 2767 1030 2839 intremiscuut,
1079 2785 1145 2825 ac
1187 2779 1388 2840 pavent
1414 2771 1480 2826 ad
1511 2783 1698 2826 nutum
1729 2772 1868 2843 ejus.
1897 2775 2046 2842 Apo-

445 2862 606 2929 stoli,
656 2863 966 2933 prOpbelte,
1023 2881 1325 2938 omnesque
1363 2868 1648 2934 apostolici
1698 2869 1832 2938 viri,
1865 2869 2041 2923 sancti

448 2969 692 3023 quoque.
726 2967 782 3011 et
807 2957 992 3012 caeteri
1026 2956 1220 3014 ﬁdeles
1251 2959 1586 3024 intelligendi
1619 2969 1784 3016 sunt:
1819 2960 1888 3015 de
1918 2964 2041 3031 qui-

446 3044 551 3099 bus
577 3056 660 3100 est
690 3046 903 3113 Petrus,
933 3047 1195 3114 Jacobus,
1224 3062 1279 3106 et
1301 3050 1564 3122 Joannes,
1596 3054 1687 3122 qui
1719 3053 2042 3108 videbantur

445 3150 568 3192 esse
590 3137 897 3196 columnae:
926 3141 1042 3196 sive
1081 3145 1258 3199 sancti
1290 3153 1416 3200 ante
1451 3145 1616 3200 Deum
1659 3146 1956 3213 iucurvati,
1987 3157 2040 3201 et

2149 1927 2369 1983 addam.
2402 1927 2537 1983 Tota
2589 1927 2875 1984 altercatio
2925 1927 3031 1984 Job
3077 1945 3200 1984 cum
3245 1930 3441 1985 amicis
3493 1929 3584 1988 hic
3629 1940 3740 2001 est,

2148 2021 2292 2095 quod
2339 2021 2433 2078 ille
2480 2036 2544 2079 se
2578 2021 2820 2094 justum,
2869 2022 2947 2078 illi
2998 2038 3122 2080 eum
3168 2023 3392 2095 impium
3427 2025 3745 2097 pronuntia-

2148 2115 2299 2170 bant.

2221 2205 2383 2262 Terra
2411 2207 2536 2263 data
2564 2217 2638 2263 est
2667 2208 2722 2262 in
2749 2224 2936 2263 ntanus
2963 2207 3133 2281 impii.
3167 2206 3306 2264 Caro
3328 2207 3533 2266 Christi
3565 2209 3620 2266 in
3650 2225 3744 2280 po-

2149 2305 2397 2354 testatem
2433 2300 2696 2368 llerodis,
2725 2301 2844 2358 sive
2870 2301 3030 2358 Pilati
3056 2318 3070 2354 :
3100 2301 3185 2357 vel
3228 2303 3346 2373 ipse
3368 2301 3476 2360 Job
3504 2303 3558 2359 in
3590 2318 3741 2375 po:e-

2145 2402 2345 2447 Statem
2371 2391 2594 2448 diaboli.

2226 2487 2437 2542 Vultum
2462 2488 2728 2558 judicium
2753 2491 2869 2562 ejus
2894 2487 3081 2558 operit.
3111 2488 3266 2554 Quod
3292 2490 3338 2544 si
3373 2507 3481 2545 non
3512 2489 3605 2546 ille
3631 2502 3736 2558 est,

2141 2581 2257 2652 quis
2282 2598 2404 2651 ergo
2442 2583 2563 2636 est?
2605 2579 2730 2634 Dies
2777 2582 2879 2635 mei
2922 2582 3204 2636 velociores
3233 2581 3452 2650 [uerunt
3482 2601 3694 2638 cursore
3719 2599 3739 2639 :

2143 2677 2408 2743 fugerunt,
2439 2683 2487 2726 ct
2514 2691 2616 2727 non
2648 2673 2886 2726 viderunt
2904 2673 3114 2728 bonum.
3137 2672 3562 2729 Pertransierunt
3586 2678 3738 2748 quasi

2143 2783 2300 2820 uuves
2325 2784 2479 2838 poma
2521 2779 2826 2836 portantes:
2864 2768 2998 2820 sicut
3028 2766 3208 2834 aquila
3246 2769 3425 2821 rotans
3450 2767 3520 2820 ad
3547 2784 3733 2823 escam.

2145 2857 2365 2912 Vultum
2415 2859 2518 2914 hoc
2547 2858 2668 2911 loco
2701 2858 2902 2911 mentis
2928 2857 3234 2926 judicium,
3268 2858 3416 2928 quod
3457 2859 3554 2913 Dei
3595 2862 3741 2926 justo

2139 2948 2348 3019 judicio
2377 2961 2461 3004 est
2487 2958 2768 3019 opertum,
2797 2948 3063 3018 appellat.
3097 2948 3435 3004 Excaecouda
3460 2948 3626 3006 corda
3658 2965 3744 3005 sa-

2147 3041 2380 3096 tellitum
2403 3041 2551 3112 impii
2570 3041 2805 3097 diaboli:
2831 3056 2968 3112 quos
2990 3041 3155 3097 isthic
3179 3041 3391 3112 judices
3409 3043 3739 3112 nominavit,

2147 3144 2206 3190 ut
2232 3147 2482 3191 sanctum
2508 3137 2610 3194 Job
2634 3135 2962 3192 crudelitate
2992 3138 3179 3192 acrius
3207 3139 3537 3196 cruciarent.

447 3230 797 3296 procideules
843 3233 1111 3303 adorant,
1162 3236 1254 3307 qui
1309 3248 1530 3308 portam
1571 3239 1795 3308 οιιιιειη,
1840 3239 1893 3296 id
1922 3212 2037 3306 ésl,
2068 3212 2115 3276 ε
2220 3228 2350 3284 Cum
2381 3231 2606 3284 dixero:
2635 3229 2978 3302 Nequaquam
3027 3231 3098 3283 ita
3138 3233 3346 3300 loquar.
3391 3232 3744 3302 Nequaquam

443 3327 616 3376 tozum
651 3324 927 3380 hominem
959 3341 1117 3382 suum
1147 3347 1160 3382 :
1194 3345 1355 3400 quem
1389 3330 1531 3384 docti
1562 3333 1826 3388 minorem
1880 3349 2039 3388 mun-

444 3413 571 3469 dum
610 3419 923 3487 appellant:
970 3422 1289 3490 perlectinni
1321 3423 1509 3478 Crucis
1536 3424 1853 3493 imponunt,
1885 3434 1940 3480 et
1973 3441 2042 3480 ue

445 3524 543 3580 per
586 3513 771 3567 mundi
804 3515 1068 3570 vanitates
1095 3516 1523 3585 cogitationibus
1561 3518 1805 3573 solvatur
1845 3534 1908 3574 ac
1948 3519 2042 3574 de-

449 3599 629 3656 ﬂectat
649 3646 664 3670 ,
699 3604 838 3658 intra
863 3621 924 3659 se
957 3621 1080 3660 eum
1109 3607 1538 3678 constringendo
1565 3623 1662 3678 per
1689 3609 1784 3664 Dei
1809 3611 2040 3680 gratiam

451 3703 666 3762 regunt,
694 3705 751 3749 et
775 3696 1081 3751 euntiiient.

521 3785 592 3841 Et
621 3804 737 3842 cum
775 3789 1100 3842 invocantem
1137 3806 1217 3844 me
1255 3791 1568 3856 exaudierit,
1597 3809 1700 3848 non
1726 3793 1882 3847 credo
1905 3793 2044 3864 quod

449 3880 677 3933 audierit
701 3895 872 3934 uocem
901 3898 1087 3936 meam.
1113 3881 1215 3950 Qui
1255 3899 1342 3938 me
1371 3884 1536 3939 etiam
1571 3886 1891 3956 inculpabili
1930 3897 2046 3941 stu-

453 3970 674 4024 dentem
738 3973 909 4036 vitae,
979 3974 1410 4045 inipugunntium
1474 3977 1741 4047 permittit
1807 3979 2042 4047 injuriaz.

457 4061 757 4117 Exauditus
781 4073 864 4119 est
893 4063 944 4120 in
979 4065 1114 4131 hoc,
1144 4076 1202 4121 ut
1231 4068 1325 4124 Dei
1354 4070 1491 4124 bona
1517 4081 1812 4126 mercatur.
1839 4071 1956 4126 Non
1985 4087 2044 4128 se

440 4165 622 4208 autem
655 4155 968 4212 0'"%".‘."“m
1005 4159 1218 4227 credit,
1254 4175 1322 4216 eo
1352 4163 1491 4229 ιιυιιά
1523 4163 1658 4216 ttialu
1689 4166 1962 4232 patiatur:

517 4263 540 4300 ι
559 4263 596 4301 n
636 4247 841 4303 turbine
865 4249 1004 4304 enim
1033 4261 1258 4308 conteret
1286 4269 1396 4321 me,
1442 4265 1488 4308 et
1533 4256 1904 4323 multiplicabit
1934 4259 2046 4311 vul-

450 4355 578 4394 nera
623 4357 735 4395 mea
783 4344 938 4396 etiam
979 4345 1090 4400 sine
1137 4363 1319 4401 causa.
1353 4347 1535 4405 Turbo
1575 4350 1826 4406 diabolus
1869 4359 2047 4421 potest

456 4434 722 4506 intelligi,
752 4437 842 4507 qui
874 4439 1026 4494 velut
1054 4442 1214 4496 turbo
1255 4441 1502 4498 incubuit
1548 4445 1604 4500 in
1645 4444 1778 4511 Job,
1824 4455 1882 4502 ut
1919 4461 2044 4502 eum

452 4537 713 4583 vastaret.

2145 3327 2216 3382 ita
2248 3328 2349 3394 ait,
2397 3326 2498 3380 hoc
2529 3334 2616 3381 est
2636 3366 2652 3388 ,
2691 3325 2914 3394 quando
2943 3325 3309 3391 compellente
3339 3325 3584 3382 cruciatu
3606 3369 3621 3388 ,
3654 3341 3742 3381 as-

2145 3434 2274 3488 pera
2305 3429 2494 3473 contra
2540 3416 2708 3470 Deum
2741 3417 2962 3486 loquor,
3005 3425 3062 3471 et
3089 3417 3227 3472 dura
3254 3435 3266 3472 :
3299 3419 3494 3474 eodem
3532 3430 3734 3489 puncto

2145 3513 2473 3584 resipiscens
2517 3510 2757 3578 delluio,
2811 3526 2899 3566 me
2951 3509 3062 3566 Deo
3099 3512 3173 3566 ita
3221 3511 3370 3582 loqui
3421 3527 3530 3567 non
3575 3526 3744 3581 Opor-

2144 3616 2257 3664 tere
2266 3646 2280 3661 .

2217 3699 2486 3754 Commqu
2509 3697 2696 3760 faciem
2727 3711 2914 3764 meam,
2938 3703 2988 3751 et
3011 3693 3192 3749 dolore
3221 3703 3484 3765 torquear.
3519 3693 3744 3748 Verebar

2145 3793 2320 3847 omnia
2351 3809 2506 3864 opera
2551 3807 2709 3845 mea:
2749 3793 2920 3844 sciens
2967 3788 3108 3861 quod
3147 3805 3250 3843 non
3296 3805 3537 3861 parceres
3575 3789 3744 3843 delin-

2145 3889 2320 3961 quenti
2345 3906 2360 3942 :
2387 3889 2428 3941 si
2461 3898 2637 3942 autem
2664 3896 2712 3941 et
2743 3887 2818 3940 sic
2862 3885 3050 3957 impius
3079 3903 3219 3950 sum,
3247 3903 3407 3954 quare
3440 3887 3634 3957 frustra
3663 3885 3745 3940 la-

2147 3980 2440 4036 boravi?“
2471 3988 2578 4042 est,
2607 3995 2718 4050 prae
2741 3977 2958 4033 doloris
2981 3977 3266 4034 nimietate
3294 3979 3565 4032 contraho
3587 3992 3747 4050 atque

2147 4073 2470 4137 contristor,
2504 4081 2559 4126 et
2599 4073 2651 4126 in
2702 4072 2824 4141 ipso
2870 4070 3214 4125 dellnitimiis
3255 4086 3390 4126 mea:
3433 4079 3744 4137 momento,

2147 4166 2342 4222 subitis
2370 4181 2435 4221 ac
2463 4166 2761 4234 repentinis
2783 4165 3034 4220 dolorum
3060 4164 3270 4220 aculeis
3295 4167 3365 4218 ita
3390 4181 3563 4221 vexor
3583 4178 3745 4236 atque

2146 4259 2474 4326 discrucior,
2519 4271 2577 4313 ut
2611 4273 2827 4314 rursum
2877 4257 3261 4314 amaritudinis
3305 4266 3360 4312 et
3394 4256 3537 4313 fellis
3579 4259 3745 4314 verba

2149 4353 2491 4422 depromaiu.

2224 4446 2284 4502 Si
2327 4445 2460 4500 lotus
2501 4448 2648 4517 fuero
2692 4445 2843 4514 quasi
2872 4444 3020 4514 aquis
3048 4444 3202 4512 nivis,
3247 4453 3294 4498 et
3336 4443 3584 4513 [ulserint
3612 4444 3749 4499 velut

2151 4539 2507 4593 mundissima:
2549 4554 2733 4593 manus
2779 4554 2904 4592 mea:
2948 4554 2967 4593 :
3011 4549 3180 4592 tamen
3247 4537 3488 4592 sordibus
3528 4538 3746 4611 intinges

529 4621 652 4678 Non
689 4625 925 4680 concedit
961 4627 1276 4697 requiescere
1303 4631 1540 4702 spiritum
1573 4648 1760 4687 meum.
1788 4633 2041 4690 Astbma-
2073 4605 2125 4666 D
2152 4649 2252 4686 me.
2283 4631 2338 4686 lu
2362 4631 2639 4686 ablatione
2671 4645 2799 4701 ergo
2831 4645 3095 4699 aquarum
3124 4629 3288 4696 nivis,
3319 4629 3524 4684 candor
3549 4631 3746 4684 mentis

455 4713 601 4771 ticon
630 4731 692 4772 se
716 4716 934 4774 dicebat
958 4719 1210 4776 t-ll'ectum
1237 4740 1250 4777 :
1283 4722 1574 4779 inlirmilas
1604 4726 1748 4780 enim
1780 4734 1899 4793 est,
1929 4743 2050 4797 quae

454 4806 508 4862 iu
536 4808 888 4877 pulmonibus
906 4825 1217 4882 generatur.
1237 4814 1606 4873 Obstruuntur
1623 4817 1805 4875 aditus
1830 4820 2047 4890 quidam

455 4903 776 4970 pulmonum
795 4949 811 4973 ,
839 4921 978 4977 quos
1001 4907 1175 4963 Graeci
1206 4925 1371 4978 poros
1391 4913 1689 4982 appellant,
1726 4923 1781 4969 et
1813 4914 1885 4968 ita
1916 4929 2049 4970 COII-

452 5002 797 5067 stringuntur
837 5000 1434 5070 atque_c0ncluduutur
1477 5004 1528 5059 in
1579 5005 1960 5075 pulmonibus,
1995 5015 2054 5061 ut

453 5086 642 5143 dicunt
670 5089 905 5156 medici,
940 5101 998 5144 ut
1039 5092 1303 5159 reddere,
1337 5095 1451 5149 sive
1479 5095 1726 5166 recipere
1767 5098 2051 5165 spiritum,

459 5182 746 5251 pulmones
775 5186 1113 5252 coangustati
1157 5201 1266 5241 nou
1313 5187 1626 5252 sulliciant,
1675 5189 1843 5243 nimio
1889 5189 2051 5244 etiam

457 5271 650 5328 dulttl‘e
681 5289 804 5328 cum
840 5274 1095 5330 festinato
1126 5277 1368 5347 suspirio
1397 5277 1685 5349 repetitur,
1717 5289 1771 5336 et
1800 5281 2054 5336 C0llCi>llS

459 5363 619 5419 ﬂatus
649 5367 942 5422 emittitur.

530 5455 600 5511 Et
623 5459 805 5528 implet
831 5479 912 5516 me
933 5463 1393 5519 amaritudinibus.
1414 5465 1476 5521 Si
1499 5466 1753 5537 fortitudo
1776 5468 2052 5538 qumritur,

459 5549 851 5606 robustissimus
880 5565 975 5608 est.
1009 5553 1071 5608 Si
1102 5557 1317 5627 tt’quitas
1349 5558 1562 5628 judicii,
1597 5575 1744 5611 nemo
1775 5563 1932 5613 audet
1962 5575 2056 5630 pro

463 5656 542 5695 me
573 5643 920 5699 testimonium
961 5647 1152 5703 dicere.
1195 5649 1255 5705 Si
1294 5651 1592 5723 justiﬁcat'e
1623 5667 1703 5705 me
1730 5652 1969 5719 voluero,
1999 5670 2058 5709 os

460 5747 630 5785 meum
690 5736 1051 5791 condemnabit
1108 5755 1208 5795 me.
1270 5739 1332 5796 Si
1385 5743 1705 5796 innocentem
1751 5746 2052 5813 ostendero,

461 5836 675 5890 pravum
704 5841 782 5880 me
821 5829 1190 5899 contprobabit.
1223 5831 1398 5886 Etiam
1425 5835 1469 5887 si
1495 5833 1716 5904 simplex
1745 5839 1923 5906 fuero,
1959 5839 2057 5894 hoc

2152 4725 2479 4787 ostenditur,
2511 4733 2566 4780 et
2607 4725 2659 4778 iu
2689 4739 2879 4789 manu,
2910 4721 3177 4777 munditia
3205 4721 3414 4777 fructus
3435 4733 3747 4778 sanctorum

2154 4833 2380 4888 operum
2405 4819 2832 4873 demonstratur.
2859 4817 2924 4871 Et
2946 4825 3094 4872 recte
3116 4823 3294 4885 potest
3319 4813 3428 4869 nivi
3449 4815 3749 4884 baptisuius

2153 4911 2482 4976 comparari.
2508 4909 2564 4966 In
2598 4909 2778 4978 pluvia
2802 4924 2956 4980 ergo,
2982 4917 3038 4963 et
3067 4908 3242 4962 imbre
3261 4908 3524 4964 al'lluente
3545 4923 3751 4963 sermo-

2155 5018 2279 5057 nem
2302 5002 2562 5057 doctrinte
2588 5002 2874 5073 legislator
2897 5001 3071 5057 voluit
3105 5000 3364 5056 indicare.
3390 5000 3446 5057 In
3472 5016 3596 5056 rore
3622 5018 3750 5057 vero

2156 5102 2213 5149 et
2240 5093 2294 5149 iu
2328 5093 2483 5163 nive,
2515 5109 2737 5148 sensum
2778 5109 2902 5148 cum
2938 5093 3336 5148 illuminatione
3372 5091 3459 5148 sui
3488 5094 3750 5150 interiora

2155 5187 2426 5242 viscerum
2459 5195 2861 5256 penetrantem.

2229 5280 2298 5335 Et
2323 5282 2755 5336 abominabantur
2785 5296 2866 5336 me
2901 5281 3202 5336 vestimenta
3238 5294 3370 5334 mea.
3407 5278 3591 5350 Neque
3617 5279 3753 5335 enim

2156 5373 2296 5438 viro,
2327 5375 2416 5447 qui
2446 5375 2630 5428 similis
2658 5374 2754 5428 mei
2785 5382 2860 5428 est
2878 5415 2893 5440 ,
2925 5370 3251 5442 respondebo
3275 5386 3296 5426 :
3323 5387 3420 5427 nec
3445 5373 3532 5443 qui
3557 5387 3754 5426 mecum

2157 5467 2212 5522 in
2231 5468 2438 5539 judicio
2464 5484 2527 5521 ea:
2553 5483 2700 5539 atquo
2731 5466 2889 5536 possit
2921 5465 3118 5520 audiri.
3148 5463 3380 5519 Tantum
3407 5466 3552 5521 enim
3585 5466 3756 5522 malo-

2160 5577 2277 5616 rum
2319 5560 2450 5615 mihi
2485 5561 2693 5616 illatum
2722 5570 2804 5615 est
2833 5577 2847 5614 :
2882 5569 2938 5614 ut
2969 5557 3227 5627 squalore
3263 5557 3534 5625 vulneris,
3565 5567 3623 5614 et
3659 5573 3756 5630 pu-

2164 5652 2385 5708 tredittis
2407 5695 2421 5718 ,
2454 5653 2496 5707 si
2526 5651 2632 5708 dici
2663 5660 2876 5722 potest,
2908 5651 3074 5706 etiam
3107 5663 3228 5720 qua:
3261 5648 3597 5705 insensibilia
3628 5656 3758 5705 sunt

2161 5746 2212 5800 d.
2235 5755 2524 5802 testentur.

2239 5837 2358 5894 Non
2390 5847 2460 5893 est
2487 5839 2574 5909 qui
2613 5847 2882 5906 utrumque
2907 5838 3074 5891 valeat
3103 5849 3362 5910 arguere:
3395 5833 3449 5890 ιι]
3483 5841 3600 5905 est,
3633 5833 3756 5906 quis
