4026 6294
279 209 386 279 ϐυ

1230 213 1709 273 COMMENTARII
1753 215 1818 272 IN
1861 211 2122 274 LIBRUM
2161 213 2305 275 J08.
2347 217 2501 274 CAP.
2547 211 2640 274 XI.

3477 218 3584 281 Oli

280 341 368 388 est
404 331 496 402 qui
529 330 698 386 Deum
743 338 922 401 potest
963 327 1279 398 injustitim,
1310 329 1459 398 quasi
1503 327 1744 398 iniquum
1787 343 1878 381 ar-
1908 331 1960 390 Α
1986 328 2265 392 existimo,
2297 329 2422 398 quia
2464 330 2705 397 ejulante
2729 344 2817 394 co,
2852 337 2906 385 et
2935 325 3203 400 rtrgiente,
3230 330 3385 401 quasi
3435 335 3586 388 testi-

281 441 450 496 gnere
473 469 488 493 ,
525 426 628 479 nisi
663 423 988 479 temerarius
1031 431 1087 476 et
1115 420 1504 491 blasphemus?
1551 422 1671 489 quis
1708 432 1882 491 potest

280 518 426 574 velut
455 517 510 572 in
539 535 688 572 reum
721 517 1023 586 iniqttilills
1051 532 1169 569 rnni
1195 516 1519 568 cx'cnsione
1543 529 1732 567 manus
1755 513 1884 568 dare

281 609 658 665 sententiain?
704 607 808 663 Job
855 623 987 663 vero
1015 609 1164 676 juxta
1208 605 1300 659 Dei
1339 607 1703 659 tesntnonium
1728 646 1744 670 ,
1776 619 1886 674 quo

282 697 465 756 fuerat
514 701 888 766 collaudatus,
935 715 1001 754 eo
1047 698 1189 767 quod
1238 696 1502 751 innoci-ns
1549 708 1731 760 esset,
1782 697 1885 751 sibi

281 796 538 847 conscius
567 808 700 846 vere
729 791 896 856 dixit,
944 789 1088 859 quod
1137 806 1244 843 non
1291 796 1436 842 esset
1487 788 1628 842 nllus
1657 803 1885 853 eorum,

282 901 410 942 cum
462 886 661 956 quibus
709 885 1096 949 altercahatur,
1143 883 1233 951 qui
1260 899 1382 937 eum
1425 891 1570 937 recte
1602 881 1768 950 possit
1801 897 1888 934 ar-

283 993 453 1050 guere
479 995 493 1032 :
540 978 664 1049 quia
697 977 792 1032 ille
823 975 1071 1046 judicare
1101 974 1333 1030 alterunt
1359 974 1660 1044 justissima
1690 972 1884 1040 audet,

287 1072 448 1142 cujus
478 1089 565 1128 rea
596 1070 929 1127 conscientia
956 1069 1026 1126 de
1050 1069 1136 1125 his
1161 1085 1281 1141 quae
1305 1069 1359 1124 in
1381 1071 1616 1125 alterum
1641 1065 1886 1138 judicst,

291 1180 399 1220 non
434 1172 663 1220 tenetur.

366 1258 431 1314 Et
458 1275 652 1330 ponere
680 1275 891 1314 manum
919 1273 1065 1312 suout
1093 1258 1148 1311 in
1188 1255 1454 1310 ambobus.
1499 1255 1718 1326 Auferat
1750 1271 1780 1307 a
1811 1269 1890 1308 me

287 1351 486 1425 rirgant
511 1368 685 1415 suam,
712 1363 759 1406 et
787 1366 948 1420 μαι-σι’
975 1353 1086 1423 ejus
1115 1365 1216 1403 non
1245 1365 1326 1403 me
1349 1357 1557 1402 terreat.
1593 1346 1820 1418 Loquar,
1841 1354 1890 1399 et

287 1463 394 1501 non
433 1445 622 1499 timebo
651 1460 810 1500 eum:
841 1443 954 1498 Nec
995 1444 1132 1497 enim
1161 1459 1373 1514 possunt
1412 1453 1644 1495 metuens
1674 1455 1894 1511 respon-

287 1535 435 1592 dere.
471 1536 750 1602 Securus,
803 1536 1009 1606 inquit,
1058 1543 1115 1590 et
1160 1542 1476 1590 constanter
1523 1541 1652 1586 tunc
1703 1543 1892 1602 potero

288 1630 664 1698 reSpondere,
714 1629 760 1684 si
811 1629 926 1683 haec
974 1628 1082 1682 duo
1111 1635 1362 1682 amovcat
1408 1641 1440 1680 a
1474 1640 1602 1680 tne.
1636 1623 1890 1695 potentiae

1990 422 2229 476 monium
2263 423 2372 477 Di'o
2403 433 2664 477 tormenta
2695 423 3016 479 reddebant.

2066 514 2126 568 Et
2152 514 2514 583 multiplicasti
2557 517 2688 568 iram
2723 526 2861 569 tuam
2890 517 3162 570 aduersum
3205 532 3312 581 me,
3345 528 3392 572 et
3421 533 3583 588 ptent:

1989 606 2213 660 militant
2243 608 2295 660 in
2326 623 2424 662 me.
2458 610 2631 674 Quare
2657 610 2719 663 de
2746 610 2896 664 vulva
2922 610 3150 664 eduxisti
3191 628 3290 677 me,
3344 613 3431 678 qui
3483 613 3588 666 uti-

1987 718 2107 754 nam
2135 716 2466 775 consumptus
2489 721 2672 772 essem,
2698 723 2760 759 ne
2783 706 2964 761 oculus
2987 724 3064 762 me
3092 708 3298 762 rideret.
3320 705 3584 776 Fuissem,

1987 795 2133 862 quasi
2188 812 2291 848 non
2349 813 2508 850 essem
2564 796 2629 850 de
2674 810 2822 852 utero
2867 799 3150 854 translatus
3200 799 3268 853 ad
3307 799 3583 858 tumulum.

1992 884 2268 951 Nunquid
2295 903 2396 940 non
2430 891 2663 956 paucitas
2691 891 2894 961 dierum
2926 907 3156 945 meorum
3176 893 3384 961 ﬁnietur
3412 893 3588 947 brari?

1991 975 2178 1031 Potest
2209 978 2284 1031 ira
2334 979 2428 1034 Dei
2482 981 2734 1037 diabolus
2759 958 3001 1053 ’inzelligi
3039 958 3237 1053 :cujus
3284 987 3586 1040 miuiSterio

1989 1067 2096 1124 Job
2125 1071 2358 1127 acerbos
2389 1074 2607 1129 dolores
2647 1075 2976 1144 patiebatur.
3015 1077 3192 1132 Poena:
3231 1089 3411 1134 autem
3444 1079 3497 1134 in
3527 1095 3588 1136 se

1992 1163 2291 1219 militantes
2349 1165 2603 1220 dicuntur
2638 1185 2652 1220 :
2684 1168 2812 1236 quia
2854 1183 2955 1238 per
2999 1169 3289 1238 quemdam
3320 1179 3584 1226 malorum

1990 1257 2239 1311 ordinem
2263 1257 2637 1324 succedentes,
2667 1258 2904 1314 ollicium
2936 1262 3244 1317 commissa:
3265 1263 3365 1318 sibi
3391 1264 3592 1319 crude-o

1992 1347 2158 1401 litatis
2187 1359 2464 1403 exercent.

2065 1439 2280 1494 Dimitte
2310 1459 2428 1514 ergo
2459 1459 2556 1510 me,
2609 1453 2665 1497 ut
2727 1445 2972 1518 plangam
3025 1445 3301 1514 paululum
3356 1447 3588 1503 dolorem

1994 1553 2182 1590 incum.
2232 1535 2288 1592 Id
2339 1549 2446 1601 est,
2502 1537 2742 1605 requiem
2795 1540 2864 1594 ab
2914 1541 3030 1595 istis
3073 1541 3407 1596 cruciatibus
3455 1543 3588 1598 mihi

1995 1630 2258 1696 concede,
2302 1640 2359 1685 nt
2392 1633 2648 1702 plangam
2681 1633 3078 1704 aliquantulum
3110 1635 3356 1690 dolorem
3401 1651 3591 1706 plena-

287 1723 550 1780 viilelicet
579 1737 695 1778 suae
725 1720 1152 1794 magnitudinem
1176 1763 1192 1788 ,
1241 1731 1297 1776 et
1327 1720 1522 1776 b’orum
1555 1719 1889 1775 cruciatuum

2009 1741 2116 1778 rum
2169 1740 2408 1779 meai-om
2444 1741 2602 1796 quem
2652 1726 2706 1780 in
2751 1743 2982 1798 corpore
3013 1744 3138 1783 meo
3169 1729 3438 1797 susdneo,
3472 1731 3591 1785 sive

291 1830 506 1888 pientis.

929 1883 1158 1943 CAPUT
1196 1884 1270 1941 Χ.

366 2002 543 2057 Tredet
566 2001 793 2056 animam
816 2017 982 2055 meam
1003 2000 1120 2055 vita
1141 2015 1266 2053 mere
1285 2014 1305 2054 :
1329 1997 1590 2052 dimittam
1615 1995 1892 2052 adversum

293 2111 376 2150 me
406 2093 667 2166 eloquium
719 2109 908 2149 meum.
963 2091 1171 2162 Loquar
1212 2091 1265 2144 in
1312 2089 1664 2142 amaritudine
1705 2088 1893 2140 animi:

295 2207 446 2258 mete,
477 2190 648 2244 dicam
678 2188 786 2244 Deo
809 2204 829 2242 :
864 2187 992 2242 Noli
1021 2202 1100 2240 me
1131 2185 1494 2239 condemnare.
1533 2181 1717 2236 indica
1743 2181 1889 2243 mihi,

291 2300 388 2340 cur
416 2300 498 2338 me
526 2285 599 2338 ita
635 2282 883 2354 indices?
928 2279 1199 2350 Numquid
1240 2278 1433 2332 bonum
1462 2277 1553 2331 tibi
1592 2277 1811 2342 videtur,
1847 2276 1892 2328 si

294 2378 628 2432 calumnieris
651 2392 751 2440 me,
775 2384 823 2428 et
843 2374 1114 2445 opprimas
1133 2389 1212 2426 me
1235 2388 1365 2437 opus
1391 2387 1637 2424 manuum
1661 2381 1888 2435 tuarum,

294 2480 343 2522 et
365 2469 641 2522 consilium
670 2467 949 2538 impiorum
975 2465 1232 2536 adjuves?
1259 2462 1532 2533 Numquid
1556 2461 1693 2515 oculi
1714 2459 1895 2514 cornei

297 2562 387 2618 tibi
423 2571 583 2616 sunt:
613 2569 701 2614 aut
727 2561 859 2614 sicut
892 2557 1028 2612 videt
1073 2555 1259 2620 homo,
1293 2567 1338 2608 et
1367 2567 1419 2607 tu
1461 2554 1694 2607 uidebis?
1728 2549 1897 2604 Num-

296 2658 420 2729 quid
451 2658 582 2710 sicut
625 2656 734 2710 dies
763 2652 989 2707 hominis
1032 2651 1143 2705 dies
1174 2651 1274 2716 tui,
1303 2660 1351 2702 et
1378 2647 1502 2701 anui
1526 2647 1602 2701 tui
1631 2645 1764 2699 sicut
1791 2644 1894 2698 ltu-

299 2766 455 2804 mana
483 2758 602 2805 sunt
630 2758 861 2818 tempora
886 2762 904 2799 :
936 2757 993 2799 ut
1037 2760 1243 2816 quwras
1270 2741 1595 2812 iniquitatem
1627 2755 1789 2791 meam
1806 2779 1822 2804 ,
1849 2747 1896 2792 et

300 2851 569 2913 peccatum
598 2858 765 2896 meum
793 2839 1082 2895 scruteris?
1112 2837 1180 2890 Et
1205 2836 1340 2890 scias
1370 2835 1493 2904 quia
1525 2832 1656 2886 nihil
1683 2831 1897 2903 impium

299 2937 394 3005 [ea
409 2936 506 2988 rint
532 2950 552 2988 :
579 2950 700 2988 cum
729 2933 796 2988 sit
823 2947 973 2986 nemo
1001 2930 1089 3000 qui
1119 2927 1185 2982 de
1208 2944 1366 2980 manu
1393 2936 1482 2979 tua
1507 2924 1669 2996 possit
1699 2939 1898 2978 eruere.

302 3026 495 3082 Manus
525 3039 658 3092 tuor,
706 3023 962 3090 Domine,
1011 3023 1246 3094 fecerunt
1272 3034 1388 3086 me,
1420 3026 1468 3071 et
1515 3017 1898 3087 plasmaverunt

1992 1833 2153 1889 quem
2186 1817 2426 1873 futurum
2453 1819 2506 1873 in
2540 1819 2753 1875 inferno
2786 1821 3169 1890 perhorresco.

2065 1911 2356 1978 Antequam
2394 1914 2602 1976 cadam,
2637 1929 2664 1966 e
2709 1930 2813 1967 non
2862 1925 3086 1969 reuertar
3115 1915 3186 1968 ad
3222 1924 3410 1970 terram
3451 1926 3591 1971 tene-

1994 2003 2228 2067 brosam,
2259 2012 2305 2057 et
2336 2014 2571 2074 opertam
2602 2006 2787 2060 mortis
2815 2007 3036 2075 caligine
3071 2023 3091 2061 :
3118 2016 3308 2061 terram
3345 2010 3590 2075 miserita,

1994 2107 2044 2152 et
2075 2098 2401 2152 tenebrarum
2426 2115 2446 2153 :
2493 2100 2581 2153 ubi
2607 2100 2787 2153 umbra
2816 2101 3018 2164 mortis,
3042 2111 3089 2155 et
3110 2101 3288 2156 nullus
3319 2103 3472 2169 ordo,
3501 2103 3593 2156 sed

1993 2191 2330 2260 sempiternus
2356 2189 2544 2244 horror
2578 2189 2895 2246 inhabitans.
2939 2193 3092 2258 Quod
3135 2204 3339 2248 terram
3391 2193 3595 2249 infero-

1996 2299 2113 2336 rum
2143 2281 2520 2352 descripserit,
2555 2285 2688 2338 nulli
2715 2284 2940 2339 dubium
2973 2297 3088 2351 est;
3131 2288 3321 2341 nullus
3352 2286 3492 2342 ordo
3521 2287 3592 2342 ibi

1996 2386 2078 2428 est
2110 2376 2272 2429 vitae:
2307 2378 2600 2430 tenebrosa
2632 2387 2735 2440 est,
2781 2388 2840 2430 ut
2881 2377 3014 2442 disi,
3050 2379 3414 2447 proculdubio
3444 2379 3597 2434 velut

1995 2484 2207 2533 carcer,
2241 2470 2291 2524 in
2315 2485 2474 2540 quem
2504 2482 2827 2541 peccatores
2861 2483 2918 2526 et
2959 2470 3111 2540 impii
3143 2472 3236 2542 qui
3265 2474 3444 2528 lucem
3467 2473 3594 2528 odio

1999 2564 2330 2631 habuerunt,
2365 2575 2424 2618 ut
2458 2564 2806 2618 tenebrarum
2842 2563 2962 2627 lilii,
3009 2565 3425 2620 eontrudentur.
3465 2567 3597 2632 Qua:

2000 2667 2145 2712 terra
2170 2657 2408 2726 caligine
2435 2657 2624 2714 mortis
2652 2669 2842 2726 Operta
2889 2668 2974 2713 est
3001 2674 3016 2713 :
3052 2668 3111 2713 ut
3138 2659 3308 2714 clausi
3355 2659 3408 2714 in
3438 2669 3597 2714 nocte

1999 2759 2228 2811 aitcrna,
2259 2751 2465 2804 nullum
2525 2751 2858 2817 tternitentia:
2895 2751 3076 2806 lumen
3124 2749 3420 2822 aliquando
3451 2753 3595 2822 aspi-

1999 2845 2166 2898 ciant.
2201 2841 2301 2898 Uhi
2325 2855 2408 2898 est
2459 2843 2675 2898 miseris
2705 2844 2901 2899 umbra
2953 2846 3168 2911 mortis,
3220 2860 3342 2916 qua:
3387 2846 3440 2900 in
3495 2848 3598 2902 hoc

2003 2937 2120 2991 loco
2153 2952 2324 3004 pinna:
2375 2935 2746 3006 intelligenda:
2798 2945 2926 2990 sunt
2972 2954 2984 2990 :
3036 2939 3158 3007 quia
3213 2938 3355 2992 sicut
3391 2940 3597 2994 umbra:

2000 3043 2298 3096 corporum
2329 3043 2436 3082 non
2467 3037 2597 3082 sunt
2628 3027 2784 3098 longe
2810 3043 2840 3081 a
2865 3029 3212 3098 corporibus,
3244 3045 3365 3100 qua!
3397 3029 3602 3086 faciunt

299 3137 383 3176 ne
412 3132 573 3176 totum
605 3121 659 3174 in
688 3119 946 3183 circuitu,
997 3125 1044 3171 et
1081 3115 1158 3169 sic
1187 3123 1398 3184 repente
1443 3110 1742 3183 prwcipitas
1774 3110 1894 3164 me?
1921 3114 1965 3177 C
2002 3120 2221 3175 umbras
2254 3138 2266 3172 ε
2303 3122 2372 3174 ita
2429 3135 2603 3190 pagum
2655 3135 2763 3176 non
2795 3120 2957 3188 longe
2986 3136 3015 3174 ει
3060 3133 3238 3177 "mne
3281 3130 3432 3185 sum.
3479 3139 3602 3192 qua

303 3214 566 3271 Jlemento
586 3257 603 3281 ,
640 3227 815 3284 quaso
834 3251 850 3276 ,
882 3209 1022 3280 quod
1047 3209 1182 3263 sicut
1213 3207 1381 3261 lutunt
1409 3203 1590 3274 feceris
1627 3217 1734 3266 me,
1764 3209 1813 3253 et
1844 3203 1898 3254 in

301 3305 559 3379 pulverem
586 3303 799 3359 reduces
825 3319 925 3357 me.
957 3300 1149 3355 Nonne
1175 3300 1307 3352 sicut
1334 3296 1418 3350 lac
1454 3294 1678 3349 niulsisti
1714 3309 1822 3357 me,
1851 3301 1898 3346 et

301 3405 436 3457 sicut
466 3416 674 3455 caseum
702 3416 782 3454 me
801 3393 1132 3469 coagulasti?
1155 3392 1327 3460 Pelle,
1361 3401 1408 3445 et
1435 3389 1675 3443 carnibus
1706 3385 1899 3441 t'estisti

301 3511 384 3550 me
409 3511 428 3550 :
471 3494 672 3548 ossibus
707 3501 756 3546 et
802 3491 973 3546 nervis
1029 3485 1332 3558 compegisti
1378 3498 1477 3537 me.
1519 3478 1676 3550 Quod
1716 3487 1898 3533 autem

300 3589 456 3657 dicit,
486 3596 660 3642 totum
690 3601 750 3641 se
781 3584 835 3640 in
873 3581 1106 3638 circuitu
1137 3580 1361 3644 factum,
1386 3584 1578 3632 contra
1609 3571 1900 3628 haereticos

305 3683 519 3740 locutus
547 3691 660 3749 cst,
703 3680 793 3752 qui
824 3677 1012 3734 dicunt
1042 3674 1274 3730 animam
1301 3671 1371 3726 ab
1398 3669 1509 3726 alio
1529 3667 1643 3724 Deo
1667 3669 1864 3722 tactam
1883 3703 1899 3731 ,

302 3783 362 3833 et
385 3790 588 3846 corpus
615 3773 683 3828 ab
711 3772 887 3827 altero
913 3770 1266 3842 plasmatum.

383 3869 560 3924 Vitam
585 3877 634 3923 et
657 3865 1074 3921 misericordiam
1120 3859 1345 3915 tribuisti
1393 3858 1556 3926 milii,
1589 3864 1641 3912 et
1678 3853 1904 3909 visitatio

302 3970 392 4022 tua
420 3963 696 4018 custodiuit
731 3960 971 4029 spiritum
999 3972 1190 4011 meum.
1217 3952 1363 4007 Licet
1389 3952 1500 4007 luec
1521 3951 1654 4004 celes
1674 3949 1727 4001 in
1750 3946 1903 4000 corde

305 4069 397 4114 tuo
419 4074 438 4112 :
469 4068 636 4111 tanien
676 4056 785 4110 scio
821 4054 942 4124 quia
971 4051 1322 4105 universorum
1350 4044 1658 4100 memineris.
1692 4042 1752 4097 Si
1781 4057 1904 4113 pec-

307 4152 452 4218 cavi,
487 4161 532 4204 et
563 4149 632 4202 ad
665 4147 848 4201 liorem
879 4143 1156 4216 perpecisti
1187 4141 1344 4208 mihi,
1396 4153 1489 4191 cur
1528 4135 1591 4190 ab
1633 4135 1907 4206 iniquitate

308 4259 425 4296 mea
449 4240 699 4296 mundum
729 4255 809 4292 me
836 4253 947 4292 esse
975 4251 1079 4290 non
1111 4231 1341 4303 pateris?
1363 4227 1429 4282 Et
1452 4227 1496 4281 si
1517 4227 1708 4299 impius
1735 4230 1904 4296 fuero,

308 4352 387 4392 sta!
415 4337 536 4388 mihi
565 4343 640 4389 est
663 4375 678 4400 ,
708 4341 754 4386 et
784 4331 828 4384 si
851 4337 1047 4404 justxs.
1077 4325 1192 4396 Ipsa
1241 4324 1417 4376 anima
1450 4329 1534 4374 est
1563 4319 1668 4373 vita
1699 4318 1785 4371 hic
1815 4333 1907 4387 ap-

309 4430 544 4502 pellata,
595 4443 700 4482 non
762 4426 870 4478 vita
919 4422 1156 4476 ιιιιίιιιιυς
1206 4418 1327 4488 quia
1371 4422 1600 4486 possunt
1660 4421 1716 4467 ct
1756 4419 1907 4464 actus

306 4524 505 4578 anima:
536 4520 646 4574 vita
681 4518 1007 4586 nuncupari.

383 4611 508 4667 Non
539 4610 713 4664 levabo
740 4618 927 4678 caput,
955 4611 1222 4658 saturatus
1253 4599 1538 4672 afﬂictione
1575 4606 1622 4650 et
1672 4594 1904 4652 miseria.

310 4705 381 4763 Et
411 4716 619 4776 propter
662 4701 980 4773 superbiant.
1023 4695 1078 4750 Id
1122 4704 1239 4760 est,
1285 4701 1600 4748 contractus
1629 4689 1822 4742 dolore
1852 4693 1907 4740 et

312 4800 597 4860 tormentis
643 4797 952 4852 viscerum:
993 4800 1161 4861 caput
1209 4788 1276 4844 ad
1325 4789 1429 4844 ima
1462 4785 1766 4856 depositum
1798 4783 1908 4838 cle-

311 4909 442 4947 rarc
485 4909 591 4946 non
640 4903 894 4961 possum,
949 4885 1066 4942 sive
1095 4881 1413 4939 confusione
1443 4889 1498 4934 et
1531 4891 1770 4933 tnmrore
1817 4888 1907 4929 re-

353 4985 512 5038 lctus.

355 5000 512 5038 tctus.

311 5000 349 5058 Ρ
388 5076 549 5142 Quasi
581 5076 792 5128 (umnam
820 5069 992 5140 capies
1020 5083 1116 5121 me.
1147 5063 1280 5120 Huic
1301 5077 1430 5134 ergo
1456 5060 1666 5126 bestia),
1685 5057 1758 5112 ait
1780 5055 1906 5122 Job,

313 5184 374 5226 as
407 5169 421 5223 i
447 5169 582 5221 uilas
611 5182 696 5220 me
726 5165 1003 5218 hominem
1038 5158 1300 5214 humilem
1331 5165 1385 5212 et
1413 5154 1706 5223 alijectum.

388 5259 744 5324 lleversusque
797 5253 1103 5308 mirabiliter
1132 5266 1212 5304 me
1239 5251 1463 5302 crucias.
1498 5245 1664 5299 Deum
1697 5243 1912 5299 diccbat

315 5352 383 5408 ad
406 5367 465 5407 se
495 5349 718 5413 reverti,
747 5345 964 5418 quando
987 5359 1111 5399 cum
1145 5341 1384 5411 antiquis
1409 5354 1577 5392 novas
1605 5351 1816 5406 poenas,
1858 5343 1914 5391 et

316 5449 651 5505 recentiores
675 5443 728 5497 in
755 5455 858 5496 suo
887 5452 1123 5508 corpore
1153 5433 1424 5488 sentiebat
1446 5430 1784 5485 mirabiliter.

393 5542 670 5597 Instauras
701 5547 854 5594 testes
903 5543 1020 5589 tuos
1075 5541 1255 5586 contra
1296 5545 1396 5583 me.
1461 5527 1573 5582 Iloc
1603 5524 1760 5590 dicit,
1789 5521 1915 5592 quia

316 5636 722 5706 castigationes,
783 5643 834 5687 et
893 5643 1065 5699 panno
1094 5634 1315 5686 no-trrc,
1368 5630 1533 5675 testes
1560 5627 1687 5671 sunt
1719 5615 1916 5669 dIVIIIIP.

1935 4506 1984 4567 D

2003 3213 2246 3268 inferunt
2275 3224 2533 3268 mortem.
2564 3211 2679 3266 Non
2723 3220 2974 3268 revertar
3001 3212 3069 3266 ad
3119 3211 3258 3267 hanc
3291 3214 3600 3268 mortalita-

2004 3314 2133 3368 tem,
2163 3304 2253 3358 ubi
2285 3313 2433 3359 tanta
2457 3305 2598 3358 mala
2627 3301 2826 3374 patior.
2855 3304 3090 3374 Spiritus
3113 3303 3358 3364 divinus.
3393 3305 3484 3370 qui
3515 3314 3602 3360 est

2005 3399 2056 3452 in
2088 3397 2313 3452 naribus
2341 3401 2497 3452 meis.
2525 3399 2662 3465 Quia
2699 3412 2824 3454 eum
2853 3395 3104 3452 dolorum
3131 3398 3399 3468 angustiis
3427 3397 3601 3454 anhe-

2005 3491 2236 3560 Iantem,
2288 3491 2728 3546 consolationum
2781 3491 2980 3546 robore
3006 3489 3256 3560 urgebat.
3288 3491 3421 3559 Quis
3469 3491 3603 3548 mihi

2006 3586 2214 3641 tribuat
2251 3596 2309 3638 ut
2336 3585 2388 3639 in
2421 3585 2632 3640 inferno
2659 3594 2920 3656 protegas
2948 3597 3060 3652 me,
3081 3591 3140 3639 et
3166 3582 3479 3640 abscondas
3504 3585 3604 3640 do-

2007 3694 2107 3735 nec
2139 3688 2484 3750 pertranseat
2529 3679 2607 3732 ira
2641 3689 2756 3743 tua,
2787 3687 2838 3732 et
2878 3676 3180 3731 constituas
3213 3675 3346 3731 mihi
3391 3685 3602 3747 tempus

2007 3773 2059 3826 in
2104 3787 2212 3842 quo
2243 3771 2558 3825 recorderis
2600 3770 2750 3824 mei?
2781 3769 2957 3824 Furor
2987 3768 3082 3823 irte
3113 3766 3210 3823 Dei
3255 3767 3599 3839 pertransiit,

2006 3879 2165 3935 quem
2196 3861 2367 3917 Adam
2401 3861 2679 3933 peccando
2708 3862 3038 3932 promeruit,
3073 3861 3290 3932 quando
3320 3863 3604 3934 chirogra-

2010 3961 2172 4029 phum
2202 3957 2257 4012 in
2288 3968 2520 4012 mortem
2554 3957 2790 4011 ﬁliorum
2816 3956 2937 4027 ejus
2964 3959 3364 4027 conscriptum,
3391 3955 3601 4011 Christi

2008 4051 2214 4106 delevit
2241 4049 2527 4106 adventus.
2561 4048 2781 4104 Nemini
2810 4064 2948 4121 ergo
2975 4049 3042 4105 de
3068 4052 3274 4104 sanctis
3297 4048 3494 4105 mirum
3523 4048 3603 4104 vi-

2009 4147 2222 4209 deatur,
2247 4148 2338 4216 qui
2369 4144 2602 4199 adventu
2633 4143 2843 4197 Domini
2875 4153 2998 4196 sunt
3027 4143 3262 4197 absoluti
3286 4143 3355 4196 ab
3385 4139 3598 4209 inferis,

2011 4247 2066 4294 ct
2099 4235 2515 4293 resurrectionis
2551 4236 2750 4292 Christi
2785 4235 3041 4304 exemplo
3085 4235 3138 4290 in
3169 4249 3269 4306 spe
3309 4233 3488 4290 beata:
3514 4247 3605 4290 re-

2011 4333 2366 4388 surrectionis
2391 4345 2502 4384 suae
2528 4339 2655 4384 sunt
2679 4329 2988 4384 constituti.

2614 4466 2840 4523 CAPUT
2884 4466 2975 4522 XI.

2082 4583 2415 4656 Respondeas
2481 4591 2653 4636 autem
2724 4579 2933 4650 Sopliar
2985 4577 3348 4634 Naamatlrites
3407 4577 3542 4634 dixit
3585 4593 3606 4634 :

2017 4677 2283 4746 Numquid
2330 4677 2420 4747 qui
2459 4673 2627 4727 multa
2671 4674 2921 4744 loquitur,
2971 4690 3072 4726 non
3130 4671 3356 4726 audiet:
3395 4681 3482 4724 aut
3529 4674 3608 4725 vir

2012 4776 2247 4825 verbosus
2270 4767 2692 4840 justi/imbitur?
2735 4765 2907 4819 Veluti
2941 4765 2985 4819 si
3024 4764 3250 4818 dixisset
3284 4781 3296 4815 :
3332 4761 3602 4832 Numquid

2013 4873 2188 4934 potest
2214 4863 2294 4914 vir
2329 4861 2591 4915 verbosus
2621 4857 2971 4912 admirationi
3020 4854 3232 4919 haberi,
3263 4865 3355 4908 aut
3401 4869 3606 4924 praeco-

2016 4958 2106 5012 n‘o
2135 4953 2308 5008 laudis
2337 4950 2516 5007 elferri
2553 4969 2566 5003 :
2619 4965 2738 5004 cum
2794 4948 2864 5003 sit
2907 4951 3220 5003 ostensione
3259 4948 3442 5000 nimia:
3485 4961 3608 5001 ver-

2014 5046 2261 5103 bositatis
2304 5043 2559 5100 odiosus?
2588 5041 2683 5098 sed
2715 5043 2890 5112 potius
2927 5040 3115 5095 audire
3141 5039 3300 5095 debet
3327 5055 3449 5108 qum
3488 5055 3604 5094 me-

2014 5153 2202 5198 retur:
2251 5157 2350 5208 ne,
2385 5141 2620 5194 vanitate
2653 5139 2850 5203 elatus,
2882 5135 3057 5191 Solum
3096 5149 3156 5189 se
3205 5133 3478 5188 existimet
3519 5149 3606 5187 sa-

2019 5237 2280 5306 pientetn.

2091 5327 2207 5383 Tibi
2237 5327 2334 5382 soli
2370 5325 2605 5379 tacebunt
2635 5321 2889 5385 homines,
2929 5331 2977 5374 et
3007 5335 3120 5373 cum
3170 5328 3379 5372 creteros
3419 5316 3601 5372 irrise-

2019 5419 2114 5484 ris,
2143 5437 2175 5472 a
2217 5418 2360 5471 nullo
2397 5415 2781 5486 confutuberis?
2809 5411 2922 5466 Non
2969 5419 3095 5464 sunt
3149 5408 3266 5464 hxc
3304 5409 3606 5462 amicorum

2021 5510 2234 5578 solatia,
2285 5508 2378 5562 sed
2431 5507 2664 5561 hostium
2701 5506 2825 5558 tela.
2859 5504 2934 5556 lta
2975 5512 3030 5555 ut
3076 5515 3217 5556 nunc
3263 5499 3504 5554 dicamus
3545 5497 3613 5554 de

2025 5605 2226 5660 Vobis:
2279 5597 2410 5658 Filii
2461 5597 2726 5655 hominum
2762 5597 2940 5653 dentes
2981 5609 3181 5665 eorum,
3236 5609 3384 5649 arma
3437 5601 3484 5649 et
3533 5607 3619 5648 stt-

310 5702 564 5818 institue.
603 5722 740 5800 Sive.
774 5715 1238 5792 cruciatus,illius
1285 5709 1706 5788 ωυὶιοοηὼςιοδ
1755 5715 1897 5766 tcstci

2029 5702 2186 5788 ριιιω.
2207 5779 2210 5786 ι
