4032 6294
402 196 513 261 643

1194 190 1547 256 APPENDIX
1576 194 1670 252 AD
1708 188 1947 251 10mm
1988 182 2346 252 SEPTIMUM
2383 193 2444 253 s.
2487 187 2890 249 HIERONYMI.

3602 168 3725 244 648

475 320 625 374 Dixit
656 317 792 371 enim
821 331 839 369 .'
874 312 1045 369 Purus
1075 321 1151 366 est
1172 328 1339 366 sermo
1364 325 1528 373 meus,
1556 317 1602 362 et
1628 308 1851 363 mundus
1878 325 1992 363 sum
2019 306 2070 372 Α
2100 322 2418 382 perpetuum
2486 312 2739 366 timorem
2798 310 3123 374 incurreret,
3185 306 3398 378 Sophar
3449 306 3720 363 ho‘rtatut‘

405 416 757 482 inconspectu
787 419 896 463 tuo.
941 408 1056 462 Non
1085 408 1155 460 ita
1184 406 1341 471 dixit,
1389 405 1533 473 quod
1571 418 1736 471 purus
1778 415 1923 458 esset
1950 413 2007 459 et

402 505 642 562 mundus
673 522 686 559 :
719 504 907 565 idest,
938 499 1088 571 quod
1125 497 1547 569 cogitationibus
1569 506 1625 551 et
1665 497 1847 551 verbis
1876 506 2003 551 ante

403 596 577 652 Deum
608 592 987 650 immaculatus
1027 591 1330 654 existeret;
1368 587 1469 645 sed
1511 586 1677 656 dixit,
1716 588 1863 643 Nihil
1896 587 1998 642 im-

408 691 557 760 pium
584 686 710 743 feci.

476 784 645 852 Atque
671 782 872 835 utinam
893 778 1036 834 Deus
1057 779 1359 850 loqueretur
1382 786 1569 843 tecum,
1594 782 1646 830 et
1680 774 1906 846 aperiret
1929 775 2008 827 la-

408 872 493 929 bia
520 890 614 928 sua
647 873 760 929 tibi.
788 873 925 928 Dixit
950 872 1101 944 quali
1121 870 1332 941 judicio
1351 868 1455 924 Job
1478 867 1724 923 debuerit
1745 867 2004 921 candent-

408 966 550 1023 uari.
588 966 647 1022 In
690 966 967 1038 loquendo
1016 965 1163 1021 enim
1216 976 1407 1018 vocem
1437 962 1555 1029 Dei,
1603 960 1765 1031 cujus
1810 975 2004 1014 sonum

409 1072 574 1113 aures
620 1056 951 1127 suscipiunt,
1007 1064 1069 1110 ut
1111 1052 1374 1117 arbitror,
1428 1052 1600 1106 voluit
1639 1051 1900 1105 indicare.
1952 1050 2007 1103 tu

409 1150 724 1220 aperiendis
763 1164 898 1205 voto
928 1147 1110 1215 labiis,
1139 1146 1294 1203 vocis
1325 1144 1740 1215 intelligentiam
1784 1142 2007 1199 demon-

409 1242 624 1297 stravit.

484 1333 554 1389 Ut
582 1332 866 1388 ostenderet
898 1332 990 1386 tibi
1020 1340 1213 1386 secreta
1243 1331 1534 1403 sapientiae,
1567 1340 1613 1385 et
1649 1330 1790 1399 quod
1830 1330 2007 1385 multi-

408 1425 537 1495 plex
560 1434 690 1480 esset
741 1422 827 1478 lex
879 1426 1013 1495 ejus.
1062 1420 1257 1477 Cordis
1306 1422 1425 1492 ejus
1455 1421 1662 1487 abdita,
1694 1429 1752 1476 et
1801 1436 2005 1476 remoza

398 1516 632 1587 judicia,
666 1516 723 1570 in
745 1515 943 1586 quibus
973 1514 1252 1585 multiplex
1285 1506 1341 1570 et
1366 1514 1869 1584 imperscrutabilis
1897 1525 2001 1577 est,

407 1623 803 1681 cognosceres.

2110 421 2255 473 eum,
2285 405 2476 459 dicens
2511 423 2524 459 :
2558 405 2612 458 Si
2660 403 2776 456 haec
2824 401 3048 467 feceris,
3087 418 3211 473 qua:
3238 417 3400 470 supra
3444 401 3746 468 diximus,‘

2109 496 2218 551 eris
2249 497 2480 551 stabilis.
2508 495 2621 550 Hoc
2654 510 2789 550 sane
2816 494 3124 561 sciendum,
3151 494 3277 565 quia
3299 505 3386 548 est
3410 497 3715 549 commotio

2113 588 2162 640 in
2211 603 2315 656 qua
2366 599 2621 654 peccator
2676 602 3006 656 permanens
3063 588 3115 641 in
3177 584 3517 642 facinoribus
3569 585 3711 654 suis,

2111 692 2238 735 ante
2270 680 2460 735 faciem
2488 697 2595 735 non
2626 684 2895 735 consistit.
2932 679 3124 735 Facies
3151 690 3239 734 tua
3272 690 3548 750 tamquam
3572 695 3713 750 aqua

2111 787 2269 842 pura,
2302 782 2360 828 et
2389 772 2717 843 Spoliaberis
2744 774 2932 834 sorde,
2965 785 3020 828 et
3054 784 3160 827 neu
3207 773 3446 827 timebis.
3474 772 3575 839 Qui
3628 780 3716 828 est

2109 867 2343 923 sincerae
2383 877 2438 923 et
2479 867 2777 936 pumicata:
2821 870 3042 935 mentis,
3084 879 3140 923 et
3176 869 3410 923 mundus
3450 868 3520 921 ab
3554 867 3710 924 omni

2112 959 2296 1024 sorde,
2330 961 2587 1029 pertimet
2615 962 2737 1016 νηί-ι
2776 978 2790 1014 :
2833 962 3031 1029 quibus
3079 960 3227 1014 velut
3266 960 3474 1014 exuviis
3506 975 3710 1028 exspo-

2111 1049 2296 1120 liatus,
2325 1062 2596 1121 tamquam
2644 1070 2675 1107 e
2720 1054 2962 1106 tenebris
2990 1053 3220 1107 eductus
3252 1050 3497 1122 fulgebit.
3531 1051 3712 1108 Homo

2116 1144 2308 1199 faciem
2340 1145 2541 1198 mentis
2570 1160 2683 1199 sua:
2714 1146 2973 1200 candoris
3009 1147 3244 1214 puritate
3274 1146 3583 1215 pra-ferens
3619 1164 3713 1202 ra-

2112 1234 2350 1288 diantem
2377 1235 2631 1304 populum
2660 1235 2934 1306 signiﬁcat
2956 1236 3290 1301 Iudaeorum,
3315 1237 3407 1308 qui
3427 1235 3707 1295 Christum

2114 1336 2321 1396 patrem
2349 1327 2585 1395 quodam
2621 1329 2783 1381 modo
2811 1344 2966 1382 suum
2998 1330 3216 1383 occidit.

2115 1424 2125 1431 “
2184 1417 2418 1473 Miseria!
2451 1435 2654 1490 quoque
2685 1420 3021 1486 Oblivisceris,
3045 1428 3093 1474 et
3126 1423 3281 1492 quasi
3309 1440 3552 1492 aquarum
3592 1442 3715 1495 qtae

2115 1514 2490 1581 ρνωεενίενὶηῑ,
2543 1530 2644 1566 non
2693 1513 3063 1569 recordaberis.
3128 1515 3185 1570 In
3241 1517 3471 1571 transitu
3531 1518 3715 1588 itaque

2113 1622 2400 1676 aquarum,
2440 1602 2656 1679 Sophar
2709 1613 2813 1665 ltoc
2863 1612 2978 1664 vult
3030 1611 3365 1683 intelligere;
3410 1613 3554 1683 quod
3600 1620 3713 1670 tam

481 1701 553 1756 Et
580 1700 897 1775 intelligeres
929 1700 1073 1772 quod
1103 1701 1263 1754 multo
1316 1700 1521 1754 minora
1547 1700 1778 1772 erigaris
1824 1698 1887 1753 ab
1930 1716 2009 1765 eo,
2044 1693 2090 1756 Β
2118 1698 2230 1752 cito
2249 1698 2459 1766 possint
2480 1699 2767 1755 discedere
2793 1702 2862 1756 ab
2888 1716 2953 1755 eo
2976 1702 3217 1768 dolores,
3245 1704 3289 1758 si
3317 1712 3494 1759 tamen
3519 1703 3626 1759 Job
3654 1720 3716 1762 se

406 1810 561 1864 quam
588 1803 813 1847 meretur
842 1793 1099 1863 iniquitas
1144 1801 1257 1845 tua.
1293 1792 1408 1846 Iloc
1458 1802 1563 1859 est,
1596 1792 1751 1864 plura
1783 1792 1889 1861 pati
1921 1793 2014 1846 de-

407 1889 505 1945 bes
537 1898 835 1955 tormenta,
864 1902 1029 1959 quam
1061 1895 1115 1941 te
1146 1887 1419 1943 sustinere
1463 1887 1796 1956 proclames.

492 1981 739 2038 Forsitan
777 1983 997 2054 uestigia
1037 1980 1134 2035 Dei
1186 1980 1605 2051 comprehendes,
1650 1987 1697 2034 et
1737 1995 1898 2049 usque
1945 1979 2016 2033 ad

406 2076 690 2144 perfectum
727 2074 1133 2143 omnipotentem
1180 2074 1426 2145 reperies.
1483 2071 1724 2142 Vestigia
1776 2071 1869 2125 Dei
1926 2072 2015 2125 illa

404 2175 553 2233 sunt,
604 2167 827 2237 quando
851 2166 1167 2236 dignatione
1206 2166 1290 2219 sui
1333 2162 1651 2217 hominibus
1694 2163 2011 2217 innotescit.

407 2257 475 2313 Et
502 2257 628 2313 ideo
662 2268 788 2312 tunc
814 2273 940 2312 eum
988 2255 1339 2325 vestigamus,
1372 2255 1592 2325 Quando
1628 2268 1688 2309 se
1728 2254 1888 2310 nobis
1917 2255 2017 2307 ali-

407 2350 738 2419 quantulum
786 2348 1141 2402 manifestare
1199 2348 1473 2416 dignatur.
1531 2346 1660 2402 ﬂmc
1705 2354 1832 2402 sunt
1884 2360 2016 2415 ergo

412 2441 644 2510 vestigia
663 2440 780 2504 Dei.
799 2454 923 2494 cum
946 2455 1072 2495 eum
1096 2438 1705 2511 incomprehensibilem
1729 2438 2017 2493 intellexe-

410 2534 511 2602 ris,
544 2543 602 2589 et
627 2532 951 2589 credideris.

485 2625 751 2681 Excelsior
778 2624 907 2680 cwlo
943 2635 1041 2689 est,
1076 2634 1123 2678 et
1161 2625 1288 2693 quid
1322 2625 1531 2696 facies?
1565 2625 1894 2696 Profundior
1930 2628 2013 2680 in-

406 2717 581 2787 ferno,
629 2727 679 2772 et
723 2718 859 2771 unde
913 2733 1188 2787 cognosces
1212 2717 1238 2771 ἵ
1285 2716 1514 2787 Longior
1560 2726 1713 2771 terra:
1772 2734 2015 2772 mensura

406 2812 521 2881 ejus
548 2819 597 2864 et
619 2808 778 2865 latior
806 2810 965 2863 mari.
988 2810 1056 2865 Si
1075 2811 1376 2865 subvenerit
1421 2810 1620 2876 omnia,
1649 2814 1726 2865 vel
1759 2810 1813 2863 in
1853 2828 2014 2864 unum

407 2906 750 2960 coarctaverit
796 2920 814 2958 :
864 2904 978 2975 quis
1010 2903 1332 2959 contradicat
1376 2905 1466 2959 ei?
1512 2904 1591 2959 rel
1618 2905 1731 2974 quis
1771 2906 1941 2959 dicere
1971 2907 2016 2960 ri

409 3008 573 3073 potest
606 2996 760 3056 :Cur
800 2999 877 3052 ita
924 2998 1104 3069 facis?
1143 2998 1429 3055 Credimus
1484 2998 1629 3068 quod
1682 2999 1885 3069 ubique
1932 3007 2016 3055 est

409 3095 580 3159 Deus,
624 3106 682 3151 et
719 3096 863 3151 intra
893 3110 1018 3150 eum
1062 3096 1246 3150 omnia
1284 3110 1406 3165 qua:
1432 3094 1503 3149 ab
1549 3109 1617 3149 eo
1673 3105 1859 3149 creata
1889 3106 2016 3149 sunt

415 3189 793 3243 continentur.

478 3278 602 3351 Ipse
626 3281 763 3335 enim
802 3281 945 3335 norit
974 3281 1243 3336 hominum
1271 3282 1568 3345 vanitatem,
1608 3292 1659 3335 et
1688 3280 1870 3335 videns
1910 3281 2016 3334 ini-

408 3374 655 3445 quitatem
705 3390 879 3428 nonne
918 3374 1265 3429 considerat?
1300 3374 1424 3443 Ipse
1458 3375 1609 3429 enim
1656 3380 1806 3428 novit
1849 3389 2014 3445 opera

411 3468 744 3540 iniquorum,
777 3478 833 3524 et
862 3467 1289 3537 vidensiujusm
1322 3482 1428 3521 non
1458 3466 1719 3537 negligit;
1748 3468 1871 3537 quia
1906 3467 2014 3522 iui-

410 3575 547 3634 quos
570 3570 628 3617 et
654 3561 855 3630 isupios
886 3560 1147 3615 viridiset.

490 3653 587 3709 Vir
608 3670 778 3708 sanus
803 3651 865 3706 in
889 3651 1182 3722 superbiam
1214 3651 1452 3722 erigitur,
1496 3658 1547 3704 et
1596 3657 1857 3719 tamquam
1894 3651 2014 3722 pul-

414 3747 521 3801 lu'nt
552 3747 738 3818 onagri
773 3763 833 3800 se
855 3744 1072 3799 liberum
1106 3757 1283 3799 natum
1325 3755 1488 3815 putat.
1523 3747 1663 3802 Dicit
1693 3761 1815 3801 eum
1871 3746 2017 3816 pullo

418 3837 612 3909 onagri
642 3838 905 3901 similem,
931 3837 1142 3892 etireno
1169 3837 1380 3893 scilicet
1408 3839 1628 3893 animali
1657 3850 1713 3894 et
1738 3852 1875 3909 vago
1903 3854 1917 3892 :
1951 3852 2018 3893 eo

413 3931 560 4003 quod
582 3931 654 3984 ita
681 3930 963 3985 existimet
999 3929 1069 3986 de
1098 3945 1158 3987 se
1186 3929 1312 3996 Job,
1344 3932 1437 4001 qui
1473 3932 1540 3988 ad
1579 3932 1793 3987 nullum
1820 3931 2020 3987 debeat

418 4025 724 4094 pertinere.

488 4116 775 4172 Tit-autem
799 4116 1022 4187 ﬁrmasti
1062 4132 1152 4172 cor
1178 4125 1348 4185 tuum,
1391 4127 1438 4172 et
1469 4117 1763 4189 expandisti
1807 4120 1878 4171 ad
1901 4135 2020 4173 eum

419 4226 611 4265 nmiae
638 4220 777 4264 tuas.
811 4209 1072 4265 Firmasti
1102 4224 1200 4265 eor
1227 4218 1403 4278 tuum,
1433 4211 1547 4265 ait:
1574 4227 1679 4265 non
1710 4218 1769 4265 ut
1801 4210 2018 4265 satisfi-

418 4319 577 4362 cores
611 4307 721 4359 Deo
746 4320 844 4374 per
862 4303 1268 4375 paenitentiam,
1294 4316 1350 4359 ut
1380 4303 1623 4358 auferret
1644 4305 1853 4373 plagam
1882 4304 2019 4359 hanc

418 4401 716 4471 pessimam
762 4400 816 4453 in
856 4400 962 4452 tuis
1002 4398 1262 4454 carnibus
1313 4399 1653 4454 smvientem.
1702 4399 2017 4469 Expandisti

2117 1790 2411 1847 emendare
2438 1791 2711 1859 voluerit;
2739 1795 3201 1863 quemadmodum
3235 1812 3388 1866 aqua:
3418 1796 3560 1851 intra
3594 1813 3715 1852 mo—

2117 1892 2358 1938 mentum
2411 1883 2478 1938 ad
2534 1884 2651 1939 loca
2710 1885 2819 1940 alia
2870 1886 3210 1952 dilabuntur,
3266 1897 3323 1942 et
3373 1888 3445 1941 ita
3486 1888 3712 1945 omnino

2118 1976 2357 2046 abstergi
2409 1975 2479 2029 ab
2523 1990 2589 2031 eo
2639 1990 2804 2044 posse
2860 1980 3035 2048 plaga:
3082 1978 3242 2047 lmjus
3297 1979 3623 2036 miseriam:
3656 1991 3717 2037 ut

2119 2085 2341 2141 prorsus
2372 2071 2521 2124 tenui
2568 2073 2836 2127 memoria
2868 2072 3191 2128 recordetur
3215 2071 3358 2142 ejus,
3387 2073 3544 2144 quasi
3592 2088 3714 2144 qua:

2117 2176 2226 2218 noti
2262 2164 2445 2218 fuerit.
3187 2149 3201 2183 ’·

2192 2254 2260 2308 Et
2291 2257 2442 2322 quasi
2470 2257 2797 2309 meridianus
2824 2255 3001 2327 fulgor
3034 2264 3307 2327 consurget
3333 2256 3427 2309 tibi
3448 2256 3517 2309 ad
3540 2270 3716 2323 respe-

2116 2367 2250 2404 ram.
2288 2349 2353 2403 Et
2382 2367 2497 2403 cum
2525 2361 2573 2403 te
2592 2359 2952 2422 consumptum
2983 2352 3268 2422 putaveris,
3310 2352 3490 2404 oricris
3519 2361 3574 2403 ut
3602 2349 3715 2404 Lu-

2118 2444 2267 2514 cifer.
2322 2442 2697 2513 Spiritualiter
2743 2443 2825 2497 sic
2876 2443 3105 2513 intelligi
3157 2451 3383 2513 potest:
3426 2452 3715 2513 consurget

2121 2536 2216 2592 tibi
2251 2536 2316 2590 ad
2348 2550 2653 2604 vesperam,
2695 2535 2746 2588 id
2785 2548 2885 2601 εει,
2935 2539 2986 2590 itt
3039 2534 3515 2589 censuntntutinne
3560 2535 3713 2587 labo-

2122 2646 2239 2686 rum
2273 2631 2539 2684 malurum
2588 2641 2825 2695 tuorum,
2859 2630 3164 2684 ('OltSula'titt
3226 2629 3307 2683 sol
3350 2629 3573 2696 jltslilim
3615 2625 3709 2681 tibi

2116 2725 2373 2781 Christus
2411 2726 2668 2780 adveniet
2702 2742 2716 2779 :
2750 2726 2867 2779 sive
2902 2735 3023 2794 pust
3072 2733 3303 2778 mortem
3335 2738 3626 2792 resurgens
3658 2724 3715 2778 in‘

2116 2823 2369 2891 gloriam.
2396 2819 2528 2873 Item
2572 2819 2750 2885 aliter,
2785 2820 2946 2872 etiam
2982 2818 3032 2871 in
3064 2817 3166 2871 hoc
3216 2816 3442 2872 interitu
3485 2826 3578 2872 tuo
3607 2831 3714 2886 quo

2116 2914 2359 2986 quotidie
2388 2921 2534 2966 tanta
2576 2910 2870 2981 putredine
2909 2910 3274 2971 contabescis,
3310 2921 3364 2963 et
3406 2910 3624 2975 deﬂuis,
3654 2917 3714 2965 ut

2113 3008 2225 3080 jam
2257 3007 2482 3061 omnino
2514 3018 2894 3070 censumptum
2947 3016 2998 3059 te
3043 3005 3331 3058 arbitreris
3367 3021 3380 3058 :
3411 3005 3457 3058 si
3494 3003 3713 3072 feceris,

2065 3086 2081 3148 λ
2119 3118 2192 3173 qu
2213 3122 2240 3154 ιτ
2268 3103 2379 3170 jam
2427 3101 2560 3164 dixi,
2604 3116 2668 3155 ex
2718 3098 2893 3155 nihilo
2947 3102 3175 3154 OlltﬂiIIO
3209 3102 3535 3169 penitusque
3589 3113 3719 3153 con-

2119 3203 2362 3265 sumpto,
2392 3204 2620 3263 repente
2646 3190 2844 3246 orieris
2870 3191 3199 3256 utLuciter;
3226 3192 3313 3261 qui
3346 3206 3443 3260 per
3473 3192 3715 3246 occultas

2119 3300 2313 3343 cursus
2344 3284 2429 3340 sui
2472 3297 2645 3339 metas
2685 3285 2865 3355 polum
2890 3283 3172 3343 teircuic’us
3198 3325 3213 3347 ,
3264 3292 3385 3352 post
3435 3282 3712 3339 biennium

2121 3382 2174 3435 in
2210 3382 2381 3451 ipsius
2410 3393 2623 3432 aurora;
2658 3378 2822 3431 rutilo
2850 3376 3050 3430 dicitur
3078 3389 3365 3445 apparere.
3406 3375 3479 3429 Ita
3503 3388 3629 3445 ergo
3663 3384 3717 3429 et

2121 3476 2219 3530 tibi
2270 3483 2391 3544 post
2441 3478 2682 3538 ttoetem,
2736 3479 2792 3524 et
2843 3471 3098 3523 tenebras
3150 3468 3435 3523 densiores
3487 3467 3711 3524 diutina:

2123 3552 2437 3621 tentatimais
2468 3563 2628 3619 istius
2657 3584 2670 3619 :
2703 3563 2748 3617 si
2778 3562 2965 3631 culpas
2993 3570 3110 3615 tuas
3141 3559 3483 3629 cognoveris,
3515 3561 3713 3631 poterit

2121 3660 2362 3715 cveuire.

2192 3751 2263 3807 Et
2303 3751 2513 3806 habebis
2541 3751 2790 3821 ﬁduciam
2836 3731 3117 3823 preposita'
3137 3747 3231 3802 tibi
3256 3762 3369 3816 spe,
3404 3755 3452 3799 et
3479 3745 3720 3816 defossus

2122 3864 2334 3903 securus
2358 3846 2608 3901 dormies.
2651 3844 2985 3916 Reqttiesces,
3011 3853 3056 3898 et
3088 3858 3190 3897 non
3221 3843 3314 3896 erit
3347 3841 3441 3913 qui
3474 3849 3523 3894 te
3551 3850 3721 3925 exter:

2121 3948 2255 3998 real.
2302 3939 2371 3995 Et
2394 3938 2806 4012 deprecabuntur
2834 3939 3016 4009 faciem
3049 3947 3189 3990 tuum
3219 3934 3455 4003 plurimi.
3478 3931 3722 3988 Habebis‘

2127 4035 2268 4089 hanc
2296 4032 2568 4100 fiduciam,
2608 4041 2665 4083 ιιι
2708 4029 2959 4084 defossus
2990 4029 3042 4082 in
3098 4038 3293 4089 morte,
3327 4033 3620 4094 certusque
3650 4023 3717 4078 de

2130 4127 2541 4183 resurrectione
2568 4123 2817 4187 allectus,
2853 4137 3077 4177 securus
3114 4120 3376 4183 dormias,
3409 4118 3713 4188 requiescas

2126 4225 2180 4277 in
2214 4219 2453 4286 inferno,
2481 4217 2530 4271 in
2557 4234 2651 4286 spe
2675 4224 2841 4271 certa}
2867 4217 2981 4284 Spei
3011 4214 3363 4277 constitutus,
3396 4217 3455 4264 et;
3484 4225 3592 4263 non
3616 4209 3715 4263 erit

2126 4315 2242 4370 illic
2269 4313 2408 4368 nllus
2440 4323 2610 4365 tortor
2643 4309 2992 4363 adversarius
3024 4307 3298 4369 inimicus,
3329 4302 3421 4372 qui
3454 4313 3506 4357 te
3537 4311 3718 4356 exter-

2131 4418 2269 4474 reat,
2296 4417 2351 4460 et
2372 4405 2467 4460 tibi
2491 4419 2678 4475 poenas
2703 4400 3000 4457 infernates
3021 4397 3249 4468 inlligat,
3280 4399 3374 4451 sed
3397 4395 3576 4468 potius
3603 4395 3715 4464 qui-

415 4496 482 4551 ad
530 4511 654 4550 eutn
690 4511 887 4552 manus
920 4506 1039 4551 tuas
1070 4512 1082 4549 :
1119 4496 1171 4551 id
1219 4504 1325 4561 est,
1359 4495 1495 4550 falsa
1526 4511 1755 4564 Operam
1804 4497 2018 4561 merita,
2051 4484 2099 4539 υ
2126 4516 2361 4572 cumque
2394 4508 2541 4568 sunt,
2578 4511 2766 4568 preces
2812 4495 2904 4549 tibi
2950 4492 3226 4564 supplices
3272 4491 3520 4559 fundent,
3556 4501 3606 4542 ut
3638 4488 3717 4542 eis

416 4603 516 4644 ore
545 4590 838 4659 vaniloquo
869 4588 1111 4644 dilatasti
1149 4607 1161 4642 :
1212 4591 1338 4658 quia
1376 4588 1560 4643 multis
1603 4588 1758 4657 locis,
1801 4590 2022 4644 nomine

418 4698 703 4751 manuum,
735 4698 905 4751 Opera
934 4682 1320 4753 designantur.

491 4774 554 4832 Si
593 4776 915 4848 iniquitatem
942 4792 1060 4847 qua:
1088 4785 1160 4830 est
1215 4776 1271 4829 in
1322 4791 1479 4829 manu
1529 4782 1634 4838 tua,
1670 4774 1946 4829 abstuleris
1989 4792 2023 4829 a

416 4879 484 4937 te,
512 4878 683 4923 etnon
718 4869 966 4923 manserit
1008 4870 1063 4923 in
1095 4869 1429 4922 tabernaculo
1465 4877 1552 4921 tuo
1575 4867 1855 4940 injustitia.
1887 4866 2019 4921 Cmu

416 4963 846 5031 exprobratione
874 4962 1059 5028 arguit
1090 4960 1218 5026 Job,
1252 4961 1447 5016 dicens
1477 4976 1495 5013 :
1528 4959 1583 5015 Si
1615 4959 1871 5029 iniquitas
1901 4973 2022 5027 quae

414 5067 498 5113 est
534 5057 588 5110 in
620 5070 787 5111 manu
814 5056 1000 5125 operis
1036 5054 1138 5123 tui,
1170 5063 1226 5109 et
1268 5052 1533 5123 injustitia
1567 5050 1621 5106 in
1671 5052 2023 5106 tabernaculo

416 5150 607 5206 cordis
633 5149 713 5204 tui
737 5165 844 5204 non
874 5149 1163 5204 manserit.

491 5243 635 5299 Tunc
664 5246 839 5299 levare
863 5243 1057 5316 poteris
1090 5242 1281 5311 faciem
1313 5247 1455 5294 tuam
1491 5237 1683 5310 absque
1711 5238 1943 5307 macula,
1975 5246 2024 5292 et

411 5337 514 5393 eris
540 5335 768 5405 stabilis,
799 5346 848 5390 et
874 5353 976 5389 non
1011 5333 1235 5388 timebis.
1264 5331 1523 5387 Sanctam
1560 5330 1815 5384 videlicet
1840 5330 2017 5399 possi-

415 5429 553 5484 dens
606 5428 997 5482 conscientiam
1028 5470 1042 5495 ,
1092 5434 1149 5480 ct
1216 5423 1444 5478 liberam
1503 5421 1571 5476 ad
1615 5421 2016 5490 deprecandum

416 5519 588 5575 Deum
613 5519 834 5588 erigens
863 5517 1058 5573 faciem
1093 5525 1262 5571 tuam.
1295 5515 1429 5570 Cain
1468 5512 1613 5568 enim
1646 5513 1932 5568 fratricida
1963 5512 2017 5567 in

415 5622 564 5668 terra
593 5611 731 5666 Naid
760 5609 1050 5672 habitavit,
1082 5609 1138 5663 id
1160 5620 1268 5673 est,
1301 5607 1576 5661 instabilis
1604 5604 1782 5660 lactus
1812 5615 1917 5658 est.
1941 5602 2018 5659 Ne

407 5715 540 5781 ergo
561 5709 620 5761 et
642 5700 749 5760 Job
771 5700 1093 5773 hujusmodi
1114 5697 1473 5774 supplicium,
1503 5710 1670 5772 super
1700 5703 1880 5753 morte
1912 5710 2011 5754 sua

2132 4595 2355 4653 tartarei
2382 4593 2655 4650 cruciatus
2686 4590 2762 4645 tui
2789 4587 3133 4644 orationibus
3179 4592 3573 4653 temperentur.

2202 4691 2355 4746 Oculi
2380 4697 2552 4742 autem
2583 4687 2859 4750 impiorum
2893 4682 3149 4749 deﬁcient.
3179 4689 3228 4733 et
3258 4677 3507 4749 effugiunt
3533 4674 3714 4749 peribit

2127 4788 2190 4841 ab
2220 4788 2314 4854 eis,
2348 4792 2395 4837 et
2422 4799 2535 4853 spes
2567 4781 2779 4833 illorum
2817 4774 3132 4829 abominatio
3157 4773 3364 4826 animle.
3390 4769 3444 4825 Id
3476 4778 3583 4835 est,
3627 4782 3714 4822 ex-

2128 4876 2394 4950 spectatio
2418 4874 2698 4928 hominum
2727 4870 3016 4940 impiorum
3050 4865 3153 4920 hoc
3184 4865 3288 4919 line
3314 4861 3716 4918 concludetur:

2127 4984 2188 5031 ut
2218 4974 2272 5026 in
2302 4981 2551 5037 tempore
2581 4965 2771 5018 alienat
2814 4962 3028 5032 gloritr,
3076 4959 3177 5026 ipsi
3212 4974 3317 5013 non
3349 4956 3713 5024 absolutionc,

2129 5066 2225 5124 sed
2255 5059 2661 5120 abominatione
2701 5057 2850 5127 digni
2881 5053 3248 5108 inveniantur.

2733 5188 2962 5248 CAPUT
3003 5187 3119 5244 XII.

2201 5309 2541 5382 Respondeas
2562 5314 2737 5359 autem
2783 5301 2905 5370 Job,
2937 5300 3071 5356 dixit
3104 5314 3124 5354 :
3160 5297 3303 5369 Ergo
3349 5311 3439 5352 uos
3467 5295 3589 5350 estis
3623 5292 3717 5350 soli

2123 5405 2378 5469 homines,
2411 5413 2457 5455 et
2483 5398 2744 5453 vobiscum
2774 5394 3029 5449 morietur
3057 5389 3362 5463 sapientia?
3400 5386 3472 5443 Et
3489 5386 3620 5442 mihi
3647 5392 3715 5440 est

2123 5514 2212 5556 cor
2248 5500 2384 5552 sicut
2438 5507 2486 5550 et
2540 5493 2683 5546 vobis
2731 5503 2752 5546 :
2807 5504 2897 5543 nec
2946 5486 3165 5557 inferior
3203 5483 3357 5537 uestri
3404 5498 3546 5536 sunt.
3593 5478 3717 5547 Quis

2121 5598 2258 5655 enim
2289 5593 2399 5649 Ita'c
2429 5606 2543 5663 qua:
2564 5591 2727 5643 nostis
2753 5584 3007 5657 ignorat?
3034 5581 3138 5647 Qui
3168 5578 3433 5633 deridetur
3459 5577 3525 5630 ab
3556 5574 3719 5630 amico

2120 5707 2215 5749 suo
2237 5690 2370 5747 sicut
2397 5700 2514 5759 ego,
2552 5677 3028 5745 invocabitDeum,
3069 5679 3120 5731 et
3144 5670 3387 5730 exaudiet
3433 5683 3578 5727 sunt.
3615 5666 3723 5747 Det
