4032 6300
253 243 388 299 655

1212 233 1690 293 COMMENTARII
1731 232 1798 290 IN
1839 230 2098 289 LIBRUH
2140 231 2284 290 JOB.
2326 232 2482 289 CAP.
2525 231 2642 287 XII.

3466 233 3577 295 646

252 361 484 414 ridetur
512 359 648 413 enim
687 358 826 430 justi
863 357 1189 429 simplicitas.
1234 357 1346 410 Hoc
1393 365 1474 408 est
1513 354 1718 419 (iii'Cl‘C,
1745 351 1872 422 quid
1902 352 1953 410 A
1982 349 2207 415 inferni,
2241 360 2295 405 et
2337 350 2614 405 diabolum
2659 348 2949 406 habentem
2982 359 3302 421 potestatem
3355 353 3570 423 mortis,

249 468 374 507 vos
407 463 614 505 tantum
667 450 845 504 dicitis
885 451 1182 518 sapientes,
1217 457 1277 502 ct
1321 448 1521 516 putatis
1556 445 1698 516 quod
1752 455 1872 514 post

248 559 369 600 vos
399 544 580 600 nullus
608 541 712 599 erit
742 542 1004 612 sapiens?

336 635 580 706 Lampus
619 644 916 706 contempta
961 633 1103 704 apud
1152 633 1484 704 cogitationes
1525 633 1740 685 divitum
1779 648 1872 702 pa-

243 742 390 787 rata
412 731 480 784 ad
511 739 712 802 tempus
742 737 1010 782 statutum.
1049 727 1330 781 Abundant
1359 726 1694 780 tabernaculo
1737 741 1870 792 pra:—

248 825 490 893 donnm,
534 833 581 878 et
609 824 858 876 audacter
885 829 1169 893 provocant
1205 819 1398 887 Deum,
1436 836 1550 873 cum
1579 818 1688 882 ipse
1713 818 1868 870 dede--

243 919 327 971 rit
363 917 544 972 omnia
592 916 648 969 in
678 931 866 968 manus
907 929 1105 967 eorum.
1138 912 1472 982 Lampadem
1511 926 1572 966 se
1627 918 1869 964 contem-

250 1018 422 1080 ptam
452 1025 484 1061 a
513 1007 776 1061 divitibus
817 1005 945 1060 dicit
985 1024 996 1056 :
1043 1006 1228 1073 utique
1259 1002 1526 1072 superbos
1557 1016 1654 1056 eos
1698 999 1866 1054 deno-

253 1110 422 1166 tans,
449 1115 515 1156 eo
541 1099 686 1169 quod
722 1099 1067 1168 despicerent
1088 1115 1211 1152 eum
1237 1097 1494 1152 afﬂictum
1517 1095 1864 1158 cruciatibus,

259 1203 323 1249 et
373 1193 738 1262 despectione
788 1191 1250 1261 propinquorum;
1296 1190 1386 1260 qui
1438 1199 1616 1244 tatnen
1659 1205 1868 1257 magna:

251 1285 422 1352 ﬁdei,
454 1294 510 1339 et
536 1285 809 1340 bonorum
841 1300 1071 1353 operum
1103 1283 1222 1338 oleo
1247 1283 1578 1337 intrinsecus
1610 1282 1862 1352 fulgebat.

248 1377 397 1434 Sive
429 1379 595 1432 etiam
640 1377 847 1445 laiiipas
895 1386 1208 1446 contempta
1246 1392 1274 1430 a
1301 1377 1580 1440 divitibus,
1613 1376 1866 1430 (ὶιιι-ιειυς

250 1486 284 1526 a
314 1471 560 1536 Judaeis,
604 1475 696 1541 qui
734 1485 964 1542 surgens
998 1486 1028 1524 a
1070 1471 1299 1525 mortuis
1345 1469 1636 1540 splendore
1676 1470 1865 1538 gratim

251 1578 382 1617 Sua:
434 1563 768 1616 illuminavit
806 1563 1125 1616 universum
1160 1562 1446 1615 tnundtun.
1485 1561 1687 1614 Divites
1737 1576 1867 1613 vero

243 1657 382 1711 ideo
411 1654 588 1710 Judaei
620 1654 753 1709 dieti
797 1665 946 1718 sunt,
975 1656 1099 1723 quia
1126 1661 1455 1722 acceperunt
1481 1653 1700 1722 eloquia
1743 1652 1860 1706 Dei.

329 1747 604 1801 Nimirum
636 1749 896 1818 interroga
919 1750 1179 1819 juinenta,
1218 1755 1268 1799 et
1310 1745 1560 1799 docebunt
1591 1755 1660 1810 te,
1695 1759 1743 1798 et
1770 1761 1856 1797 ro-
1894 1742 1940 1803 B
1969 1738 2191 1795 Inclusit
2243 1741 2386 1797 Deus
2439 1742 2552 1798 Noe
2606 1743 2658 1797 in
2717 1744 2923 1800 diluvio
2972 1763 2984 1798 :

246 1839 439 1894 tatilia
490 1837 639 1906 creti,
696 1849 744 1893 et
795 1837 1098 1892 iudicabunt
1139 1837 1251 1891 tibi.
1311 1837 1546 1908 Loquere
1592 1848 1762 1902 terrte,
1813 1845 1862 1890 ct

242 1933 594 2006 respondebit
647 1932 768 2001 tibi,
836 1944 883 1986 et
930 1931 1216 1986 narrabant
1266 1933 1431 2002 pisces
1483 1934 1660 1984 maris.
1733 1930 1862 1994 Quis

240 2031 472 2100 ignorat
499 2026 636 2098 quod
667 2026 842 2080 omnia
891 2024 1002 2080 lucc
1042 2042 1230 2079 manus
1275 2023 1490 2080 Domini
1530 2024 1752 2093 fecerit?
1793 2023 1861 2077 ln

239 2122 408 2190 cujus
441 2134 601 2172 manu
621 2118 798 2172 anima
821 2119 990 2171 omnis
1019 2117 1250 2182 viventis,
1283 2128 1331 2170 et
1375 2117 1588 2186 spiritus
1612 2117 1864 2169 universae

238 2213 432 2268 carnis
467 2213 707 2266 hominis.
750 2209 940 2265 Nonne
970 2210 1112 2264 auris
1135 2211 1283 2264 verba
1311 2209 1586 2280 dijudicat,
1611 2220 1660 2263 et
1687 2211 1861 2278 fauces

236 2307 576 2362 comedentis
602 2306 880 2376 saporem?
910 2303 976 2358 In
1016 2304 1243 2374 antiquis
1274 2314 1348 2356 est
1391 2305 1665 2373 sapientia,
1713 2313 1759 2356 et
1807 2305 1861 2356 in

239 2398 416 2453 multo
438 2407 678 2466 tempore
718 2397 1015 2465 prudentia.
1071 2396 1228 2462 Apud
1257 2395 1429 2465 ipsum
1471 2405 1543 2449 est
1576 2396 1854 2462 sapientia,

241 2502 292 2548 et
322 2491 614 2563 fortitudo,
647 2501 693 2545 et
718 2492 826 2561 ipse
846 2490 1000 2544 habet
1029 2491 1323 2550 consilium,
1361 2501 1409 2544 et
1438 2488 1856 2563 intelligentiam.

243 2587 407 2653 Quod
448 2585 637 2640 omnia
668 2585 734 2640 ad
765 2585 859 2639 Dei
893 2583 1292 2652 providentiam
1327 2592 1381 2636 et
1411 2583 1857 2651 gubernatiOnem

246 2679 592 2750 pertineant,
627 2679 790 2732 etiam
839 2692 959 2746 quae
989 2675 1382 2730 irrationabilia
1430 2685 1590 2744 atque
1620 2675 1856 2729 insensi-

247 2771 378 2826 hilia
410 2781 572 2836 sunt,
595 2771 829 2840 quadam
862 2770 1072 2824 ratione
1097 2769 1340 2822 veritatis
1374 2768 1699 2836 interrogata
1748 2785 1862 2820 res-

247 2863 526 2933 pondent.
570 2860 888 2917 Secundum
926 2861 1218 2932 mysticum
1244 2859 1579 2914 intellectum
1631 2870 1862 2928 possunt

248 2958 512 3012 homines
556 2954 841 3022 inconditi,
889 2964 946 3008 et
995 2952 1397 3007 irrationabiles
1449 2951 1726 3015 moribus,
1775 2951 1863 3019 jt(-

248 3059 435 3103 menta
477 3045 732 3116 intelligi.
771 3045 1022 3101 Volatilia
1063 3061 1196 3100 vero
1237 3044 1612 3114 intelliguntur
1653 3045 1859 3096 danun-

1857 2497 1991 2600 4

1963 2696 2022 2916 ii

1863 2917 1963 2945 ρό

1976 462 2146 516 regno
2163 447 2553 502 dominationis
2572 434 3144 514 deposuit/Desuusit
3167 448 3310 503 Deus
3323 448 3574 504 Christus

1977 537 2145 610 igitur
2173 553 2431 606 mortem,
2459 539 2585 593 dum
2617 539 2787 609 ipsam
2815 546 2874 593 ut
2902 540 2954 593 in
2983 555 3044 594 ea
3071 531 3205 598 mori
3231 539 3572 610 dignaretur,

1975 634 2325 707 suscepit,/et
2354 633 2482 687 dum
2530 632 2581 686 in
2617 647 2780 687 cruce
2809 630 3081 687 destruxit
3107 646 3308 702 corpus
3337 632 3568 702 peccati,

1975 737 2218 783 veterem
2244 727 2520 782 hominem
2555 737 2801 780 nostrum
2832 725 2942 781 illic
2973 725 3391 783 interﬁcientem
3419 742 3574 796 pere-

1974 819 2070 874 mit
2104 837 2118 872 :
2159 830 2218 873 ut
2243 819 2383 874 viam
2418 818 2650 874 nobisin
2685 828 2950 874 aeternum
2989 809 3444 876 restitueret/Sic
3475 821 3576 874 ita-

1973 925 2080 979 que
2107 911 2376 965 destruxit
2408 922 2663 975 mortem,
2697 922 2752 966 et
2781 912 3102 967 illuminavit
3131 915 3298 969 vitam
3334 931 3348 969 :
3383 929 3571 984 perse-

1972 1002 2256 1072 quentium
2297 1002 2598 1058 Ecclesiam
2629 1005 2897 1058 destruxit
2938 1006 3197 1072 consilia,
3229 1009 3569 1062 molientium

1976 1107 2032 1148 ut
2070 1108 2266 1148 nomen
2297 1095 2414 1163 ejus
2439 1095 2744 1149 eﬂ‘oderent
2782 1095 2852 1150 de
2883 1097 2984 1151 sub
3027 1098 3187 1167 ctelo,
3221 1099 3392 1155 Judaii
3425 1103 3572 1157 scili-

1973 1197 2058 1238 cet
2090 1193 2147 1240 et
2175 1197 2386 1255 gentes.
2419 1186 2696 1240 Destrusit
2728 1186 2981 1255 dogmata
3003 1231 3017 1255 ,
3051 1200 3107 1242 et
3142 1190 3391 1246 diversos
3419 1210 3573 1248 erro-

1972 1292 2060 1331 res
2110 1279 2491 1331 lucreticorum
2543 1278 2612 1332 ab
2659 1277 2952 1333 Ecclesia:
2998 1280 3367 1338 indissolubili
3407 1294 3570 1342 tectae

1971 1367 2097 1422 ﬁdei
2126 1369 2358 1424 aedilicio
2393 1389 2404 1423 :
2432 1370 2500 1425 de
2530 1369 2738 1448 quibus
2758 1370 3020 1426 Salomon
3052 1391 3062 1425 :
3095 1371 3336 1429 Civitates
3357 1378 3568 1448 fortium

1971 1464 2198 1516 ascendit
2219 1464 2446 1530 sapiens,
2469 1473 2518 1518 et
2533 1465 2785 1518 destruxit
2808 1465 3118 1520 munitiones
3139 1468 3272 1539 ejus.
3294 1469 3571 1527 Destruxit

1971 1563 2026 1608 et
2056 1571 2270 1609 onmem
2303 1556 2507 1610 cultum
2542 1556 2833 1611 idolorum.

2044 1646 2106 1702 Si
2163 1647 2432 1702 incluserit
2491 1649 2786 1716 hominem,
2845 1651 3024 1708 nullus
3077 1663 3151 1707 est
3199 1655 3289 1725 qui
3351 1659 3570 1725 aperiat.

3041 1745 3144 1800 [λοι
3208 1749 3263 1802 in
3324 1751 3495 1821 Segor
3553 1769 3566 1808 :

1966 1831 2159 1887 .lonam
2218 1834 2272 1887 in
2325 1845 2516 1890 ventre
2553 1834 2662 1890 ceti
2712 1851 2728 1889 :
2785 1835 3076 1893 Jeremiam
3132 1850 3185 1896 et
3237 1842 3446 1897 Baruch
3501 1860 3569 1901 ne

1967 1922 2367 1980 invenirentur.
2425 1925 2652 1981 Includit
2689 1970 2705 1995 ,
2763 1937 2818 1984 et
2866 1929 2992 1984 illos
3056 1930 3125 1987 de
3185 1933 3380 2003 quibus
3435 1937 3569 1992 dici-

1968 2027 2054 2072 tur
2104 2035 2118 2072 :
2179 2017 2428 2075 lnnnittct
2487 2022 2735 2093 angelum
2789 2040 2940 2078 suum
3004 2026 3057 2079 in
3114 2028 3335 2083 circuitu
3386 2033 3568 2085 timen-

1967 2107 2094 2161 tium
2130 2126 2279 2176 eum,
2332 2121 2382 2166 et
2427 2112 2608 2182 eripiet
2649 2130 2756 2168 eos.
2801 2113 2929 2170 Sive
2965 2116 3069 2172 sub
3109 2122 3376 2175 sententia
3419 2138 3564 2177 mor-

1967 2199 2038 2253 tis
2056 2199 2270 2270 judicio
2307 2201 2404 2256 Dei
2439 2204 2674 2274 positum
2721 2207 2996 2262 hominem
3031 2213 3152 2279 quis
3191 2222 3369 2282 potest
3405 2231 3565 2270 revo-

1965 2297 2129 2348 care?
2159 2295 2409 2352 Inclusus
2436 2309 2519 2352 est
2545 2297 2755 2353 Pharao
2797 2300 2848 2354 in
2889 2301 3086 2357 mediis
3126 2307 3328 2376 aquis:
3369 2308 3562 2364 inclusi

1966 2397 2096 2441 sunt
2128 2388 2344 2442 Dalhan
2375 2397 2430 2444 et
2459 2390 2662 2443 Abiron
2693 2391 2798 2444 vivi
2835 2391 2886 2446 in
2924 2391 3144 2448 interno
3177 2412 3190 2448 :
3222 2397 3450 2466 populus
3479 2400 3560 2455 ls-

1993 2484 2079 2536 ael
2120 2483 2173 2537 in
2202 2499 2393 2538 eremo
2425 2499 2524 2554 per
2562 2485 2922 2556 quadraginta
2959 2505 3133 2543 annos
3175 2491 3416 2547 inclusus
3456 2504 3562 2550 est.

1992 2576 2191 2629 nciudit
2237 2578 2377 2631 lleus
2422 2576 2701 2633 hominem
2752 2580 3196 2638 tribulatiooibus
3254 2601 3564 2656 excoquen-

2003 2683 2090 2721 um
2124 2686 2135 2720 :
2166 2682 2255 2723 aut
2286 2681 2437 2725 certe
2462 2673 2906 2740 correptionibns
2949 2675 3334 2746 ﬂag.-l|.-.ndnm
3367 2697 3560 2749 pecca-

2027 2777 2142 2816 reni
2179 2762 2348 2831 cingit
2379 2772 2436 2818 ut
2483 2765 2754 2819 emendet.
2788 2766 2922 2832 Quis
2953 2779 3037 2822 est
3069 2773 3157 2838 qui
3199 2772 3412 2838 c0piam
3458 2776 3559 2830 de-

1999 2857 2200 2911 linandi
2223 2860 2386 2913 veluti
2415 2862 2704 2930 quemdam
2736 2863 2941 2918 aditum
2973 2867 3206 2935 aperiat,
3239 2879 3297 2922 ut
3325 2872 3557 2925 evadat:

1963 2952 2104 3006 sicut
2132 2953 2246 3020 ipse
2271 2951 2394 3014 Job,
2427 2955 2516 3022 qui
2551 2957 2626 3008 ait
2655 2974 2667 3006 :
2698 2957 2976 3012 Conclusit
3001 2975 3086 3013 nn:
3120 2961 3259 3016 Dens
3283 2965 3424 3032 apud
3455 2964 3560 3018 ini-

1963 3059 2151 3112 quum,
2200 3052 2256 3098 et
2303 3046 2552 3100 Inanibus
2605 3047 2892 3116 impiorum
2943 3052 3164 3107 tradidit
3216 3069 3325 3110 me.
3371 3056 3557 3112 l’o:est

250 3156 371 3207 nes,
405 3139 534 3195 sive
581 3139 750 3203 leves,
795 3149 851 3193 et
895 3137 1029 3194 elati
1068 3139 1315 3191 homines
1345 3150 1409 3190 ac
1461 3138 1680 3206 superbi
1708 3153 1722 3188 :
1765 3149 1859 3190 aut
1890 3131 1931 3196 ι]
1964 3136 2126 3192 Ιιοιιιο
2155 3137 2256 3192 hoc
2291 3139 2414 3193 loco
2445 3140 2691 3196 diabolus
2722 3142 2953 3212 intelligi
3000 3163 3014 3198 :
3045 3149 3134 3214 qui
3164 3164 3288 3202 cum
3321 3148 3562 3205 inclusus

247 3244 404 3291 certe
447 3233 742 3302 astrologi.
774 3231 945 3287 Terra
995 3232 1302 3300 voluptuosi
1334 3231 1604 3298 homines,
1657 3241 1711 3284 et
1741 3245 1860 3284 ear-

251 3329 434 3396 nales,
482 3327 581 3397 qui
625 3335 842 3382 terrena
884 3325 1124 3394 sapiunt.
1171 3324 1382 3389 Pisces,
1436 3323 1762 3392 philosoiihi,
1808 3331 1862 3377 et

249 3435 443 3476 eorum
473 3420 715 3486 similes,
751 3419 840 3490 qui
871 3420 940 3474 de
966 3419 1130 3474 rebus
1162 3420 1372 3482 mundi,
1393 3427 1449 3472 et
1479 3418 1598 3487 ejus
1625 3419 1860 3488 qualita-

252 3513 396 3568 tibus
420 3513 774 3584 inquirendis
806 3512 960 3567 nimii
991 3520 1136 3566 sunt.
1171 3512 1344 3566 Aliter
1381 3529 1392 3565 :
1421 3509 1699 3579 Iumenta,
1735 3510 1860 3580 equi

248 3604 378 3660 boni
411 3614 574 3672 sunt,
608 3621 731 3676 qua:
764 3604 1020 3658 animalia
1063 3605 1115 3658 in
1149 3601 1468 3658 hereditate
1512 3601 1724 3657 Domini
1761 3605 1860 3655 lia-

251 3697 514 3755 bitabunt
542 3713 556 3752 :
585 3696 786 3768 quibus
818 3695 999 3766 pluvia
1033 3694 1337 3750 voluntaria
1369 3694 1643 3765 Evangelii
1675 3694 1744 3749 ab
1775 3695 1860 3748 in-

253 3791 497 3848 credulis
518 3798 804 3860 segregata
827 3798 935 3845 est.
962 3787 1222 3844 Volucres
1241 3803 1370 3844 vero
1389 3797 1516 3842 sunt
1534 3788 1624 3857 qui
1643 3802 1858 3842 sursum

259 3884 425 3940 corda
478 3885 708 3950 habent,
752 3894 808 3939 et
855 3882 1101 3938 cmleSIia
1144 3885 1583 3950 concupiscunt;
1632 3878 1717 3933 vel
1768 3878 1860 3948 qui

263 3980 480 4033 obviam
513 3975 738 4033 Christo
767 3979 818 4031 in
852 3992 981 4031 aere
1012 3991 1079 4029 cx
1112 3973 1342 4028 mortuis
1373 3973 1495 4027 ituri
1525 3981 1650 4026 sunt
1681 3987 1698 4026 :
1728 3985 1859 4024 caro

262 4085 576 4126 sanctorum
608 4072 917 4125 rectissime
951 4068 1290 4136 intelligitur,
1315 4083 1436 4134 qua:
1465 4082 1506 4119 ri
1527 4075 1727 4134 guanle
1762 4065 1863 4116 lio‘

265 4168 432 4234 mino,
463 4167 787 4222 exsultabit.
817 4166 1002 4219 Pisces
1024 4179 1150 4216 vero
1176 4163 1263 4226 qui
1289 4162 1426 4215 inter
1451 4160 1647 4216 ﬂuctus
1674 4159 1859 4213 mundi

271 4259 430 4313 istius
459 4269 923 4329 tempestatesque
963 4266 1235 4319 natantes,
1279 4263 1388 4308 tuta
1423 4254 1525 4306 sibi
1558 4253 1674 4307 loca
1705 4261 1862 4305 teter-

268 4351 454 4406 nitatis
486 4365 540 4408 et
571 4352 748 4422 quieta
783 4349 1142 4420 prOSpiciunt.
1187 4347 1279 4402 Vel
1320 4346 1399 4400 illi
1441 4347 1616 4415 pisces
1661 4346 1860 4398 intelli-

267 4446 427 4514 gendi
475 4457 636 4516 sunt,
670 4447 760 4516 qui
814 4460 910 4514 per
957 4458 1150 4513 aquam
1203 4441 1369 4495 vitam
1411 4441 1723 4508 accipiunt;
1767 4439 1853 4506 qui

1963 3228 2126 3286 fuerit
2151 3233 2204 3286 in
2240 3232 2475 3298 interno,
2511 3249 2612 3288 nec
2634 3249 2694 3288 se
2717 3235 2830 3303 ipse
2855 3234 3132 3303 liberavit,
3161 3242 3252 3308 qui
3281 3255 3341 3296 se
3361 3252 3557 3298 contra

1961 3326 2130 3382 Deum
2162 3325 2515 3382 fortissimum
2544 3327 2945 3384 detestabiliter
2971 3331 3294 3390 arbitratur.

2034 3420 2096 3475 Si
2123 3421 2431 3474 continuerit
2456 3437 2650 3489 aquas,
2687 3423 2864 3475 omnia
2896 3425 3258 3493 siccabuntur,
3288 3436 3335 3481 et
3363 3429 3407 3482 si
3434 3430 3560 3482 cutio

1961 3512 2086 3567 serit
2112 3529 2231 3578 eas,
2263 3513 2556 3568 subvertent
2596 3523 2808 3568 terram.
2842 3517 2998 3584 Quod
3039 3519 3235 3573 tactum
3279 3520 3381 3574 sub
3419 3521 3558 3588 Noe,

1962 3609 2258 3661 secundum
2287 3606 2695 3675 Scripturarum
2733 3609 2895 3664 [idem
2918 3653 2934 3676 ,
2963 3610 3186 3667 minime
3214 3613 3549 3671 dubitamus.

1963 3695 2120 3751 Modo
2142 3713 2271 3753 vero
2295 3698 2657 3768 spiritualiter
2682 3716 2836 3770 aqua:
2858 3701 3235 3759 doctrinarum
3261 3705 3314 3760 in
3336 3705 3556 3761 Jud:eo-

1965 3804 2087 3844 rum
2125 3789 2338 3861 populis
2359 3792 2734 3858 continentur,
2764 3803 2821 3846 ut
2841 3793 2949 3848 sint
2980 3795 3060 3850 eis
3092 3795 3226 3866 legis
3247 3795 3470 3852 ﬂumina
3505 3800 3560 3854 in

1964 3883 2266 3952 deSertum,
2299 3896 2355 3941 et
2404 3887 2583 3942 exitus
2609 3902 2870 3958 aquarum
2917 3889 2969 3943 in
3000 3891 3146 3945 sitim
3182 3910 3194 3946 :
3237 3902 3293 3948 et
3330 3894 3567 3949 habeant

1967 3987 2020 4030 ut
2069 3975 2189 4031 istae
2231 3992 2384 4046 aqua:
2427 3988 2670 4034 terrenas
2715 3981 3042 4051 cupiditates
3090 3993 3252 4051 atque
3294 3987 3559 4056 luxurias,

1964 4078 2018 4122 et
2072 4068 2458 4137 diSperdantur
2495 4086 2559 4124 ac
2600 4071 2988 4142 demoliantur,
3023 4076 3076 4130 in
3109 4087 3258 4132 terra
3304 4078 3567 4135 Ecclesia)

1966 4162 2304 4217 rationabilis
2337 4163 2519 4218 relicui
2552 4165 2784 4234 imagine
2812 4169 3014 4222 terreni
3047 4167 3316 4239 hominis,
3363 4171 3417 4227 in
3449 4175 3566 4244 Spi-

1967 4255 2216 4309 ritualem
2249 4255 2408 4310 vitam
2439 4271 2496 4311 se
2529 4260 2904 4314 convertenda
2935 4262 3242 4331 proﬁciant.

2039 4347 2193 4418 Apud
2241 4349 2412 4416 ipsum
2451 4361 2523 4403 est
2569 4350 2859 4419 fortitudo,
2899 4361 2947 4405 et
2975 4357 3261 4422 sapientia.
3300 4355 3415 4413 Hoc
3459 4369 3564 4424 est,

1978 4437 2149 4492 Filius
2181 4456 2302 4494 cum
2336 4440 2517 4505 Patre,
2552 4453 2606 4496 et
2634 4442 2873 4512 Spiritus
2900 4457 3146 4500 sanctus.

267 4540 554 4594 (ξυιιΐυειίιιι
589 4542 658 4596 de
701 4540 852 4594 fonte
890 4537 1142 4607 baptismi
1188 4537 1418 4606 migrant
1455 4535 1520 4588 ad
1559 4532 1858 4599 Christum,
1889 4519 1945 4580 Β
2044 4528 2166 4602 Ipse
2216 4533 2375 4597 novit,
2407 4542 2455 4586 et
2492 4534 2863 4603 tlecipientem,
2912 4547 2960 4589 et
3007 4555 3122 4591 eum
3161 4542 3248 4608 qui
3287 4541 3566 4611 decipitur.

268 4631 384 4685 sive
413 4634 480 4686 ad
516 4633 705 4698 Deum,
737 4643 795 4686 ut
824 4631 915 4685 alii
946 4631 1152 4684 dicunt.

342 4725 402 4778 Si
443 4726 781 4789 destruxerit,
823 4740 974 4777 nemo
1016 4723 1205 4792 estqui
1249 4720 1489 4789 cerliﬁcet.
1524 4717 1866 4772 Manifestum

269 4825 352 4868 est
383 4816 645 4886 quidquid
680 4817 963 4886 sapientiae
993 4830 1102 4870 sua:
1141 4813 1348 4883 judicio
1371 4811 1634 4881 dissipare
1681 4812 1867 4862 volne-

268 4906 362 4968 l'il,
417 4923 481 4961 ac
527 4910 816 4965 destruere
863 4927 874 4962 ε
925 4924 1084 4962 nemo
1135 4906 1330 4975 poterit
1376 4901 1682 4958 fortitudini
1724 4902 1867 4955 illius

265 5001 409 5052 velut
457 5013 659 5070 potens
699 5004 974 5058 resistere.
1027 5002 1172 5056 Sicut
1217 4999 1488 5053 destruxit
1532 5007 1761 5063 turrem,
1812 5001 1867 5049 ct

270 5104 431 5160 regna
462 5101 756 5151 multarum
790 5097 1056 5166 gentium,
1091 5094 1172 5148 vel
1209 5103 1375 5146 etiam
1418 5089 1742 5150 Jerusalem,
1773 5087 1865 5140 ubi

278 5197 545 5256 praecepta
575 5192 683 5258 ipsa
718 5190 916 5260 legalia
945 5199 1223 5256 tamquam
1255 5184 1463 5253 lapides
1494 5182 1680 5250 scripti
1713 5191 1863 5247 sunt,

279 5276 380 5328 sub
405 5282 691 5345 prtesentia
719 5283 904 5353 gratia:
942 5295 1055 5334 sua:
1087 5277 1439 5334 disSolvenda
1467 5289 1589 5330 esse
1611 5288 1870 5342 pr:enun.

282 5367 452 5424 tiavit.
487 5372 577 5428 Sic
606 5375 808 5445 itaque,
832 5382 888 5429 et
916 5373 1218 5428 secundum
1241 5371 1343 5426 Job
1365 5367 1865 5440 prophetatiunetn,

287 5459 460 5526 paries
490 5465 914 5532 inimicitiarum,
947 5469 1034 5522 lex
1077 5467 1266 5534 utique
1302 5471 1698 5533 pra-ceptorum
1719 5501 1733 5525 ,
1773 5474 1870 5529 per

288 5547 559 5612 Christum
589 5561 868 5617 destructa
897 5573 982 5616 est
1007 5579 1021 5624 ;
1053 5561 1267 5614 ntduos
1295 5558 1558 5614 conderet
1601 5557 1651 5610 in
1691 5568 1870 5610 seme-

294 5638 431 5710 ιίβθο
476 5647 526 5702 in
574 5667 738 5707 unum
800 5669 1001 5708 novum
1058 5650 1330 5706 hOminem
1393 5665 1577 5719 pacem
1639 5645 1865 5700 faciens.

295 5731 567 5799 Destruxit
611 5754 770 5818 atque
814 5745 1084 5803 reseravit
1135 5747 1274 5801 Deus
1323 5744 1574 5800 Christus
1627 5741 1865 5799 claustra

1972 4623 2212 4679 Noverat
2244 4625 2484 4691 Balaam,
2514 4629 2720 4694 Achab,
2749 4627 2944 4684 (Euam
2975 4631 3166 4686 falsum
3196 4646 3568 4692 surrecturum

1973 4718 2292 4788 prephctam
2325 4737 2338 4773 :
2379 4717 2576 4774 {Euam
2609 4719 2773 4786 novit,
2811 4723 2903 4776 sed
2936 4738 3030 4791 per
3054 4725 3168 4780 lucc
3199 4729 3457 4783 meritum
3485 4747 3572 4798 po-

1974 4810 2083 4880 puli
2108 4811 2411 4879 peccatoris
2434 4811 2714 4865 ostendit:
2742 4821 2799 4866 ut
2826 4813 2877 4866 in
2900 4816 3261 4882 perditionem
3281 4819 3400 4886 ejus
3428 4823 3568 4876 falsa

1973 4903 2318 4958 Vaticiuando
2340 4904 2720 4972 denuntiet,et
2749 4905 2803 4960 hi
2829 4906 2924 4976 qui
2954 4909 3137 4963 nolunt
3171 4910 3364 4967 audire
3394 4914 3565 4970 Deum

1974 5005 2027 5050 et
2055 5001 2346 5066 prOpIietas
2377 5013 2500 5051 vera
2535 4998 2806 5064 dicentes,
2832 5001 3438 5071 pseudopmphetarum
3471 5007 3570 5060 lal-

1973 5091 2049 5144 sis
2075 5089 2552 5146 vaticinationibus
2589 5092 2908 5148 illudantur.
2955 5093 3081 5148 Filii
3117 5109 3332 5164 quoque
3365 5096 3559 5164 Israel,

1973 5187 2110 5240 sicut
2136 5187 2186 5239 in
2216 5186 2354 5239 libro
2375 5186 2622 5240 Judicum
2653 5186 2904 5256 legimus,
2947 5189 3266 5258 aequissimo
3299 5189 3391 5245 Dei
3423 5191 3576 5261 judi-

1973 5280 2060 5335 cio
2080 5279 2295 5348 decepti
2325 5290 2470 5334 sunt.
2506 5281 2569 5334 Et
2601 5296 2720 5334 cum
2761 5280 2915 5350 juxta
2957 5297 3120 5336 causa
3167 5295 3392 5352 propter
3432 5301 3572 5338 uxo-

1973 5386 2086 5426 rem
2115 5371 2319 5426 Levitis
2342 5380 2530 5425 contra
2554 5370 2947 5439 Benjaminitas
2971 5373 3288 5444 congregati
3313 5374 3568 5445 fuissent,

1973 5477 2029 5521 ut
2059 5464 2239 5520 scelus
2276 5463 2532 5518 adulterii
2563 5463 2887 5532 puniretur:
2925 5466 2978 5519 in
3015 5464 3150 5534 ipsis
3181 5466 3333 5535 prius
3368 5478 3453 5522 est
3481 5486 3571 5523 sa-

1971 5559 2179 5630 crilegii
2207 5559 2414 5614 crimen
2445 5558 2798 5622 vindicatum,
2830 5559 2953 5626 quia
2981 5559 3129 5626 prius
3153 5559 3258 5630 ipsi
3280 5561 3566 5616 eluendari

1973 5650 2275 5705 debuerant
2306 5666 2318 5702 :
2353 5651 2435 5704 Vcl
2467 5657 2617 5704 certe
2648 5663 2766 5718 eos,
2794 5648 2888 5718 qui
2913 5648 3055 5704 idola
3087 5651 3140 5706 in
3175 5652 3426 5720 injuriam
3472 5653 3571 5712 Dei

1972 5744 2294 5814 adorabunt,
2321 5741 2638 5802 interimere
2671 5759 2685 5799 :
2715 5743 2911 5815 quibus
2940 5746 3117 5816 majus
3147 5744 3254 5802 fuit
3277 5745 3466 5804 fratris
3486 5747 3576 5809 im
