4026 6324
495 257 500 260 ’
514 263 624 328 847

1307 256 1654 323 ΑΡΡΕΝΗΙΧ
1695 264 1788 321 AD
1826 261 2076 320 TOSIUM
2115 258 2462 322 SEPTIMUM
2504 266 2562 320 S.
2609 263 3016 324 IIIEItOXYlII.

3718 266 3826 332 ωε

520 383 667 455 iulia
723 401 884 457 quam
927 385 1063 451 Dei,
1106 391 1161 438 et
1198 381 1268 436 oh
1298 381 1350 434 id
1382 380 1531 450 prius
1571 380 1622 432 in
1659 382 1765 433 illis
1787 379 2117 434 vindicatum
2149 387 2200 444 Α
2297 382 2629 438 Comtnutans
2661 387 2857 439 labium
2906 389 3189 453 veracium,
3224 398 3273 443 et
3313 389 3607 443 doctrinam
3639 409 3822 449 senum

524 490 629 535 est.
659 481 818 535 Novit
853 489 1033 534 autem
1076 477 1335 532 Dominus
1374 484 1431 529 et
1473 475 1832 544 decipientem
1863 483 1918 528 et
1958 474 2119 529 dece-

523 586 675 644 ptum
701 590 795 642 per
815 571 1229 641 pra-scientiam,
1251 569 1394 639 quod
1416 571 1582 625 etiam
1605 570 1672 623 de
1699 569 1853 632 Abel,
1878 579 1932 622 et
1957 569 2110 635 C.-in,

525 680 576 722 et
605 667 792 729 Dalila,
825 677 881 721 et
908 665 1160 728 Samson.
1207 662 1303 736 qui
1329 666 1559 735 gratiam
1591 665 1828 737 Spiritus
1856 663 2033 719 sancti
2065 665 2118 719 in

524 768 736 827 septem
767 757 1014 812 crinibus
1044 757 1273 830 mystice
1302 758 1638 827 possidebat,
1665 757 1896 828 intelligi
1919 766 2115 828 potest.

521 849 762 906 Noverat
799 849 992 922 utique
1031 851 1148 906 haec
1178 851 1364 906 omnia
1399 851 1541 907 Deus
1569 861 1861 921 antequam
1895 851 2111 919 ﬁerent,

520 944 782 1014 praescius
809 942 1158 1010 futurorum;
1188 944 1286 1000 sed
1327 945 1577 1015 permisit
1604 957 1662 999 ut
1700 945 1896 1008 bomo,
1926 943 2019 1014 qui
2053 943 2118 998 Ii-

517 1036 653 1092 bcro
700 1036 957 1092 utebatur
1005 1035 1260 1100 arbitrio,
1300 1047 1582 1108 praecepto
1630 1037 1726 1092 Dei
1771 1037 2109 1102 inubediens,

514 1130 712 1199 insupe
733 1151 763 1196 ·,
794 1143 850 1187 et
886 1130 1055 1186 Deum
1097 1145 1257 1202 posse
1281 1145 1343 1187 se
1373 1129 1487 1186 ﬁeri
1539 1131 1791 1196 credens,
1826 1145 1924 1198 per
1953 1128 2116 1199 justi-

511 1225 641 1280 ti.un
665 1224 759 1279 Dei
787 1240 1001 1292 pentiam
1027 1223 1414 1279 inobedientize
1438 1223 1762 1293 dignissime
1789 1221 2109 1276 sustineret.

516 1318 580 1373 Ili
609 1332 806 1374 omnes
829 1330 1016 1390 typum
1039 1317 1244 1371 Clit-isti
1278 1316 1611 1372 habuerunt.
1642 1317 1695 1370 In
1727 1315 1961 1372 Samson
1983 1330 2115 1369 vero

509 1412 601 1480 qui
635 1411 851 1465 leonem
878 1411 1056 1464 tenuit
1084 1418 1140 1464 et
1167 1409 1392 1468 occidit.
1423 1416 1480 1462 et
1509 1408 1562 1462 in
1589 1421 1684 1461 ore
1715 1407 1917 1460 mortui
1941 1406 2114 1460 leonis

521 1502 702 1556 favum
733 1503 912 1557 mellis
939 1504 1146 1557 invenit
1179 1519 1195 1556 :
1227 1501 1592 1572 signiﬁcatum
1624 1509 1729 1564 est,
1759 1499 1902 1566 qttod
1938 1499 1994 1552 in
2023 1514 2113 1551 su-

513 1595 721 1666 ptrbis,
772 1596 826 1649 in
872 1611 1109 1665 quorum
1156 1610 1255 1649 ore
1299 1607 1462 1663 pater
1503 1594 1682 1646 fuerat
1733 1591 2108 1660 blasphemiae,

510 1696 662 1743 esset
695 1689 1042 1756 postmodum
1083 1687 1322 1742 dulcedo
1355 1687 1531 1741 laudis
1565 1698 1618 1740 el.
1657 1687 1849 1755 gratia:
1891 1684 2007 1739 Dei.
2040 1682 2113 1737 Et

508 1791 563 1835 ut
589 1781 677 1836 ille
703 1780 935 1836 Stmsun
974 1779 1167 1834 sitiens
1205 1778 1276 1835 de
1325 1780 1515 1833 molari
1552 1779 1720 1833 dente
1748 1777 1926 1840 asini,
1954 1777 2109 1830 invo-
2143 1785 2186 1846 Β

507 1885 633 1926 cato
665 1871 800 1937 Deo,
850 1886 1044 1942 aquam
1082 1868 1269 1924 eduxit
1309 1879 1366 1924 ut
1399 1869 1610 1924 biberet
1639 1886 1651 1921 :
1683 1867 1760 1923 ita
1782 1879 1836 1923 et
1858 1865 2109 1920 Christus

508 1966 577 2020 tle
609 1963 891 2020 immundo
916 1973 974 2020 et
1018 1962 1155 2018 duro
1195 1963 1440 2033 gentium
1491 1962 1691 2032 populo
1727 1960 1833 2014 lide
1878 1961 2109 2015 creden-

506 2061 643 2114 tium
711 2068 987 2128 tamquam
1063 2057 1333 2127 refrigerii
1402 2057 1606 2125 pottulo
1665 2062 1939 2108 saturatas
1998 2060 2104 2106 est.

506 2150 555 2207 Μ
576 2151 720 2205 tstllzt
754 2166 967 2221 quoque
995 2149 1243 2218 ejusdem
1274 2146 1417 2200 τιςιηί
1449 2148 1517 2200 de
1544 2147 1701 2214 cujus
1732 2145 1926 2199 molari
1953 2159 2107 2213 aqua:

513 2246 753 2314 eopiosm
783 2241 1129 2302 efﬂuxerat“.
1162 2241 1367 2294 occidit
1394 2240 1546 2292 inille
1568 2239 1733 2292 viros.
1770 2239 1824 2291 In
1850 2235 2104 2297 maxillis,

509 2349 564 2393 et
586 2337 862 2398 dentibus,
897 2339 1011 2388 uris
1038 2332 1316 2402 eloquium
1343 2331 1692 2400 intelligitur.
1731 2328 1982 2384 Docnina
2010 2328 2110 2398 igi-

507 2438 595 2484 tur
624 2442 840 2489 eorunt.
895 2423 987 2494 qui
1029 2440 1095 2479 ex
1138 2423 1393 2493 gentibus
1437 2419 1811 2483 crediderunt,
1860 2418 2107 2490 perfecto

507 2523 751 2592 quodam
805 2533 1033 2574 numero
1063 2519 1269 2572 linitur.
1303 2515 1531 2573 Satnsmt
1583 2530 1712 2570 vero
1757 2517 1944 2569 hostes
1979 2529 2106 2568 suos

505 2624 671 2684 atque
692 2609 1040 2666 adversarios
1063 2610 1240 2663 tribus
1268 2606 1446 2661 modis
1467 2605 1762 2672 interfecit,
1785 2616 1837 2661 et
1863 2604 2103 2660 occidit:

510 2707 638 2760 dttttt
671 2705 764 2759 alii
798 2717 905 2756 non
929 2701 1207 2757 etedendu
1235 2707 1467 2770 pereunt
1495 2715 1510 2753 :
1542 2700 1636 2753 alii
1667 2713 1797 2754 vent
1827 2698 2105 2752 credendo

508 2799 656 2859 Iidei,
690 2799 996 2851 moriuntur
1020 2805 1264 2865 peccato.
1293 2792 1443 2862 Opus
1473 2797 1575 2847 ltoc
1605 2791 1839 2846 maxilla:
1870 2792 2104 2846 elevatio

506 2892 831 2960 appellatur.
857 2889 933 2944 Ita
953 2903 1097 2942 entm
1115 2888 1394 2951 doctrina,
1408 2895 1465 2940 et
1484 2885 1799 2956 prwdicatiu
1825 2881 2102 2953 Evangelii

508 2983 853 3053 tn-tgnilicata
885 2991 971 3037 est
995 2997 1160 3050 super
1178 2996 1399 3036 omnem
1428 2990 1655 3040 terram.
1682 2990 1741 3033 ut
1770 2994 1888 3034 eam
1911 2993 2104 3033 omnes

505 3091 697 3149 gentes
725 3077 927 3148 ubique
952 3075 1220 3132 clevatam
1245 3076 1528 3130 mirentur.
1556 3075 1611 3129 In
1638 3074 1746 3129 illis
1774 3089 1904 3144 ergo
1925 3075 2105 3143 vulpi-

505 3170 606 3226 Ms
641 3172 927 3241 ﬁguratum
948 3177 1032 3224 est
1069 3183 1084 3222 :
1113 3178 1174 3223 ut
1202 3183 1301 3238 per
1333 3167 1559 3221 dolosas
1593 3177 1646 3221 et
1673 3181 1824 3220 sana:
1849 3163 1973 3219 lidei
2002 3166 2102 3219 ini-
2127 3171 2174 3234 ε

508 3267 700 3331 micos,
746 3279 976 3336 quorum
1005 3261 1343 3334 principatus
1370 3263 1422 3316 in
1453 3261 1644 3316 caudis
1672 3272 1756 3314 est
1776 3305 1790 3329 ,
1825 3275 1952 3330 pars
1983 3269 2104 3328 post

507 3370 716 3428 tt-rgutn
746 3357 955 3424 relicta,
982 3371 1110 3426 pars
1132 3370 1278 3411 circa
1308 3354 1518 3410 fructus
1550 3353 1776 3409 Christe
1805 3353 2102 3409 adversan-

506 3449 636 3506 tium
667 3461 993 3505 Vastaretur.

576 3544 804 3598 Adducit
829 3541 1156 3596 consiliarios
1183 3541 1239 3594 in
1273 3541 1489 3594 stultum
1518 3539 1700 3609 ﬁnem,
1741 3548 1790 3594 et
1818 3539 2025 3611 judices
2045 3539 2100 3594 in

503 3647 785 3706 stuporem.
827 3633 896 3690 Ut
939 3634 1068 3688 fecit
1104 3640 1299 3686 contra
1341 3631 1722 3702 Egyptiorum
1750 3647 1936 3702 magos
1961 3675 1976 3701 ,
2005 3633 2099 3704 qui

504 3730 755 3784 dicebant
801 3725 1113 3788 Pharaoni,
1167 3739 1350 3794 regem
1395 3723 1778 3778 Clialtlteotum
1829 3737 1934 3778 nan
1977 3741 2100 3783 esse

502 3832 796 3876 venturum
835 3819 902 3873 ad
933 3817 1252 3872 vastandam
1284 3814 1610 3886 Egyptum,
1644 3818 1761 3872 sive
1786 3817 1961 3885 ipsum
1992 3817 2100 3872 Na-

504 3916 930 3970 buchodonosor
975 3911 1027 3965 in
1069 3910 1368 3964 amentiam
1410 3921 1655 3978 vertens,
1690 3910 1784 3966 vel
1816 3910 2101 3968 Balthasar

501 4007 702 4062 tituure
724 4019 894 4060 eoncu
905 4005 1066 4059 tiens.

577 4096 817 4150 Balteum
867 4112 1047 4168 regunt
1095 4095 1365 4164 dissolvit,
1405 4107 1451 4150 et
1497 4098 1768 4168 prtecingit
1795 4101 1922 4168 [une
1949 4115 2095 4153 renes

500 4205 695 4243 eorum.
739 4186 796 4242 In
845 4188 1024 4243 balteo
1065 4188 1344 4257 regnantis
1387 4190 1560 4258 gloria
1612 4189 1940 4260 intelligitur
1977 4209 1990 4244 :
2041 4192 2093 4246 itt

497 4281 650 4347 fune,
685 4281 977 4352 ignominia
1007 4296 1175 4350 regno
1205 4279 1438 4350 depositi
1471 4301 1485 4335 :
1515 4283 1656 4337 sicut
1680 4284 1962 4340 Sedecltite
1988 4328 2003 4352 ,
2038 4295 2094 4342 et

501 4374 755 4430 blanasse
783 4373 1042 4442 contigit,
1081 4371 1191 4426 Deo
1226 4371 1475 4441 jubente.
1527 4373 1654 4430 Sive
1697 4376 1953 4446 populum
1999 4379 2092 4434 Ju-

501 4466 769 4525 dzcorum.
793 4465 884 4534 qui
914 4479 1010 4534 per
1036 4463 1410 4518 inﬁdelitatem
1440 4480 1616 4534 suam,
1645 4485 1676 4520 a
1699 4468 1898 4522 Cltristi
1924 4485 2090 4539 regno

2223 479 2491 548 auferens.
2548 476 2786 544 E/fundit
2828 484 3203 550 despectionem
3252 499 3407 554 super
3461 486 3743 556 principe,
3774 500 3822 544 ct

2222 589 2308 626 eos
2336 575 2422 643 qui
2448 577 2679 646 oppressi
2701 579 2908 644 fuerant
2935 579 3146 630 relerat.
3176 577 3308 631 Cum
3349 587 3574 649 prapter
3598 593 3814 650 peccata

2221 667 2454 720 rent0tis
2500 668 2981 736 promissionibus,
3026 681 3251 725 aeterna!
3274 670 3542 741 gebenna:
3571 672 3814 731 ﬂammas

2220 756 2491 825 adaptatis
2519 759 2656 815 dare
2688 762 3062 832 can-pellitur.

2295 850 2400 919 Qui
2427 855 2623 910 revelat
2651 857 2918 927 profunda
2949 857 3014 910 de
3039 857 3283 923 tenebris,
3313 869 3362 912 et
3393 857 3636 928 pradcit
3654 861 3709 914 in
3731 861 3809 914 lu-

2219 960 2330 997 cem
2364 948 2600 1002 umbram
2631 949 2834 1002 mortis.
2864 947 2967 1014 Qui
2993 948 3314 1017 multiplicat
3337 961 3548 1022 gentes,
3577 963 3623 1006 et
3649 953 3940 1020 pnﬁw’

2217 1054 2326 1101 eas,
2367 1050 2417 1092 et
2447 1041 2716 1094 subrersas
2751 1040 2804 1092 in
2845 1041 3549 1112 integrum
3571 1049 3836 1101 intmutat

2220 1149 2307 1185 cor
2329 1134 2626 1204 principum
2668 1135 2849 1206 populi
2874 1145 3026 1189 terrae
3051 1180 3066 1203 ,
3092 1145 3139 1190 et
3166 1136 3358 1206 decipit
3385 1154 3470 1191 eos
3489 1179 3504 1204 ,
3537 1149 3594 1192 ut
3613 1141 3828 1209 frustra

2215 1226 2460 1280 incedant
2502 1243 2595 1298 per
2635 1228 2851 1281 int-ium.
2891 1226 3194 1299 Palpabunt
3223 1230 3372 1300 quasi
3407 1231 3460 1284 iu
3495 1233 3739 1300 tenebris,
3771 1245 3828 1288 et

2216 1334 2320 1370 non
2352 1318 2408 1371 in
2441 1317 2591 1385 luce,
2636 1329 2686 1373 et
2712 1337 2888 1375 errare
2919 1337 3006 1376 eos
3033 1322 3186 1391 faciet
3207 1323 3358 1391 quasi
3384 1325 3570 1378 ebrios.
3605 1325 3823 1381 Umbra

2218 1414 2409 1466 mortis
2438 1411 2555 1480 ipse
2578 1414 2833 1469 diabolus
2859 1425 2944 1470 est
2969 1433 2982 1469 :
3015 1417 3106 1481 qui
3137 1431 3244 1471 non
3274 1418 3512 1487 protegit
3532 1417 3815 1487 homines,

2214 1505 2313 1559 scd
2351 1507 2550 1574 premit
2599 1508 2652 1561 in
2694 1516 2924 1563 mortem
2974 1526 2989 1562 :
3040 1507 3128 1563 Itic
3168 1510 3490 1580 producitur
3524 1511 3576 1566 in
3603 1514 3815 1582 lucem,

2214 1597 2432 1665 quando
2456 1597 2528 1652 ab
2553 1598 2729 1654 anima
2760 1597 2904 1654 ﬁdeli
2934 1611 3244 1671 separatur.

2802 1736 3031 1795 CAPUT
3079 1737 3221 1796 XIII.

2286 1867 2421 1924 Ecce
2441 1870 2615 1924 omnia
2641 1872 2752 1927 lucc
2772 1873 2900 1927 sidit
2926 1875 3111 1929 oculus
3145 1893 3320 1942 mens,
3345 1887 3396 1932 et
3430 1880 3632 1934 audivit
3663 1883 3815 1937 auris

2212 1972 2411 2031 mea,et
2439 1962 2672 2019 intellexi
2698 1964 2923 2037 singula.
2954 1967 3254 2024 Secundum
3274 1972 3540 2026 scientiam
3562 1984 3805 2044 uestram,

2213 2065 2260 2108 et
2291 2070 2384 2125 ego
2413 2057 2532 2109 novi
2566 2072 2586 2113 :
2630 2073 2722 2110 nec
2764 2058 2988 2129 inferior
3028 2064 3184 2114 vestri
3229 2079 3368 2117 sunt.
3410 2063 3520 2120 Sed
3546 2075 3712 2120 tamen
3738 2068 3809 2119 ad

2215 2145 2633 2220 Omnipotentem
2661 2150 2878 2220 loquar,
2923 2163 2974 2207 et
3003 2156 3275 2225 disputare
3302 2174 3420 2212 cum
3461 2155 3573 2214 Deo
3602 2163 3757 2232 cupio
3787 2178 3806 2216 :

2210 2240 2356 2311 prius
2395 2257 2483 2295 eos
2521 2245 2793 2298 ostendens
2824 2245 3164 2315 fabricatores
3201 2252 3479 2319 mendacii,
3505 2262 3552 2305 et
3581 2255 3806 2308 cultores

2210 2349 2568 2402 perversurum
2609 2335 2932 2408 dogmatunt.
2979 2341 3145 2411 Atque
3198 2343 3399 2396 utinam
3442 2347 3713 2414 taceretis,
3749 2357 3804 2400 ut

2210 2428 2523 2494 putaremini
2566 2443 2675 2482 esse
2719 2431 2996 2500 sapientes.
3065 2434 3251 2488 Audite
3291 2451 3415 2508 ergo
3461 2440 3804 2493 correctione:

2210 2535 2372 2583 meas,
2396 2528 2444 2572 et
2467 2520 2728 2589 judicium
2763 2524 3020 2578 labiorum
3063 2543 3293 2580 meorum
3333 2530 3601 2583 attendite.
3635 2529 3803 2584 Num-

2207 2611 2335 2678 quid
2361 2607 2502 2664 Deus
2522 2613 2719 2683 indiget
2747 2625 2915 2669 oestro
2946 2620 3215 2672 mendacio
3245 2636 3263 2673 :
3295 2630 3352 2673 ut
3381 2637 3478 2692 pro
3501 2621 3594 2676 illo
3623 2623 3803 2692 loqua—

2207 2703 2338 2756 mini
2363 2704 2508 2758 dolos
2525 2705 2551 2758 .7
2571 2702 2845 2768 Numquid
2869 2711 3052 2776 facient
3081 2714 3194 2782 ejus
3216 2715 3473 2782 accipitis,
3505 2726 3553 2767 et
3580 2732 3670 2781 pro
3687 2714 3800 2771 Deo

2198 2795 2442 2866 judicare
2486 2796 2752 2852 nitimini?
2789 2801 2890 2853 Aut
2929 2805 3148 2871 placebit
3182 2808 3232 2858 ei
3273 2823 3425 2876 quem
3463 2810 3629 2863 celare
3667 2807 3798 2863 nihil

2205 2888 2408 2957 potest!
2428 2889 2531 2943 Aut
2559 2891 2867 2958 decipietur,
2895 2907 2950 2948 ut
2975 2896 3152 2963 homo,
3182 2900 3367 2954 vestris
3388 2899 3800 2966 fraudulentiis?

2209 2979 2329 3034 Doli
2361 2991 2518 3037 erant
2546 2983 2598 3036 in
2631 2983 2760 3048 tltis.
2793 2987 2917 3056 quia
2939 2990 3040 3045 sub
3065 2989 3246 3046 verbis
3286 2994 3672 3050 consolatoriis
3700 2995 3800 3050 ini-

2206 3071 2352 3127 mica
2377 3089 2502 3129 eum
2521 3076 2685 3132 corde
2708 3079 3016 3145 puISabant.

2280 3162 2406 3236 Ipse
2434 3182 2522 3221 vos
2547 3179 2753 3240 arguet,
2783 3176 3028 3241 quoniam
3049 3176 3103 3229 in
3139 3177 3442 3232 abscondito
3472 3179 3659 3250 facient
3687 3184 3796 3253 ejus

2205 3258 2456 3330 accipitis.
2495 3256 2683 3314 Statim
2707 3271 2764 3314 ut
2793 3280 2847 3318 se
2869 3269 3221 3336 commoverit,
3252 3270 3474 3324 turbabit
3493 3287 3601 3336 vos,
3624 3281 3674 3326 et
3703 3284 3799 3326 ter-

2203 3365 2295 3404 ror
2322 3351 2434 3421 ejus
2478 3352 2639 3406 irruet
2671 3369 2828 3424 super
2859 3372 2968 3411 ros.
3002 3357 3262 3413 Memoria
3284 3370 3454 3415 vestra
3474 3362 3798 3429 comparabi-

2203 3450 2288 3494 tur
2307 3443 2503 3508 cineri,
2533 3453 2579 3498 et
2608 3447 2905 3518 redigentur
2940 3449 2996 3503 in
3019 3451 3187 3504 lutum
3216 3453 3432 3508 cervices
3457 3465 3655 3509 uestra.
3687 3453 3795 3509 Ta-

2203 3544 2308 3588 cete
2337 3537 2603 3608 paulisper
2621 3579 2636 3603 ,
2669 3546 2723 3591 ut
2751 3542 2935 3609 loquar
2956 3542 3316 3613 quodcumque
3341 3545 3468 3598 milis
3501 3561 3645 3599 mens
3671 3562 3792 3614 suq-

2203 3631 2434 3697 gesserit.
2464 3630 2534 3685 l.‘-t
2556 3646 2585 3684 a
2618 3629 2731 3687 Deo
2752 3633 3074 3702 arguamini,
3091 3633 3239 3705 digni
3261 3639 3392 3691 c-tis
3415 3655 3430 3690 :
3454 3635 3790 3702 abscondite,

2203 3722 2258 3774 id
2291 3731 2398 3787 est,
2427 3723 2581 3793 quasi
2620 3741 2688 3776 eo
2720 3725 3005 3794 ignorante
3025 3768 3042 3793 ,
3077 3743 3363 3797 personam
3392 3729 3510 3798 ejus
3556 3731 3611 3784 in
3639 3729 3792 3784 vobis

2203 3813 2270 3867 ad
2299 3829 2386 3869 me
2413 3814 2780 3871 damnandum
2807 3820 3078 3888 suscipitis
3103 3838 3117 3872 :
3144 3831 3416 3890 tamquam
3465 3836 3590 3876 eum
3623 3819 3792 3877 latere

2201 3910 2373 3976 possit
2400 3907 2626 3978 anuid,
2658 3920 2716 3963 ut
2736 3912 2805 3964 ita
2829 3913 2879 3965 ei
2907 3911 3206 3982 subrepere
3234 3913 3434 3968 velitis.

2274 3999 2446 4066 Quare
2473 3999 2643 4054 lacero
2667 4017 2848 4056 carnes
2871 4019 3008 4057 meas
3029 4003 3267 4057 dentibus
3295 4006 3438 4059 meis.
3461 4003 3787 4074 Torquenti-

2200 4091 2299 4148 bus
2320 4110 2444 4147 ettttt
2469 4094 2651 4146 nimiis
2675 4096 3027 4162 cruciatibus,
3058 4113 3249 4152 manus
3273 4099 3354 4151 vel
3384 4098 3524 4152 labia
3546 4113 3640 4152 sua
3661 4099 3788 4152 den-

2200 4185 2342 4242 tibus
2381 4185 2678 4241 lacerabat.

2277 4279 2345 4334 Et
2367 4282 2594 4334 animam
2623 4297 2785 4335 meam
2811 4292 2959 4353 porto
2988 4283 3043 4336 in
3079 4284 3316 4338 ntanibus
3355 4284 3497 4339 meis.
3543 4283 3718 4339 Etiam
3745 4285 3788 4339 si

2197 4373 2438 4429 occiderit
2470 4389 2549 4426 me
2578 4389 2594 4426 :
2619 4373 2673 4427 in
2697 4375 2809 4444 ipso
2836 4374 3074 4442 sperabo.
3112 4375 3479 4430 Verumtamen
3508 4378 3618 4431 vias
3646 4392 3781 4431 meas

2195 4470 2248 4522 in
2275 4477 2550 4539 conspectu
2578 4467 2692 4538 ejus
2717 4484 2966 4538 arguam,
2995 4477 3041 4522 et
3070 4471 3180 4540 ipse
3219 4470 3315 4524 erit
3353 4475 3578 4525 salvator
3616 4487 3779 4524 meus.

500 4557 788 4614 distinctus
814 4566 918 4612 est.
968 4556 1074 4611 Sed
1117 4565 1173 4611 et
1197 4572 1341 4611 nunc
1374 4558 1545 4612 renati
1575 4560 1626 4612 itt
1657 4557 1881 4614 Christe
1910 4576 2088 4631 rcges,
2120 4564 2169 4624 ι)
2200 4562 2319 4617 Non
2361 4563 2498 4616 enim
2538 4562 2700 4616 veniet
2733 4563 2785 4616 iu
2817 4572 3093 4633 conspectu
3139 4567 3254 4636 ejus
3281 4567 3448 4618 omnis
3482 4563 3774 4636 hypocrita.

494 4663 620 4708 sunt
645 4667 836 4706 omnes
862 4653 914 4706 in
938 4652 1287 4722 adeptionem
1323 4653 1562 4706 lilituutn
1599 4655 1788 4710 aeterni
1825 4656 1968 4724 regis
1996 4671 2090 4709 vo-

496 4745 623 4800 cati.
661 4742 794 4798 Vere
815 4742 886 4796 ab
922 4743 1014 4796 illa
1045 4741 1269 4798 honoris
1299 4745 1639 4800 sublimitate
1667 4747 1865 4802 merito
1892 4750 2091 4802 distin-

493 4849 770 4910 guuntur,
826 4837 1157 4909 quicumque
1213 4853 1276 4892 ea
1332 4854 1456 4909 quae
1502 4843 1836 4910 pmnitentia:
1889 4842 2088 4898 linibns

493 4930 652 5001 digna
684 4939 811 4984 sunt
833 4969 850 4993 .
886 4938 1286 5000 perpetrarunt.
1330 4931 1484 4986 Sicut
1516 4935 1592 4987 ait
1620 4933 1888 5004 proiilteta
1932 4953 1945 4992 :
1981 4934 2087 4990 Pro

491 5039 624 5078 zona
648 5034 779 5078 reste
799 5023 1041 5095 cingeris.

565 5117 723 5172 Ducit
749 5119 1041 5172 sacerdotes
1063 5118 1339 5190 inglorios.
1377 5119 1443 5176 Ut
1470 5119 1767 5192 filiosI-leli,
1797 5123 1883 5179 vel
1902 5123 2086 5194 plures

489 5208 630 5262 alios
662 5209 908 5279 ejusdem
940 5212 1138 5279 gentis.

561 5297 631 5353 Et
703 5306 976 5371 optimates
1028 5301 1354 5372 supplantat.
1413 5302 1530 5359 Non
1593 5304 1720 5360 dolo
1774 5307 2085 5376 supplantat

491 5391 659 5460 Deus,
689 5394 876 5463 inquo
898 5409 1008 5447 non
1032 5405 1118 5447 est
1147 5394 1428 5464 iniquitas,
1457 5398 1552 5450 sed
1579 5397 1679 5453 hoc
1707 5400 1868 5453 modo
1889 5401 2086 5454 dicitur

486 5487 838 5554 supplantare
864 5525 880 5549 ,
911 5486 1038 5538 dum
1069 5486 1329 5555 injustam
1364 5499 1600 5555 amovet,
1634 5503 1688 5545 et
1714 5493 1954 5560 iniquum
1986 5507 1999 5542 :
2029 5503 2083 5544 et

482 5579 536 5634 in
565 5582 744 5634 lucum
765 5594 925 5649 quem
959 5589 1148 5634 tenete
1177 5581 1391 5635 videtur
1415 5583 1644 5653 tltti~t|llc
1676 5585 1955 5654 indignus,
1991 5587 2086 5637 bo-

478 5687 607 5729 num
637 5672 944 5742 hominem,
978 5681 1032 5729 et
1049 5671 1256 5746 justum
1291 5674 1574 5732 substituit
1594 5717 1610 5747 ,
1638 5686 1694 5736 ut
1725 5678 1890 5733 David
1915 5680 1979 5750 oin
2006 5679 2083 5735 lo-

477 5774 603 5830 sum
631 5761 840 5826 Saulis.
887 5832 895 5838 ,

2194 4657 2385 4710 Audite
2408 4671 2694 4709 sermonem
2733 4671 2903 4708 meum
2922 4698 2938 4722 ,
2971 4665 3019 4708 et
3058 4659 3337 4729 aenigmata
3367 4659 3614 4729 percipite
3632 4658 3778 4712 auri-

2194 4749 2286 4803 bus
2315 4749 2511 4802 restria.
2537 4746 2599 4803 Si
2627 4749 2775 4818 fuero
2797 4747 3104 4820 judicatus,
3137 4750 3245 4804 scio
3283 4751 3422 4821 quod
3439 4752 3614 4821 justus
3639 4752 3780 4805 inve-

2191 4844 2326 4896 niar.
2361 4841 2490 4908 Quis
2516 4851 2591 4894 est
2612 4842 2700 4911 qui
2714 4843 2980 4912 judtcetur
3005 4843 3243 4897 mecum?
3271 4841 3473 4896 Veniat.
3503 4843 3676 4910 Quare
3699 4854 3781 4896 ta-

2191 4952 2309 4989 cens
2343 4933 2709 4987 consumatur?
2738 4931 2860 4986 Duo
2892 4945 3090 4989 tantum
3129 4951 3192 4988 ne
3221 4936 3387 5004 facias
3414 4937 3559 5004 mihi,
3585 4949 3632 4990 et
3661 4946 3780 4994 tunc

2190 5045 2222 5081 a
2248 5029 2386 5099 facie
2411 5038 2502 5081 tua
2527 5043 2629 5080 non
2659 5026 2967 5082 abscondar.
3000 5028 3252 5082 Mannum
3284 5039 3428 5084 tuam
3457 5030 3611 5103 longe
3637 5033 3721 5102 [ac
3747 5050 3779 5087 a

2191 5136 2272 5174 me
2295 5162 2307 5183 ,
2343 5130 2391 5173 et
2421 5120 2650 5189 formido
2676 5129 2763 5173 tua
2791 5137 2872 5174 me
2908 5137 3009 5174 non
3038 5131 3246 5176 terreat.
3301 5121 3442 5178 Voca
3471 5141 3578 5191 me,
3615 5134 3664 5179 et
3689 5143 3776 5197 ego

2189 5214 2505 5281 respondebo
2528 5213 2621 5267 tibi
2650 5228 2669 5267 :
2693 5225 2784 5267 aut
2806 5222 2944 5268 certe
2968 5214 3172 5286 loquar,
3197 5224 3244 5269 et
3269 5224 3326 5270 tu
3349 5218 3603 5284 responde
3628 5219 3774 5274 milii.

2193 5306 2424 5371 Quantas
2461 5305 2623 5360 habeo
2670 5307 2966 5377 iniquitates
3013 5320 3059 5361 et
3109 5320 3341 5380 peccata.
3389 5309 3560 5381 Ipsam
3617 5313 3776 5368 vitam

2191 5413 2364 5461 suam,
2383 5413 2504 5469 qua:
2526 5398 2664 5452 solet
2688 5401 2880 5452 animm
2896 5401 3302 5468 vocabulodici,
3322 5414 3537 5473 portare
3557 5417 3617 5457 se
3636 5402 3712 5459 ait
3727 5405 3776 5460 in

2191 5489 2440 5544 manibus
2458 5491 2600 5544 suis:
2629 5494 2728 5544 IIOC
2742 5491 2942 5560 cstjam
2963 5507 3100 5547 nunc
3117 5493 3172 5548 in
3198 5496 3481 5549 tormentis
3493 5494 3776 5551 deﬁciente

2185 5583 2367 5634 anitna
2389 5594 2440 5636 ct
2469 5592 2722 5649 exeunte,
2741 5583 2890 5637 velut
2906 5584 3234 5639 efferendum
3259 5595 3411 5656 porto
3432 5587 3485 5641 in
3505 5587 3772 5644 manibus.

2258 5675 2466 5728 Scelera
2505 5692 2636 5737 utea,
2667 5687 2712 5730 et
2744 5675 2932 5731 delicta
2963 5695 3073 5733 mea
3102 5680 3308 5732 ostende
3350 5679 3496 5734 tui/ti.
3543 5677 3608 5735 Ut
3636 5684 3776 5740 scitu

2183 5770 2414 5854 possint,
2441 5783 2602 5844 quam
2624 5771 2694 5830 ob
2715 5783 2932 5831 causam
2961 5771 3034 5832 ita
3055 5788 3141 5834 me
3169 5773 3402 5836 crucias.
