4032 6358
215 280 330 340 649

1143 277 1633 336 COMMENTARII
1673 277 1738 332 IN
1779 275 2038 333 LIBRUM
2076 275 2214 334 JOB.
2256 277 2412 334 CAP.
2459 279 2597 335 XIV.

3411 288 3516 345 650

293 396 401 452 Cur
435 395 620 466 faciem
646 402 790 448 tuam
820 394 1094 448 abscondis
1115 434 1132 460 ,
1157 402 1204 449 et
1232 396 1506 451 arbitraris
1533 413 1611 450 me
1649 396 1822 450 inimi-
1845 397 1899 458 Α
1926 394 2136 451 Cunctis
2165 398 2344 452 diebus
2372 399 2559 469 quibus
2588 416 2724 453 nunc
2747 399 2912 453 milito
2945 416 2962 452 :
2989 412 3228 470 exspecto
3247 403 3408 459 donec
3432 423 3513 460 ve-

222 505 340 545 cum
365 489 550 543 tuum?
599 485 792 542 Contra
822 487 1009 557 folium
1037 487 1178 557 quod
1211 498 1357 542 vento
1386 491 1614 561 rapitur,
1647 501 1816 544 osten-

220 582 304 637 dis
347 582 631 652 potentiam
664 591 826 647 tuam,
861 588 905 633 et
945 580 1196 654 stipulam
1239 582 1432 636 siccam
1478 583 1818 654 persequeris.

221 674 426 731 Scribis
449 673 585 729 enim
616 682 798 728 contra
823 689 902 728 me
927 674 1326 740 amaritudines,
1355 685 1402 730 et
1431 691 1727 730 consumere
1746 691 1824 730 me

220 768 300 824 vis
329 768 554 838 peccatis
574 765 938 820 adolescentia:
960 782 1104 821 mete.
1130 762 1366 821 Posuisti
1388 767 1441 820 in
1468 783 1619 822 nervo
1643 766 1825 837 pedem

219 878 416 929 meum,
465 870 514 916 et
551 861 833 916 observasti
873 877 1048 916 omnes
1087 864 1293 916 semitas
1323 877 1484 928 meas,
1540 871 1583 916 et
1617 862 1826 933 vestigia

221 953 415 1029 pedum
440 967 674 1007 meorum
699 951 1060 1007 considerasti.
1095 952 1198 1020 Qui
1221 952 1372 1023 quasi
1399 952 1618 1020 putredo
1643 968 1828 1007 consu-

221 1047 440 1104 mendas
469 1063 613 1115 sum,
660 1055 710 1100 et
739 1047 891 1117 quasi
920 1046 1276 1102 vestimentum
1310 1046 1449 1118 quod
1483 1046 1767 1100 comeditur
1796 1061 1829 1097 a

226 1141 390 1197 tinea.
420 1139 557 1195 Dum
588 1138 658 1194 ita
688 1138 868 1210 puniri
913 1155 1000 1195 me
1028 1138 1325 1209 permittis,
1354 1154 1516 1210 quem
1548 1140 1700 1194 velut
1726 1138 1830 1192 ini-

225 1235 429 1291 micam
472 1233 757 1289 existimas
780 1274 795 1298 ,
843 1231 995 1288 dolet
1034 1232 1164 1287 mihi
1195 1248 1260 1288 eo
1290 1232 1432 1302 quod
1473 1233 1589 1302 ipse
1625 1232 1832 1301 optime

225 1328 491 1395 noveris,
545 1326 672 1397 quia
719 1325 799 1380 illi
850 1325 1032 1396 potius
1081 1325 1173 1395 qui
1232 1323 1330 1379 tibi
1379 1324 1685 1388 restiterit,
1732 1337 1832 1377 no-

230 1432 441 1482 ceatur.

812 1489 1045 1548 CAPUT
1085 1489 1228 1546 XIV.

305 1609 480 1666 Homo
510 1617 663 1664 natus
692 1616 767 1663 est
807 1607 871 1662 de
909 1607 1122 1662 muliere
1141 1648 1154 1671 ,
1184 1605 1321 1660 brevi
1355 1606 1524 1660 vivens
1555 1614 1783 1671 tempore
1809 1620 1827 1658 :

226 1705 457 1776 repletur
500 1701 676 1757 multis
715 1700 958 1756 miseriis.
993 1699 1095 1767 Qui
1138 1699 1289 1770 quasi
1328 1701 1425 1768 ﬂos
1463 1698 1744 1769 egreditur,
1785 1705 1835 1750 et

1927 490 2034 543 niat
2059 490 2354 544 immutatio
2385 507 2517 544 mea.
2551 490 2608 547 Si
2639 490 2753 545 ﬁeri
2801 501 2979 561 potest
3008 493 3080 546 ait
3102 538 3115 562 ,
3153 502 3211 548 ιιι
3241 511 3394 564 aqua:
3429 512 3516 550 sa-

1926 584 2178 640 lutarium
2211 596 2606 657 praceptorum
2657 585 2784 652 Dei,
2818 585 2887 641 de
2921 597 3238 643 sanctarum
3270 589 3516 661 Scriptu-

1928 692 2112 732 rarum
2142 679 2279 733 mari
2329 678 2586 734 desinant
2635 679 2930 746 recedere,
2964 681 3051 735 cui
3089 683 3320 750 perenni
3352 684 3525 738 abun-

1928 768 2112 825 dantia
2165 787 2272 825 non
2324 771 2586 827 deﬁciunt
2618 789 2631 826 :
2682 783 2737 828 et
2774 773 2818 828 si
2865 783 3046 842 potest
3076 774 3195 830 fieri
3230 788 3285 830 ut
3318 777 3518 834 ﬂuvius

1930 863 2072 917 sacri
2103 863 2468 932 baptismatis,
2498 863 2736 935 quadam
2768 866 2951 936 inopia
2980 866 3180 923 divinae
3204 869 3520 926 misericor-

1931 953 2033 1009 diae
2062 947 2387 1022 exsiccetur,
2418 965 2476 1012 et
2504 971 2612 1011 non
2657 958 2854 1027 plenus
2878 959 2949 1013 sit
2979 955 3149 1030 gra‘tia
3184 961 3310 1030 Dei,
3343 965 3526 1020 sancti

1932 1061 2146 1116 quoque
2177 1047 2414 1118 Spiritus
2454 1048 2617 1104 dOnis
2670 1067 2775 1106 non
2828 1052 3143 1109 redundet:
3194 1057 3264 1110 ita
3318 1059 3524 1128 puterit

1934 1140 2078 1208 ﬁeri,
2108 1148 2165 1195 ut
2197 1141 2360 1197 homo
2403 1158 2525 1198 cum
2574 1154 2824 1201 mortuus
2877 1147 3077 1215 fuerit,
3112 1167 3218 1204 non
3257 1163 3524 1223 resurgat.

2017 1234 2230 1290 Vocabis
2274 1253 2383 1301 me,
2433 1247 2480 1292 et
2534 1255 2628 1309 ego
2677 1239 3002 1308 respondebo
3053 1242 3166 1297 tibi.
3221 1243 3378 1315 Operi
3411 1264 3520 1300 ma-

1937 1345 2101 1382 nuum
2126 1338 2333 1384 tuarum
2371 1333 2607 1403 porriges
2637 1332 2922 1387 dexteram.
2957 1334 3311 1391 Vocabuntnr
3342 1356 3532 1395 omnes

1938 1425 2138 1478 mortui
2170 1425 2220 1479 in
2253 1427 2555 1481 novissimo
2579 1428 2937 1491 saeculorum,
2974 1439 3029 1483 et
3061 1429 3115 1483 in
3148 1446 3282 1486 voce
3304 1433 3538 1487 areban-

1939 1514 2068 1585 geli,
2101 1526 2264 1587 atque
2295 1517 2345 1571 in
2380 1519 2504 1572 tuba
2557 1518 2652 1574 Dei
2705 1519 2773 1574 de
2829 1520 3052 1574 tumulis
3093 1523 3482 1578 excitabuntur
3515 1543 3528 1581 :

1939 1611 2449 1683 respondebuntque
2472 1613 2708 1670 universi
2736 1614 2840 1669 hoc
2871 1615 3036 1671 modo
3057 1632 3181 1672 cum
3209 1617 3276 1673 ad
3310 1620 3533 1674 verbum

1942 1703 2239 1771 maiestatis
2281 1704 2402 1774 ejus
2441 1714 2604 1776 atque
2657 1709 2910 1775 potentiae
2936 1749 2951 1773 ,
3003 1709 3219 1764 cineres
3248 1725 3312 1763 ac
3341 1708 3540 1765 favilla:

228 1798 537 1866 conteritur,
571 1805 617 1850 et
647 1795 778 1866 fugit
801 1796 941 1849 velut
967 1793 1169 1857 umbra,
1191 1801 1239 1846 et
1259 1807 1539 1862 numquam
1569 1793 1623 1844 in
1657 1791 1837 1844 eodem
1868 1792 1913 1852 B
1943 1793 2306 1850 humanorum
2331 1811 2626 1864 corporum
2675 1798 3116 1868 viviﬁcabuntur,
3155 1808 3210 1856 et
3243 1812 3542 1872 exsurgent

229 1900 376 1946 statu
395 1896 679 1961 permanet.
705 1887 764 1943 In
793 1885 931 1942 ﬂore
959 1884 1063 1941 hoc
1086 1885 1207 1940 loco
1239 1883 1582 1955 fragilitatem
1613 1883 1836 1937 humani

245 1983 472 2056 generis
528 1979 916 2050 intelligamus,
963 1994 1069 2035 non
1111 1977 1441 2049 fragrantem
1490 1977 1676 2032 odoris
1729 1975 1842 2045 pul-

235 2076 637 2143 chritudinem,
669 2081 725 2129 et
744 2072 1028 2129 decorem.

316 2168 386 2223 Et
426 2169 639 2240 dignum
661 2166 808 2222 ducis
843 2182 999 2239 super
1027 2162 1387 2238 hujuscemodi
1412 2163 1617 2234 aperire
1664 2161 1841 2216 oculos

229 2270 376 2324 tuos,
426 2271 475 2317 et
497 2261 753 2316 adducere
781 2275 896 2315 eum
924 2269 1090 2314 tecum
1121 2258 1173 2312 in
1203 2257 1484 2326 iudicium.
1521 2255 1649 2322 Quis
1677 2263 1843 2323 potest

228 2354 410 2426 facere
435 2352 689 2408 mundum
715 2352 779 2407 de
802 2350 1070 2406 immundo
1085 2348 1632 2420 conceptumsemine?
1654 2345 1843 2402 Nonne

231 2459 296 2505 tu
329 2449 420 2520 qui
454 2445 598 2503 solus
627 2447 720 2502 es?
762 2444 948 2500 Breves
991 2443 1101 2497 dies
1140 2441 1370 2496 hominis
1414 2450 1557 2504 sunt,
1596 2453 1846 2493 numerus

233 2543 496 2600 mensium
524 2545 638 2616 ejus
666 2540 812 2613 apud
843 2547 892 2594 te
929 2547 1026 2594 est.
1062 2535 1390 2594 Constituisti
1435 2533 1678 2590 terminos
1710 2534 1845 2604 ejus,

231 2640 326 2710 qui
367 2634 622 2707 prteteriri
645 2649 749 2688 non
773 2639 1040 2702 poterunt.
1078 2629 1191 2686 Hoc
1223 2637 1308 2685 est
1334 2628 1558 2699 dignum
1588 2625 1764 2693 ducis,
1790 2634 1848 2679 ut

232 2740 463 2803 propter
485 2729 783 2784 humanum
804 2740 998 2796 genus,
1021 2722 1373 2793 Unigenitum
1397 2729 1546 2775 tuum
1572 2718 1848 2772 hominem

241 2821 402 2881 nasci
429 2821 587 2877 velis.
617 2819 744 2876 Sive
777 2818 972 2874 aliter:
1015 2830 1103 2870 me
1144 2828 1360 2885 qucque
1391 2809 1662 2882 permittis
1699 2809 1849 2866 labu-

237 2915 343 2972 lari
368 2925 574 2980 tecum,
605 2922 661 2969 et
687 2912 944 2969 evolvere
975 2909 1226 2966 miserias
1255 2921 1425 2963 meas.

319 3008 522 3064 Recede
546 3025 667 3079 ergo
689 3004 962 3078 paululum
989 3003 1052 3056 ab
1081 3019 1164 3066 eo,
1191 3011 1246 3056 ut
1271 3002 1523 3074 quiescat,
1554 3000 1720 3054 donec
1753 3015 1852 3068 op-

245 3113 361 3162 tata
411 3103 601 3170 veniat,
649 3111 695 3159 et
733 3100 869 3156 sicut
908 3097 1214 3154 mercenarii
1256 3096 1366 3150 dies
1405 3099 1540 3168 ejus.
1592 3094 1706 3149 Hoc
1746 3103 1850 3157 est,

1945 1901 2010 1942 ex
2044 1889 2273 1944 mortuis
2307 1888 2636 1960 incorrupti.

2020 1980 2098 2036 Tu
2145 1983 2354 2051 quidem
2384 2000 2592 2055 gressus
2637 2002 2777 2041 meos
2823 1987 3164 2042 dinumerasti
3187 2005 3205 2040 :
3237 1990 3329 2043 sed
3385 2007 3540 2060 parce

1947 2075 2170 2146 peccatis
2199 2076 2344 2130 meis.
2367 2075 2736 2148 Cogitationes
2767 2089 2822 2135 et
2848 2095 3014 2150 opera
3042 2081 3350 2150 juventutis
3380 2099 3537 2137 mem.

2019 2167 2255 2240 Signasti
2284 2170 2432 2240 quasi
2463 2171 2517 2223 in
2545 2171 2753 2225 sacculo
2783 2172 2972 2226 delicta
3013 2191 3158 2239 mea,
3210 2175 3299 2228 sed
3350 2176 3546 2229 curasti

1945 2256 2264 2327 iniquitatem
2321 2253 2810 2334 meam/Saccus,
2863 2265 3227 2331 signiticalivo
3287 2265 3542 2326 nomine,

1949 2349 2104 2419 quasi
2131 2359 2243 2404 tota
2277 2365 2459 2406 massa
2493 2354 2772 2421 peccatrix
2801 2357 3176 2423 generationis
3213 2357 3340 2410 Λάιυ
3368 2358 3545 2412 dietus

1949 2445 2126 2500 videri
2160 2454 2342 2515 potest
2370 2463 2382 2499 :
2415 2447 2467 2500 in
2515 2462 2644 2517 quo,
2673 2448 2825 2516 quasi
2867 2448 2967 2502 sub
2994 2449 3274 2516 signaculo
3302 2450 3552 2520 imaginis

1951 2543 2091 2613 ejus,
2134 2544 2329 2614 genuit
2359 2543 2531 2599 Adam
2563 2542 2631 2598 ad
2677 2545 3001 2614 imaginem,
3039 2554 3094 2599 et
3136 2545 3551 2602 similitudinem

1953 2652 2129 2704 suam,
2165 2646 2333 2692 totam
2358 2635 2608 2692 sobolem
2638 2636 2786 2690 illius
2815 2637 2866 2690 in
2897 2637 3015 2707 ipso
3045 2639 3550 2706 pnevaricatricem

1954 2729 2202 2785 eﬂ‘ectam
2232 2717 2435 2890 zonam
2469 2744 2563 2799 per
2593 2728 2763 2784 multa
2793 2730 2990 2784 srecula
3028 2730 3171 2785 Dens
3199 2726 3437 2785 clausam
3472 2743 3552 2787 te-

1955 2823 2072 2877 nuit
2102 2821 2208 2876 sub
2272 2830 2492 2885 eccato,
2548 2827 2605 2876 et
2634 2829 2814 2875 tamen
2868 2821 2922 2875 in
2958 2822 3270 2876 novissimis
3318 2825 3552 2878 sat-culo-

1955 2823 2072 2877 nuit
2102 2821 2208 2876 sub
2232 2821 2492 2885 peccato,
2548 2827 2605 2876 et
2634 2829 2814 2875 tamen
2868 2821 2922 2875 in
2958 2822 3270 2876 novissimis
3318 2825 3552 2878 sat-culo-

1957 2932 2077 2972 rum
2111 2915 2444 2985 temporibus
2470 2955 2486 2981 ,
2521 2914 2752 2970 vulnera
2784 2913 3113 2969 delictorum
3160 2931 3254 2969 sua
3302 2915 3556 2985 redemp—

1957 3009 2103 3065 tione
2127 2976 2435 3100 curavit(Si
2462 3016 2644 3062 autem
2668 3005 2738 3062 tle
2764 3009 3066 3077 semetipst.
3089 3007 3192 3063 Job
3222 3008 3328 3063 hoc
3353 3009 3557 3064 dixisse

1961 3101 2201 3170 videtur,
2233 3111 2291 3155 ut
2321 3098 2585 3166 arbitror,
2627 3098 2729 3154 iste
2781 3108 2866 3154 est
2910 3101 3222 3156 intellecms
3278 3122 3288 3155 :
3343 3102 3398 3158 Si
3452 3119 3556 3173 qua

251 3209 453 3253 amove
492 3211 524 3250 a
556 3208 643 3249 me
670 3192 945 3263 ﬂagellum
974 3201 1145 3257 tttum,
1182 3203 1360 3259 neque
1380 3202 1468 3242 me
1489 3185 1696 3243 diutius
1725 3200 1850 3255 per—
1885 3162 1932 3228 c
1965 3195 2152 3266 igitur,
2176 3193 2275 3260 ait,
2303 3191 2372 3246 ad
2398 3192 2568 3247 Deum
2608 3207 2706 3261 per
2736 3200 2910 3247 totum
2955 3185 3223 3247 saeculum
3250 3195 3376 3248 vitm
3423 3211 3558 3250 mea:

246 3289 439 3346 mittas
467 3287 648 3344 taliter
677 3285 896 3340 tentari.

322 3384 548 3456 Lignum
573 3381 726 3438 habet
751 3397 912 3452 spem.
945 3378 1008 3436 Si
1035 3378 1308 3450 prtecisum
1335 3375 1517 3448 fuerit,
1544 3389 1756 3428 rursum
1776 3373 1856 3426 vi-

250 3480 428 3547 rescit,
458 3488 510 3533 et
531 3477 662 3532 rami
689 3477 798 3548 ejus
822 3473 1105 3545 pullulant.
1135 3472 1198 3528 Si
1217 3471 1440 3527 senuerit
1468 3471 1523 3524 in
1547 3479 1686 3524 terra
1705 3469 1861 3523 rudia:

255 3575 392 3647 ejus,
420 3579 468 3626 et
515 3571 570 3624 in
596 3569 806 3640 pulvere
831 3575 1092 3622 emortuus
1135 3563 1292 3637 fuerit
1336 3572 1552 3617 truncus
1595 3560 1762 3625 illius,
1791 3559 1861 3612 ad

257 3666 469 3720 odorem
497 3679 644 3733 aqua:
663 3661 999 3736 germinabit.
1034 3671 1081 3715 et
1107 3659 1262 3730 faciet
1293 3673 1495 3713 comam
1514 3697 1529 3722 ,
1554 3657 1703 3723 quasi
1743 3670 1860 3708 cum

263 3758 492 3830 primum
536 3757 829 3827 plantatum
863 3763 956 3810 est.
1010 3751 1348 3808 Rationabile
1390 3751 1592 3821 lignum
1635 3748 1864 3804 creden-

258 3851 386 3907 dum
413 3859 519 3916 est,
547 3849 616 3907 de
646 3864 754 3921 quo
775 3848 980 3904 dicitur
1009 3862 1022 3899 :
1054 3844 1149 3899 Est
1189 3846 1326 3898 enim
1354 3843 1529 3898 arbori
1560 3859 1699 3912 spes.
1751 3841 1864 3896 Hoc

264 3944 452 4014 itaque
504 3942 708 4011 lignum
753 3940 1037 4012 praecisum
1089 3936 1192 3992 fuit
1240 3951 1341 4007 per
1393 3935 1860 3990 inobedientiam:

263 4037 488 4110 quando
516 4034 798 4092 habitabat
819 4034 872 4088 in
900 4031 1084 4088 medio
1116 4030 1385 4101 lignorum
1417 4027 1676 4098 paradisi,
1699 4030 1869 4097 priuso

265 4147 429 4204 quam
455 4131 550 4188 Dei
580 4131 852 4186 sententia
881 4135 1213 4192 moreretur,
1245 4139 1274 4177 a
1310 4139 1418 4194 quo
1464 4123 1516 4177 in
1544 4123 1868 4190 baptismate

266 4237 512 4284 vetustas
533 4225 873 4297 praeciditur,
905 4232 966 4278 ut
1001 4223 1054 4277 in
1079 4220 1206 4276 Jesu
1229 4218 1432 4275 Christi
1463 4222 1598 4273 novi
1635 4217 1869 4272 hominis

269 4319 399 4387 vita,
428 4335 522 4390 per
545 4317 1006 4376 resurrectionem
1033 4313 1158 4370 tidei
1177 4312 1487 4377 reviviscat,
1510 4322 1565 4366 et
1593 4312 1731 4366 rami
1752 4312 1870 4380 ejus

270 4412 564 4469 virtutibus
600 4411 866 4482 pullulent
916 4427 930 4464 :
977 4408 1030 4464 id
1057 4417 1160 4476 est,
1190 4422 1354 4478 opera
1409 4406 1529 4476 ejus
1561 4414 1752 4461 sancte
1790 4405 1872 4459 vi-

271 4504 453 4562 vendo
487 4504 798 4574 proﬁciant.

350 4598 523 4654 Homo
545 4615 664 4653 vero
698 4613 816 4652 cum
869 4604 1102 4651 mortuus
1144 4595 1332 4665 fuerit,
1380 4602 1428 4646 et
1461 4593 1688 4646 nudatus
1717 4599 1870 4659 atque

276 4703 620 4763 consumptus
645 4708 662 4747 :
691 4692 780 4746 ubi
823 4706 998 4764 quteso
1045 4689 1158 4744 est?
1189 4689 1365 4743 llomo
1400 4695 1582 4741 autem
1637 4700 1742 4738 non
1781 4687 1874 4736 ha-

277 4787 416 4844 bens
445 4802 597 4857 spem
646 4784 701 4840 in
727 4783 985 4850 Christo,
1032 4783 1175 4837 sicut
1218 4789 1410 4850 gentes
1452 4793 1574 4848 quae
1619 4777 1878 4846 ignorant

282 4879 476 4939 Deum.
508 4893 630 4935 cum
657 4889 905 4933 mortuus
934 4874 1125 4938 fuerit,
1152 4889 1260 4928 non
1286 4882 1510 4926 renatus
1538 4885 1635 4940 per
1671 4868 1878 4939 baptis-

283 4989 456 5036 mum,
479 4975 589 5028 vita
617 4971 782 5028 etiam
814 4969 1106 5026 destitutus
1136 4984 1202 5022 ac
1229 4965 1485 5038 praesenti
1514 4963 1879 5019 delectatione

284 5070 541 5133 nudatus,
574 5067 694 5122 sine
723 5065 890 5121 dubio
941 5062 1274 5120 sententiam
1321 5069 1542 5116 aeterna:
1569 5056 1878 5112 damnatio-

284 5164 370 5220 nis
394 5160 658 5232 excipiet.

361 5252 637 5322 Quomodo
663 5252 710 5305 si
737 5250 984 5306 recedant
1030 5263 1180 5320 aqute
1209 5246 1271 5300 de
1301 5245 1458 5310 mari,
1482 5253 1534 5299 et
1565 5242 1753 5312 ﬂuvius
1785 5257 1878 5295 va-

290 5353 558 5420 cuefactas
604 5355 847 5400 arescat:
873 5345 950 5398 sic
990 5345 1141 5397 homo
1187 5356 1303 5394 cum
1343 5338 1640 5401 dormierit,
1674 5353 1776 5390 non
1802 5351 1882 5389 re-

292 5451 488 5514 surget.
532 5437 706 5493 Donec
746 5447 1000 5492 atteratur
1041 5435 1254 5499 caelum,
1286 5447 1389 5486 non
1445 5428 1758 5502 evigilabit:
1792 5443 1882 5480 nec

297 5544 570 5604 consurget
602 5533 666 5589 de
703 5549 883 5587 somno
911 5548 1027 5586 suo.
1063 5529 1194 5596 Quis
1220 5527 1347 5580 mihi
1374 5526 1472 5579 hoc
1495 5524 1718 5590 tribuat,
1752 5531 1806 5575 ut
1833 5524 1885 5574 in

297 5625 506 5694 inferno
533 5637 768 5698 protegas
799 5642 901 5691 me,
924 5634 971 5680 et
998 5620 1287 5678 abscondas
1309 5638 1407 5682 me,
1438 5621 1598 5674 donec
1621 5627 1888 5689 pertrans-

305 5728 388 5774 eat
407 5720 551 5789 furor
599 5731 716 5776 tuus
743 5739 760 5776 :
784 5731 832 5777 et
869 5723 1154 5776 constituas
1186 5716 1311 5771 mihi
1335 5727 1534 5787 tempus
1558 5761 1571 5784 ,
1603 5715 1658 5768 in
1681 5730 1781 5784 quo
1810 5728 1894 5765 re-

305 5809 538 5869 corderis
561 5813 698 5869 mei?
740 5813 973 5870 Putasne
1018 5821 1256 5867 mortuus
1299 5812 1453 5866 homo
1481 5823 1690 5864 rursum
1727 5801 1896 5859 vivet?

625 5909 900 5970 ΡΑτιιοι..
947 5903 1189 5969 XXVI.

1963 3298 2185 3360 peccata
2213 3286 2460 3342 commisi
2485 3328 2499 3350 ,
2532 3286 2584 3340 in
2625 3302 2790 3341 unum
2822 3285 3002 3340 omnia
3049 3303 3145 3355 per
3172 3288 3388 3343 diversa
3422 3298 3555 3342 lent-

1963 3396 2157 3452 porum
2209 3378 2383 3449 spatia
2425 3379 2802 3450 congregasti,
2854 3389 2910 3435 ut
2959 3380 3258 3435 secundum
3311 3383 3548 3452 rigorem

1962 3473 2186 3544 justitite
2219 3483 2325 3527 tua:
2356 3487 2453 3541 pro
2483 3472 2696 3527 cunctis
2736 3471 2895 3526 simul
2927 3471 3060 3526 mihi
3091 3473 3447 3530 retribueres.

2039 3565 2195 3619 Mons
2239 3565 2428 3619 cadens
2455 3564 2670 3636 tle/luit,
2701 3573 2748 3617 et
2772 3580 2956 3618 saxum
2991 3567 3305 3636 transfertur
3345 3566 3408 3620 de
3445 3567 3559 3621 loco

1963 3674 2078 3715 suo.
2118 3656 2345 3727 Lapides
2389 3665 2640 3711 excutiant
2683 3671 2855 3726 aqute,
2906 3663 2954 3710 et
3000 3653 3262 3710 alluvione
3307 3659 3560 3728 paulatim

1967 3761 2107 3807 terra
2148 3751 2493 3814 consumitur,
2542 3759 2592 3804 et
2644 3748 2879 3803 homines
2930 3765 3051 3821 ergo
3087 3749 3326 3804 similiter
3359 3752 3560 3822 perdes.

1968 3845 2209 3900 Montem
2241 3858 2372 3914 ergo
2411 3842 2571 3898 istum
2606 3840 2917 3905 diabolum,
2945 3843 3061 3896 sive
3091 3840 3362 3908 superbia:
3392 3844 3561 3897 homi-

1969 3955 2092 3995 nem
2124 3937 2330 3994 sentire
2374 3937 2664 4002 debemus,
2701 3934 2791 4006 qui
2839 3944 3030 3990 contra
3064 3935 3254 4004 Deum,
3307 3947 3363 3991 ut
3409 3952 3564 3992 mons

1969 4034 2208 4087 elatione
2239 4030 2440 4086 mentis
2483 4030 2775 4094 tumescit,
2806 4039 2862 4083 et
2909 4026 2981 4081 ita
3011 4042 3071 4082 se
3100 4028 3383 4099 erigendo,
3419 4030 3562 4084 cadit

1972 4124 2025 4178 in
2057 4140 2324 4194 praeceps,
2374 4133 2432 4178 ut
2462 4121 2703 4187 deﬂuat,
2753 4129 2808 4176 et
2838 4119 3051 4174 solutus
3083 4121 3134 4174 in
3169 4122 3451 4190 pulverem
3498 4124 3564 4178 ad

1971 4217 2200 4271 nihilum
2232 4215 2544 4272 deducitur.
2573 4214 2715 4270 Saxo
2763 4228 2894 4268 vero
2922 4211 3045 4267 illos
3076 4213 3370 4268 assimilari
3402 4227 3562 4283 puto,

1973 4311 2064 4380 qui
2092 4294 2213 4365 cum
2245 4309 2298 4364 in
2339 4319 2553 4364 naturae
2585 4307 2730 4362 bono
2776 4306 3076 4361 debuerant
3132 4316 3404 4378 tamquam
3435 4309 3572 4380 lapi-

1975 4401 2070 4456 des
2113 4403 2218 4457 soli
2263 4402 2432 4457 simili
2475 4399 2800 4455 fortitudine
2857 4416 3204 4470 permanere,
3251 4406 3574 4458 commutati

1977 4503 2104 4548 sunt
2129 4493 2413 4548 voluntate
2445 4493 2660 4562 propria
2692 4493 2745 4545 in
2773 4490 3135 4545 stoliditatem
3177 4495 3468 4562 quamdam
3504 4510 3567 4549 ac

1980 4586 2234 4642 duritiam
2262 4586 2464 4653 cordis,
2517 4595 2572 4638 et
2620 4585 2741 4640 ideo
2769 4586 3150 4641 tletestationis
3189 4603 3303 4642 sum
3357 4593 3568 4646 habita-

1982 4680 2108 4735 culo
2135 4678 2276 4749 quod
2327 4693 2386 4731 se
2416 4675 2622 4731 habere
2652 4675 2806 4746 quasi
2849 4676 2920 4730 de
2972 4678 3087 4731 suis
3130 4679 3339 4734 meritis
3372 4699 3578 4750 priesu-

1984 4773 2225 4834 mebant,
2254 4768 2551 4839 dejiciendi
2580 4779 2707 4822 sunt
2734 4766 2800 4820 ad
2846 4766 3005 4836 digna
3053 4769 3157 4823 sibi
3208 4771 3347 4826 loca.
3408 4775 3576 4844 Aqua:

1985 4872 2166 4918 autem
2201 4863 2319 4916 istm
2365 4878 2485 4932 qum
2517 4877 2736 4930 semper
2767 4859 3032 4914 inferiora
3081 4871 3291 4930 pclunl,
3324 4881 3418 4933 per
3446 4885 3578 4936 quas

1987 4957 2151 5010 etiam
2183 4954 2458 5025 quondam
2490 4952 2638 5007 venit
2677 4950 2960 5016 interitus,
2994 4955 3338 5008 adversarius
3370 4961 3578 5028 signiti-

1987 5059 2111 5104 cant
2139 5057 2462 5118 potestates,
2496 5053 2552 5101 et
2576 5045 2842 5116 procellas
2869 5059 2934 5098 ac
2970 5045 3218 5100 turbines
3247 5050 3455 5104 mundi.
3487 5054 3580 5108 lla:

1989 5157 2120 5210 ergo
2145 5157 2321 5212 aqum,
2348 5140 2599 5209 inquam,
2628 5153 2722 5194 eos
2755 5137 3004 5193 homines
3032 5145 3121 5208 qui
3155 5141 3260 5194 sibi
3301 5144 3583 5200 fortissimi

1990 5251 2056 5292 ac
2085 5236 2249 5291 solidi
2279 5243 2406 5289 sunt
2434 5235 2503 5288 de
2530 5247 2591 5287 se
2615 5242 3015 5302 praesumentes
3041 5273 3054 5297 ,
3091 5243 3143 5288 et
3166 5234 3504 5292 conﬁdentes
3530 5241 3584 5294 in

1990 5330 2190 5384 virtute
2220 5343 2340 5394 sua,
2382 5326 2559 5392 unde,
2591 5335 2648 5380 et
2678 5325 2954 5395 lapidibus
2981 5340 3392 5395 comparantur,
3427 5332 3584 5389 inde-

1992 5421 2196 5477 sinenti
2230 5422 2381 5490 lapsu
2414 5429 2682 5475 atterunt.
2715 5420 2944 5474 Terram
2996 5435 3129 5475 vero
3171 5421 3293 5477 illos
3326 5440 3450 5479 esse
3480 5428 3591 5481 exi-

1992 5516 2178 5583 stimo,
2211 5514 2302 5583 qui
2335 5511 2668 5567 tentaliones
2691 5552 2706 5576 ,
2738 5521 2795 5565 et
2833 5510 3074 5579 pericula
3111 5527 3217 5566 non
3258 5518 3589 5586 auferentes,

1994 5624 2054 5664 se
2099 5608 2382 5662 dimittunt
2428 5601 2767 5659 label'actari.
2821 5602 3085 5656 llomines
3143 5620 3276 5676 ergo
3345 5608 3597 5666 similiter

1999 5700 2196 5772 perdes
2225 5717 2235 5752 :
2273 5697 2327 5752 id
2357 5704 2481 5762 est,
2509 5706 2730 5750 sanctos
2778 5702 2934 5759 tuos,
2971 5696 3063 5763 qui
3116 5695 3411 5771 imaginem
3446 5712 3592 5759 tuam

2001 5797 2055 5854 in
2086 5812 2146 5854 se
2173 5791 2514 5851 custodiunt.

3126 5890 3199 5949 :21
