4032 6304
497 224 595 287 σει
1272 215 1623 297 aereum
1661 214 1755 280 Ai)
1794 210 2042 275 rouuu
2083 202 2441 275 serrmuu
2479 210 2537 273 s.
2578 161 2992 277 utentium.
3711 208 3865 273 oss

567 339 843 397 Roborasti
873 352 988 393 eum
1040 334 1339 407 paululum,
1369 344 1425 393 ut
1468 336 1524 393 in
1565 339 1873 408 perpetuum
1920 338 2087 387 trans-
2113 324 2167 399 Α
2191 325 2335 399 quod
2368 325 2678 399 ltujusmodi
2710 337 2958 389 ventrem
2983 325 3180 391 dolore
3224 322 3544 398 repleverit,
3586 322 3645 387 id
3695 334 3845 393 εει,

492 433 613 486 iret.
661 430 776 486 Hoc
812 437 933 495 est,
985 427 1039 483 in
1083 427 1192 483 vita
1241 425 1346 483 ista
1388 441 1496 485 non
1544 420 1842 501 permisisti
1871 425 2090 481 sanctos
2194 434 2259 483 ea
2287 422 2491 499 cogitet
2531 436 2653 499 qua:
2693 421 2928 485 animam
2957 420 3079 492 ejus
3106 418 3480 487 discruciant,
3511 419 3597 479 vel
3652 418 3855 479 unde

495 532 622 580 tuos
648 507 1042 580 tentationibus
1066 519 1339 592 superari.
2193 511 2418 575 dolores
2446 513 2697 582 corporis
2728 512 2925 575 merito
2953 511 3213 586 patiatur.

562 614 877 673 lmmutabis
906 613 1094 687 faciem
1116 616 1255 687 ejus,
1288 620 1336 667 et
1359 612 1563 671 emittes
1584 627 1726 669 eum.
1747 609 1806 671 Id
1838 616 1941 676 est,
1966 620 2090 667 cum
2265 603 2455 681 Arguis
2481 604 2650 665 verbis
2678 620 2801 665 eum
2835 605 2926 679 qui
2951 620 3057 665 nuit
3099 613 3173 667 est
3198 604 3418 676 aqualis
3468 603 3584 673 tibi,
3632 612 3681 663 et
3743 602 3851 661 la-

492 707 726 767 mortale
748 706 854 765 hoc
883 702 1352 765 immortalitatem
1384 702 1626 765 induerit
1652 745 1667 773 ,
1702 712 1757 758 et
1801 701 2091 774 incorrup—
2195 698 2369 771 quatis
2394 699 2536 774 quod
2564 698 2657 757 tibi
2678 714 2785 762 non
2809 699 3038 772 “pedit.
3070 697 3244 768 Quem
3277 698 3354 761 ita
3377 695 3652 765 dicendo.
3689 697 3851 759 vel-

490 801 726 859 tionem.
760 797 889 856 Sive
934 798 1119 868 aliter,
1169 796 1366 857 faciem
1414 796 1654 859 animam
1696 793 2086 872 intelligimus,
2196 800 2254 855 ut
2279 792 2547 857 rebellem
2579 792 2807 866 Deoque
2849 793 3193 859 contrarium
3221 800 3399 857 notat.
3439 791 3524 856 οὺ
3555 790 3664 853 hoc
3698 791 3845 851 for-

491 907 614 967 quae
658 906 780 949 cum
840 890 1147 947 naturalem
1194 890 1471 963 receperit
1520 888 1910 955 serenitatem,
1961 899 2093 945 con—
2194 886 2363 955 sitan,
2391 887 2515 960 quia
2547 886 2606 950 in
2646 883 2984 958 princedanti
3036 899 3298 949 sermone
3335 883 3539 948 dixerit
3583 882 3699 945 Joh
3758 883 3843 945 ad

492 985 788 1058 temptatur
814 982 1049 1056 gloriam
1078 981 1285 1039 divinae
1313 980 1640 1053 majestatiS,
1668 994 1788 1058 quae
1815 990 2091 1039 cumcor-
2200 977 2370 1042 Deum
2416 980 2559 1043 inter
2607 987 2858 1045 cetera:
2909 978 2981 1043 Et
3040 978 3340 1043 arbitraris
3385 992 3478 1039 ma
3519 977 3840 1039 inimicum

487 1091 625 1150 pore
662 1091 765 1131 suo
805 1075 969 1132 simul
1022 1073 1190 1130 fuerit
1236 1072 1554 1146 gratulata:
1600 1071 1752 1127 nulla
1797 1068 2090 1143 perturba-
2198 1082 2372 1133 tuum.

485 1171 638 1226 tione
662 1169 959 1241 cujuslibet
984 1168 1101 1225 vitii
1130 1167 1486 1223 sauciabitur.
2272 1168 2547 1239 Quantum
2594 1168 2651 1231 in
2698 1176 2748 1223 te
2776 1176 2872 1235 est,
2903 1166 3168 1227 evacuasti
3219 1164 3492 1233 timorem;
3536 1174 3588 1225 et
3633 1163 3841 1225 tulisti

564 1262 691 1319 Sive
745 1260 942 1316 nobiles
983 1259 1173 1329 fuerint
1208 1257 1307 1326 ﬁlii
1338 1260 1479 1332 ejus,
1526 1257 1633 1311 sive
1674 1253 1955 1333 ignobiles,
1986 1269 2089 1309 non
2198 1277 2374 1334 preces
2400 1276 2576 1323 coram
2625 1258 2753 1321 Dea,
2789 1259 2922 1319 Tam
2955 1260 3157 1329 elatus,
3192 1259 3395 1331 inquit,
3430 1258 3666 1321 euectus
3721 1274 3836 1326 es,

486 1355 765 1426 intelliget.
797 1352 913 1407 Hoc
941 1362 1054 1415 est,
1086 1365 1195 1405 non
1224 1349 1322 1405 ﬁlii
1348 1348 1555 1421 carnis,
1589 1346 1685 1403 sed
1711 1346 1806 1401 ﬁlii
1840 1345 2041 1403 mentis
2072 1362 2086 1400 ;
2200 1364 2260 1411 ιιι
2299 1354 2497 1411 timore
2540 1352 2735 1410 divino
2763 1354 2987 1409 omnino
3016 1352 3095 1409 sis
3119 1366 3355 1419 vacuus,
3397 1361 3454 1409 et
3479 1351 3646 1411 Deum
3681 1352 3827 1422 jam

487 1446 545 1503 id
575 1457 683 1515 est,
714 1460 882 1519 opera
912 1446 1200 1500 virtutum.
1240 1442 1353 1499 Non
1384 1442 1702 1517 intelligunt
1744 1455 1877 1513 ergo
1911 1439 2090 1496 sancti
2198 1461 2301 1503 nec
2328 1446 2612 1517 deprecari
2645 1445 2892 1516 digneris
2922 1461 2940 1500 :
2975 1454 3201 1517 propter
3230 1444 3377 1515 quod
3401 1446 3478 1499 ait
3502 1462 3515 1497 :
3539 1454 3596 1500 et
3618 1445 3826 1500 tulisti

484 1541 542 1597 in
574 1540 679 1597 hac
709 1540 818 1596 vita
849 1548 979 1595 ante
998 1536 1191 1608 judicii
1218 1534 1389 1609 diem,
1415 1535 1605 1610 quales
1635 1549 1736 1610 pro
1764 1543 1916 1591 certo
1943 1531 2091 1587 ﬁlios
2205 1557 2411 1618 prece;
2434 1556 2623 1605 ωηη,
2655 1542 2790 1613 οων
2823 1540 2875 1601 id
2905 1548 3009 1608 εει,
3039 1541 3198 1612 qu";
3241 1540 3344 1605 ubi
3392 1553 3505 1603 μοι,
3549 1552 3836 1603 ma-

486 1634 770 1691 habeant:
798 1642 978 1689 utrum
1024 1630 1138 1687 Deo
1185 1630 1495 1701 placentes,
1527 1643 1597 1684 an
1647 1640 1754 1683 non
1788 1627 2085 1696 placentes.
2197 1636 2306 1694 fias
2337 1652 2367 1695 η
2394 1645 2447 1697 ιο
2472 1634 2766 1697 absinthii,

485 1727 784 1785 RoboraSti
814 1742 939 1783 eum
973 1725 1250 1796 paululum
1273 1768 1287 1794 ,
1322 1732 1382 1778 ut
1430 1723 1484 1777 in
1530 1731 1854 1799 perpetuum
1907 1730 2077 1773 trans-

2258 1728 2455 1791 Dacuit
2482 1729 2621 1789 enim
2640 1727 2887 1800 iniquitas
2918 1735 3011 1787 tua
3035 1741 3092 1789 as
3132 1736 3280 1789 tuum
3311 1742 3331 1787 .'
3360 1733 3409 1781 st
3434 1725 3665 1785 imitaris
3696 1723 3821 1787 lino

489 1822 622 1886 iret,
649 1819 954 1876 secundum
978 1819 1205 1874 formam
1240 1818 1387 1873 servi
1414 1831 1577 1891 quam
1608 1813 1924 1889 assumpsit.
1962 1813 2081 1869 llaec

2233 1838 2355 1879 uam
2385 1820 2879 1890 blasphemantium.
2908 1816 3110 1881 nulum
3136 1818 3304 1889 igitur
3339 1816 3542 1879 mentis
3573 1824 3710 1887 tum,
3747 1831 3823 1875 Os

486 1912 710 1971 Christo
744 1914 855 1969 Deo
888 1929 994 1967 non
1022 1912 1197 1985 aptari
1233 1925 1396 1981 posse
1422 1910 1686 1966 arbitror.
1708 1908 1843 1968 Nam
1872 1922 1995 1964 cum
2023 1923 2090 1962 cx
2192 1924 2346 1976 ιυυω
2374 1915 2566 1975 didicit
2598 1914 2768 1985 loqui,
2798 1923 2856 1973 οι
2885 1912 3093 1975 idcirco
3123 1912 3373 1979 imitator
3399 1919 3456 1973 et
3497 1909 3824 1982 discipulus

487 2023 551 2063 ea
580 2017 734 2077 parte
765 2021 870 2079 qua
903 2005 1071 2062 homo
1098 2015 1204 2072 est,
1236 2005 1617 2061 iniirmaretur
1646 2004 1931 2077 proximus
1959 2019 2087 2077 pas-
2195 2023 2260 2065 es
2288 2008 2536 2074 illorum,
2574 2006 2666 2077 qui
2697 2006 2938 2076 linguam
2981 2006 3051 2069 ad
3087 2004 3580 2076 blaspltentandum
3632 2005 3821 2065 Deum

491 2099 666 2168 sioni,
703 2098 1036 2170 evangelista
1085 2099 1162 2155 ait
1190 2116 1203 2153 :
1237 2098 1496 2173 Apparuit
1533 2108 1704 2154 autem
1728 2097 1945 2169 angelus
1976 2093 2089 2151 Do—
2194 2113 2416 2171 semper
2447 2099 2650 2161 habent
2675 2109 2945 2172 paratam.

483 2191 613 2246 mini
636 2191 699 2244 de
723 2191 849 2246 caelo
880 2193 1184 2263 confortans
1208 2205 1349 2244 eum.
1386 2188 1484 2247 Hic
1509 2204 1643 2265 ergo
1667 2187 1734 2244 ad
1764 2190 1930 2249 breve
1958 2198 2089 2249 tem~
2265 2189 2642 2253 Condemuabt't
2684 2201 2734 2247 te
2782 2206 2841 2251 as
2889 2200 3076 2262 tuum,
3104 2199 3153 2253 et
3184 2206 3291 2253 non
3319 2205 3435 2263 ego,
3465 2199 3515 2250 st
3542 2188 3690 2247 labia
3713 2199 3819 2249 tua

487 2298 589 2354 pus
620 2280 1009 2338 administrata
1042 2281 1425 2351 redemptione
1453 2290 1640 2337 nostra
1671 2282 1724 2335 in
1757 2288 2087 2357 perpetuum
2195 2283 2575 2359 respondebunt
2599 2284 2715 2345 tibi.
2748 2283 2807 2349 ιιι
2835 2291 2955 2355 est,
2983 2282 3180 2349 merita
3212 2296 3532 2347 sermonum
3579 2291 3815 2354 tuorum

484 2376 622 2433 illud
654 2375 914 2431 saeculum
946 2374 1124 2433 caelos
1159 2384 1452 2447 penetrans
1501 2372 1781 2430 transivit.
1836 2373 2088 2435 lmmuta-
2197 2375 2456 2447 recipies.

485 2468 570 2524 bis
601 2467 799 2523 faciem
829 2466 951 2538 ejus
983 2482 997 2521 :
1029 2466 1135 2521 hoc
1159 2475 1263 2535 est,
1294 2482 1418 2522 cum
1453 2473 1601 2521 totus
1641 2466 1808 2521 homo
1835 2463 1889 2520 in
1915 2466 2087 2520 Deum
2272 2469 2548 2543 Numquid
2574 2470 2774 2544 prima;
2803 2469 2958 2533 Ιιοηιο
2997 2479 3054 2525 tu
3077 2477 3232 2538 natus
3255 2486 3341 2541 es,
3383 2476 3432 2529 et
3474 2476 3596 2531 ante
3625 2484 3815 2531 onum

484 2562 745 2618 transiit:
796 2560 948 2617 salva
1009 2570 1191 2616 tamen
1238 2560 1533 2633 utriusque
1584 2557 1908 2614 substantia:
1962 2572 2087 2633 pro-
2194 2561 2355 2621 colles
2380 2563 2673 2634 formatus?
2702 2561 2848 2635 Ergo
2889 2571 3183 2634 antequam
3226 2562 3516 2633 generatio
3561 2559 3811 2621 butnaua

485 2655 721 2727 prietate
746 2655 800 2709 in
832 2653 1046 2710 unitate
1072 2667 1348 2729 personat.
2189 2656 2479 2725 existet-et,
2505 2670 2630 2719 esse
2657 2656 2898 2729 captati,
2918 2654 3137 2719 donans
3167 2654 3263 2713 tibi
3293 2654 3615 2728 plurimum,
3646 2652 3805 2724 quod

558 2750 797 2805 Attamen
830 2764 954 2803 caro
986 2750 1102 2821 ejus
1131 2746 1257 2803 dum
1300 2746 1450 2813 vivet,
1500 2746 1794 2819 dolebit,et
1823 2748 1998 2801 aut'ma
2024 2746 2089 2799 il-
2197 2764 2308 2818 pm
2336 2748 2558 2811 caeteris
2605 2748 2920 2813 hominibus
2964 2749 3185 2818 sapias:
3236 2745 3329 2807 ubi
3370 2760 3627 2809 sermone
3667 2745 3810 2807 sub-

487 2844 591 2897 lius
613 2858 769 2914 super
813 2842 1088 2913 semetipso
1133 2838 1349 2917 lugebit.
1380 2840 1460 2897 lla
1500 2856 1683 2895 veram
1716 2855 1937 2897 carnem
1966 2840 2087 2897 Sal-
2194 2841 2513 2896 sannatorio
2541 2841 2713 2912 potuit
2745 2841 2980 2913 primum
3008 2838 3182 2904 Adam
3209 2839 3417 2904 dixisse
3450 2857 3461 2892 :
3496 2853 3659 2910 quem
3696 2838 3805 2895 uti-

490 2947 647 2990 valor
678 2944 867 2991 noster
895 2933 1211 3004 assumpsit,
1238 2942 1295 2988 ut
1316 2933 1556 3009 potuerit
1580 2933 1829 2991 dolorem
1860 2933 2085 2989 sentire.
2191 2947 2301 3003 que
2346 2932 2816 3008 sapientissimum
2876 2947 2904 2985 a
2957 2931 3071 2994 Deo
3128 2932 3384 2997 novimus
3430 2928 3659 2994 factum.
3715 2929 3802 2991 lta

490 3027 593 3085 Vel
629 3030 810 3083 anima
843 3028 961 3097 ejus
1008 3024 1218 3093 doluit,
1248 3041 1373 3081 cum
1414 3026 1533 3081 ait:
1571 3024 1757 3081 Tristis
1785 3035 1860 3082 est
1910 3026 2088 3080 anima
2194 3041 2329 3103 ergo
2352 3026 2406 3089 in
2454 3035 2704 3091 sanctum
2745 3025 2851 3091 Job
2879 3025 3178 3096 invehitur,
3228 3034 3291 3087 ut
3332 3023 3591 3087 diceret:
3635 3038 3804 3079 nunh

489 3136 607 3175 mea
637 3136 795 3191 usque
826 3118 894 3173 ad
936 3126 1171 3173 mortem.
1202 3116 1331 3172 Sive
1363 3117 1629 3189 Ecclesia,
1657 3134 1777 3190 quae
1807 3132 1938 3173 caro
1969 3116 2090 3189 ejus
2115 3108 2163 3179 Ο
2194 3119 2327 3189 quid
2354 3128 2409 3183 tu
2434 3130 2563 3181 ante
2591 3127 2800 3194 putrem
2848 3116 3074 3181 humani
3101 3116 3351 3191 generis,
3375 3126 3431 3175 et
3453 3124 3582 3179 ante
3602 3116 3803 3179 condi-2

489 3226 595 3284 est,
620 3215 770 3271 dolet
797 3230 921 3271 cum
948 3213 1222 3285 pressuris
1252 3212 1521 3282 premitur
1549 3213 1738 3269 saeculi
1773 3228 1787 3266 :
1818 3211 1943 3291 quia
1972 3211 2089 3286 ipsa
2195 3212 2403 3268 tionem
2435 3212 2760 3282 angelorum
2791 3226 2914 3267 esse
2930 3212 3188 3280 coepisti?

492 3308 745 3366 Ecclesia
778 3307 887 3363 lilia
913 3316 999 3363 est
1042 3307 1095 3359 in
1123 3320 1223 3370 eo,
1257 3303 1349 3375 qui
1380 3320 1475 3377 per
1504 3303 1664 3361 ﬁdem
1694 3303 1949 3379 baptismi
1985 3302 2090 3357 ini-
2270 3304 2544 3377 Numquid
2592 3302 2868 3367 consilium
2917 3302 3018 3367 Dei
3045 3304 3263 3375 audisti,
3295 3314 3344 3363 et
3369 3303 3591 3378 inferior
3622 3310 3669 3361 te
3697 3303 3798 3357 erit

489 3404 659 3458 tiatur
685 3401 740 3456 in
769 3400 1016 3456 Christo.
1052 3397 1122 3452 Et
1149 3411 1367 3453 rursum
1393 3406 1570 3452 mater
1593 3404 1701 3465 est,
1732 3409 1855 3450 cum
1878 3394 1971 3450 ille
1996 3395 2087 3466 qui
2193 3398 2311 3476 ejus
2340 3394 2904 3471 sapientia?Subinde
2926 3395 3175 3469 nimium,
3207 3403 3262 3457 et
3283 3394 3588 3467 jactantetn
3618 3393 3803 3466 arguit

489 3493 755 3550 membris
780 3490 990 3548 Cill‘iSli
1014 3489 1397 3565 incorporatus
1425 3496 1530 3556 est,
1582 3486 1813 3565 suscipit
1846 3486 2091 3547 miniate—
2198 3504 2333 3551 vero
2383 3490 2495 3551 Duo
2536 3490 2881 3566 placentem,
2921 3500 2975 3545 et
3016 3488 3368 3555 vehementer
3403 3491 3681 3558 increpat,
3711 3486 3797 3547 di-

488 3591 630 3646 rium
660 3585 997 3659 baptizandi.
1086 3650 1314 3671 “mm
1369 3650 1465 3671 νυ
2196 3594 2330 3639 cens
2355 3598 2369 3636 :
2394 3580 2539 3659 quod
2569 3597 2677 3639 non
2719 3580 2898 3644 solum
2944 3596 3110 3641 nosse
3150 3590 3303 3659 putet
3329 3579 3428 3643 Dei
3458 3580 3744 3643 consilium
3779 3598 3792 3633 :

1085 3650 1314 3709 CAPUT
1369 3650 1486 3705 XV-
2198 3687 2393 3739 verum
2410 3650 2603 3745 etiam.
2633 3684 2691 3733 et
2722 3675 2953 3739 interior
2975 3675 3051 3737 sit
3075 3650 3171 3733 illo
3206 3676 3327 3753 ejus
3369 3673 3663 3749 δεψῖθηιίειο
3685 3675 3797 3744 Δο-

568 3774 910 3848 Respondetts
988 3777 1161 3823 autent
1226 3764 1453 3841 Eliphaz
1524 3763 1857 3819 Tltemattites
1912 3764 2089 3819 dixit:
2198 3775 2357 3835 paret
2386 3781 2519 3837 ergo
2548 3767 2766 3837 plenum
2793 3767 2961 3827 livore
2999 3768 3282 3835 animum,
3310 3765 3794 3845 exprobrationum

491 3867 765 3942 Numquid
801 3867 1006 3936 sapiens
1045 3859 1399 3935 respondebit,
1457 3860 1610 3938 quasi
1662 3860 1718 3915 in
1757 3866 1964 3914 uentum
2005 3857 2088 3913 lo-
2193 3858 2377 3930 jacula
2410 3859 2464 3919 in
2509 3860 2787 3923 hominem
2813 3862 3021 3935 justum
3067 3862 3191 3923 sine
3234 3875 3396 3923 causa
3438 3859 3699 3938 dirigere,
3740 3868 3799 3916 ut

494 3977 675 4036 quens.
708 3959 824 4015 Hoc
845 3971 1009 4013 sensu
1038 3954 1256 4010 videtur
1294 3953 1508 4024 cepisse
1539 3971 1552 4006 :
1585 3953 1872 4025 quisquam
1910 3968 1978 4008 ne
2006 3966 2094 4009 sa-
2195 3952 2464 4015 conviciis
2488 3953 2760 4015 obrueret
2791 3954 3167 4019 innocentem.

485 4055 664 4126 piens,
698 4060 753 4107 et
777 4048 1084 4117 disciplina:
1114 4045 1513 4121 philosophica:
1558 4043 1870 4111 studiosus,
1907 4045 1981 4097 ita
2010 4043 2095 4097 iu-
2277 4044 2417 4115 Quid
2464 4048 2598 4101 nosti
2644 4046 2782 4119 quod
2812 4046 3151 4118 ignoremus?
3194 4045 3333 4119 Quid
3378 4044 3633 4125 intelligis
3659 4045 3796 4115 quod

480 4162 609 4203 rore
642 4143 871 4219 rapitur,
900 4151 1061 4215 atque
1094 4137 1315 4196 insania
1352 4135 1695 4206 possidetur,
1724 4143 1781 4191 ut
1828 4136 1946 4190 sine
1982 4134 2093 4190 ullo
2203 4139 2543 4195 nesciamus?
2598 4139 2904 4203 Plurimum
2951 4157 2964 4197 :
3026 4140 3187 4217 plane
3247 4139 3302 4207 in
3356 4140 3553 4217 primis
3624 4138 3791 4215 ipsum

483 4239 702 4297 timoris
732 4236 826 4294 Dei
855 4235 938 4290 vel
986 4233 1275 4305 religionis
1306 4230 1549 4298 intuitu,
1594 4229 1674 4284 sic
1720 4228 2004 4303 loquatur,
2036 4239 2095 4283 ιιι
2202 4231 2371 4285 Deum
2406 4231 2580 4305 magis
2624 4241 2851 4293 noverat,
2882 4274 2897 4305 ,
2928 4233 3129 4298 deinde
3159 4232 3450 4301 γενειεηάδ
3484 4234 3539 4297 in
3580 4231 3793 4295 ειη-λεια

488 4346 639 4388 aurae
671 4329 823 4384 llatui
868 4326 1052 4382 simile
1082 4324 1182 4392 sit,
1215 4332 1490 4394 ventoque
1538 4321 1684 4395 quod
1739 4321 1984 4393 liquitur.
2014 4323 2094 4379 0b
2202 4324 2468 4401 mysteria
2499 4326 2701 4397 spiritu
2730 4327 3073 4399 pervidebat.

491 4421 598 4477 hoc
627 4421 791 4492 igitur
824 4417 1051 4489 Elipbaz
1078 4423 1328 4472 sanctum
1353 4413 1456 4469 Job
1479 4413 1651 4469 veluti
1681 4412 1874 4487 spiritu
1903 4428 2095 4487 supero
2274 4417 2339 4473 Et
2368 4436 2537 4487 senes,
2560 4428 2604 4474 et
2633 4422 2837 4491 antiqui
2861 4430 2978 4479 sunt
3013 4423 3066 4475 in
3112 4422 3261 4476 nobis
3287 4420 3451 4485 multa
3478 4422 3778 4479 υειαδιὶοῑϐδ

488 4516 597 4572 bis:
624 4522 901 4583 ventoque
931 4510 1179 4566 timidum
1209 4507 1545 4579 redarguere
1571 4522 1738 4565 ausus
1764 4516 1868 4563 est.
2120 4494 2177 4567 Β
2199 4526 2353 4585 quam
2379 4522 2549 4583 patres
2575 4514 2671 4566 tui.
2709 4513 2912 4587 Senes,
2943 4522 2997 4575 ct
3024 4514 3234 4591 antiqui
3275 4514 3569 4577 nobiscum
3598 4513 3780 4585 positi,

562 4606 631 4661 Et
660 4604 891 4674 implebit
920 4603 1108 4656 ardore
1128 4599 1450 4656 stomachum
1480 4615 1654 4655 suum.
1689 4599 1915 4655 Nomine
1935 4599 2090 4655 ardo-
2200 4604 2291 4674 qui
2313 4603 2424 4675 jam
2453 4604 2567 4676 ipsa
2597 4604 2939 4674 longmvitate
2966 4605 3257 4683 plurimum
3291 4606 3613 4669 eruditionis
3642 4612 3791 4681 atque

490 4700 591 4765 ris,
635 4697 1065 4753 exanbelantem
1095 4692 1220 4749 felle
1259 4690 1555 4747 iracundi-.e
1577 4691 1819 4747 animum
1849 4691 1968 4762 ejus
1990 4707 2088 4747 vo-
2200 4696 2443 4759 scientiae
2472 4699 2751 4754 consecuti
2774 4708 2899 4754 sunt
2924 4717 2936 4754 :
2972 4698 3107 4756 nihil
3154 4712 3360 4765 temere
3386 4708 3576 4763 contra
3606 4699 3785 4773 Deum,

493 4793 593 4848 luit
618 4790 884 4856 iudicare,
904 4786 996 4858 qui
1020 4785 1311 4841 adversum
1342 4785 1509 4840 Deum
1542 4791 1814 4853 tamquam
1839 4799 2085 4856 coaequa-

1662 4799 1814 4853 quam
1839 4799 2089 4856 conqua-
2202 4800 2261 4845 ut
2290 4800 2349 4853 tu
2377 4790 2530 4855 facis,
2562 4790 2743 4847 dicere
2770 4803 3254 4869 praesumpserant.

491 4885 597 4940 lem
626 4882 727 4939 sibi
757 4880 919 4935 irasci
962 4878 1391 4948 praesumpsi-rit.
1425 4876 1550 4931 Alia
1603 4875 1986 4946 interpretatio
2017 4879 2087 4931 ita
2275 4881 2546 4955 Numquid
2570 4884 2771 4954 grande
2815 4894 2910 4953 est,
2955 4895 3011 4939 ut
3041 4888 3337 4945 consoletur
3385 4896 3435 4945 te
3465 4885 3650 4949 Deus?
3688 4884 3785 4945 Sed

491 4976 658 5031 habet
688 4991 702 5029 :
734 4972 799 5027 Et
828 4971 1056 5042 implebit
1106 4969 1285 5023 dolore
1333 4979 1558 5023 ventrem
1597 4985 1772 5023 suum.
1829 4968 2085 5026 Ventrem
2198 4976 2351 5032 verba
2376 4985 2463 5030 tua
2481 4993 2644 5055 prava
2665 4977 2763 5032 hoc
2782 4977 3077 5050 prohibent.
3107 4979 3452 5039 Manifestum
3478 4995 3578 5035 nec
3596 4979 3784 5057 grande

488 5084 744 5139 capacem
772 5065 1062 5136 quemdam
1113 5062 1290 5118 sinuin
1338 5062 1483 5116 anim
1502 5078 1535 5115 υ
1582 5059 1787 5116 dictum
1819 5063 2092 5134 iutelliga-
2197 5079 2282 5124 est
2311 5069 2697 5138 omnipotenti,
2734 5086 2834 5127 nec
2860 5071 3091 5127 difﬁcile
3118 5072 3506 5136 misericordia
3533 5071 3662 5138 οδε,
3691 5072 3782 5133 ho-

492 5176 659 5217 mus:
707 5158 834 5229 quia
888 5153 1355 5226 quemadmodum
1410 5152 1813 5223 receptaculum
1864 5153 2089 5231 aliquod
2200 5160 2401 5214 minem
2447 5161 2718 5223 consolari
2762 5178 2778 5219 :
2825 5171 2883 5217 ut
2924 5163 3265 5227 invocantem
3325 5163 3617 5235 exaudiat.
3659 5173 3705 5221 θι
3754 5178 3781 5217 ει

489 5269 573 5312 est
605 5255 858 5325 corporis
905 5267 1015 5322 quo
1062 5249 1333 5304 viscerum
1384 5248 1569 5301 vitalia
1620 5249 1995 5318 continentur,
2038 5258 2095 5304 et
2200 5268 2455 5323 pressura
2507 5254 2868 5311 tribulationis
2911 5257 3137 5335 eripiat:
3191 5257 3288 5315 sed
3338 5267 3393 5319 ill
3434 5256 3781 5328 blasphemiae

495 5353 600 5405 hoc
628 5348 837 5405 ventris
861 5344 1083 5400 nomine
1107 5342 1487 5413 appellamus:
1518 5341 1590 5395 ita
1622 5342 1882 5401 virtutem
1905 5356 2097 5419 quam-
2199 5346 2485 5421 ructando,
2516 5348 2814 5403 exacerbas
2856 5349 3029 5423 magis
3058 5349 3227 5407 Deum
3276 5351 3328 5407 in
3380 5365 3595 5423 poenam
3629 5358 3777 5417 tuam,

496 5442 619 5496 dam
650 5437 1135 5496 exercitationibus
1163 5435 1361 5489 anima:
1401 5434 1708 5504 capabilem
1742 5434 1830 5490 illa
1863 5437 2096 5490 transla-
2200 5453 2361 5511 quem
2391 5450 2605 5508 poteras
2636 5440 2966 5513 humilitate,
2999 5452 3056 5499 et
3080 5440 3455 5503 satisfactione
3481 5441 3714 5516 placare.

493 5535 642 5589 tione
690 5550 784 5603 per
847 5529 1280 5585 demutatinnem
1334 5527 1572 5582 nominis
1621 5527 1801 5594 dixit,
1856 5542 1976 5598 quis:
2025 5541 2097 5582 eo
2277 5532 2416 5605 Quid
2438 5542 2485 5588 te
2508 5534 2669 5589 elevat
2705 5551 2794 5590 cor
2831 5545 2998 5605 tuum,
3042 5546 3091 5593 et
3129 5537 3279 5609 quasi
3327 5553 3518 5610 magna
3544 5537 3775 5617 cogitaui,

489 5628 657 5679 modo
697 5621 1127 5694 cogitatiOnibus
1156 5619 1456 5689 repleatur,
1488 5635 1599 5693 quo
1629 5627 1819 5674 venter
1862 5617 2096 5675 hominis
2203 5626 2446 5679 attonitos
2486 5624 2643 5679 habes
2673 5626 2888 5684 oculos?
2918 5629 3057 5697 Quid
3080 5638 3240 5685 tumet
3283 5638 3464 5684 contra
3498 5627 3658 5693 Deum
3686 5628 3777 5701 spi-

528 5718 639 5772 scis
672 5717 945 5787 repletur.
999 5713 1325 5781 lncrepalur
1381 5727 1517 5781 ergo
1562 5712 1666 5768 Job
1717 5713 1786 5767 ab
1830 5711 2092 5783 Eliphaz,
2203 5716 2331 5773 ritus
2354 5724 2493 5785 tuus,
2519 5724 2576 5771 ut
2602 5717 2839 5793 proferas
2876 5719 2941 5775 de
2970 5736 3057 5775 ore
3088 5729 3175 5785 tuo
3204 5718 3566 5795 hujuscemodi
3603 5736 3774 5783 sermo-
