4032 6304
254 244 383 321 ess

1089 250 1121 300 ι’
1198 263 1675 325 COMMENTARII
1713 263 1783 323 IN
1822 262 2083 324 LIBRUM
2121 265 2264 325 JOB.
2308 267 2464 327 CAP.
2508 268 2626 327 ιν.

3463 280 3569 342 651,

250 381 401 435 nes!
425 377 568 446 Quid
604 384 679 432 est
707 376 884 445 homo,
914 387 961 432 et
1001 387 1057 434 ut
1082 379 1450 437 immeeutatus
1480 383 1568 447 sit,
1609 390 1665 437 ut
1695 383 1872 454 justus
1900 383 1947 441 Α
1977 381 2122 435 malo
2152 398 2166 436 :
2208 384 2357 439 novit
2386 384 2531 441 enim
2572 385 2870 442 secundum
2894 386 3105 457 justum
3135 386 3399 459 judicium
3433 392 3566 462 Dei,

254 481 525 545 appareat
554 481 706 527 natus
734 472 799 526 de
843 469 1097 528 muliere?
1146 470 1283 528 Ecce
1329 474 1462 529 inter
1507 482 1714 529 sanctos
1757 477 1870 548 ejus

252 580 424 621 nemo
436 561 802 632 immutabilis,
834 571 885 619 et
904 563 1017 619 caeli
1044 580 1148 619 non
1169 575 1288 620 sunt
1311 566 1494 622 mundi
1518 567 1573 625 in
1594 576 1869 638 conspectu

254 661 423 729 eius:
454 667 651 730 quanto
702 658 872 728 magis
920 656 1306 729 abominabilie,
1356 670 1403 714 et
1445 659 1650 716 inutilis
1690 658 1867 725 homo,

254 753 358 824 qui
388 751 513 807 bibit
540 751 691 824 quasi
712 768 901 822 aquam
932 751 1299 823 iniquitatem?
1328 749 1460 820 Cor,
1489 753 1635 811 oculi
1662 794 1678 820 ,
1709 752 1871 824 spiri-

257 851 381 915 tus,
414 854 584 900 totam
618 842 856 898 hominis
881 843 1117 899 animam
1145 843 1480 914 signiﬁcant,
1508 846 1602 901 sed
1630 845 1686 901 in
1705 845 1870 903 corde

259 934 514 992 hominis
554 934 882 1007 sapientiam
915 949 1332 1005 cognoscamus.
1381 937 1439 993 in
1477 936 1686 1004 oculis,
1719 952 1870 1007 pers—

265 1029 597 1102 picuitatem
630 1028 1024 1097 intelligentiae.
1062 1027 1118 1082 in
1169 1029 1364 1100 spiritu
1413 1044 1544 1086 vero
1573 1029 1721 1086 illius
1747 1029 1867 1084 ani.

266 1137 379 1178 ma:
409 1128 614 1177 motum
637 1162 652 1188 ,
690 1136 799 1191 quo
842 1119 1266 1191 cogitationibus
1325 1122 1727 1179 incessabiliter
1757 1120 1870 1193 egi-

269 1224 367 1272 tur
409 1213 478 1269 ad
520 1228 878 1286 quaecumque
923 1212 1196 1270 iacienda.
1249 1213 1305 1269 in
1371 1213 1687 1270 elevations
1735 1230 1869 1285 ergo

263 1307 489 1377 cordis,
522 1316 579 1364 et
606 1308 854 1365 attonitis
899 1308 1108 1377 oculis,
1146 1318 1360 1365 tumore
1390 1309 1557 1367 etiam
1590 1312 1818 1381 spiritus
1850 1326 1864 1364 :

263 1401 567 1473 superbum
600 1400 762 1456 valde
802 1409 994 1457 contra
1025 1401 1221 1467 Deum,
1255 1408 1312 1457 et
1358 1401 1605 1458 inﬂatum
1640 1403 1866 1458 nimium

263 1505 518 1552 sanctum
548 1492 651 1549 Job
683 1494 907 1563 Elipbaz
956 1493 1163 1548 amicus
1208 1494 1330 1564 eius
1382 1494 1705 1564 exprobrat.
1755 1493 1868 1549 illis

265 1589 476 1646 etenim
507 1588 853 1645 sermonibus
880 1586 1126 1644 offensus
1157 1586 1355 1655 fuerat,
1383 1602 1519 1658 quos
1550 1587 1741 1643 beatus
1767 1586 1870 1642 Job

268 1681 340 1736 ad
374 1680 544 1737 Deum
572 1680 825 1751 superius
853 1678 1117 1736 narravit.
1149 1678 1205 1736 Si
1234 1678 1512 1749 iudicatus
1546 1676 1727 1744 fuero,
1752 1677 1867 1733 scio

1973 491 2093 541 qua:
2125 475 2307 548 impiis
2338 478 2621 535 retributio
2653 480 2724 534 sit
2753 491 3023 551 separata.

2046 564 2170 622 Non
2200 568 2361 627 credit
2390 570 2529 641 quod
2556 572 2739 627 reverti
2762 574 2923 643 possit
2949 573 3015 633 de
3040 575 3261 633 tenebris
3287 580 3358 634 ad
3379 580 3568 638 lucem.

1973 657 2193 715 Frustra
2232 677 2420 717 t-rrore
2459 662 2721 734 deceptus
2745 706 2759 729 .
2807 664 2950 736 quod
2997 666 3179 738 aliquo
3208 673 3383 740 pretio
3423 674 3566 730 redi-

1973 757 2202 813 mendus
2243 760 2333 814 sit.
2375 760 2475 816 Hic
2508 759 2709 830 impius
2750 762 2802 815 in
2847 761 3174 833 profundum
3222 779 3564 835 peccatorum

1973 848 2265 906 deveniens
2288 893 2301 916 ,
2332 851 2496 906 vitam
2545 867 2605 908 se
2635 866 2797 921 posse
2838 857 3097 927 consequi
3139 856 3463 929 desperavit.
3499 862 3570 918 Et

1972 938 2176 995 idcirco
2216 956 2320 996 non
2349 942 2514 997 credit
2540 943 2685 1014 quod
2714 946 2915 1007 reverti
2941 948 3115 1017 possit
3137 948 3206 1005 ad
3237 952 3570 1020 ptenitentiae

1975 1033 2153 1089 lucem
2194 1034 2265 1091 de
2306 1036 2551 1092 tenebris
2596 1048 2963 1107 peccatorum.
3010 1040 3180 1112 iiujus
3209 1053 3388 1101 autem
3428 1046 3571 1102 difﬁ-

1972 1124 2171 1180 dentia:
2201 1141 2418 1184 causam
2451 1136 2695 1198 enarrat,
2726 1129 2943 1189 dicens:

2046 1216 2496 1290 Circumspectans
2526 1221 2752 1294 undique
2776 1223 3031 1294 gladium.
3055 1225 3110 1285 Id
3133 1238 3237 1295 est,
3263 1228 3389 1285 hinc
3411 1229 3567 1287 inde:

1974 1316 2091 1369 sive
2143 1315 2465 1384 pmstoians
2501 1324 2753 1371 mortem.
2781 1316 3057 1385 Diximus,
3092 1320 3366 1377 diabolum
3400 1323 3453 1379 in
3484 1340 3572 1380 es-

1973 1421 2093 1462 eam
2123 1407 2307 1463 datum
2350 1409 2640 1479 spirituum
2685 1410 3088 1469 immundorum
3111 1457 3126 1482 ,
3157 1414 3280 1484 quis
3309 1415 3429 1485 ejus
3456 1434 3571 1472 ma-

1975 1499 2088 1554 litia
2121 1499 2346 1556 vivunt:
2389 1503 2634 1558 vultures
2671 1517 2798 1558 vero
2842 1504 3092 1561 homines
3120 1516 3437 1577 peccatores
3460 1553 3474 1576 ,
3521 1519 3576 1565 et

1975 1591 2240 1647 immundi
2269 1595 2809 1666 intelliguntur.Cutn
2833 1612 2965 1668 ergo
2990 1598 3043 1653 isi
3066 1602 3317 1656 conversi
3345 1601 3570 1671 iuerint,

1975 1691 2101 1739 tunc
2128 1685 2406 1741 inimicum
2435 1686 2787 1743 devorantem
2820 1705 2911 1758 se,
2946 1707 3100 1747 versa
3144 1694 3259 1749 vice
3300 1692 3576 1750 babebunt

269 1771 418 1844 quod
443 1771 623 1844 justus
676 1771 951 1840 invenior,
992 1782 1049 1824 et
1089 1778 1280 1826 contra
1328 1771 1436 1830 isto
1484 1784 1739 1825 sermone
1786 1771 1867 1823 lo-
1898 1774 1947 1835 Β
1976 1775 2027 1829 in
2057 1791 2263 1845 escam,
2295 1780 2419 1851 quia
2456 1782 2569 1850 ipse
2595 1782 2865 1845 estdraeo
2890 1786 2985 1854 qui
3018 1784 3180 1843 datus
3207 1797 3292 1842 est
3320 1804 3348 1840 a
3384 1788 3494 1841 Deo
3518 1788 3569 1842 in

269 1865 460 1937 quitur
488 1881 505 1921 :
536 1863 675 1933 Quid
707 1872 792 1919 est
824 1862 990 1919 homo
1020 1872 1083 1918 ut
1112 1858 1496 1919 iminsculaius
1521 1864 1828 1934 appareat?

342 1957 633 2014 Ostendam
681 1958 805 2022 tibi,
857 1957 983 2012 audi
1025 1974 1124 2027 me,
1177 1957 1317 2029 quod
1364 1958 1721 2012 uidinm‘rabo
1753 1957 1865 2012 tibi.

267 2049 575 2121 Expertam
603 2064 721 2105 rem
754 2049 967 2120 loquor,
998 2064 1159 2121 quam
1187 2051 1532 2121 cognovisse,
1566 2060 1623 2107 et
1664 2048 1867 2111 vidisse

264 2158 359 2199 me
381 2142 619 2198 noveris.

343 2236 617 2306 Sapientes
677 2235 1015 2306 conﬁtentur,
1064 2243 1113 2289 et
1161 2250 1265 2289 non
1322 2235 1646 2289 abscondunt
1694 2242 1866 2306 patres

265 2347 406 2387 suos.
458 2329 536 2385 Ita
563 2328 677 2384 vult
706 2344 830 2384 eum
856 2326 1091 2385 diversis
1138 2328 1317 2383 modis
1364 2341 1527 2400 atque
1556 2328 1863 2397 exeutplis,

264 2424 421 2496 quasi
452 2423 518 2479 ad
548 2422 923 2495 pteniteutiam
954 2431 1236 2480 eosrctare
1261 2431 1427 2495 atque
1461 2423 1863 2492 constringere,

262 2525 324 2572 ut
349 2498 682 2571 conﬁteatur
708 2517 918 2587 plagam
945 2515 1095 2571 illam
1124 2531 1405 2586 poenarum
1436 2531 1599 2587 quam
1628 2516 1863 2573 sustine-

265 2608 360 2665 bat
389 2609 460 2665 ob
492 2609 682 2664 merita
730 2609 1024 2664 sustinere.
1072 2607 1166 2662 Vel
1211 2608 1281 2662 ita
1320 2626 1331 2662 :
1368 2624 1474 2663 non
1517 2607 1865 2665 defendendo

262 2702 499 2772 seipsos,
540 2716 781 2774 suosque
830 2714 1017 2773 patres
1046 2702 1259 2756 similes
1304 2704 1418 2767 sui,
1451 2701 1538 2757 vel
1576 2717 1714 2774 quos
1745 2702 1865 2757 imi-

262 2793 430 2851 tando
460 2807 713 2867 parentes
760 2796 961 2852 habere
1004 2803 1320 2867 etoperunt;
1367 2806 1588 2866 peccata
1621 2811 1719 2851 sua
1747 2797 1864 2852 sive

259 2898 547 2961 parentum
599 2904 707 2945 non
752 2891 1110 2962 cooperiunt,
1173 2906 1274 2947 nec
1320 2890 1685 2948 abscondunt.
1734 2892 1863 2947 Sive

261 2995 376 3037 non
395 2981 574 3037 celant
602 2991 783 3054 patres
813 2997 966 3048 suos,
1002 2983 1053 3038 id
1095 2993 1180 3038 est
1201 3025 1215 3044 .
1243 2984 1489 3040 seniores
1509 3026 1524 3051 ,
1557 2984 1642 3039 vel
1673 2998 1861 3038 sacer-

259 3072 420 3129 dotes
445 3088 593 3137 suos,
627 3074 827 3145 quibus
856 3083 1076 3144 peccata
1107 3075 1330 3131 salubre
1361 3086 1449 3131 est
1474 3075 1747 3130 conﬁteri.

1976 1882 2160 1923 escam
2191 1870 2405 1939 populis
2434 1869 2776 1942 Ethiopum,
2817 1874 2907 1944 qui
2932 1877 3207 1947 quondam
3240 1890 3464 1950 propter
3489 1880 3573 1939 ni-

1971 1960 2253 2027 gredinotn
2304 1977 2652 2031 peccatorum
2702 1963 3029 2036 Etltiopes,
3072 1984 3215 2024 nunc
3265 1982 3444 2025 autem
3482 1988 3578 2041 per

1974 2050 2133 2107 ﬁdem
2164 2052 2254 2107 lux
2282 2053 2408 2109 facti
2437 2055 2490 2109 in
2521 2056 2771 2115 Domino.
2801 2058 2956 2115 Hunc
2984 2062 3205 2132 impium
3239 2064 3354 2119 sive
3380 2064 3575 2119 dt'ucu-

1974 2158 2096 2199 nem
2117 2158 2443 2202 consumunt
2466 2162 2531 2202 ac
2552 2148 2848 2205 devorant:
2872 2151 2999 2207 dum
3020 2170 3182 2210 omne
3204 2169 3405 2226 corpus
3430 2156 3571 2226 ejus,

1972 2236 2064 2305 qui
2096 2247 2226 2292 sunt
2252 2239 2437 2309 utique
2470 2250 2789 2310 peccatores
2810 2284 2824 2309 ,
2868 2259 2965 2313 per
3002 2245 3161 2301 ﬁdem
3202 2247 3574 2305 intrmnittunt

1972 2329 2025 2382 in
2069 2343 2270 2398 corpus
2295 2373 2308 2395 ,
2350 2330 2400 2385 id
2451 2341 2568 2397 est,
2614 2332 2670 2388 in
2705 2334 3000 2391 Ecclesium
3032 2354 3044 2390 :
3079 2338 3378 2399 secundum
3423 2342 3526 2397 hoc
3554 2383 3569 2407 ,

1970 2420 2115 2489 quod
2147 2421 2350 2476 dictum
2385 2431 2469 2477 est
2503 2423 2701 2483 Petro:
2742 2426 2941 2498 Surge,
2975 2428 3174 2494 orride,
3212 2440 3262 2487 et
3292 2433 3568 2489 manduca.

1971 2508 2109 2565 Hinc
2134 2512 2299 2567 etiam
2328 2512 2542 2585 Moyses
2563 2514 2703 2575 ﬁlios
2732 2516 2895 2572 larael
2926 2517 3157 2576 vitulum
3178 2524 3570 2582 comminutum

1969 2600 2161 2658 bibere
2203 2605 2502 2674 compulit,
2535 2617 2593 2661 ut
2622 2606 2765 2663 sicut
2805 2608 2876 2664 ab
2905 2625 2972 2666 co
2998 2608 3215 2669 fuerent
3240 2613 3484 2686 absorpti
3516 2617 3567 2673 in

1968 2707 2160 2751 errore
2191 2709 2205 2751 :
2236 2696 2311 2755 its
2340 2696 2422 2753 iiii
2473 2697 2526 2752 in
2557 2712 2787 2769 corpore
2815 2700 2999 2775 populi
3034 2703 3126 2757 Dei
3156 2704 3351 2766 relicto
3382 2721 3572 2769 crrot‘o

1970 2787 2285 2847 transirent.

2040 2876 2168 2931 Cum
2204 2895 2257 2932 se
2286 2882 2496 2934 moverit
2541 2882 2611 2935 ad
2646 2884 2979 2953 quwrendum
3015 2905 3235 2957 pauent.
3264 2893 3403 2953 nouit
3433 2870 3571 2964 quod

1970 2980 2185 3040 paratus
2229 2972 2297 3027 sit
2321 2974 2374 3033 in
2416 2989 2574 3036 manu
2602 2977 2718 3048 ejus
2747 2976 3071 3040 lembi-arum
3101 2981 3212 3041 dies
3264 2984 3440 3045 Μυευδ
3462 2987 3575 3041 nni-

1969 3078 2179 3123 tnornm
2218 3070 2305 3123 est
2359 3064 2636 3127 inchoatio
2687 3068 3050 3138 cogitationis.
3103 3070 3238 3131 Cum
3297 3091 3426 3146 ergo
3479 3077 3567 3137 bic

337 3164 532 3230 Quibus
567 3164 693 3220 solis
732 3166 858 3220 data
887 3176 960 3221 est
989 3177 1148 3237 terra,
1177 3175 1226 3221 et
1253 3184 1360 3222 non
1390 3166 1627 3221 transibit
1656 3166 1857 3221 alienus
1883 3160 1929 3223 C
1964 3155 2282 3215 recordatus
2311 3156 2478 3219 fuerit
2502 3200 2516 3225 .
2554 3173 2678 3219 reus
2705 3158 2808 3220 sibi
2845 3175 3064 3232 semper
3102 3164 3244 3225 male
3291 3168 3565 3234 conscius,

258 3274 351 3332 per
379 3274 485 3314 eos.
511 3257 852 3331 Frequenter
882 3261 1024 3316 Deus
1055 3271 1280 3331 propter
1308 3270 1525 3331 peccata
1554 3259 1718 3315 tradit
1748 3268 1859 3314 ter-

260 3363 379 3408 ram
407 3349 715 3429 iniquorum
748 3352 866 3407 aliis
894 3353 1167 3423 gentibus.
1201 3354 1276 3411 De
1300 3354 1735 3412 conversationis
1762 3352 1862 3423 lgi-

262 3452 351 3499 tnr
377 3442 624 3510 introitu,
656 3455 711 3499 et
740 3445 991 3515 ingressu
1021 3443 1239 3517 Sophar
1268 3445 1334 3501 ad
1364 3445 1470 3502 Job
1500 3445 1766 3516 loquitur:
1801 3442 1858 3499 In

258 3535 626 3591 amaritudine
657 3549 755 3591 sua
778 3534 976 3591 vadent
1002 3545 1057 3590 et
1085 3537 1303 3593 venient
1331 3552 1498 3607 super
1519 3552 1643 3594 eum
1677 3536 1861 3593 borri-

260 3625 422 3693 biles,
456 3625 507 3685 id
530 3637 638 3695 est,
661 3628 817 3698 quasi
840 3628 1121 3683 iracundia
1147 3628 1350 3687 tollium
1380 3629 1657 3696 commoti,
1691 3638 1745 3685 et
1770 3644 1861 3686 ve-

258 3732 405 3773 neno
433 3717 652 3777 invidite
680 3718 734 3773 in
752 3720 1181 3781 ,atttaritudinetn
1203 3720 1547 3792 furoremque
1574 3725 1854 3781 conversi:

257 3809 407 3866 circa
426 3817 510 3876 te,
538 3809 740 3882 inquit,
777 3810 979 3882 iugiter
1008 3813 1379 3871 morabuntur.
1410 3815 1535 3871 Sive
1560 3815 1855 3873 moraliter.

255 3900 546 3973 Sapientes
568 3901 646 3957 illi
677 3902 728 3957 iu
758 3902 978 3963 Christo
998 3914 1145 3970 sunt,
1174 3915 1226 3960 et
1256 3905 1308 3959 in
1338 3905 1540 3960 saeculo
1569 3906 1739 3971 stulti,
1766 3906 1857 3977 qui

260 3994 633 4051 satisfactione
682 3993 1020 4066 ptnnltentim
1047 4035 1062 4061 ,
1113 4007 1338 4064 peccata
1368 4012 1463 4052 sua
1516 3998 1599 4053 vel
1639 4013 1858 4053 errores

260 4085 535 4143 baroseos
576 4086 951 4147 convertendo
992 4100 1053 4141 se
1105 4085 1173 4141 ad
1204 4086 1375 4142 Deum
1431 4088 1663 4144 ﬁdeliter
1688 4091 1857 4144 conti.

261 4185 465 4246 tentur,
491 4189 548 4234 ot
567 4186 815 4241 auctores
840 4178 922 4234 vel
938 4177 1229 4239 criminum
1258 4194 1503 4246 suorum,
1533 4180 1619 4235 vel
1640 4179 1857 4250 dogma’

256 4275 375 4325 sum
405 4269 755 4329 manifestam
780 4310 796 4337 ,
824 4278 887 4326 ut
919 4279 1117 4329 terram
1146 4277 1392 4342 corporis
1434 4272 1516 4333 sui
1548 4271 1649 4326 soli
1680 4272 1857 4342 possi,

261 4361 462 4419 deant:
506 4363 560 4428 id
607 4376 728 4431 est,
760 4380 868 4419 non
915 4364 967 4419 ei
1006 4364 1134 4425 vitia
1160 4405 1175 4429 ,
1207 4365 1293 4421 vel
1336 4364 1559 4421 hostiles
1602 4367 1855 4437 nequitia:

258 4454 626 4512 dominentur.
678 4456 1008 4528 Alienusquo
1040 4472 1134 4525 per
1178 4473 1302 4513 eum
1350 4473 1457 4513 non
1501 4467 1762 4525 transeat,
1798 4458 1849 4513 id

1966 3246 2425 3317 quemadmodum
2456 3250 2623 3316 possit
2660 3249 2845 3313 vivere
2870 3266 2889 3314 δ
2918 3251 3052 3311 nillil
3076 3253 3124 3315 ei
3154 3256 3391 3315 occurrit
3419 3258 3565 3317 aliud

1965 3354 2126 3410 quam
2158 3348 2375 3410 tempus
2404 3341 2534 3402 illud
2564 3341 2749 3411 iudicii
2795 3343 2886 3405 ilui
2916 3343 3201 3415 horribile.
3229 3365 3337 3418 quo
3377 3365 3565 3420 pinnas

1969 3441 2256 3503 perpetuas
2284 3433 2604 3504 irrogaudas
2628 3436 2959 3503 estiavoscit.

2039 3523 2269 3586 Terrebit
2302 3541 2419 3585 sum
2458 3525 2755 3593 tribulatio.
2803 3536 2849 3582 et
2890 3530 3133 3602 angustia
3168 3532 3375 3595 satiabit
3404 3551 3520 3591 eum
3544 3580 3558 3605 ,

1962 3617 2093 3675 sicut
2139 3634 2312 3690 regem
2353 3619 2443 3690 qui
2480 3629 2810 3692 properatur
2847 3622 2917 3683 ad
2958 3624 3219 3692 pristiam.
3254 3626 3560 3699 Antequam

1962 3711 2083 3771 dies
2111 3711 2402 3780 przedictus
2429 3712 2686 3773 adveniat
2708 3753 2725 3778 ,
2762 3714 2907 3775 maio
2955 3713 3265 3779 formidinis
3294 3720 3565 3779 cruciabi-

1963 3811 2088 3863 tur;
2123 3805 2396 3874 pressaris
2425 3819 2675 3876 quoque.
2711 3815 2767 3869 et
2795 3809 3057 3877 attgustiis
3097 3819 3284 3880 septas
3324 3813 3560 3883 undique

1962 3899 2347 3964 coarctab‘ttur,
2395 3899 2566 3955 veluti
2620 3915 2718 3963 rex
2767 3900 3112 3971 profecturus
3160 3904 3228 3965 ad
3284 3906 3555 3975 pristiam.

1958 3991 2074 4051 Sub
2108 3997 2329 4055 nomine
2355 3994 2499 4063 regis
2529 3993 2752 4064 impium
2800 3994 3105 4064 hominem,
3140 3998 3254 4059 sive
3282 3998 3555 4061 diabolum

1958 4082 2250 4153 signiﬁcari
2303 4086 2559 4149 esistimo
2586 4124 2600 4153 .
2648 4086 2736 4156 qui
2790 4094 2978 4149 contra
3023 4088 3188 4149 Deum
3230 4089 3373 4151 bella
3416 4107 3553 4162 quo-

1958 4177 2496 4251 tidie,blaspltetnias
2517 4179 3029 4252 contentionesque,
3045 4181 3164 4239 sive
3180 4197 3385 4254 pugnas
3406 4196 3559 4256 parat

1961 4273 2242 4332 vitiorum.

2029 4363 2268 4423 Tetendit
2311 4367 2444 4425 enim
2502 4366 2747 4430 adversus
2808 4363 2977 4429 Deum
3028 4383 3235 4429 manum
3277 4385 3424 4433 suam
3446 4413 3462 4438 ,
3507 4381 3553 4431 et

1955 4466 2137 4518 contra
2173 4458 2573 4529 omnipotentem
2602 4458 2878 4521 roboratus
2906 4470 3000 4517 est.
3039 4459 3097 4521 in
3126 4460 3397 4531 elatione,
3440 4465 3554 4523 sin,-

252 4559 361 4619 αι,
386 4550 633 4606 diabolus
658 4550 711 4605 in
733 4565 861 4606 eum
887 4564 995 4606 non
1024 4550 1223 4606 habeat
1241 4550 1702 4621 potestatem.Qtti
1727 4567 1853 4607 vere
1879 4545 1932 4608 Ι)
1958 4550 2295 4619 expansione
2344 4564 2535 4613 manus
2559 4592 2575 4617 .
2622 4552 2969 4615 resistentem
3016 4552 3126 4613 Deo
3169 4552 3508 4614 demonstrat
3533 4598 3547 4624 ,

255 4643 466 4700 altanus
494 4643 759 4700 dicendus
797 4654 912 4711 est,
952 4643 1080 4714 quia
1105 4660 1168 4700 se
1192 4659 1224 4706 ι
1253 4643 1397 4711 Deo,
1441 4652 1496 4698 et
1531 4642 1847 4713 angelorum
1949 4656 2224 4713 quomque
2246 4644 2445 4703 tuentis
2461 4643 2625 4705 etiam
2649 4643 2871 4705 tumida!
2894 4646 3233 4709 annitimacie
3263 4648 3542 4711 robustum

252 4738 536 4799 consumto
563 4737 694 4792 iecit
722 4736 982 4799 alienum.

328 4829 543 4887 Cunctis
568 4829 749 4888 diebus
777 4830 883 4885 suis
909 4830 1099 4903 impius
1124 4829 1377 4903 superbit,
1408 4838 1456 4889 et
1486 4842 1731 4884 numerus
1757 4843 1851 4884 ear

256 4939 443 4987 uorum
474 4923 704 4985 insertus
731 4931 807 4977 est
834 4923 1127 4994 tyrannidis
1158 4924 1293 4995 ejus.
1324 4922 1380 4976 ltt
1414 4935 1702 4992 personam
1731 4921 1850 4992 qui-

255 5016 378 5073 dem
405 5016 512 5074 Job
551 5016 672 5074 lucc
709 5016 929 5088 Eiipbas
959 5016 1172 5073 videtur
1210 5014 1487 5083 invehere,
1514 5033 1634 5087 qua:
1677 5031 1847 5087 usque

253 5109 322 5165 ed
346 5109 557 5172 esteem
587 5110 859 5171 sermonis
888 5109 1051 5181 hujus
1076 5110 1348 5182 perduxit.
1381 5111 1496 5181 Ego
1535 5125 1665 5165 vero
1703 5111 1843 5173 exis.

256 5202 391 5259 timo
417 5203 567 5274 quod
591 5201 810 5259 oi’ﬁatus
837 5204 1031 5274 spiritu
1059 5204 1359 5275 prophetiae
1376 5244 1390 5269 ,
1414 5211 1610 5258 cuncta
1651 5202 1768 5258 haec
1795 5204 1848 5258 in

256 5298 559 5370 quemlibet
581 5298 831 5370 impium,
855 5299 973 5356 sive
991 5298 1046 5354 in
1076 5299 1252 5370 ipsum
1279 5298 1578 5366 diabolum,
1606 5297 1693 5351 vel
1732 5298 1850 5367 ejus

255 5389 436 5447 socios
463 5390 681 5446 dixerit.

328 5481 548 5543 Sonitus
599 5481 811 5538 terreris
856 5498 1059 5553 semper
1104 5484 1159 5541 in
1205 5483 1423 5539 auribus
1478 5482 1643 5543 illius.
1695 5481 1849 5539 Sicut

259 5569 502 5643 ιδῃ)ϋῆ
523 5574 671 5643 passi
692 5582 839 5631 sunt.

332 5662 403 5718 Et
419 5679 541 5721 eum
568 5683 673 5736 pse
689 5668 780 5737 sit,
802 5669 895 5724 itte
916 5685 1115 5740 semper
1139 5668 1359 5725 insidias
1376 5672 1698 5740 suspicatur.
1724 5668 1852 5725 Per-

258 5766 473 5813 severs!
522 5758 716 5828 impius
761 5762 816 5817 in
854 5762 1064 5818 scelero
1109 5777 1327 5831 semper
1384 5764 1453 5820 de
1500 5764 1851 5819 conscientia:

1952 4733 2106 4795 dicit.

2024 4824 2262 4881 Cucurrit
2313 4826 2559 4880 adversus
2603 4842 2719 4880 eum
2763 4834 2929 4879 erecto
2960 4825 3113 4881 collo.
3146 4827 3447 4901 Abruptam
3481 4846 3546 4888 ac

1953 4920 2286 5001 praecipitem
2353 4918 2575 4992 superbi
2623 4918 2823 4979 iudicat
2876 4927 3155 4975 mentem:
3191 4922 3310 4995 quia
3358 4932 3546 4979 contra

1957 5013 2126 5068 Deum
2162 5026 2449 5091 possessus
2482 5013 2704 5065 insanus
2733 5010 2785 5064 in
2818 5008 3043 5065 audacia
3075 5012 3406 5083 resistendo,
3441 5031 3546 5070 non

1956 5108 2115 5163 lentis
2141 5106 2422 5178 gressibus
2451 5104 2733 5175 processit.

2028 5198 2097 5252 Et
2125 5198 2305 5275 pingui
2341 5197 2537 5252 cervice
2565 5207 2796 5251 armatus
2825 5190 2923 5251 est.
2958 5193 3347 5269 Pinguedincm
3381 5200 3551 5255 nomi-

1957 5296 2134 5352 nando
2165 5293 2393 5350 cervicis
2420 5336 2433 5360 ,
2469 5292 3019 5363 superabundantem,
3050 5304 3105 5347 et
3131 5294 3281 5364 quasi
3320 5296 3545 5350 nimium

1955 5388 2266 5446 cl’ﬁuentem
2288 5385 2597 5456 superbiam
2630 5384 2907 5440 indicavit.
2929 5384 3394 5453 Quemadmodum
3423 5401 3551 5456 pro-

1957 5484 2117 5556 pheta
2146 5482 2252 5546 ait,
2302 5495 2423 5535 cum
2453 5478 2520 5534 de
2551 5480 2740 5534 eadem
2770 5477 3051 5535 hominum
3088 5479 3343 5549 superbia
3373 5479 3549 5549 loqui-

1961 5588 2066 5641 tur,
2101 5577 2320 5633 dicens:
2354 5571 2595 5627 Prodivit
2635 5570 2783 5643 quasi
2808 5586 2874 5625 ex
2900 5570 3053 5642 adipe
3074 5572 3321 5642 iniquitas
3348 5587 3548 5638 eorum,

1961 5673 2064 5728 hoc
2092 5666 2459 5727 testimonium
2486 5680 2625 5723 nova
2652 5664 2823 5721 editio
2849 5663 3090 5733 apertius
3132 5663 3296 5727 dicit:
3332 5662 3555 5726 Ρνοεεε.

1960 5773 2139 5820 serunt
2168 5779 2197 5817 α
2229 5755 2540 5831 pinguedine
2572 5757 2711 5813 scuti
2742 5771 2919 5814 eorum
2938 5771 2960 5811 λ
2992 5753 3046 5816 id
3076 5766 3184 5827 est,
3215 5770 3410 5819 sensus
3439 5758 3558 5814 sive
