4032 6346
491 270 598 326 653

1269 262 1616 322 APPENDIX
1655 263 1748 320 AD
1787 261 2031 321 TOMUM
2074 259 2430 320 SEPTIMUM
2469 260 2529 316 S.
2573 255 2975 317 lllERONYMI.

3688 254 3787 312 656

493 379 855 451 cogitationes
897 377 1120 434 nimium
1159 376 1555 446 superborum,
1604 376 1659 431 in
1693 372 2084 445 blasphemiam
2110 373 2160 434 Α
2189 372 2367 444 gimus
2398 372 2466 428 de
2495 370 2738 428 tenebris
2773 367 3133 426 inﬁdelitatis.
3161 368 3336 425 Homo
3369 367 3460 425 hic
3488 367 3694 438 impius
3721 367 3784 422 ad

491 480 882 544 proruperunt.

566 565 779 637 Operuit
821 563 1007 634 faciem
1048 565 1164 634 ejus
1193 561 1501 617 crassitudo.
1543 560 1736 617 Facies
1766 559 2082 631 plerumque

486 658 603 728 ipsa
635 672 786 712 mens
812 656 1005 710 anima:
1031 654 1372 725 intelligitur,
1406 664 1464 709 ut
1493 655 1568 708 ait
1599 652 1933 723 Apostolus:
1968 649 2082 703 Nos

484 760 658 804 autem
684 747 904 802 revelata
922 747 1059 819 facie
1079 746 1298 820 gloriam
1322 745 1535 800 Domini
1563 746 1909 818 speculamur.
1935 743 2082 797 llanc

485 841 736 898 diabolus
757 839 871 894 sive
898 839 1097 910 impius
1125 839 1290 895 homo
1313 839 1603 895 sanctitate
1624 854 1719 893 seu
1750 835 2077 900 humilitate,

484 948 738 990 serenam
780 948 886 988 non
915 931 1111 998 habet,
1144 932 1258 987 sive
1289 932 1630 1002 perspicuam
1651 971 1664 996 ,
1692 929 1788 984 sed
1817 928 2080 983 crassitu-

485 1025 613 1081 dine
642 1034 885 1094 opertam
917 1025 1189 1094 superbia:
1211 1067 1226 1093 ,
1261 1040 1380 1094 qua:
1409 1038 1556 1078 caeco
1589 1021 1756 1077 corde
1783 1021 1875 1088 sit,
1901 1030 1956 1075 et
1986 1020 2084 1074 ob-

487 1125 630 1171 tuso.
660 1114 779 1170 Alia
806 1113 978 1171 editio
1005 1131 1024 1169 :
1073 1113 1290 1184 Operuit
1332 1115 1516 1184 faciem
1561 1114 1670 1184 ejus
1720 1123 1983 1182 tamquam
2025 1111 2079 1164 in

485 1209 640 1280 adipe
662 1226 792 1276 suo;
815 1217 1092 1280 tamquam
1123 1207 1360 1264 diceret:
1384 1207 1639 1277 superbia
1661 1205 1916 1261 videlicet
1940 1213 2078 1271 atra,

481 1311 670 1356 auctor
709 1300 949 1355 omnium
993 1301 1284 1354 vitiorum:
1330 1316 1438 1354 non
1482 1297 1676 1365 tenui,
1717 1306 1773 1352 et
1801 1293 2082 1367 perlucida

481 1392 806 1450 humilitatis
832 1395 1034 1449 virtute
1065 1380 1218 1449 velut
1248 1395 1487 1463 pretioso
1516 1395 1717 1447 amictu
1747 1405 1809 1446 se
1838 1387 2076 1455 vestivit,

482 1486 581 1542 sed
609 1485 679 1541 de
717 1486 895 1557 seipsa
923 1485 1051 1541 fecit
1077 1485 1129 1542 ei
1160 1486 1567 1555 quodammodo
1597 1484 1860 1550 derisum,
1883 1489 1942 1538 et
1961 1495 2082 1536 ves-

483 1580 767 1636 timentum
798 1579 1116 1645 obscurum,
1145 1595 1255 1650 quo
1283 1579 1594 1650 superbiam
1621 1591 1808 1634 crassa
1835 1575 2080 1631 caecitate

482 1671 664 1726 cordis
693 1669 1041 1725 obtunderet.

556 1763 622 1819 Et
649 1765 712 1819 de
732 1763 979 1819 lateribus
1000 1765 1112 1834 ejus
1136 1765 1321 1819 arvina
1343 1764 1617 1838 dependet.
1642 1763 1879 1819 Possunt
1904 1760 2074 1815 latera
2105 1769 2154 1830 Β

481 1856 622 1927 ejus,
666 1856 903 1912 ministri
934 1857 1052 1912 sive
1078 1857 1298 1912 sodales
1329 1857 1584 1927 intelligi,
1613 1857 1702 1928 qui
1727 1855 1847 1926 ejus
1869 1853 2077 1908 similes

482 1950 830 2005 exstiterunt.
864 1949 980 2004 Non
1012 1949 1247 2006 absurde
1277 1952 1444 2006 etiam
1484 1964 1645 2005 aures
1679 1946 2074 2017 intelliguntur,

477 2059 598 2114 qua:
626 2043 810 2112 utique
850 2044 903 2098 in
943 2043 1219 2099 audientia
1264 2045 1703 2116 impinguantur:
1734 2041 1878 2097 unde
1911 2039 2075 2095 nimia

474 2136 715 2193 surditas
743 2136 1160 2192 contumacibus
1189 2147 1516 2207 generatur,
1550 2133 1852 2190 secundum
1903 2131 2073 2186 illud:

472 2230 838 2286 lncrassatum
858 2240 932 2285 est
962 2247 1052 2284 cor
1078 2230 1261 2302 populi
1289 2231 1464 2299 hujus.
1493 2229 1613 2284 Alia
1667 2229 1836 2284 editio
1863 2245 1876 2280 :
1929 2223 2077 2279 Fecit

475 2325 830 2396 capitapulum
849 2339 1000 2396 super
1024 2321 1479 2394 fernora.Videtur
1510 2320 1644 2375 mihi
1658 2321 1761 2376 iste
1778 2318 2077 2374 versiculus

475 2433 699 2475 sensum
745 2416 1121 2488 hujuscemodi
1166 2414 1484 2479 continere,
1514 2412 1661 2484 quod
1693 2415 1745 2467 in
1776 2411 1882 2466 hoc
1912 2410 2076 2481 impio

475 2510 811 2580 increpelur,
844 2509 969 2579 quia
1004 2509 1215 2563 frenum
1243 2505 1549 2577 disciplina:
1571 2547 1584 2572 ,
1619 2519 1728 2576 quo
1754 2503 1823 2558 ad
1851 2504 2077 2557 virtutes

471 2601 700 2658 retineri
734 2609 984 2672 poterat,
1029 2599 1235 2655 habere
1266 2599 1529 2664 noluerit,
1562 2597 1659 2653 sed
1690 2596 1757 2651 ad
1789 2593 2075 2666 quamdam

471 2713 535 2752 se
568 2696 746 2768 potius
788 2694 1230 2764 dissolutionem,
1266 2694 1518 2764 deposito
1545 2693 1709 2748 animi
1742 2692 1949 2762 rigore,
1982 2689 2078 2746 de-

465 2791 686 2863 jecerit,
718 2799 776 2844 ut
808 2789 964 2860 quasi
994 2789 1110 2845 loro
1141 2789 1320 2844 laxato
1350 2788 1416 2843 ad
1449 2787 1808 2857 voluptatem,
1837 2792 1893 2841 et
1922 2785 2078 2839 luxu-

470 2885 609 2941 riam
643 2885 1027 2940 deduceretur.

545 2977 816 3032 Habitavit
841 2979 898 3032 in
922 2977 1214 3032 civitatibus
1247 2977 1526 3045 desolatis,
1561 2986 1611 3032 et
1647 2976 1703 3030 in
1729 2975 1963 3029 domibus
1985 2973 2076 3027 de-

469 3073 655 3141 sertis,
694 3088 809 3144 quo:
849 3073 902 3126 in
953 3072 1180 3127 tumulos
1226 3080 1345 3127 sunt
1392 3072 1635 3127 redactw.
1671 3070 2071 3126 llabitationem

2187 465 2370 520 lumen
2399 464 2736 536 poenitentiae
2765 463 2954 518 venire
2985 463 3275 518 detrectat.

2258 560 2453 615 Ramos
2497 562 2608 633 ejus
2652 557 2899 629 arefaciet
2952 559 3186 628 ﬂamma.
3219 557 3276 612 in
3323 555 3516 624 ramis,
3558 569 3786 626 operum

2185 651 2455 706 malorum
2496 649 2705 705 fructus
2751 648 3148 719 intelligamus,
3193 649 3336 704 sicut
3366 647 3630 704 Salomon
3670 646 3786 702 ait:

2185 741 2413 796 Fructus
2447 742 2723 814 impiorum
2769 749 2998 808 peccata.
3024 739 3135 795 Hos
3179 755 3310 795 vero
3335 738 3487 796 velut
3516 737 3683 810 ligna,
3713 737 3791 795 fe-

2187 851 2340 902 num,
2369 836 2625 906 stipulam
2655 833 2920 906 gehennae
2945 833 3086 905 ignis
3107 833 3377 890 absumet.

2258 928 2324 984 Et
2361 931 2627 1001 auferetur
2647 930 2835 1000 spiritu
2864 929 2970 983 oris
2995 927 3073 982 sui
3105 927 3171 981 ab
3199 944 3278 982 eo.
3313 927 3452 995 Quia
3478 941 3612 998 ergo
3639 926 3789 984 furor

2184 1035 2376 1080 contra
2409 1024 2579 1078 Deum
2603 1022 2819 1078 animus
2839 1022 2957 1092 ejus
2986 1033 3096 1088 est,
3126 1036 3235 1092 quo
3260 1021 3425 1077 etiam
3457 1031 3513 1076 et
3536 1020 3790 1091 blasphe-

2185 1116 2322 1171 mias
2358 1116 2411 1170 in
2440 1130 2564 1171 eum
2593 1115 2800 1184 spirare
2825 1129 2932 1169 non
2963 1113 3197 1170 desinit:
3230 1113 3344 1169 oris
3372 1112 3480 1177 sui,
3510 1113 3607 1181 ait,
3635 1113 3782 1184 judi-

2185 1208 2271 1263 cio
2299 1206 2721 1263 condemnatur.
2750 1205 3065 1262 Secundum
3119 1205 3397 1278 antiquam
3429 1222 3562 1278 ergo
3591 1206 3790 1262 editio-

2185 1317 2310 1356 nem
2357 1300 2412 1356 in
2454 1300 2626 1370 stirpe
2673 1299 2788 1355 sive
2840 1299 3038 1355 fronde
3068 1341 3084 1367 ,
3135 1299 3402 1371 originem
3455 1300 3574 1355 vita:
3626 1299 3784 1372 impii

2189 1391 2484 1460 significari
2513 1392 2786 1459 existimo,
2828 1407 2986 1462 quam
3011 1391 3252 1462 Spiritus
3282 1393 3380 1449 Dei
3398 1394 3664 1449 sententia
3684 1393 3779 1463 ju-

2186 1484 2314 1541 dicii
2338 1527 2353 1552 ,
2385 1493 2446 1540 ut
2473 1485 2738 1541 incubans
2779 1492 2978 1540 ventus
3024 1486 3297 1554 percutit:
3331 1494 3391 1546 ut
3430 1484 3578 1541 velut
3615 1485 3780 1541 arbor

2182 1577 2454 1635 arefactus
2487 1579 2685 1648 impius
2726 1577 2874 1634 illico
2921 1579 3219 1648 moriatur,
3249 1587 3306 1635 et
3347 1580 3421 1635 ita
3474 1579 3657 1636 omnis
3679 1579 3786 1636 llos

2184 1671 2408 1728 honoris
2431 1672 2548 1742 ejus
2577 1679 2632 1726 ct
2659 1671 2849 1742 gloriae
2877 1670 3102 1727 deﬂuat.

2255 1764 2378 1819 Non
2423 1764 2623 1820 recedet
2660 1764 2856 1836 frustra
2901 1781 3077 1820 errore
3105 1765 3345 1838 deceptus
3371 1807 3386 1834 ,
3413 1765 3559 1838 quod
3603 1765 3786 1838 aliqua

2181 1857 2348 1929 pretio
2373 1857 2705 1912 redimendus
2731 1857 2820 1912 sit.
2852 1856 2964 1913 Hoc
3006 1857 3171 1929 igitur
3197 1859 3301 1923 ait,
3338 1868 3490 1928 putat
3531 1859 3786 1916 fortassis

2179 1949 2449 2018 diabolus,
2472 1960 2528 2006 et
2555 1949 2721 2006 homo
2751 1949 2952 2020 impius
2981 1950 3166 2007 cordis
3195 1951 3392 2007 duritia
3419 1952 3474 2008 in
3501 1951 3787 2023 impietate

2179 2042 2500 2113 persistens,
2531 2042 2676 2112 quod
2726 2043 2868 2098 Deus
2895 2042 2947 2098 ei
2973 2058 3070 2114 pro
3107 2043 3222 2099 suis
3245 2045 3456 2100 meritis
3479 2062 3589 2100 non
3624 2047 3786 2102 retrio

2179 2134 2310 2190 buat
2341 2154 2352 2188 :
2387 2135 2513 2190 dum
2558 2134 2703 2191 Dens
2743 2151 3078 2206 nequaquam
3110 2137 3162 2193 ei
3195 2139 3387 2208 parcit,
3417 2147 3474 2194 et
3515 2139 3565 2194 si
3594 2137 3785 2195 verbis

2180 2227 2286 2284 hoc
2314 2228 2629 2298 potentibus
2676 2237 2836 2299 atque
2870 2229 3188 2300 compositis
3218 2238 3276 2285 ut
3303 2230 3550 2288 obtineat
3579 2230 3782 2300 depre-

2178 2331 2365 2386 cetur,
2413 2335 2535 2376 eum
2583 2321 2696 2391 jam
2741 2320 3043 2377 secundum
3094 2321 3188 2377 Dei
3231 2321 3436 2393 justum
3476 2322 3784 2394 judicium,

2175 2413 2525 2482 sempiternis
2554 2411 2806 2468 addictus
2831 2414 2905 2467 sit
2934 2413 3293 2470 cruciatibus.

2249 2504 2536 2576 Antequam
2567 2503 2678 2558 dies
2710 2508 2823 2577 ejus
2852 2505 3435 2577 impleantur,.peribit.
3468 2506 3623 2565 Tunc
3663 2506 3784 2564 dies

2179 2598 2604 2669 uniuscujusque
2637 2599 2849 2670 impleri
2878 2599 3100 2668 dicitur,
3128 2615 3252 2658 cum
3285 2602 3552 2658 honorum
3593 2603 3778 2659 homi-

2179 2705 2307 2746 num
2334 2705 2397 2745 ac
2418 2692 2691 2746 malorum
2719 2692 3012 2748 retributio
3037 2694 3270 2751 venerit.
3300 2694 3401 2752 llic
3425 2711 3557 2768 ergo
3587 2696 3778 2765 homo,

2176 2783 2291 2840 sive
2315 2783 2586 2850 diabolus,
2615 2796 2744 2841 ante
2772 2786 3072 2858 perspicuae
3101 2790 3392 2845 sententia:
3416 2791 3584 2859 diem,
3611 2807 3777 2863 quam

2175 2875 2256 2932 eis
2282 2875 2542 2932 Dominus
2572 2878 2624 2932 in
2651 2877 2858 2948 judicio
2885 2878 3116 2935 daturus
3141 2891 3258 2938 est:
3288 2883 3534 2952 praeseiit
3556 2884 3610 2938 in
3638 2899 3784 2955 pra:-

2175 2967 2541 3026 destinatione
2572 2969 2682 3043 [Αι.
2712 2972 2994 3042 ρηεεεὶιυε
3017 2973 3218 3043 peribit
3243 2992 3254 3027 :
3281 2976 3423 3030 sicut
3443 2975 3519 3040 in,
3544 2985 3642 3030 etc.
3648 2975 3692 3049 j.

2247 3061 2316 3116 Et
2338 3079 2520 3117 manus
2547 3066 2660 3136 ejus
2682 3072 2934 3119 arescent.
2958 3063 3178 3120 Nullum
3223 3065 3411 3138 utique
3433 3067 3562 3123 boni
3587 3068 3781 3138 operis

471 3181 603 3236 ergo
628 3164 948 3234 bestiarum,
979 3175 1035 3222 et
1060 3166 1243 3222 avium
1281 3164 1938 3235 immundarnmlspiritus
1971 3161 2072 3216 im-
2097 3151 2143 3214 C
2177 3155 2410 3211 fructum
2440 3157 2492 3210 in
2524 3170 2584 3211 se
2613 3155 2842 3213 habens.

471 3257 706 3314 mundos
725 3258 888 3314 dicit:
918 3259 1008 3328 qui
1042 3259 1286 3313 habitant
1317 3259 1370 3313 in
1404 3257 1738 3324 hominibus,
1765 3271 1898 3327 quos
1926 3254 2073 3310 Deus

472 3349 734 3406 deseruit.
769 3351 867 3406 Hic
893 3352 1039 3406 enim
1072 3350 1283 3406 habitat
1311 3350 1368 3405 in
1399 3350 1712 3405 hominibus
1738 3347 2014 3404 derelictis
2041 3361 2073 3401 a

472 3446 583 3500 Deo
612 3463 626 3500 :
658 3455 713 3500 et
745 3445 816 3500 ob
847 3445 949 3500 hoc
987 3446 1239 3514 sepulcra
1267 3443 1393 3498 facti
1435 3452 1563 3498 sunt
1609 3451 1975 3498 mortuorum.
2009 3440 2076 3496 Et

470 3538 519 3594 si
541 3548 762 3608 peccata
803 3536 859 3591 in
898 3535 1193 3606 Scripturis
1222 3535 1422 3589 mortui
1465 3533 1758 3605 aliquando
1799 3533 2072 3599 dicuntur,

466 3631 787 3687 necessario
813 3642 1163 3700 peceatores,
1198 3637 1255 3683 et
1282 3627 1431 3696 impii
1462 3629 1650 3683 tumuli
1679 3636 1807 3681 sunt
1837 3637 2078 3682 mortuo-

470 3741 615 3781 rum.
633 3725 807 3796 lgitur
825 3726 877 3778 in
899 3722 1234 3788 civitatibus,
1256 3731 1432 3787 potest
1453 3721 1709 3792 generale
1731 3735 1928 3776 nomen
1952 3734 2076 3775 esse

474 3817 716 3872 ninnium
751 3823 1097 3884 peccatorum
1119 3814 1174 3869 in
1196 3812 1448 3868 domibus
1468 3827 1602 3868 vero
1620 3811 1862 3883 speciale
1885 3809 2073 3866 unius-

477 3908 741 3978 cujusque
773 3906 1099 3975 peccaturis,
1129 3916 1188 3961 et
1218 3904 1394 3973 impii.

552 3999 678 4054 Non
707 3998 972 4068 dilabitur,
1003 4014 1094 4052 nec
1117 3996 1455 4066 perseverabit
1475 3996 1766 4052 substantia
1787 3993 2078 4067 ejus.Sub-

479 4092 680 4151 stantia
711 4091 800 4146 hie
828 4106 934 4147 non
967 4107 1149 4146 rerum
1178 4090 1388 4147 divitia:
1409 4091 1776 4162 intelligenda:
1800 4099 1948 4158 sunt,
1980 4089 2076 4145 sed

480 4193 742 4257 peccata:
790 4182 858 4238 de
892 4182 1089 4248 quibus
1121 4183 1200 4237 ait
1229 4192 1450 4237 sanctus
1492 4181 1728 4252 Spiritus
1769 4181 1825 4236 in
1865 4182 2078 4248 Apoca-

477 4277 616 4350 lypsi
644 4275 888 4332 Joannis.
917 4274 1142 4340 Cecidit,
1181 4274 1365 4330 cecidit
1393 4272 1634 4345 Babylon
1663 4272 1840 4329 civitas
1865 4291 2075 4347 magna,

479 4380 526 4426 et
545 4375 689 4441 facta
713 4377 786 4424 est
806 4367 1160 4424 habitaculum
1171 4368 1568 4437 daemoniorum,
1592 4378 1639 4422 et
1658 4367 1895 4423 custodia
1913 4371 2078 4425 omnis

481 4464 695 4535 spiritus
742 4460 1017 4516 immundi.
1058 4461 1212 4530 Quod
1263 4475 1445 4518 autem
1472 4462 1587 4528 ait,
1630 4476 1737 4516 non
1782 4461 2072 4518 ditabitur:

2246 3249 2488 3304 Lazdetur
2517 3251 2668 3321 quasi
2696 3252 2846 3306 vinea
2871 3253 2922 3306 in
2955 3253 3124 3324 primo
3172 3256 3302 3326 ﬂore
3347 3256 3525 3309 botrus
3550 3256 3698 3322 ejus,
3729 3265 3782 3310 et

2176 3345 2329 3415 quasi
2359 3345 2495 3399 oliva
2524 3345 2805 3418 projieiens
2829 3349 3011 3417 ﬂorent
3041 3364 3216 3404 suum.
3240 3347 3297 3403 In
3327 3349 3484 3404 botro
3515 3348 3646 3404 nulli
3674 3348 3782 3404 du-

2177 3435 2325 3490 bium
2351 3477 2367 3502 ,
2426 3436 2570 3506 quod
2625 3435 2836 3494 fruetus
2862 3441 3045 3509 operis
3090 3440 3420 3512 intelligatur
3460 3441 3777 3511 praedictus.

2177 3525 2345 3598 Igitur
2395 3528 2586 3585 ﬂorem
2634 3529 2818 3600 gaudii
2871 3533 3186 3603 temporalis
3216 3573 3231 3597 ,
3287 3533 3355 3588 ad
3407 3535 3780 3590 maturitatem

2178 3621 2388 3676 fructus
2429 3624 2675 3692 perpetui
2707 3625 3013 3695 perducere
3044 3641 3150 3682 non
3183 3626 3421 3696 valebit,
3457 3643 3526 3700 eo
3555 3629 3699 3700 quod
3723 3630 3782 3685 in

2177 3725 2277 3782 spe
2304 3713 2424 3784 ipsa
2451 3717 2730 3772 mendacis
2749 3717 2958 3788 gloriae,
2990 3719 3167 3776 calido
3194 3727 3357 3777 vento
3385 3699 3656 3790 superbia:
3677 3721 3784 3776 dis-

2178 3805 2468 3875 sipabitur.
2504 3809 2631 3866 Sive
2662 3810 2870 3882 frigore
2896 3814 3180 3868 charitatis
3210 3814 3325 3884 Dei,
3352 3814 3502 3870 velut
3527 3831 3557 3872 a
3587 3816 3782 3886 pruina

2178 3899 2437 3970 ltndetur,
2467 3901 2608 3958 sicut
2635 3903 2830 3960 eodem
2873 3920 3039 3962 sensu
3071 3907 3123 3961 in
3153 3906 3508 3978 sequentibus
3537 3909 3782 3964 arbitror

2178 3991 2407 4048 dictum.
2427 3992 2495 4049 Et
2521 3995 2674 4063 quasi
2705 3996 2849 4052 oliva
2884 3999 3184 4067 projieiens
3205 3997 3396 4054 ﬂorem
3425 4015 3604 4054 suum.
3622 3999 3779 4056 Oliva

2179 4085 2326 4141 enim
2351 4089 2404 4140 in
2429 4085 2733 4156 Scripturis
2756 4087 2983 4157 divinis,
3005 4099 3062 4146 et
3088 4091 3274 4157 vinea,
3302 4091 3595 4162 aliquando
3613 4092 3778 4149 homo

2180 4182 2391 4233 tantum
2423 4177 2796 4248 signiﬁcatur:
2828 4181 3120 4252 aliquando
3150 4183 3388 4254 populus
3440 4201 3538 4242 seu
3575 4184 3772 4254 bonus,

2180 4283 2276 4326 seu
2305 4270 2501 4326 malus.
2524 4270 2680 4340 Quod
2702 4284 2889 4331 autem
2919 4275 3094 4346 dixit,
3124 4278 3452 4349 vastabitur,
3482 4282 3599 4337 sive
3625 4296 3782 4338 ever-

2181 4367 2349 4430 tetur,
2381 4361 2452 4416 ita
2488 4361 2938 4437 intelligendum,
2972 4368 3114 4424 sicut
3157 4369 3212 4425 in
3253 4368 3581 4444 Apocalypsi
3613 4371 3783 4430 habe-

2182 4463 2303 4509 tur:
2338 4453 2442 4522 Qui
2468 4457 2646 4527 fecerit
2685 4458 2933 4513 mandata
2961 4458 3200 4533 pomini,
3226 4478 3330 4517 non
3366 4462 3587 4518 (sedetur
3613 4475 3779 4520 morte

484 4553 590 4609 hoc
633 4553 836 4608 dixisse
867 4551 1002 4607 mihi
1038 4551 1275 4618 videtur,
1312 4567 1419 4608 non
1465 4551 1681 4624 longum
1716 4561 1927 4624 tempus
1949 4552 2074 4620 erit,
2103 4547 2158 4609 D
2183 4549 2432 4603 secunda.
2465 4547 2639 4606 Vinea
2667 4565 2835 4622 ergo,
2866 4560 2923 4609 et
2948 4553 3113 4621 oliva,
3148 4555 3305 4625 plebs
3334 4556 3649 4613 Judaeorum
3681 4572 3780 4629 po-

484 4661 593 4718 quo
642 4646 749 4701 vita
795 4645 914 4716 ejus
969 4645 1022 4700 in
1074 4644 1280 4701 divitiis
1330 4645 1629 4702 facinorum
1685 4647 2072 4716 decrassetur,

482 4763 606 4804 cum
631 4751 793 4806 etiam
825 4747 1053 4805 collecta
1078 4749 1337 4805 vitiorum
1361 4749 1481 4822 ejus
1510 4751 1808 4809 substantia
1840 4769 1946 4809 non
1975 4755 2080 4811 erit

481 4867 860 4924 permansura.

556 4957 669 5013 Nec
713 4959 879 5012 mittet
921 4957 975 5010 in
1007 4966 1196 5011 terram
1240 4956 1468 5012 radicem
1497 4973 1662 5013 suam.
1712 4957 1769 5016 Id
1815 4969 1919 5025 est,
1951 4961 2076 5033 quia

482 5069 760 5133 tamquam
789 5061 954 5116 arbor
977 5061 1166 5116 evulsa
1195 5061 1268 5115 sit
1310 5063 1611 5118 moriturus
1636 5081 1650 5116 :
1691 5063 1813 5119 ideo
1844 5063 1900 5119 in
1932 5072 2077 5120 terra

480 5163 777 5220 viventium
802 5161 1150 5216 stabilitatem
1187 5170 1447 5216 aeternam
1484 5163 1601 5217 sive
1641 5177 1831 5218 eorum
1853 5179 2081 5222 consor-

480 5265 616 5318 tium
647 5278 754 5318 non
783 5259 1006 5316 habebit
1032 5281 1045 5315 :
1074 5274 1142 5315 eo
1162 5258 1302 5329 quod
1344 5259 1431 5314 hic
1457 5260 1608 5330 prius
1631 5276 1788 5333 spem
1812 5263 1897 5319 vel
1932 5263 2080 5320 radi-

481 5380 600 5421 eetn
628 5363 752 5420 ﬁdei
771 5377 877 5419 non
910 5361 1174 5434 praemisit
1199 5378 1213 5416 :
1242 5377 1428 5416 auram
1455 5363 1618 5419 etiam
1647 5366 1865 5435 salutis,
1894 5377 1951 5423 ut
1976 5368 2078 5425 sub

483 5461 678 5518 umbra
707 5461 850 5515 vivat
875 5459 1166 5529 refrigerii,
1191 5473 1303 5514 non
1327 5458 1570 5518 habebit.

559 5561 681 5616 Non
700 5560 900 5616 recedet
928 5560 991 5613 de
1022 5557 1259 5613 tenebris.
1283 5557 1391 5613 Alii
1415 5558 1689 5632 dixerunt,
1717 5561 1843 5618 Non
1869 5563 2076 5637 eﬂ’ugiet

480 5663 711 5718 tenebras
735 5677 756 5717 :
795 5661 850 5718 id
879 5669 985 5728 est,
1013 5674 1205 5731 poenas
1242 5668 1474 5716 aeternas
1503 5661 1707 5731 subiit,
1736 5675 1792 5721 et
1818 5666 2077 5724 tenebras

477 5768 587 5811 non
617 5754 831 5812 evadat.
862 5752 982 5812 Non
1007 5752 1223 5810 recedet
1252 5761 1431 5810 autem
1462 5753 1531 5812 de
1559 5755 1836 5816 tenebris:
1869 5760 2074 5821 intelli-

2183 4651 2289 4699 test
2318 4643 2573 4716 intelligi.
2611 4645 2737 4703 llaec
2775 4646 2940 4718 igitur
2968 4647 3124 4706 vinea
3160 4650 3353 4721 perdet
3378 4693 3394 4715 .
3423 4651 3535 4708 sive
3564 4651 3781 4708 amittet

2180 4734 2416 4791 fructum
2452 4737 2762 4793 sanctitatis
2787 4748 2950 4812 atque
2971 4739 3222 4811 iustitiae,
3250 4742 3341 4813 qui
3361 4741 3636 4799 Christum
3667 4743 3781 4814 pri-

2183 4847 2332 4887 mum
2361 4831 2651 4902 ﬁorem,et
2669 4835 2936 4906 optimum
2962 4846 3276 4892 sanctorum
3298 4839 3540 4894 omnium
3566 4837 3621 4892 in
3645 4853 3778 4911 agro

2182 4925 2320 4995 legis
2352 4925 2556 4981 habere
2584 4927 2779 4983 noluit.
2803 4927 2924 5000 Ipse
2952 4929 3096 4985 enim
3114 4930 3278 4986 dicit:
3315 4931 3428 5004 Ego
3451 4935 3551 5004 ﬂos
3579 4934 3771 5006 campi.

2181 5015 2295 5073 Sed
2327 5026 2383 5071 ut
2415 5016 2653 5073 infidelis
2674 5027 2841 5092 atque
2870 5021 3149 5077 incredula
3169 5063 3186 5090 ,
3213 5024 3378 5078 neilli
3413 5024 3545 5080 lldes
3563 5023 3772 5082 Christi

2182 5110 2462 5181 ﬂagraret,
2493 5112 2725 5182 projeeit
2755 5130 2876 5170 eum
2900 5129 2929 5168 a
2957 5115 3282 5186 semetipsa:
3316 5125 3373 5172 et
3397 5116 3523 5172 dum
3556 5116 3775 5188 projicit

2183 5213 2342 5260 extra
2371 5206 2607 5275 vineam,
2631 5214 2688 5261 et
2748 5221 2780 5262 a
2807 5221 2867 5263 se
2895 5209 3106 5264 excutit
3130 5207 3278 5265 velut
3308 5207 3497 5266 ﬂorem
3525 5249 3541 5275 ,
3574 5208 3690 5280 ipsa
3741 5224 3772 5264 a

2184 5299 2615 5368 patriarcharum
2659 5299 2844 5358 radice
2897 5302 3086 5359 evulsa
3113 5311 3219 5371 est,
3259 5313 3315 5360 et
3343 5302 3562 5360 Christo
3591 5302 3772 5360 fructu

2183 5403 2390 5449 nostrae
2415 5393 2608 5450 salutis
2629 5409 2879 5452 excussa.

2254 5483 2596 5559 Congregatio
2621 5489 2754 5544 enim
2796 5491 3082 5562 hypocriten
3113 5491 3328 5549 sterilis.
3357 5491 3652 5566 Raptorem
3674 5539 3688 5565 ,
3719 5501 3778 5552 et

2185 5577 2482 5637 violentum
2505 5583 2877 5640 simulatorem
2907 5595 3152 5641 sanetum
3179 5583 3284 5641 Job
3308 5584 3394 5641 his
3422 5586 3772 5644 sermonibus

2183 5670 2408 5729 denotat
2434 5719 2448 5744 ,
2492 5683 2548 5730 et
2574 5675 2708 5733 dicit
2733 5677 2902 5748 quod,
2934 5677 3060 5734 etei
3108 5693 3217 5735 non
3245 5679 3545 5750 proderunt
3570 5679 3775 5737 divitia:

2182 5778 2254 5823 ex
2279 5764 2566 5837 iniquitate
2588 5769 2869 5829 collectae:
2895 5771 2968 5829 ita
2987 5771 3132 5829 enim
3156 5771 3448 5830 adversum
3479 5771 3604 5844 Job,
3633 5781 3688 5830 et
3717 5774 3770 5832 iu
