4032 6300
305 319 419 378 657

1240 314 1717 374 COMMENTARII
1755 318 1823 374 IN
1865 313 2128 376 LIBRUM
2165 316 2303 374 JOB.
2348 315 2502 373 CAP.
2544 317 2685 374 XVI.

3504 323 3608 378 638

305 437 493 511 primo
514 447 770 492 sermone
790 432 1006 490 locutus
1023 440 1126 502 est,
1148 432 1240 488 ubi
1262 432 1431 488 etiam
1456 433 1600 488 leoni
1623 440 1678 488 et
1701 431 1909 501 leaenas,
1937 433 1993 494 Α
2087 431 2158 486 Et
2203 432 2486 487 suscitatur
2533 433 2848 504 falsiloquus
2892 434 3137 488 adversus
3177 434 3365 503 [aciem
3414 449 3609 503 meam,

304 533 646 604 leonumque
671 529 856 586 catulo
885 539 940 586 et
968 530 1094 598 tigri
1125 528 1486 600 comparavit.
1513 529 1622 587 Sed
1654 530 1767 586 Deo
1793 546 1912 585 ma-

303 626 390 697 gis
415 623 754 681 credendum
799 632 917 686 est,
950 622 1041 690 qui
1069 636 1197 679 eum
1231 621 1456 678 laudans
1485 635 1592 677 non
1627 622 1910 677 simulato-

302 732 424 774 rem
473 715 724 772 effectum
769 714 948 780 dixit,
993 713 1089 769 sed
1136 712 1479 770 innocentem
1510 722 1564 769 et
1603 712 1907 784 simplicem

307 809 654 882 priedicavit.
681 805 836 874 Quod
868 817 1048 861 autem
1075 804 1147 860 ait
1182 805 1431 877 Elipliaz.

383 901 450 956 Et
478 901 612 971 ignis
638 898 904 954 devorabit
940 898 1271 954 tabernacula
1306 915 1514 967 eorum,
1560 900 1648 969 qui
1691 914 1906 952 munera

312 995 532 1050 libenter
557 992 840 1065 accipiunt.
863 991 920 1046 ln
945 1004 1192 1047 sanctum
1218 992 1321 1048 Job
1351 992 1548 1048 cadere
1575 1007 1684 1047 non
1705 1001 1903 1060 potest.

305 1088 449 1156 Quia
490 1087 606 1156 ipse
627 1127 642 1153 ,
673 1095 731 1141 ut
754 1085 870 1156 jam
898 1084 1034 1151 dixi,
1067 1085 1365 1140 secundum
1394 1085 1491 1139 Dei
1534 1085 1905 1140 testimonium

305 1180 379 1237 de
409 1181 590 1250 seipse
619 1180 693 1234 ita
725 1179 940 1235 locutus
974 1189 1096 1234 est:
1127 1186 1184 1234 et
1211 1179 1254 1234 si
1285 1179 1338 1233 in
1370 1178 1619 1234 manibus
1647 1179 1782 1234 meis
1813 1177 1908 1234 ad-

302 1275 467 1331 hmsit
494 1273 729 1340 macula,
761 1287 887 1329 cum
910 1272 979 1328 de
1009 1271 1326 1328 muneribus
1353 1271 1690 1343 loqueretur.
1721 1270 1904 1341 ignem

300 1380 442 1424 vero
469 1363 840 1431 nominando,
879 1363 1184 1435 gehennam
1225 1371 1354 1434 puto
1383 1362 1748 1434 signiﬁcavit,
1781 1361 1904 1433 quia

305 1459 686 1525 tabernacula,
720 1457 773 1513 id
807 1465 922 1525 est,
953 1471 1182 1527 corpora
1213 1456 1523 1527 iniquorum
1554 1463 1682 1510 sunt
1709 1469 1907 1510 consu-

295 1553 522 1611 menda.
557 1551 636 1606 De
675 1549 780 1605 hoc
833 1551 960 1621 igne
987 1557 1043 1606 et
1084 1547 1298 1620 Sophar
1341 1548 1396 1603 in
1443 1545 1903 1618 consequentibus

296 1646 376 1702 ait
402 1664 416 1702 :
448 1643 743 1701 Devorabit
787 1657 911 1699 eum
938 1682 955 1710 ,
986 1641 1043 1697 id
1071 1651 1188 1708 est,
1233 1641 1457 1713 impium
1486 1641 1626 1713 ignis
1656 1641 1749 1712 qui
1790 1656 1900 1696 non

306 1737 682 1796 succenditur.

2014 526 2378 580 contradicens
2407 525 2557 579 mihi.
2592 524 2816 596 Collegit
2847 527 3079 597 furorem
3107 544 3259 581 suum
3295 527 3349 581 in
3381 543 3482 583 me.
3516 527 3618 585 Hic

2013 627 2106 674 aut
2129 620 2302 690 ipsum
2332 617 2560 689 Eliphaz
2586 617 2939 689 falsiloquom
2963 618 3128 686 dicit,
3161 618 3286 689 quia
3318 619 3618 689 exprobrat

2012 721 2207 767 sancto
2227 711 2354 779 Job,
2387 712 2532 782 quod
2578 711 2694 767 haec
2722 712 2793 767 ob
2825 721 3175 781 peccatorum
3217 713 3410 768 merita
3445 715 3617 769 susti-

2014 815 2192 873 neret,
2231 815 2326 861 aut
2366 805 2672 870 diabolum,
2702 806 2792 877 qui
2823 821 2947 861 eum
2979 806 3199 862 dixerat
3246 817 3610 877 peccatorem.

2013 901 2223 966 Aliter,
2269 899 2628 967 falsiloquus,
2671 899 2844 954 Judas
2888 901 2969 955 vel
3013 900 3247 971 populus
3293 899 3611 956 Judworum

2013 991 2352 1062 intelligendi
2387 1000 2537 1057 sunt,
2566 991 2660 1062 qui
2684 1002 2878 1047 contra
2909 991 3194 1048 Christum
3222 991 3420 1048 falsum
3446 993 3615 1048 dede;

2011 1095 2138 1143 runt
2169 1085 2565 1141 testimonium.

2086 1178 2153 1232 Et
2195 1180 2515 1234 comminans
2556 1179 2685 1233 mihi
2725 1180 2995 1250 infremuit
3027 1192 3208 1236 contra
3252 1199 3333 1236 me
3361 1182 3604 1237 dentibus

2009 1272 2138 1326 suis.
2169 1269 2282 1326 Ore
2322 1270 2626 1325 amicorum
2656 1281 2850 1326 contra
2882 1283 3130 1328 sanetum
3173 1272 3277 1330 .lob
3322 1273 3609 1344 disputan-

2011 1363 2168 1430 tium,
2201 1361 2459 1418 diabolus
2486 1362 2797 1417 minabatur
2829 1363 2978 1420 :sive
3000 1363 3171 1420 Judaei
3203 1363 3610 1421 infremuerunt

2010 1465 2207 1512 contra
2251 1457 2618 1512 Salvatorem.
2659 1455 2779 1512 Alia
2813 1457 2985 1513 editio
3015 1477 3029 1514 :
3062 1457 3289 1530 Sagitta
3317 1462 3608 1532 piratarum

2008 1566 2162 1622 super
2188 1565 2270 1604 me
2291 1550 2611 1604 ceciderunt.
2637 1549 2834 1605 Pirat:e
2861 1550 2952 1606 isti
2971 1549 3174 1605 diaboli
3197 1561 3323 1607 sunt
3340 1552 3604 1618 ministri,

2008 1643 2126 1698 sive
2173 1641 2447 1711 homines,
2499 1643 2614 1698 sive
2636 1641 2916 1698 daemones
2947 1659 2962 1698 :
2993 1644 3085 1713 qui
3127 1650 3261 1698 tunc
3307 1644 3498 1716 piratae
3555 1646 3610 1702 in

2007 1732 2308 1804 Scripturis
2346 1742 2643 1804 vocantur,
2689 1734 2907 1805 quando
2959 1735 3224 1791 saeculum
3273 1735 3416 1792 istud
3457 1753 3607 1794 mare

374 1829 624 1902 Concepit
651 1828 882 1884 dolorem
907 1869 923 1896 ,
959 1838 1009 1883 et
1035 1828 1229 1901 peperit
1257 1828 1579 1899 iniquitatem
1601 1868 1614 1891 ,
1648 1838 1694 1882 et
1726 1837 1902 1883 uterus
1935 1828 1979 1888 Β
2007 1826 2344 1895 appellatur.
2375 1825 2595 1897 Sagittae
2619 1843 2751 1882 vero
2779 1828 3003 1884 dolores
3024 1829 3110 1885 vel
3139 1831 3420 1886 cruciatus
3447 1831 3611 1888 intel-

303 1927 418 1999 ejus
445 1932 709 1998 prtrparat
747 1922 918 1980 dolos.
967 1923 1137 1979 David
1174 1938 1389 1994 quoque
1437 1923 1780 1991 posmiodum
1825 1923 1894 1979 de

294 2015 612 2086 huiusmodi
644 2016 715 2070 ita
741 2014 917 2070 dixit:
956 2015 1092 2069 Ecce
1118 2015 1363 2088 parturiit
1391 2014 1705 2086 injustitiam
1723 2054 1738 2078 ,
1771 2017 1894 2068 con-

294 2111 432 2182 cepit
478 2107 712 2163 dolorem
739 2149 754 2174 ,
809 2108 1004 2181 peperit
1048 2108 1392 2179 iniquitatem.
1440 2106 1606 2162 Dolor
1646 2122 1777 2176 ergo
1809 2113 1895 2162 est

290 2201 587 2271 injustitia,
610 2208 667 2255 et
690 2200 970 2270 iniquitas.
994 2198 1109 2255 lloc
1139 2215 1271 2270 ergo
1292 2199 1491 2268 impius
1515 2199 1728 2269 peperit
1747 2197 1892 2269 quod

289 2302 642 2364 conceperat,
675 2302 729 2348 et
755 2299 938 2347 tamen
985 2301 1176 2347 uterus
1203 2291 1384 2347 cordis
1411 2292 1532 2362 ejus
1563 2291 1724 2346 dolos
1757 2306 1894 2361 prse-

287 2399 489 2459 parare
520 2399 629 2440 non
659 2384 883 2440 desinit.
913 2383 1064 2452 Quos
1092 2393 1222 2439 tunc
1243 2384 1375 2448 edit,
1399 2383 1616 2454 quando
1639 2399 1804 2454 opera
1839 2385 1891 2438 in

289 2480 498 2533 factum
531 2477 854 2548 procedunt.
891 2476 948 2533 lo
987 2487 1260 2548 conceptu
1306 2479 1490 2545 itaque
1532 2477 1713 2549 iniqua
1743 2479 1892 2549 cogi-

297 2572 434 2627 tatio
465 2569 805 2640 intelligitur,
831 2569 972 2626 sicut
1022 2571 1077 2625 in
1121 2578 1276 2641 partu
1304 2570 1528 2627 eﬁ‘ectus
1560 2571 1715 2626 malze
1740 2572 1889 2643 cogi-

287 2666 518 2721 tationis
568 2665 906 2736 agnoscitur.
949 2665 1256 2721 Adversum
1311 2664 1415 2720 Job
1467 2669 1582 2721 haec
1634 2667 1887 2721 universa

284 2760 515 2830 Eliphaz
540 2761 756 2818 locutus
781 2770 895 2820 est:
927 2759 1023 2816 sed
1042 2760 1154 2830 jam
1179 2761 1433 2831 superius
1459 2760 1724 2829 diximus,
1744 2761 1888 2831 quod

282 2855 796 2912 subministratione
818 2854 1125 2926 prophetia:
1167 2870 1261 2927 per
1292 2869 1583 2926 personam
1617 2855 1741 2919 Job,
1774 2854 1890 2909 dia-

282 2950 413 3007 bolo
478 2948 564 3004 vel
629 2948 857 3005 cuilihet
906 2947 1112 3006 homini
1182 2948 1352 3019 impio
1420 2947 1560 3002 dicta
1636 2945 1750 3001 ilch
1804 2947 1886 3001 vi-

282 3042 404 3099 deri
450 3050 712 3114 possunt,
755 3041 900 3098 sicut
948 3048 1005 3098 et
1050 3039 1156 3096 alia
1198 3055 1321 3110 quae
1365 3038 1530 3094 amici
1565 3037 1684 3108 ejus
1721 3037 1884 3093 locuti

865 3202 1102 3263 CAPUT
1141 3201 1286 3260 XVI.

355 3322 692 3394 Respondeas
721 3327 898 3374 autem
930 3317 1032 3372 Job
1056 3363 1071 3388 ,
1111 3317 1246 3371 dixit
1292 3332 1312 3372 :
1358 3315 1548 3370 Audivi
1585 3319 1886 3388 frequenter

282 3415 421 3470 talia
457 3412 818 3468 Consolatores
857 3411 1063 3466 onerosi
1095 3426 1270 3464 omnes
1314 3425 1402 3464 vos
1433 3409 1576 3462 estis.
1613 3407 1885 3478 Numquid

277 3509 542 3564 habebunt
585 3508 742 3578 ﬁnem
780 3505 934 3560 verba
963 3514 1195 3571 ventosa,
1227 3511 1315 3555 aut
1347 3500 1549 3571 aliquid
1576 3499 1667 3554 tibi
1697 3500 1886 3554 moles-

281 3611 389 3658 tum
412 3609 490 3656 est
518 3600 564 3654 si
587 3597 822 3670 loquaris
836 3595 1121 3653 ?Poteram
1143 3605 1191 3650 et
1213 3611 1306 3668 ego
1322 3594 1518 3649 similia
1543 3593 1697 3647 vestri
1718 3591 1880 3663 loqui.

279 3697 451 3764 Atque
489 3693 690 3748 utinam
719 3699 848 3748 esset
885 3691 1065 3745 anima
1091 3699 1258 3744 vestra
1289 3705 1384 3757 pro
1424 3689 1601 3742 anima
1647 3685 1800 3740 mea!
1823 3684 1881 3740 Si

279 3804 382 3846 vos
402 3831 418 3855 ,
449 3788 659 3858 inquit,
685 3785 806 3841 haec
831 3799 952 3855 quae
976 3782 1225 3839 sustineo
1253 3779 1576 3850 pateremini
1612 3797 1623 3833 :
1655 3793 1765 3834 non
1805 3777 1880 3832 ita

280 3884 435 3938 circa
477 3893 578 3934 vos
607 3892 854 3949 agerem,
905 3883 966 3932 ut
985 3890 1082 3932 vos
1111 3889 1238 3945 erga
1278 3888 1366 3928 me
1418 3887 1580 3943 agere
1617 3887 1726 3925 non
1759 3884 1881 3926 ces-

279 3975 442 4032 satis.

353 4065 669 4123 Consolarer
696 4074 744 4120 et
773 4080 867 4136 ego
894 4080 981 4118 vos
1008 4062 1349 4128 sermonibus,
1379 4069 1426 4114 et
1450 4075 1700 4115 moverem
1724 4067 1879 4126 caput

281 4175 450 4215 meum
481 4173 633 4229 super
651 4173 761 4211 vos.
797 4155 1118 4211 Roborarem
1145 4170 1232 4208 υοε
1253 4169 1340 4207 ore
1379 4168 1518 4216 ηιεο,
1552 4163 1599 4206 et
1626 4167 1879 4205 moverem

281 4252 426 4306 labia
464 4268 598 4318 mea,
645 4250 798 4322 quasi
833 4265 1050 4321 parcens
1086 4247 1251 4301 vobis.
1280 4245 1658 4301 Blandimento
1690 4246 1878 4315 utique

281 4358 598 4400 sermonum
629 4358 875 4397 meorum
915 4355 1013 4395 vos
1045 4339 1224 4408 potius
1254 4339 1583 4394 cohortarer
1617 4355 1630 4392 :
1665 4345 1877 4392 mentes

281 4438 446 4494 etiam
489 4445 701 4491 vestras
738 4432 1190 4489 tribulationibus
1230 4429 1444 4485 acerbis
1483 4438 1873 4498 exasperatas,

282 4545 353 4586 ne
394 4530 448 4583 in
493 4529 702 4596 lapsum
755 4525 1118 4598 blasphemiae
1143 4523 1437 4589 caderent,
1473 4522 1578 4577 levi
1619 4535 1876 4576 sermone

284 4633 342 4679 et
371 4621 587 4694 placido
616 4621 974 4676 sustinerem.

356 4713 464 4770 Sed
487 4713 610 4785 quid
627 4715 825 4785 agam?
851 4711 914 4768 Si
935 4712 1136 4766 locutus
1157 4715 1329 4783 fuero,
1356 4725 1460 4764 non
1478 4708 1704 4780 quiescet
1727 4707 1877 4760 dolor

281 4822 459 4872 meus,
508 4806 624 4860 etsi
665 4815 895 4873 tacuero,
942 4819 1047 4858 non
1095 4803 1294 4858 recedet
1338 4819 1370 4855 a
1406 4817 1504 4854 me.
1537 4799 1594 4854 Id
1622 4807 1738 4867 est,
1763 4799 1879 4854 sive

282 4901 472 4970 loquar
517 4899 622 4953 ista
666 4912 811 4953 nunc
853 4896 1048 4961 vobis,
1093 4896 1212 4951 sive
1254 4895 1420 4950 etiam
1470 4903 1676 4949 taceam
1719 4910 1732 4947 :
1777 4892 1880 4946 hoc

279 4992 461 5046 solum
503 5005 592 5045 me
620 5003 786 5046 nosse
815 4988 1120 5053 conﬁteor,
1147 4986 1293 5059 quod
1333 4985 1642 5042 incessabili
1688 4982 1878 5039 dolore

279 5081 612 5139 discrucior.

355 5176 518 5232 Nunc
539 5186 716 5231 autem
736 5176 990 5248 oppressit
1011 5191 1092 5229 me
1112 5174 1268 5230 dolor
1286 5190 1450 5238 meus,
1483 5182 1532 5226 et
1576 5174 1629 5227 in
1659 5171 1880 5227 nihilum

278 5270 475 5325 redacti
502 5278 622 5324 sunt
661 5286 840 5325 omnes
881 5278 1029 5324 artus
1069 5269 1184 5323 mei.
1216 5268 1331 5325 Hoc
1353 5266 1520 5325 etiam
1553 5267 1622 5323 de
1657 5265 1880 5323 Christo

281 5362 700 5433 intelligendum
731 5372 838 5420 est.

354 5457 522 5528 Ruga
557 5472 685 5512 mete
729 5458 1078 5512 testimonium
1125 5457 1304 5512 dicunt
1350 5465 1530 5511 contra
1581 5471 1681 5510 me.
1726 5453 1876 5509 Con-

285 5550 488 5606 tractio
509 5550 647 5605 cutis
679 5565 866 5622 quam,
901 5551 1218 5607 exsiccante
1247 5550 1439 5607 eadem
1469 5548 1644 5614 sanie,
1680 5548 1878 5617 patior,

282 5639 692 5712 quodammodo
730 5642 1182 5698 manifestatione
1225 5643 1307 5697 sui
1345 5643 1438 5697 dat
1473 5641 1765 5696 adversum
1796 5654 1882 5696 me

284 5730 686 5801 testimonium,
718 5743 770 5789 et
793 5736 950 5805 quasi
976 5733 1242 5806 loquitur,
1262 5743 1498 5807 quantos
1519 5733 1739 5790 dolores
1763 5731 1883 5789 sive

279 5821 570 5884 Cruciatus
589 5826 914 5881 sustineam.

1999 1921 2233 1994 ligendi,
2267 1935 2404 1989 quos
2433 1921 2762 1990 patiebatur,
2792 1931 2854 1976 ut
2877 1921 2946 1976 ab
2973 1923 3053 1976 eis
3087 1922 3428 1978 transfossus
3460 1924 3609 1980 blas-

1999 2013 2213 2083 phemia
2237 2021 2564 2068 moreretur.
2585 2013 2652 2067 Et
2675 2014 2751 2068 ita
2763 2013 2980 2068 demum
2998 2029 3189 2070 aurum
3212 2025 3376 2086 atque
3397 2033 3605 2086 argen-

1997 2112 2109 2159 tum
2135 2104 2420 2174 sapientize
2452 2104 2598 2174 ejus,
2624 2113 2680 2159 et
2704 2104 2976 2170 scientiae,
3007 2116 3188 2161 vestes
3215 2121 3435 2178 quoque
3473 2123 3603 2179 prc-

1998 2199 2168 2254 tiosas
2206 2197 2497 2264 virtutum,
2528 2197 2646 2268 spei
2674 2207 2838 2267 atque
2880 2197 3005 2252 ﬁdei
3037 2197 3092 2252 in
3127 2199 3322 2264 Deum,
3351 2199 3603 2256 auferent

1995 2295 2065 2350 ab
2089 2307 2181 2358 eo,
2213 2301 2270 2348 et
2289 2291 2486 2363 grandi
2519 2291 2698 2361 pretio
2721 2300 3040 2361 comparata
3073 2293 3320 2348 monilia.

2071 2387 2254 2442 Hostis
2284 2402 2431 2440 meus
2459 2384 2779 2440 terribilibus
2820 2385 2986 2438 oculis
3021 2401 3101 2437 me
3148 2386 3370 2440 intuitus
3410 2395 3506 2440 est.
3540 2387 3598 2441 In

1993 2483 2172 2539 oculis
2223 2478 2572 2537 terribilibus
2602 2478 2843 2532 animum
2877 2478 3179 2532 sauciantis
3208 2479 3260 2532 in
3293 2493 3355 2534 se
3396 2477 3606 2534 descri-

1994 2574 2390 2633 bitinvisibilis
2426 2573 2658 2641 inimici,
2701 2573 2790 2641 qui
2817 2573 2936 2628 sive
2963 2588 3062 2643 per
3094 2571 3338 2628 visiones
3378 2585 3603 2629 noctur-

1991 2683 2113 2734 nas,
2150 2667 2270 2722 sive
2299 2681 2394 2736 per
2443 2664 2749 2720 amicorum
2792 2665 3000 2720 vultum
3049 2665 3372 2730 terribilem,
3423 2667 3600 2722 minas

1993 2759 2331 2817 intenderet:
2356 2757 2688 2823 sicquedum
2706 2755 2811 2813 Job
2830 2759 2991 2813 amici
3009 2757 3128 2827 ejus
3142 2767 3333 2814 sancto
3352 2758 3588 2813 nefanda

1991 2853 2415 2925 responderunt,
2476 2851 2811 2920 nutibusque
2846 2850 3013 2907 etiam
3042 2867 3166 2908 cum
3208 2853 3465 2908 irrisione
3490 2850 3591 2907 de-

1990 2956 2220 3016 terrent,
2252 2948 2320 3002 de
2343 2945 2563 3002 Christo
2595 2944 3036 3014 intelligendum.

2061 3043 2393 3113 Aperuerunt
2432 3056 2590 3109 super
2614 3056 2695 3094 me
2735 3055 2828 3093 ora
2851 3055 2970 3106 sua,
3004 3048 3052 3094 et
3075 3039 3444 3110 exprobrantes
3476 3054 3594 3108 per-

1987 3146 2262 3195 cusserunt
2290 3135 2566 3191 maxillam
2601 3149 2790 3197 meam,
2841 3133 3020 3186 satiati
3066 3142 3188 3188 sunt
3227 3134 3395 3205 poenis
3441 3133 3590 3186 meis.

1912 3207 1960 3276 ϐ
1989 3233 2157 3304 Igitur
2201 3229 2256 3285 in
2286 3227 2536 3293 maxilla,
2561 3227 2780 3298 generis
2806 3233 2891 3280 est
2915 3224 3196 3287 nobilitas,
3243 3226 3363 3280 sive
3402 3225 3584 3279 honor

1988 3324 2208 3398 quidam
2255 3319 2600 3377 manifestus.
2650 3319 2718 3374 Et
2754 3319 2898 3373 sicut
2936 3317 3028 3372 alii
3058 3315 3338 3380 dixerunt,
3382 3315 3586 3372 acriter

1988 3425 2076 3474 est
2101 3429 2392 3488 percussus
2434 3414 2487 3468 in
2530 3414 2709 3484 genis,
2754 3411 3024 3466 iutantum
3067 3417 3128 3464 ut
3171 3408 3240 3462 ah
3267 3407 3498 3474 honore,
3533 3419 3590 3463 et

1986 3510 2295 3573 nobilitate,
2319 3517 2372 3562 et
2394 3504 2601 3561 divitiis
2623 3503 2778 3559 ﬁeret
2807 3502 3044 3569 alienus,
3069 3500 3289 3570 quando
3307 3501 3584 3554 maxillam

1988 3604 2113 3660 ﬁdei
2161 3616 2274 3657 suae
2335 3596 2701 3654 collidendam
2751 3593 2973 3648 diabolo
3022 3592 3238 3647 fortiter
3304 3591 3582 3662 praebuit,

1986 3711 2147 3769 quam
2197 3694 2290 3750 ille
2333 3689 2660 3762 perturbare
2702 3685 2964 3742 medendo
3010 3696 3240 3740 conatus
3284 3693 3402 3750 est,
3428 3685 3584 3754 quasi

1984 3789 2271 3864 quamdam
2319 3788 2542 3855 januam
2586 3784 2786 3839 divina;
2824 3780 3193 3837 confessionis
3242 3779 3581 3850 eﬁringens,

1982 3886 2099 3940 sive
2127 3899 2248 3939 cum
2282 3881 2475 3936 falsum
2501 3877 2876 3933 testimonium
2899 3884 3095 3930 contra
3121 3873 3406 3929 Christum
3428 3872 3585 3927 dixe-

1982 3986 2132 4045 runt,
2160 3977 2274 4030 sive
2304 3972 2462 4041 illud,
2496 3970 2762 4040 Cruciﬁge
2791 3986 2929 4024 eum.

2055 4069 2321 4126 Conclusit
2342 4083 2424 4120 me
2453 4063 2592 4120 Deus
2623 4062 2765 4136 apud
2785 4061 3043 4133 iniquum,
3068 4067 3116 4114 et
3140 4057 3378 4114 manibus
3393 4057 3582 4126 impio-

1982 4181 2102 4220 rum
2131 4179 2211 4218 me
2231 4161 2470 4216 tradidit.
2499 4157 2554 4213 ld
2581 4168 2683 4223 est,
2711 4155 2932 4212 diabolo
2961 4162 3018 4208 et
3042 4153 3250 4224 angelis
3276 4151 3418 4221 ejus.
3448 4150 3578 4207 Sive

1981 4257 2049 4314 de
2095 4255 2313 4312 Christo
2359 4249 2802 4323 intelligendum,
2854 4246 3073 4320 quando
3125 4245 3355 4301 traditus
3393 4252 3478 4299 est
3517 4243 3576 4298 in

1982 4348 2232 4405 manibus
2261 4345 2595 4403 Iudaeorum.

2060 4439 2168 4510 Ego
2198 4439 2287 4492 ille
2305 4437 2570 4507 quondam
2611 4435 2887 4503 opulentus
2923 4441 3128 4502 repente
3159 4429 3408 4484 contritus
3437 4444 3578 4482 sum.

1980 4532 2171 4586 Tenuit
2192 4530 2436 4584 cervicem
2459 4543 2647 4590 meam,
2683 4525 2935 4597 confregit
2960 4539 3061 4589 me,
3094 4530 3141 4575 et
3172 4522 3349 4594 posuit
3371 4537 3451 4574 me
3481 4520 3580 4574 sibi

1902 4601 1953 4660 Β
1983 4621 2129 4695 quasi
2161 4622 2216 4674 in
2243 4621 2473 4691 signum.
2505 4618 2562 4674 id
2590 4632 2696 4682 εει,
2722 4618 2789 4670 de
2825 4616 2990 4670 divite
3020 4613 3196 4668 factus
3223 4627 3428 4684 pauper
3454 4629 3468 4667 :
3493 4611 3581 4668 vel

1983 4715 2252 4778 Christus,
2283 4712 2350 4768 de
2380 4712 2495 4767 Deo
2522 4711 2686 4765 homo
2715 4718 2895 4763 natus.

2058 4804 2411 4868 Circumdedit
2431 4819 2510 4857 me
2538 4803 2730 4856 lanceis
2757 4802 2862 4855 suis
2900 4815 2917 4855 :
2943 4800 3333 4855 convulneravit
3378 4799 3580 4853 lumbos

1985 4915 2149 4954 meos.
2207 4895 2333 4952 Non
2362 4895 2608 4967 pepercit,
2638 4902 2685 4948 et
2724 4891 2912 4959 effudit
2946 4891 3000 4945 in
3024 4900 3164 4944 terra
3211 4891 3408 4944 viscera
3443 4906 3580 4946 mea.

1987 4993 2218 5049 Lanceae
2242 4990 2346 5046 hoc
2365 4988 2486 5043 loco
2507 4988 2822 5051 nominatae,
2839 4984 3088 5040 dolorum
3103 4983 3577 5052 compunctiones,

1983 5101 2117 5156 quas
2137 5083 2241 5139 Job
2271 5081 2596 5154 patiebatur,
2623 5079 2997 5151 signiﬁcanter
3015 5077 3399 5147 intelliguntur
3425 5093 3438 5130 :
3471 5076 3588 5132 sive

1982 5178 2054 5234 de
2097 5176 2314 5233 Christo
2346 5175 2719 5246 blasphemiae,
2771 5187 2907 5244 quas
2937 5185 3132 5242 passus
3163 5179 3250 5226 est
3287 5185 3316 5224 a
3355 5169 3581 5239 Iudaeis,

1984 5271 2355 5341 intelligenda:
2395 5277 2543 5325 sunt.
2590 5267 2695 5324 Job
2723 5281 2857 5323 vero
2890 5280 3000 5321 non
3027 5265 3204 5322 solum
3233 5263 3442 5319 deforis
3469 5270 3585 5321 toto

1982 5380 2217 5438 corpore
2256 5369 2694 5434 computruerat,
2734 5375 2928 5416 verum
2977 5359 3143 5415 etiam
3176 5357 3387 5428 putoris
3429 5357 3586 5414 sanie

1987 5458 2324 5531 liquescebat
2355 5474 2368 5512 :
2401 5457 2473 5510 ita
2516 5463 2577 5510 ut
2597 5454 2717 5525 ipse
2746 5453 2851 5509 Job
2873 5451 3114 5518 diceret,
3142 5449 3370 5506 halitum
3403 5465 3586 5506 meum

1988 5549 2274 5608 exhorruit
2318 5563 2457 5603 uxor
2505 5560 2646 5601 mea.
2679 5544 2874 5600 Omnia
2914 5542 3058 5599 circa
3090 5544 3304 5598 lumbos
3336 5542 3457 5611 ejus
3490 5555 3590 5611 pu-

1990 5648 2265 5698 trueruut.
2299 5639 2426 5697 Sive
2453 5638 2522 5692 de
2561 5637 2783 5693 Chrisro
2808 5635 3244 5705 intelligendum,
3287 5633 3587 5689 convulne-

1991 5735 2135 5792 ravit
2180 5732 2396 5788 lumbos
2427 5745 2601 5785 meos.
2646 5730 2784 5799 Quia
2815 5729 2996 5786 Judaei
3042 5743 3212 5799 usque
3234 5727 3302 5784 ad
3328 5727 3436 5783 hoc
3465 5742 3589 5798 per-

1990 5826 2159 5883 secuti
2189 5835 2316 5881 sunt
2343 5822 2647 5898 apostolos,
2682 5824 2772 5894 qui
2803 5821 2956 5894 quasi
2985 5821 3055 5880 de
3083 5821 3284 5878 lumbis
3318 5820 3585 5878 doctrina:
