4032 6332
495 284 602 340 6.39

1289 282 1635 339 APPENDIX
1679 283 1769 338 AD
1807 282 2055 339 TOMUM
2090 281 2445 352 θειδτυιυκ
2486 284 2546 343 Β.
2591 285 2999 342 ιιιηῆοκγδιι.

3692 289 3794 344 660

496 420 612 459 sine
636 403 749 458 nati
781 402 1001 458 fuerant
1034 420 1047 456 :
1077 412 1135 455 ut
1156 416 1254 457 eos
1283 402 1509 456 vulnere
1537 399 1878 456 inﬁdelitatis
1904 399 2090 456 Cltris-
2115 401 2172 462 Α
2266 401 2449 471 Terra,
2482 420 2544 458 ne
2570 406 2777 474 operias
2806 409 3109 477 sanguinem
3138 423 3332 473 meum,
3362 422 3531 480 neque
3560 408 3792 464 inueniat

504 510 617 553 tum
653 494 905 565 negando
959 493 1266 551 sauciarent
1288 506 1301 548 :
1326 494 1453 548 dum
1498 493 1693 549 Petrus
1723 491 1855 548 dicit
1878 532 1892 559 ,
1920 493 2093 547 nescio

476 592 785 646 .Itomirmn.
838 590 905 644 Et
946 587 1119 643 tenuit
1168 588 1443 643 cervicem
1499 603 1701 652 meum,
1754 588 1868 642 sive
1914 596 1973 643 ut
2000 586 2091 642 alii

494 684 773 747 dixerunt,
807 692 978 736 tenens
1010 697 1210 735 comam
1239 692 1402 735 nteant
1432 681 1651 735 divellit.
1683 680 1922 736 Proinde
1949 694 2093 736 nunc

480 775 870 845 intelligamus
915 788 1027 844 quo
1052 774 1237 828 l’urore
1279 773 1529 827 diabolus
1574 786 1637 826 ne
1683 774 1882 827 virtute
1927 772 2089 829 istum

494 869 672 924 virum
702 868 1066 922 commoverit
1112 877 1276 935 atque
1312 867 1679 930 concusserit,
1723 867 1836 921 sive
1869 865 2087 921 contre-

481 965 657 1032 gerlt,
695 968 752 1014 ut
776 960 941 1014 etiam
972 970 1185 1014 comam
1205 959 1529 1026 capillorum
1555 960 1676 1027 ejus
1704 958 1871 1013 sitnul
1895 973 2091 1029 appre-

494 1054 754 1115 hensmn,
800 1054 871 1106 sit
911 1061 1142 1106 conatus
1191 1050 1455 1105 evellere.
1489 1050 1616 1106 Sive
1647 1050 1713 1105 de
1765 1049 1986 1105 Christo
2018 1051 2088 1106 ita

493 1143 908 1214 intelligendum
941 1161 955 1197 ι
991 1156 1243 1213 tempore
1272 1143 1540 1212 passionis
1568 1157 1633 1198 ex
1673 1159 1775 1197 suo
1818 1142 2088 1212 permissu

494 1236 673 1292 tenuit
718 1234 1087 1300 adversarius,
1130 1242 1186 1289 et
1218 1248 1392 1305 usque
1423 1233 1490 1289 ad
1519 1233 1711 1289 mortis
1745 1233 2090 1289 dormitatio—

492 1344 619 1385 nem
665 1327 969 1392 inclinarit,
1013 1341 1174 1398 quem
1212 1328 1326 1394 jam
1360 1327 1703 1395 verberibus,
1750 1340 1801 1383 et
1830 1326 2088 1383 alllxione

495 1425 784 1480 clavorum
826 1420 1197 1490 confregerat,
1227 1428 1283 1475 et
1308 1421 1519 1491 signum
1548 1421 1743 1476 salutis
1788 1420 1841 1475 in
1872 1429 2089 1475 eontra-

497 1518 633 1572 riam
659 1524 868 1585 partem
901 1521 1221 1585 posuerunt.

568 1607 836 1663 Conscidit
876 1622 957 1660 me
988 1605 1197 1659 uulnere
1248 1620 1406 1677 super
1449 1604 1675 1660 rnlnus:
1705 1605 1861 1659 irruit
1908 1607 1962 1660 in
2009 1622 2089 1661 me

495 1702 647 1774 quasi
669 1702 837 1774 gigas.
872 1700 1010 1755 Dum
1042 1699 1391 1769 languoribus
1419 1699 1555 1754 meis
1580 1707 1742 1769 atque
1772 1698 2087 1754 vulneribus

2195 497 2251 550 in
2283 506 2330 551 te
2350 496 2517 552 lorum
2543 498 2737 553 latendi
2768 497 2963 553 clamor
2993 515 3158 555 meus.
3178 498 3378 555 Totum
3409 501 3515 556 hoc
3538 499 3792 572 estquod

2194 587 2349 656 dicit,
2394 604 2465 646 ne
2497 591 2824 660 innocentis,
2859 598 2916 646 et
2962 590 3100 648 bene
3138 592 3244 647 sibi
3292 593 3496 648 conscii
3536 594 3792 650 meritum

2195 683 2361 740 lateat
2393 703 2406 740 :
2452 686 2754 755 przcscrtim
2778 701 2900 741 cum
2930 687 3202 742 insontem
3228 702 3291 742 se
3318 687 3459 743 mala
3494 697 3647 744 tanta
3672 704 3795 759 pas-

2195 792 2311 830 sum
2360 779 2580 832 refernt.
2625 777 2924 848 Sanguinis
2963 794 3095 834 vero
3140 779 3403 848 nomine,
3452 780 3588 837 "ita
3637 780 3792 837 istius

2197 870 2486 938 pra-sentis
2514 879 2714 924 statum
2746 870 2934 927 dicere
2963 870 3159 926 voluit.
3184 870 3299 926 Hoc
3323 882 3507 927 autent
3536 872 3665 929 loco
3686 873 3794 929 cla-

2194 976 2403 1017 morem
2457 962 2734 1032 positum,
2788 963 2964 1034 ipsam
3024 963 3371 1021 sanctitatem
3427 966 3549 1035 ejus
3601 976 3793 1024 eontra

2194 1067 2385 1123 limans
2413 1053 2561 1110 illius
2587 1054 2983 1111 reclamantem
3011 1073 3024 1110 :
3053 1071 3177 1127 quae
3198 1055 3401 1129 iniquis
3425 1059 3625 1115 merito
3655 1060 3793 1118 inte-

2193 1159 2389 1200 runtur
2429 1145 2497 1201 ad
2528 1145 2850 1216 vindictam,
2890 1148 3051 1217 justis
3077 1157 3257 1207 autem
3286 1149 3355 1204 ad
3382 1152 3788 1221 probationem.

2192 1238 2499 1309 Aliquando
2528 1239 2692 1294 etiam
2717 1239 2768 1295 in
2799 1240 3099 1311 Scripturis
3125 1240 3337 1298 clamor
3365 1241 3585 1300 aﬁ'ectus
3610 1248 3788 1304 animi

2192 1326 2436 1383 intentus
2490 1328 2558 1382 ad
2610 1329 2780 1385 Deum
2839 1331 3184 1400 ostenditur,
3228 1335 3315 1389 vel
3356 1334 3523 1390 etiam
3572 1336 3787 1394 clamor

2191 1419 2493 1490 iniquitatis
2509 1423 2690 1492 populi
2714 1462 2729 1488 ,
2759 1421 2851 1493 qui
2872 1423 3291 1493 exspectabatur
3312 1432 3376 1480 ut
3392 1424 3595 1482 faceret
3618 1444 3779 1495 uvas,

2192 1521 2247 1567 et
2269 1510 2400 1568 l‘eeit
2427 1514 2637 1585 spinas.
2672 1513 2783 1570 Nec
2805 1516 2982 1572 omnis
3025 1512 3283 1588 iniquitas
3326 1518 3539 1575 clamor
3563 1520 3785 1595 dicitur,

2190 1603 2287 1660 sed
2317 1604 2411 1659 illa
2441 1621 2562 1676 quze
2596 1604 2810 1676 publice
2841 1607 2920 1662 lit.

2264 1696 2401 1753 Ecce
2427 1698 2568 1754 enim
2613 1701 2666 1754 in
2694 1700 2819 1755 cwlo
2866 1702 3009 1756 testis
3037 1718 3201 1768 meus,
3225 1712 3273 1757 et
3305 1704 3548 1760 conscius
3574 1722 3716 1763 meus
3738 1707 3793 1765 in

496 1793 773 1848 adduntur
816 1792 987 1861 plagae
1021 1789 1471 1859 innumerabiles,
1502 1790 1722 1845 dividor
1762 1798 1911 1846 totus
1939 1805 2088 1847 reso-
2118 1789 2165 1852 Β
2194 1793 2430 1847 excelsis.
2461 1794 2596 1859 Quia
2629 1793 2774 1849 Deus
2803 1795 2870 1850 de
2893 1811 2960 1851 eo
2991 1798 3360 1853 testimonium
3395 1800 3693 1871 perhibuit.

495 1888 644 1943 lutus
671 1897 834 1958 atque
876 1886 1250 1951 comminuor,
1281 1886 1352 1939 ita
1384 1894 1445 1941 ut
1466 1886 1670 1941 nullum
1715 1886 1770 1941 iu
1801 1902 1889 1941 me
1917 1902 2087 1941 mem-

498 1980 721 2034 brorqu
757 1978 1035 2035 residuum
1063 1979 1156 2045 sit,
1185 1977 1333 2048 quod
1361 1978 1539 2047 aliqua
1572 1977 1855 2033 soliditate
1886 1977 2094 2034 subsis-

496 2081 593 2127 tat.
630 2072 706 2126 De
731 2071 953 2125 Christo
976 2070 1141 2125 etiam
1172 2070 1254 2126 sic
1282 2070 1697 2141 intelligendum
1724 2088 1736 2125 :
1765 2071 1900 2126 Cum
1926 2072 2093 2127 ludas

496 2164 684 2219 lethali
712 2163 1000 2232 npustllslzu
1026 2162 1255 2218 vulnere
1282 2170 1597 2233 peremptus
1625 2171 1733 2229 est,
1766 2177 1872 2218 non
1899 2176 2093 2232 peper-

494 2259 606 2312 cit:
637 2256 689 2310 iu
737 2266 882 2313 tanta
933 2270 1170 2326 namque
1213 2255 1424 2310 saevitia
1467 2254 1837 2311 debacchatus
1882 2266 1999 2324 est,
2036 2264 2093 2311 ut

496 2350 678 2404 scelus
699 2348 842 2419 quod
868 2357 1052 2404 mente
1070 2358 1423 2418 conceperat,
1442 2350 1609 2403 etiam
1632 2363 1729 2403 ore
1752 2348 2089 2418 publicaret:

493 2443 580 2497 vel
595 2454 759 2512 sttpcr
774 2444 995 2498 vulnera
1010 2443 1193 2498 crucis
1205 2442 1482 2497 clavorum
1498 2442 1725 2498 vulnera
1742 2443 2089 2499 addiderunt.

571 2531 796 2590 Saccum
823 2535 1007 2588 censui
1037 2550 1197 2603 super
1225 2544 1395 2589 cutem
1417 2551 1606 2601 meum,
1633 2545 1679 2589 et
1700 2535 1883 2603 operui
1909 2536 2082 2591 cinere

500 2643 709 2682 carnem
764 2640 951 2681 nteant.
985 2627 1141 2694 Quod
1168 2628 1423 2683 similiter
1464 2628 1700 2696 dictum,
1732 2629 1799 2683 ad
1836 2629 2092 2685 humilia—

500 2722 707 2775 tionem
759 2721 911 2792 regni
940 2721 1060 2790 ejus
1110 2722 1387 2792 pertinuere
1436 2722 1572 2777 mibi
1624 2722 1861 2778 videtur.
1910 2724 2091 2780 Cornu

498 2824 707 2879 autem,
750 2829 975 2884 regnum
1022 2816 1079 2870 in
1105 2814 1404 2885 Scripturis
1452 2827 1677 2872 vocatur
1708 2834 1721 2869 :
1752 2817 1910 2887 juxta
1935 2818 2089 2887 illud,

497 2903 771 2962 Exaltabit
822 2924 988 2961 cornu
1031 2906 1227 2964 Christi
1276 2911 1381 2964 sui.
1443 2909 1693 2966 Christus
1735 2926 1866 2967 vero
1918 2913 2090 2981 ipsam

500 3006 720 3065 gentem
753 2998 823 3053 de
866 2994 969 3069 qua
1012 3001 1281 3057 oriundus
1314 3011 1475 3067 erat,
1516 3018 1734 3058 saccum
1775 3005 2089 3075 appellavit.

488 3088 691 3143 Cinere
734 3104 862 3145 vero
892 3092 1115 3163 operuit
1143 3093 1416 3165 principes
1462 3095 1804 3162 Judzeorum,
1856 3114 1979 3154 cum
2009 3099 2082 3155 ab

2276 1882 2488 1940 Verbosi
2517 1886 2674 1939 amici
2694 1887 2816 1940 mei.
2851 1887 2952 1955 Qui
2983 1889 3145 1945 verba
3178 1907 3283 1945 non
3318 1892 3385 1946 nd
3418 1892 3589 1949 Deum
3625 1895 3797 1966 perti-

2195 1977 2377 2032 nentia
2427 1977 2688 2048 loquitur,
2730 1980 2995 2036 verbosus
3035 1994 3299 2057 vocatur:
3335 1984 3428 2055 qui
3458 2002 3594 2043 vero
3626 1989 3797 2047 verba

2195 2070 2288 2126 Dei
2315 2072 2579 2143 loquitur,
2610 2074 2874 2130 verbosus
2903 2092 3013 2131 non
3047 2086 3224 2146 potest
3251 2079 3502 2148 iudicati.

2266 2162 2348 2218 Ad
2375 2162 2545 2219 Deum
2560 2164 2726 2222 stillat
2747 2166 2934 2222 oculus
2960 2186 3130 2225 mens.
3159 2170 3294 2227 Cum
3328 2173 3590 2247 lacrymis
3619 2174 3798 2232 inter-

2196 2257 2365 2328 pellat
2391 2257 2587 2314 Deum.

2266 2350 2432 2420 Atque
2473 2352 2672 2406 utinam
2700 2354 2775 2407 sic
2811 2354 3144 2426 judicaretur
3175 2357 3254 2411 uir
3301 2374 3418 2413 cum
3460 2356 3575 2416 Dee
3608 2378 3628 2418 ε
3664 2379 3802 2433 quo-

2196 2445 2350 2499 modo
2374 2446 2651 2515 judicatur
2697 2445 2842 2516 [ilius
2871 2450 3097 2506 hominis
3127 2466 3245 2507 cum
3276 2453 3481 2528 collega
3517 2471 3641 2512 suo.
3682 2457 3805 2514 Hoc

2200 2535 2333 2591 dicit
2366 2554 2381 2592 :
2409 2537 2626 2593 Utinam
2655 2538 2787 2594 mihi
2820 2549 2966 2598 esset
2991 2543 3146 2612 copia
3189 2558 3311 2599 cum
3354 2544 3576 2602 homine
3606 2547 3803 2617 dispu-

2200 2630 2370 2696 tandi,
2421 2641 2476 2685 ut
2531 2646 2620 2688 me
2668 2631 3017 2691 innocentem
3063 2636 3295 2706 probare
3335 2654 3577 2710 possem.
3621 2643 3801 2701 Deum

2195 2732 2377 2778 autem
2408 2739 2587 2779 meum
2640 2726 2769 2781 nolo
2800 2728 3005 2785 intrare
3035 2746 3249 2786 mecum
3283 2732 3338 2787 in
3379 2732 3672 2802 judicium,
3699 2738 3800 2807 qui

2196 2823 2251 2868 et
2291 2827 2547 2871 scrutans
2579 2816 2768 2884 corda,
2813 2829 2868 2873 et
2895 2835 3058 2876 renes
3107 2821 3252 2878 Deus
3286 2833 3374 2879 est
3402 2844 3414 2878 :
3447 2826 3609 2896 cujus
3642 2827 3798 2899 judi-

2196 2907 2341 2962 cium
2368 2902 2479 2964 lalli
2509 2912 2735 2965 cumino
2766 2926 2871 2967 non
2900 2922 3082 2983 potest
3117 2933 3131 2970 :
3165 2930 3343 2987 neque
3366 2917 3486 2988 ipse
3509 2920 3800 2979 consuevit

2197 2999 2397 3056 discuti
2428 3017 2455 3055 a
2483 3018 2785 3073 quoquam.

2269 3092 2404 3148 Ecce
2443 3097 2582 3149 enim
2628 3097 2798 3152 breves
2839 3100 2968 3153 anni
3009 3109 3301 3167 transeunt,
3350 3112 3399 3157 et
3424 3106 3660 3158 semitam
3698 3125 3802 3180 per

491 3184 574 3239 eis
620 3200 844 3255 regnum
893 3200 992 3256 pro
1020 3188 1329 3258 negationis
1370 3190 1661 3261 sacrilegio
1692 3190 1973 3247 transtulit
2023 3193 2089 3248 ad
2115 3168 2164 3232 ο
2196 3202 2478 3257 quamnon
2498 3199 2744 3257 revertar.
2773 3192 3004 3247 altitudo.
3031 3190 3106 3247 lle
3128 3194 3405 3263 credebat,
3424 3199 3567 3268 quod
3593 3168 3795 3259 nec'ad

490 3285 704 3346 gentes.
1472 3346 1475 3351 ν

565 3367 752 3425 Facies
772 3384 887 3426 mea
918 3373 1163 3428 intumuit
1192 3391 1223 3428 a
1246 3375 1394 3444 ﬂetu,
1428 3386 1474 3430 et
1499 3376 1763 3448 palpebris
1805 3395 1931 3434 mete
1960 3380 2092 3435 cali-

489 3473 765 3533 gauerunt.
818 3463 1005 3521 Fletus
1052 3464 1171 3520 sive
1191 3465 1455 3537 lacryma:
1489 3467 1540 3520 in
1576 3467 1800 3526 homine
1839 3473 1908 3526 de
1936 3471 2090 3527 dolo-

488 3560 674 3627 ribus,
726 3559 848 3614 sive
892 3558 965 3615 de
1010 3558 1230 3614 tristitia
1275 3570 1643 3628 generantur;
1689 3564 1786 3617 sed
1829 3566 2089 3637 lacrymat

487 3651 784 3724 aliquando
832 3666 930 3720 per
958 3664 1133 3721 genus
1173 3665 1295 3705 cum
1331 3652 1552 3706 silentio
1597 3652 1889 3709 deﬂuunt:
1928 3656 2087 3715 ﬂetus

488 3760 626 3799 vero
651 3755 775 3799 cum
802 3742 1039 3799 habeant
1060 3741 1352 3814 lecrymas,
1386 3758 1493 3798 non
1524 3746 1642 3800 sine
1667 3760 1823 3816 voce,
1854 3758 1909 3803 et
1931 3765 2084 3805 eom-

489 3836 735 3892 motione
763 3836 1019 3905 corporis
1047 3834 1250 3890 dantur
1279 3853 1292 3890 :
1327 3850 1490 3906 quem
1519 3836 1707 3893 ﬂetum
1749 3839 1853 3896 Job
1883 3858 1943 3897 se
1987 3844 2085 3899 ha-

488 3928 678 3983 buisse
700 3935 956 3990 testatur,
981 3927 1072 3997 qui
1094 3929 1142 3982 ei
1171 3926 1242 3983 de
1262 3928 1524 3983 wrumnis
1553 3931 1774 3996 animae,
1799 3946 2082 4003 pinnarum

492 4032 713 4088 quoque
759 4016 1095 4073 cruciatibus
1139 4018 1490 4074 nascebatur.
1527 4020 1656 4075 ltum
1702 4022 1904 4079 aliter:
1945 4027 2080 4081 Pro-

485 4108 697 4180 phetw,
718 4108 886 4164 iacies
904 4107 994 4164 Dei
1014 4109 1396 4181 intelliguntur
1416 4126 1482 4166 eo
1503 4112 1648 4181 quod
1667 4116 1843 4170 sciant
1863 4116 2038 4172 futura
2065 4137 2079 4174 :

485 4203 576 4272 qui
606 4217 729 4257 cum
764 4200 1133 4273 perditionem
1166 4203 1456 4273 impiormu
1485 4207 1994 4277 contemplarentur
2028 4210 2080 4266 in

484 4296 705 4367 spiritu,
719 4294 1017 4366 gemitibus
1037 4295 1312 4350 continuis
1332 4310 1428 4351 eos
1450 4296 1667 4355 ﬂevisse
1690 4299 2078 4371 intelligamus.

483 4387 640 4445 Oculi
669 4386 835 4441 etiam
863 4386 1239 4457 ealigaverunt
1261 4387 1490 4457 Christi,
1520 4389 1646 4444 dum
1671 4401 1939 4464 martyres
1965 4395 2080 4453 sive

486 4480 661 4535 salicti
692 4480 744 4534 in
774 4477 1171 4535 teutationibus
1214 4480 1508 4536 titubantes
1541 4482 1848 4540 conturbati
1888 4496 2017 4542 sunt
2059 4506 2074 4544 :

486 4572 581 4628 sed
604 4570 781 4642 gratia
814 4571 909 4627 Dei
939 4571 1153 4628 liberati
1182 4573 1234 4627 in
1267 4564 1470 4629 lumine
1494 4583 1936 4645 permanserunt.

557 4662 691 4719 ch
711 4681 894 4736 passus
914 4681 1030 4719 sum
1056 4664 1247 4736 absque
1266 4666 1536 4738 iniquitate
1565 4684 1749 4726 manus
1776 4688 1922 4741 mete,
1957 4691 2075 4729 cum

478 4757 721 4813 haberem
748 4758 970 4812 mundos
993 4758 1064 4813 ad
1098 4757 1266 4813 Deum
1297 4776 1493 4828 preces.
1519 4760 1710 4818 Nullus
1752 4776 2069 4823 sanctorum

476 4852 552 4906 ita
593 4848 827 4909 mundae
871 4859 1036 4919 atque
1076 4850 1476 4916 immaculatas,
1524 4854 1734 4925 absque
1781 4856 1931 4913 omni
1986 4858 2071 4916 vel

476 4942 704 4998 minima
734 4942 856 4999 labe
881 4941 1227 5014 cogitationis
1255 4959 1448 5014 preces
1474 4948 1544 5002 ad
1586 4948 1757 5005 Deum
1789 4949 1977 5021 habet,
2012 4962 2073 5010 ut

472 5035 748 5091 mediator
777 5034 901 5101 Dei,
948 5044 1007 5092 et
1044 5035 1328 5093 hominum
1377 5037 1541 5094 homo
1588 5039 1748 5096 Jesus
1794 5041 2068 5113 Christus,

472 5127 566 5195 qui
598 5137 883 5198 peccatum
924 5142 1040 5185 non
1082 5127 1242 5197 fecit,
1276 5144 1376 5185 nec
1404 5129 1562 5187 dolus
1599 5131 1852 5190 iuventus
1888 5145 1973 5191 est
2013 5135 2068 5193 in

472 5233 573 5276 ore
601 5219 744 5289 ejus.
773 5218 919 5287 Quas
948 5218 1133 5289 utique
1161 5234 1355 5291 preces
1374 5231 1541 5294 atque
1570 5225 1849 5282 orationes
1871 5241 2069 5283 secun-

468 5312 598 5367 dum
626 5310 927 5380 hominem,
974 5326 1139 5385 quem
1164 5314 1498 5384 assumpsit,
1548 5315 1617 5371 ad
1651 5316 1817 5374 Deum
1864 5310 2065 5378 habere

464 5403 798 5461 credendum
849 5414 933 5461 est
964 5424 976 5459 :
1006 5419 1133 5462 cum
1176 5406 1476 5464 secundum
1525 5407 1865 5467 divinitatem
1905 5426 2060 5469 suam

464 5511 590 5551 cum
615 5497 777 5553 Patre
798 5498 915 5569 ipse
936 5498 1214 5573 exaudiat.
1234 5498 1366 5556 Sive
1384 5503 1580 5569 sancti,
1604 5504 1695 5574 qui
1722 5520 1818 5573 pro
1839 5507 2059 5562 nomine

459 5590 583 5656 ejus
627 5589 771 5657 passi
816 5599 946 5643 sunt
974 5589 1094 5645 sine
1132 5591 1419 5661 iniquitate
1470 5593 1787 5651 rebellionis
1820 5595 1905 5652 vel
1950 5597 2060 5653 eri-

462 5677 631 5732 minis
660 5677 894 5747 alieujus
918 5694 949 5733 a
982 5684 1425 5750 persecutoribus
1450 5685 1618 5741 occisi
1647 5702 1660 5740 :
1693 5698 1955 5758 quantum
1985 5691 2053 5747 ad

456 5767 579 5825 ί¹¹⁰³
614 5780 1024 5845 Ρθηθωιοτος,
1054 5776 1229 5844 gratis
1261 5779 1421 5834 morti
1453 5761 2048 5841 traditiiunhmﬂ'm“

2194 3279 2424 3335 inortale
2447 3295 2646 3350 corpus
2677 3298 2858 3345 stium.
2893 3299 2993 3341 nec
3023 3286 3091 3342 ad
3118 3295 3394 3345 tormenta
3421 3293 3671 3362 corporis
3699 3295 3789 3351 sui

2190 3387 2334 3431 esset
2364 3375 2564 3432 iterum
2593 3393 2938 3435 reversurus.

2765 3468 2806 3526 C
2828 3470 2995 3529 \PUT
3035 3472 3199 3529 XVII.

2262 3557 2493 3630 Spiritus
2514 3577 2654 3616 meus
2669 3563 3046 3632 attenuabitnr,
3070 3575 3118 3621 et
3145 3566 3253 3622 dies
3275 3569 3375 3624 mei
3401 3570 3789 3633 breviabuntur.

2192 3649 2306 3706 lloc
2334 3651 2489 3717 dicit,
2521 3654 2666 3724 quod
2694 3656 2745 3710 in
2777 3656 3047 3714 brevitate
3077 3659 3201 3714 vita:
3231 3676 3369 3730 suae,
3401 3664 3638 3735 spiritus
3667 3671 3789 3737 ejus

2188 3746 2390 3801 sensim
2428 3755 2741 3804 attenuatus
2780 3748 3064 3808 deiecerit.

2260 3842 2329 3897 Et
2345 3844 2515 3899 solum
2542 3846 2669 3900 mihi
2704 3857 2933 3916 superest
2973 3851 3287 3923 sepulcrum.
3342 3852 3475 3922 Quia
3515 3867 3777 3915 moreest

2187 3938 2310 3994 linis
2333 3940 2576 3995 onmium
2608 3948 3030 3998 tormentorum.

2258 4029 2384 4085 Non
2413 4032 2638 4102 peccavi,
2668 4043 2716 4087 et
2755 4034 2811 4088 in
2838 4035 3280 4093 amaritudinibus
3318 4050 3553 4096 moratur
3596 4043 3783 4100 oculus

2184 4140 2349 4179 incus.
2398 4123 2596 4179 Verum
2627 4135 2733 4192 est,
2782 4127 2926 4198 quod
2966 4128 3078 4185 Deo
3116 4130 3347 4200 placitus
3390 4148 3499 4190 non
3532 4137 3778 4207 peccari.

2183 4216 2252 4273 Et
2284 4218 2413 4273 licet
2444 4218 2618 4288 possit
2651 4220 2741 4275 hic
2788 4220 2937 4277 locus
2969 4222 3042 4277 itu
3087 4223 3342 4295 intelligi,
3385 4227 3530 4298 quod
3563 4230 3616 4285 in
3663 4229 3780 4286 Deo

2184 4308 2402 4380 quidem
2432 4326 2540 4365 non
2574 4312 2904 4382 peccaverit,
2935 4323 2993 4369 et
3016 4326 3195 4371 tamen
3226 4320 3382 4388 quasi
3424 4321 3477 4375 in
3504 4322 3625 4391 ipso
3651 4338 3781 4392 pec-

2183 4403 2409 4468 caverit,
2458 4417 2647 4473 pmnas
2679 4404 3170 4474 hlasphemsntium
3207 4412 3466 4478 patiatur.
3522 4412 3588 4468 Et
3638 4415 3779 4473 forte

2182 4496 2442 4568 quoniam
2486 4512 2517 4553 a
2556 4497 2670 4554 Deo
2712 4499 2765 4555 io
2806 4503 3061 4571 praesenti
3094 4503 3370 4573 laudatur,
3419 4523 3532 4564 non
3585 4525 3779 4580 peccs-

2182 4600 2333 4645 verat
2375 4608 2391 4645 ;
2426 4590 2524 4646 sed
2567 4591 2621 4646 in
2661 4593 2954 4663 prarteritis
3000 4594 3388 4653 adolescentia,
3433 4602 3774 4670 temporibus

2179 4699 2439 4755 peccasse
2468 4698 2577 4741 non
2608 4697 2789 4757 negat.

2248 4774 2441 4830 Libera
2484 4788 2586 4842 me,
2625 4785 2673 4830 st
2695 4792 2828 4849 pone
2865 4793 2948 4833 me
2965 4781 3123 4851 justo
3160 4789 3232 4851 te,
3256 4790 3305 4836 et
3330 4783 3558 4854 cujusvis
3587 4802 3774 4844 manus

2176 4875 2366 4939 pugnet
2395 4874 2574 4920 contra
2594 4882 2694 4922 me.
2728 4867 2841 4924 Sub
2884 4880 3041 4925 scuto
3065 4869 3231 4942 igitur
3269 4874 3627 4942 protectiouis
3676 4877 3770 4936 Dei

2174 4960 2347 5015 latere
2374 4965 2530 5030 optet
2560 4978 2572 5013 :
2606 4977 2715 5030 quo
2747 4963 2985 5019 munitus
3015 4973 3181 5035 atque
3224 4967 3505 5036 defensus,
3532 4971 3772 5028 smvieu-

2175 5061 2285 5108 tem
2314 5052 2525 5108 hostem
2555 5068 2662 5109 non
2694 5056 2900 5112 timeat.

2244 5144 2346 5202 Cor
2371 5161 2549 5200 eorum
2575 5144 2727 5219 longe
2756 5149 2924 5220 fecisti
2943 5166 2976 5203 a
3003 5151 3282 5223 disciplina
3313 5169 3330 5207 :
3360 5162 3635 5225 propterea
3663 5172 3765 5213 non

2170 5236 2560 5293 eaaltabuntur.
2591 5238 2728 5305 Quia
2772 5239 2841 5295 ad
2881 5240 3053 5297 Deum
3096 5242 3214 5298 haec
3244 5244 3485 5316 loquitor
3513 5247 3621 5305 Job
3651 5267 3663 5304 :
3694 5248 3765 5307 de

2169 5327 2386 5383 diabolo
2411 5329 2620 5399 utique,
2652 5340 2706 5384 et
2729 5331 3059 5387 satellitibus
3075 5334 3192 5404 ejus
3213 5349 3609 5404 praecesserunt
3639 5356 3763 5409 pce-

2167 5427 2285 5475 cata
2317 5437 2331 5474 ς
2366 5421 2565 5491 quippe
2595 5436 2694 5492 pro
2723 5423 2926 5494 quibus
2957 5439 3169 5494 pinnam
3199 5426 3581 5487 obduratiouis
3607 5447 3762 5490 accc-

2169 5522 2385 5583 pcruut.
2415 5513 2591 5571 Causa
2620 5515 2790 5584 igitur
2814 5516 2884 5572 de
2911 5517 3111 5588 quibus
3142 5519 3439 5591 loquimur,
3467 5539 3574 5594 qua
3605 5527 3762 5582 elon-

2163 5606 2276 5676 gati
2303 5616 2450 5675 sunt,
2474 5617 2532 5662 ut
2561 5616 2669 5663 non
2694 5611 3173 5681 apprchenderent
3197 5613 3546 5685 disciplinam
3566 5657 3583 5687 ,
3627 5621 3753 5691 quia

2161 5698 2553 5753 esaltationem
2586 5699 2744 5755 bonae
2773 5710 2982 5759 natura
3010 5719 3123 5763 suae
3151 5705 3416 5777 debitam,
3474 5712 3761 5777 voluntate

2159 5794 2373 5865 propria
2409 5793 2781 5866 perdiderunt.
2795 5850 2819 5869 λ

3108 5866 3145 5875 ν
