4026 6306
326 311 432 368 661

1215 281 1697 366 αυΜΜεΝτΑιιιὶ
1739 309 1803 367 nt
1842 301 2101 370 Ltnntnt
2143 309 2282 372 JOB.
2324 311 2478 370 C.-\P.
2523 315 2712 374 xvm.

3521 331 3625 385 6(ιὲ

407 422 652 478 Prcdam
696 421 972 488 pollicetur
1008 419 1197 487 sociis,
1256 425 1304 477 et
1339 421 1479 476 oculi
1537 419 1766 491 ﬁliorum
1811 421 1922 493 ejus
1952 413 1998 484 Α
2031 420 2350 498 lionumque
2377 423 2638 500 stimulis,
2661 431 2801 488 sicut
2828 434 2934 497 ait,
2974 433 3307 495 indesinenti
3368 443 3620 514 tempore

327 515 592 585 deﬁcient.
647 513 834 570 Posuit
878 531 957 570 me
1001 516 1148 586 quasi
1191 514 1242 569 in
1286 515 1614 586 proverbium
1655 513 1834 586 vulgi,
1877 523 1924 568 et

323 610 624 681 exemplum
640 619 754 662 sum
777 621 952 662 coram
972 607 1065 661 eis.
1088 603 1236 662 Socii
1260 607 1374 662 sive
1396 604 1489 661 lilii
1510 605 1732 672 diaboli,
1760 606 1923 661 iidem

327 713 455 758 sunt
492 700 733 756 ministri
763 699 883 771 eius
913 719 926 754 ε
956 699 1051 755 sed
1096 697 1228 754 socii
1261 699 1516 754 dicuntur
1545 703 1764 768 prOpter
1792 709 1923 752 con-

325 792 639 850 tubernium
661 792 1082 862 conspirationis
1101 791 1367 846 adversus
1392 783 1580 844 Deum.
1613 788 1737 844 Filii
1763 801 1923 860 prop-

326 897 410 943 ter
435 887 798 942 imitationem
823 886 996 956 ipsius
1023 884 1247 941 diaboli.
1275 884 1369 939 His
1395 885 1557 955 igitur
1583 883 1924 939 daemonibus

326 980 551 1036 beatum
582 979 684 1035 Job
713 980 765 1034 in
810 977 1047 1049 pra-dam
1091 977 1360 1045 dandum,
1409 981 1564 1048 pater
1603 991 1818 1040 eorum,
1867 987 1923 1032 et

331 1072 650 1128 rebellionis
696 1078 865 1140 caput
912 1069 1165 1125 diabolus
1212 1070 1586 1139 promittebat,
1637 1068 1763 1124 dum
1795 1081 1918 1125 eum

327 1179 430 1235 per
461 1171 644 1218 tantos
686 1163 903 1218 dolores
950 1162 1018 1216 ad
1067 1161 1462 1231 blasphemiam
1504 1160 1916 1232 impellendum,

325 1263 379 1310 et
408 1269 436 1309 a
472 1255 581 1310 Deo
625 1255 695 1308 ob
725 1253 827 1309 hoc
858 1253 1274 1324 relinquendum
1321 1268 1443 1310 esse
1473 1253 1733 1309 credebat
1762 1272 1772 1308 :
1805 1255 1920 1310 sive

319 1352 543 1421 quando
573 1363 697 1406 cum
735 1349 881 1405 omni
925 1349 1105 1420 gloria
1133 1348 1329 1404 domus
1353 1391 1367 1413 ,
1417 1356 1473 1403 et
1518 1347 1752 1404 filiorum
1785 1361 1916 1418 spo-

319 1443 494 1499 Iiavit.

391 1535 650 1606 Cnligavit
677 1535 746 1589 ad
773 1536 1186 1605 indignationem
1237 1536 1418 1587 oculus
1451 1545 1619 1599 meus,
1680 1540 1726 1586 et
1757 1541 1914 1585 metito

317 1628 412 1682 bra
446 1644 557 1682 mea
580 1629 734 1698 quasi
766 1629 819 1681 in
842 1627 1061 1680 nihilum
1095 1626 1306 1680 redacta
1362 1635 1502 1680 sunt.
1560 1625 1721 1680 Juxta
1778 1623 1913 1680 illud

319 1723 605 1793 Evangelii
639 1721 916 1775 :Lucerna
961 1722 1198 1790 corporis
1247 1723 1356 1784 tui,
1417 1728 1491 1773 est
1550 1721 1730 1774 oculus
1770 1726 1910 1774 tuus.

2029 519 2310 588 agebatur.
2340 531 2395 576 et
2425 517 2626 579 IdCiI’CO
2659 541 2851 593 poenas
2880 525 3178 585 inferorum
3205 574 3218 596 ,
3250 534 3363 602 jam
3414 549 3476 590 se
3505 538 3619 607 pati

2027 611 2316 670 clamabat.
2355 613 2461 671 Aut
2489 619 2630 673 forte
2653 620 2928 688 separatio
2953 621 3043 677 illa
3071 639 3174 694 qua
3203 623 3269 680 ab
3299 624 3618 686 hominibus

2030 702 2205 759 factus
2229 713 2312 760 est
2347 707 2557 762 alienus
2589 715 2745 765 extra
2778 710 3087 780 civitatem,
3122 713 3325 771 sedens
3372 717 3429 772 itt
3476 728 3618 775 ster-

2025 796 2273 868 quilinio,
2309 796 2554 856 tenebrae
2577 799 2740 858 dieue
2769 811 2915 871 sunt,
2940 805 3062 876 quia
3084 805 3261 864 lucem
3291 807 3623 867 humaniso-

2026 890 2138 946 latil
2171 905 2278 946 non
2302 892 2595 951 haberent.

2097 981 2373 1041 Putredini
2405 989 2540 1056 dixi,
2579 999 2724 1059 pater
2754 1009 2896 1048 meus
2925 1011 2977 1048 es
3005 1011 3022 1047 .·
3050 1006 3216 1050 mater
3236 1011 3352 1052 mea
3381 1009 3431 1053 et
3467 1015 3616 1054 soror

2022 1091 2136 1132 mea
2157 1081 2434 1136 vermibus.
2455 1081 2590 1138 Tam
2615 1085 2795 1156 longo,
2828 1085 3021 1159 inquit,
3044 1091 3291 1162 tempore
3308 1104 3620 1166 computre-

2022 1185 2136 1236 sco,
2171 1184 2230 1227 ut
2257 1173 2430 1243 ipsam
2456 1175 2797 1245 putredinem
2825 1222 2840 1245 ,
2891 1188 2942 1235 et
2989 1199 3208 1239 vermes
3239 1197 3526 1243 nascentes
3567 1188 3618 1243 in

2021 1263 2142 1335 ejus
2167 1265 2318 1322 sanie
2350 1279 2610 1337 parentes
2643 1271 2914 1342 appellem
2947 1293 2958 1326 :
3007 1289 3070 1328 ac
3102 1290 3198 1344 per
3225 1276 3327 1332 hoc
3355 1279 3618 1349 quemad-

2021 1358 2244 1412 modum
2289 1360 2557 1430 quispiam
2608 1364 2924 1420 mortalium
2971 1364 3088 1421 sine
3128 1367 3450 1436 parentibus
3503 1387 3611 1427 non

2021 1457 2203 1516 potest
2231 1452 2466 1506 existere
2497 1471 2509 1507 :
2540 1453 2611 1507 ita
2637 1463 2691 1508 et
2720 1467 2822 1526 ego
2851 1455 3025 1512 factus
3058 1471 3179 1512 sum
3205 1501 3220 1524 ,
3278 1459 3431 1529 quasi
3487 1460 3608 1519 sine

2020 1542 2334 1611 putredine,
2369 1555 2423 1599 et
2458 1547 2730 1603 vermibus
2755 1561 2877 1603 esse
2907 1559 3013 1604 non
3045 1563 3283 1619 possem.
3317 1551 3419 1620 Qui
3451 1553 3520 1608 ita
3557 1555 3608 1610 itt

2017 1649 2185 1691 carne
2212 1653 2331 1693 mea
2382 1639 2531 1694 velut
2562 1641 2613 1694 in
2644 1650 2836 1696 natura
2893 1659 2986 1698 sua
3042 1653 3168 1699 sunt
3202 1665 3212 1699 :
3244 1653 3521 1718 tamquam
3569 1652 3615 1708 si

2016 1742 2087 1780 ex
2123 1727 2203 1783 eis
2237 1727 2350 1798 ipse
2379 1731 2764 1788 subsisterem.
2789 1733 2924 1790 Cum
2963 1733 3040 1790 illi
3093 1737 3144 1791 in
3175 1753 3263 1794 me
3309 1735 3378 1794 de
3426 1741 3614 1797 carnis

315 1814 478 1871 Hunc
506 1815 675 1886 igitur
697 1815 917 1870 oculum
947 1813 1053 1869 Job
1091 1814 1194 1868 sibi
1241 1814 1508 1884 caligasse
1555 1815 1914 1884 conqueritur
1945 1803 1992 1865 Β
2020 1834 2154 1875 mea:
2181 1822 2333 1876 sanie
2365 1823 2544 1892 potius
2567 1835 2920 1896 generentur,
2974 1846 3078 1884 non
3105 1846 3208 1900 ego
3235 1847 3300 1886 ex
3352 1831 3477 1888 illis.
3508 1831 3614 1892 Ubi

314 1909 412 1963 illa
438 1909 840 1979 indignatione.
871 1922 980 1980 qua
1016 1908 1191 1978 ipsum
1222 1909 1533 1964 sanctitatis
1576 1924 1689 1964 aute
1719 1910 1914 1965 merita

310 2001 726 2055 conservabant
760 2019 774 2054 :
807 2017 875 2056 eo
906 2003 1051 2072 quod
1101 2002 1239 2055 bona
1281 2002 1618 2057 conscientia
1649 2043 1663 2066 ,
1719 2015 1915 2072 pinnas

311 2101 600 2164 pateretur
628 2093 916 2149 indebitas.

393 2186 686 2256 Stupebant
709 2188 846 2258 justi
888 2203 1044 2258 super
1090 2187 1206 2241 hoc.
1247 2186 1600 2242 Admirantes
1640 2186 1708 2241 de
1751 2185 1916 2256 iustis

313 2278 420 2333 Dei
441 2277 678 2347 iudiciis,
712 2279 986 2349 quomodo
1012 2279 1221 2348 Justus,
1254 2281 1310 2332 et
1337 2280 1453 2333 sine
1477 2271 1707 2332 crimine
1739 2279 1914 2348 pinnis

312 2367 620 2440 afﬂigatur.

389 2461 457 2516 Et
475 2463 720 2518 innocens
750 2470 930 2516 contra
957 2463 1290 2533 bypoeritam
1331 2462 1690 2516 suscitabitur.
1728 2462 1910 2533 llypo-

311 2559 455 2612 crita
488 2565 575 2612 est
609 2557 732 2628 ipse
766 2557 1038 2622 diabolus,
1065 2557 1158 2626 qui
1187 2571 1310 2610 eum
1337 2556 1407 2610 sit
1433 2556 1786 2610 tenebrarum
1806 2596 1821 2621 ,
1855 2555 1909 2610 id

311 2656 420 2715 est,
449 2645 633 2703 delicti
658 2649 936 2715 inventor,
973 2650 1088 2718 ipse
1108 2647 1420 2702 recedendo
1459 2659 1485 2699 a
1513 2660 1644 2701 vero
1669 2649 1902 2714 lumine,

311 2751 398 2796 est
421 2742 743 2797 tenebrosus
769 2741 1021 2796 elfectus.
1053 2742 1222 2808 Quasi
1247 2739 1442 2795 lucifer
1474 2742 1656 2809 posuit
1682 2740 1735 2793 in
1764 2737 1909 2795 caelo

310 2833 501 2889 sedent
523 2846 708 2898 suam,
745 2844 796 2888 et
827 2834 1236 2903 transflgursvit
1277 2847 1337 2888 se
1381 2832 1434 2887 itt
1463 2832 1713 2901 angelum
1749 2833 1904 2886 lucis.

310 2929 426 2982 Aut
471 2933 623 2979 certe
681 2937 1128 2996 unumquemque
1166 2924 1470 2979 amicorum
1531 2938 1756 2979 suorum
1804 2924 1908 2980 Job

315 3018 660 3089 hypocritsm
712 3015 902 3073 dixit:
946 3018 1074 3088 qui
1131 3021 1234 3074 sub
1276 3016 1460 3074 verbis
1517 3018 1907 3074 consolatoriis

307 3110 471 3165 dolos
493 3111 574 3165 eis
602 3109 794 3166 dolose
835 3110 1218 3181 loquebantur.

2016 1911 2188 1980 magis
2219 1909 2610 1968 mortalitatem
2652 1927 2748 1985 per
2781 1925 3066 1986 peccatum
3114 1919 3309 1975 factam
3343 1921 3618 1994 signiﬁca-

2015 2003 2093 2056 vit
2126 2020 2139 2057 :
2170 2006 2255 2059 cui
2287 2003 2430 2061 inCSt
2477 2009 2762 2076 corruptio
2790 2055 2803 2078 ,
2856 2019 2914 2065 et
2959 2012 3305 2079 corruptioni
3359 2017 3612 2084 putredo.

2018 2095 2236 2151 Patrem
2272 2113 2404 2152 vero
2427 2099 2722 2168 appellavit
2761 2103 2936 2171 ipsum
2961 2113 3140 2159 ortum
3167 2103 3392 2162 humani
3449 2123 3614 2178 gene-

2015 2190 2089 2244 ris
2120 2187 2172 2243 in
2199 2187 2393 2258 Adam,
2424 2188 2516 2262 qui
2547 2194 2906 2263 corruptione
2941 2191 3117 2252 lactus
3153 2211 3237 2253 est
3285 2201 3614 2269 plIIl'eSCiili-

2014 2281 2102 2336 Iis.
2133 2281 2358 2338 Matrem
2398 2297 2530 2339 vero
2566 2295 2814 2340 naturam
2856 2282 3147 2343 humanam
3199 2287 3375 2355 dixit,
3415 2308 3615 2348 corru-

2017 2373 2203 2444 ptione
2235 2373 2497 2430 vitiatam.
2533 2375 2794 2432 Sororem
2819 2391 2953 2433 vero
2976 2395 3192 2435 omnem
3226 2381 3610 2452 posteritatem

2014 2465 2150 2522 Adae
2181 2466 2340 2533 dixit,
2365 2484 2486 2538 qua:
2525 2467 2595 2525 de
2631 2469 2992 2540 corruptione
3032 2473 3416 2540 mortalitatis,
3465 2475 3617 2532 velut

2013 2555 2081 2612 de
2104 2558 2258 2612 sanie
2289 2560 2594 2629 putredinis
2618 2563 2864 2618 nascitur
2900 2580 2911 2592 '
2939 2561 3081 2632 quod
3115 2575 3170 2620 et
3199 2559 3404 2622 Baldad
3444 2567 3611 2627 dixit:

2015 2650 2186 2704 iiomo
2220 2653 2467 2720 putredo,
2500 2661 2557 2708 et
2589 2651 2736 2710 llius
2765 2651 3004 2712 hominis
3033 2659 3253 2714 vermis.

2087 2743 2186 2797 Ubi
2215 2755 2288 2798 est
2313 2762 2434 2816 ergo
2462 2763 2600 2800 nunc
2629 2745 2952 2819 prtrstolatio
3003 2766 3114 2804 mea
3141 2793 3155 2817 ,
3208 2763 3253 2806 et
3305 2753 3608 2824 patientiam

2010 2849 2175 2887 meum
2201 2835 2315 2904 quis
2339 2837 2841 2907 considerati’Quod
2871 2839 2967 2906 ait,
2999 2849 3054 2897 et
3084 2842 3403 2912 patientiam
3432 2859 3607 2902 meam

2010 2926 2132 2994 quis
2162 2927 2508 2983 considerat?
2534 2938 2724 3000 aperte
2749 2932 2943 2987 fortem
2968 2947 3029 2989 se
3052 2935 3105 2988 in
3139 2932 3246 2989 illis
3277 2937 3612 2994 cruciatibus

2011 3016 2331 3072 manifestat
2366 3038 2375 3071 :
2421 3033 2518 3090 pro
2556 3020 2758 3091 quibus
2803 3023 2961 3093 quasi
2998 3028 3289 3095 queritur,
3349 3033 3498 3100 quod
3553 3033 3619 3087 ad

2012 3109 2431 3166 retributionem
2484 3110 2620 3167 tanti
2662 3110 2870 3168 laboris
2920 3116 3003 3170 sui
3062 3131 3170 3171 non
3206 3119 3448 3187 potuerit
3481 3138 3609 3192 per-

384 3201 454 3255 Et
482 3203 668 3258 tenebit
678 3207 858 3276 justus
880 3179 1016 3257 ciam
1037 3217 1209 3269 suam,
1232 3213 1280 3257 et
1311 3202 1514 3258 mundis
1542 3201 1784 3258 manibus
1813 3205 1909 3259 ad-
1933 3179 1980 3242 (ἶ
2017 3200 2224 3254 venire.

306 3297 398 3350 det
419 3295 800 3365 fortitudinem.
831 3295 890 3350 in
923 3310 1059 3366 quas
1092 3296 1340 3367 profecto
1361 3297 1598 3351 virtutes
1637 3311 1698 3352 se
1736 3297 1907 3369 magis

301 3400 562 3442 crescere
596 3386 935 3444 manifestat.

383 3479 556 3551 Igitur
585 3495 763 3537 omnes
791 3497 879 3538 vos
900 3483 1282 3551 convertimini,
1305 3492 1353 3538 et
1383 3485 1588 3539 venite:
1620 3491 1666 3537 et
1691 3501 1791 3538 non
1819 3486 1904 3540 in-

303 3573 514 3626 veniam
541 3575 595 3626 in
626 3574 766 3628 vobis
792 3575 959 3628 ullum
977 3577 1283 3646 sapientem.
1314 3573 1711 3631 Convertintini
1740 3617 1753 3644 ,
1802 3575 1900 3644 ait,

303 3680 333 3716 a
365 3667 642 3735 pravitate
669 3667 979 3733 sententias,
1016 3679 1124 3738 qua
1159 3683 1244 3724 me
1275 3669 1646 3724 condemnare
1687 3683 1903 3725 summo

305 3755 495 3812 studio
526 3772 634 3812 non
665 3757 950 3814 desistitis.
996 3757 1194 3815 Venite
1224 3775 1237 3814 :
1267 3775 1454 3816 sermo
1511 3761 1793 3816 invitantis
1817 3769 1906 3818 est

307 3848 380 3903 ad
410 3849 656 3905 melioris
685 3850 810 3904 vitae
837 3851 1144 3920 profectum
1172 3869 1185 3906 :
1219 3853 1362 3921 quod
1393 3863 1508 3917 est,
1541 3870 1574 3906 o
1598 3867 1696 3908 vos
1726 3852 1900 3925 hypo-

301 3941 487 4009 critte,
513 3952 570 3998 et
592 3957 700 3997 non
733 3943 871 4009 veri,
896 3957 998 3998 nec
1031 3943 1223 4000 fideles
1245 3946 1432 4011 amici,
1459 3945 1526 4000 ad
1561 3947 1901 4016 agnitionem

306 4033 564 4089 veritatis
590 4033 859 4102 accedite,
889 4049 1051 4103 quam
1082 4050 1180 4090 vos
1207 4036 1410 4092 habere
1454 4037 1680 4092 minime
1724 4051 1898 4094 nove-

303 4128 453 4184 ritis.

381 4220 502 4276 Dies
535 4223 634 4277 mei
651 4225 988 4278 transierunt.
1027 4223 1154 4279 Dies
1183 4219 1237 4278 hi
1266 4223 1560 4294 prmierittn
1615 4225 1899 4283 felicitatis

305 4323 543 4386 possunt
567 4315 822 4387 intelligi,
851 4315 903 4370 in
929 4315 1124 4386 quibus
1157 4317 1366 4386 pollens
1422 4311 1717 4372 virtutibus
1749 4319 1898 4374 vive-

300 4411 398 4466 bat
428 4411 614 4466 beatus
643 4410 766 4466 Job.
804 4411 915 4466 ﬂos
948 4413 1116 4482 igitur
1142 4412 1261 4467 dies
1305 4425 1335 4468 a
1375 4425 1435 4468 se
1476 4427 1583 4469 non
1635 4415 1755 4470 sine
1803 4427 1898 4485 ge-

301 4503 716 4574 mituloqultur
753 4504 1105 4574 prmerisse.
1149 4501 1368 4574 quando
1418 4504 1604 4559 multis
1660 4505 1896 4562 miseriis

2084 3288 2151 3343 In
2203 3290 2670 3360 profundissimam
2741 3295 3003 3365 infernum
3057 3297 3372 3354 descendent
3425 3305 3603 3358 omnia

2009 3393 2140 3434 mea.
2173 3381 2277 3435 Alii
2311 3381 2603 3447 dixerunt,
2643 3383 2830 3438 Omnia
2857 3385 2989 3439 bona
3016 3401 3146 3441 mea.
3180 3388 3328 3443 Bona
3383 3403 3479 3446 sua
3525 3393 3608 3449 di-

2007 3472 2081 3525 cit
2108 3470 2173 3524 ad
2207 3471 2414 3527 inferos
2439 3473 2777 3530 descensura
2805 3518 2821 3542 ,
2873 3477 3019 3546 quod
3066 3488 3151 3534 est
3201 3481 3381 3536 anima
3429 3497 3549 3540 mea
3587 3502 3598 3539 :

2009 3561 2093 3614 vel
2119 3561 2234 3629 ipse
2266 3576 2365 3628 pro
2396 3562 2506 3618 illis
2536 3577 2657 3620 sum
2689 3566 3080 3623 descensurus.
3118 3569 3254 3626 Vere
3287 3588 3393 3628 non
3421 3576 3604 3631 credi-

2011 3669 2130 3709 mus
2154 3655 2221 3709 de
2249 3655 2484 3726 justitia,
2519 3659 2662 3728 quod
2698 3670 2880 3715 tantus
2908 3677 2971 3717 ac
2999 3665 3120 3719 talis
3145 3665 3229 3720 vir
3261 3681 3361 3736 pro
3391 3671 3602 3726 sanetis

2006 3748 2266 3818 operibus
2290 3750 2403 3804 suis
2437 3750 2689 3806 frustrari
2726 3756 2982 3822 potuerit.
3008 3755 3162 3822 Quod
3193 3768 3376 3815 autem
3400 3763 3477 3816 ait
3514 3781 3523 3813 :

2079 3843 2311 3898 Putasne
2330 3847 2516 3899 saltent
2544 3847 2616 3900 ibi
2646 3848 2743 3900 erit
2774 3850 2972 3918 requies
2996 3852 3123 3904 mihi
3149 3854 3171 3906 ?
3207 3852 3353 3907 Istud
3382 3864 3466 3909 est
3497 3873 3506 3907 :
3551 3857 3596 3911 si

2007 3936 2058 3990 in
2091 3935 2191 3991 hac
2223 3938 2328 3991 vita
2359 3952 2550 4008 poenas
2584 3941 2762 4009 patior
2786 3941 3151 4012 infernarum,
3181 3958 3410 4016 putasne
3444 3948 3494 4005 in
3528 3950 3602 4006 lo-

2003 4033 2084 4087 cis
2110 4045 2398 4100 ptenarum
2430 4034 2539 4088 erit
2579 4034 2759 4105 aliqua
2799 4038 3016 4106 requies
3055 4040 3230 4094 mihi?
3271 4041 3386 4098 lloc
3415 4051 3597 4100 autem

2001 4133 2257 4194 gravatus
2287 4126 2528 4182 miseriis
2553 4128 2817 4198 loquitur,
2849 4129 3030 4200 potius
3058 4143 3219 4203 quam
3251 4137 3425 4191 victus
3450 4137 3596 4192 ditii-

2002 4217 2182 4273 dentia
2221 4237 2230 4271 :
2257 4220 2383 4290 quia
2412 4221 2534 4275 aliis
2565 4221 2700 4276 locis
2729 4223 2805 4276 ait
2842 4224 2907 4277 ad
2940 4224 3230 4280 Dominum
3267 4246 3277 4279 :
3309 4227 3439 4284 Scio
3472 4231 3598 4300 quia

2003 4310 2054 4365 in
2104 4311 2320 4369 inferno
2362 4322 2612 4386 protegas
2661 4328 2749 4371 me
2790 4333 2800 4367 :
2843 4315 3020 4372 donec
3067 4325 3405 4389 pertranseat
3444 4320 3602 4378 furor

2005 4412 2146 4458 tuus.

2565 4477 2796 4535 CAPUT
2838 4479 3028 4538 XVIII.

298 4565 673 4654 circumdatus
703 4565 812 4664 es},
837 4607 894 4652 el,
932 4565 1459 4668 ριεεείίιίιοιεηυίιί
1497 4593 1740 4652 dolorem
1796 4611 1893 4668 pa-
1920 4565 1974 4626 D
2076 4586 2416 4656 Respondens
2447 4598 2616 4644 autem
2641 4588 2848 4645 Baldttd
2877 4592 3078 4662 Suiles,
3110 4595 3242 4650 dixit
3268 4611 3285 4649 :
3322 4595 3494 4667 Usque
3521 4589 3592 4650 ad

301 4689 562 4745 tiebatttr.

373 4780 724 4851 Cagitationes
765 4791 893 4836 mea:
941 4781 1208 4850 dissipata:
1255 4787 1415 4851 sunt,
1469 4789 1764 4852 torquentes
1807 4793 1894 4836 cor

296 4889 490 4929 meum.
522 4871 743 4929 Noctem
771 4884 1031 4930 verterunt
1062 4876 1117 4929 in
1137 4875 1276 4942 diem
1299 4916 1313 4938 ,
1354 4881 1404 4930 et
1443 4888 1651 4928 rursum
1676 4884 1790 4946 post
1821 4883 1895 4929 te-

290 4968 480 5023 nebras
518 4981 668 5036 spero
697 4966 887 5023 lucent.
945 4967 1080 5023 Cum
1121 4969 1172 5022 lu
1207 4965 1369 5022 unius
1415 4966 1618 5038 jugitcr
1648 4977 1896 5022 contem-

290 5062 559 5134 plationis
582 5060 885 5117 intentione
914 5063 1124 5133 positus
1155 5077 1332 5117 essent
1363 5102 1377 5124 ,
1427 5071 1481 5116 et
1530 5061 1892 5131 cogitationes

293 5165 453 5210 meas
485 5151 745 5207 haberem
773 5163 993 5221 semper
1048 5155 1285 5209 lmentas
1337 5152 1403 5206 ad
1460 5152 1635 5206 Deum
1672 5168 1685 5206 :
1724 5153 1892 5223 plaga:

294 5246 465 5316 hujus
493 5245 945 5315 supenenlentis
977 5246 1110 5300 mihi
1140 5245 1406 5309 miserias,
1438 5243 1660 5300 easdem
1686 5244 1892 5316 cogita-

2001 4693 2151 4749 quem
2176 4681 2331 4747 ﬁnem
2356 4681 2506 4734 verba
2549 4683 2826 4751 jactabls?
2860 4685 3090 4758 intellige
3119 4689 3286 4758 prius.
3320 4699 3366 4744 et
3399 4689 3472 4744 sic
3513 4689 3592 4743 ιο-

1999 4789 2246 4844 quatitur.
2271 4773 2326 4828 Id
2357 4781 2480 4839 et,
2516 4775 2638 4844 quis
2688 4775 2809 4831 linis
2852 4777 2957 4831 erit
3005 4779 3165 4847 huius
3207 4781 3592 4849 verbositatis,

2000 4868 2153 4939 quasi
2179 4883 2286 4923 non
2318 4869 2384 4922 sit
2419 4869 2668 4923 sincerus
2707 4887 2717 4920 :
2754 4870 2837 4924 vel
2871 4871 3022 4924 solus
3059 4870 3210 4926 Joba
3236 4873 3439 4926 Baldatl
3475 4883 3597 4928 ver-

2000 4961 2169 5016 bosus
2198 4961 2480 5030 arguitur:
2517 4961 2600 5015 vel
2644 4959 2796 5030 quasi
2840 4961 3035 5029 spiritu
3069 4963 3254 5016 nescio
3296 4978 3404 5032 quo
3441 4962 3596 5018 insti-

1997 5064 2152 5124 gattts
2179 5054 2324 5124 loqui
2359 5069 2465 5108 non
2497 5052 2730 5108 desinat.

2073 5146 2249 5212 Quare
2271 5147 2494 5218 reputati
2520 5162 2700 5200 sumus
2732 5155 2785 5200 ut
2805 5152 3072 5221 jumenta,
3107 5157 3155 5202 et
3181 5148 3480 5202 sorduimus
3508 5165 3593 5202 co-

1996 5251 2109 5291 ram
2133 5241 2217 5292 te?
2243 5237 2357 5293 [loc
2384 5237 2518 5294 dicit
2545 5281 2559 5302 ,
2605 5240 2751 5310 quod
2784 5242 3252 5310 tamquam'bruta
3295 5242 3590 5296 animantia

294 5344 480 5397 tiones
506 5351 653 5396 meas
680 5357 707 5394 a
737 5352 835 5396 sua
861 5341 1021 5395 unica
1053 5339 1342 5394 soliditate
1370 5340 1422 5394 ln
1464 5351 1550 5393 tne
1583 5339 1746 5394 video
1782 5339 1895 5394 dis-
1997 5345 2092 5387 eos
2123 5340 2346 5387 sanctus
2372 5331 2477 5387 Job
2503 5333 2840 5402 despexerit,
2890 5341 2946 5387 et
2995 5335 3294 5388 vilissimas
3340 5339 3395 5389 et
3449 5334 3592 5389 indi-

290 5437 525 5504 sipalas,
557 5441 612 5488 et
640 5433 712 5488 ob
738 5434 840 5487 hoc
863 5431 1215 5488 excruciatttr
1255 5445 1350 5486 cor
1378 5440 1555 5486 meum
1593 5446 1605 5484 :
1637 5445 1702 5486 eo
1746 5429 1890 5499 «ιιιοὰ
1991 5428 2287 5499 gnissitnos
2315 5429 2588 5500 colloquio
2618 5429 3017 5483 existimaverit
3054 5448 3064 5480 :
3097 5439 3154 5484 et
3196 5429 3268 5483 ita
3307 5427 3590 5484 iracundia

294 5539 488 5582 earum
513 5525 905 5582 dilaceratione
926 5534 1242 5595 torquetur,
1266 5523 1458 5580 videns
1489 5537 1574 5578 me
1601 5523 1743 5578 mala
1769 5525 1892 5578 sim-

296 5616 526 5688 plicitati
555 5631 687 5672 mete
715 5617 1165 5673 inconvenientia
1197 5618 1494 5672 sustinere.

372 5707 435 5762 Si
475 5709 785 5775 sustinuero,
818 5711 1056 5780 infernus
1086 5709 1271 5765 domus
1293 5726 1406 5764 mea
1437 5719 1532 5777 est,
1587 5718 1634 5762 et
1665 5710 1718 5763 in
1749 5719 1889 5765 tene-

293 5803 404 5861 bris
437 5802 596 5858 stravi
625 5799 866 5860 lectulum
914 5813 1104 5858 meum.
1150 5803 1332 5859 Poenis
1378 5804 1634 5876 corporis
1683 5805 1888 5877 cogita-

1998 5531 2310 5593 pOSSESSOS,
2343 5527 2400 5575 ut
2431 5521 2748 5593 pltrenesim
2783 5522 2893 5591 pati
2922 5521 3264 5577 viderentur.

2069 5616 2210 5683 Quid
2255 5616 2432 5686 perdis
2481 5617 2711 5670 animum
2762 5629 2929 5670 meam
2977 5617 3031 5670 in
3085 5619 3262 5688 furore
3309 5619 3441 5671 tuo?
3489 5616 3592 5672 [.o.

1993 5709 2214 5781 qneodo
2241 5717 2433 5764 contra
2455 5708 2698 5764 divinam
2729 5708 2996 5778 iusntiam
3025 5751 3039 5776 ,
3091 5709 3291 5765 furoris
3345 5708 3584 5765 amentia

1993 5805 2317 5872 Cultt‘ifaitts,
2371 5804 2566 5862 animae
2611 5811 2714 5862 tua:
2747 5817 2971 5864 necesse
3005 5811 3088 5864 est
3110 5802 3312 5866 inieras
3335 5811 3588 5863 mertcm.
