  <div class='ocr_page' id='page_1' title='image "/cluster/home/n/w/nwhite01/storage/ocr_20150623/26/uva.x000826568/339.png"; bbox 0 0 4032 6342; ppageno 0'>
   <div class='ocr_carea' id='block_1_1' title="bbox 494 257 598 313">
    <p class='ocr_par' dir='ltr' id='par_1_1' title="bbox 494 257 598 313">
     <span class='ocr_line' id='line_1_1' title="bbox 494 257 598 313; baseline -0.019 0"><span class='ocrx_word' id='word_1_1' title='bbox 494 257 598 313; x_wconf 75' lang='lat'><strong>665</strong></span> 
     </span>
    </p>
   </div>
   <div class='ocr_carea' id='block_1_2' title="bbox 1281 255 2989 317">
    <p class='ocr_par' dir='ltr' id='par_1_2' title="bbox 1281 255 2989 317">
     <span class='ocr_line' id='line_1_2' title="bbox 1281 255 2989 317; baseline 0.003 -5"><span class='ocrx_word' id='word_1_2' title='bbox 1281 255 1625 312; x_wconf 58' lang='lat' dir='ltr'><strong>APPEINDIX</strong></span> <span class='ocrx_word' id='word_1_3' title='bbox 1666 256 1759 311; x_wconf 75' lang='lat' dir='ltr'><strong>AD</strong></span> <span class='ocrx_word' id='word_1_4' title='bbox 1800 255 2046 313; x_wconf 74' lang='lat' dir='ltr'><strong>TOMUM</strong></span> <span class='ocrx_word' id='word_1_5' title='bbox 2089 255 2441 314; x_wconf 76' lang='lat' dir='ltr'><strong>SEPTIMUM</strong></span> <span class='ocrx_word' id='word_1_6' title='bbox 2481 257 2538 314; x_wconf 86' lang='lat' dir='ltr'><strong>S.</strong></span> <span class='ocrx_word' id='word_1_7' title='bbox 2582 255 2989 317; x_wconf 75' lang='lat' dir='ltr'><strong>HIERONYMI.‘</strong></span> 
     </span>
    </p>
   </div>
   <div class='ocr_carea' id='block_1_3' title="bbox 3689 257 3838 320">
    <p class='ocr_par' dir='ltr' id='par_1_3' title="bbox 3689 257 3838 320">
     <span class='ocr_line' id='line_1_3' title="bbox 3689 257 3838 320; baseline 0.007 -1"><span class='ocrx_word' id='word_1_8' title='bbox 3689 257 3838 320; x_wconf 60' lang='grc'><strong>668</strong></span> 
     </span>
    </p>
   </div>
   <div class='ocr_carea' id='block_1_4' title="bbox 577 373 3830 451">
    <p class='ocr_par' dir='ltr' id='par_1_4' title="bbox 577 373 3830 451">
     <span class='ocr_line' id='line_1_4' title="bbox 577 373 3830 451; baseline -0.001 -18"><span class='ocrx_word' id='word_1_9' title='bbox 577 374 852 451; x_wconf 79' lang='lat' dir='ltr'><strong>Numquid</strong></span> <span class='ocrx_word' id='word_1_10' title='bbox 874 387 1084 450; x_wconf 85' lang='lat' dir='ltr'><strong>prapter</strong></span> <span class='ocrx_word' id='word_1_11' title='bbox 1114 386 1163 431; x_wconf 85' lang='lat' dir='ltr'><strong>te</strong></span> <span class='ocrx_word' id='word_1_12' title='bbox 1182 377 1564 445; x_wconf 85' lang='lat' dir='ltr'><strong>derelinquetur</strong></span> <span class='ocrx_word' id='word_1_13' title='bbox 1592 384 1765 440; x_wconf 86' lang='lat' dir='ltr'><strong>terra,</strong></span> <span class='ocrx_word' id='word_1_14' title='bbox 1791 385 1837 428; x_wconf 88' lang='lat' dir='ltr'><strong>et</strong></span> <span class='ocrx_word' id='word_1_15' title='bbox 1869 374 2091 444; x_wconf 78' lang='lat' dir='ltr'><strong>trausfe—</strong></span> <span class='ocrx_word' id='word_1_16' title='bbox 2117 374 2170 436; x_wconf 75' lang='grc' dir='ltr'><strong>Α</strong></span> <span class='ocrx_word' id='word_1_17' title='bbox 2197 374 2318 444; x_wconf 84' lang='lat' dir='ltr'><strong>quia</strong></span> <span class='ocrx_word' id='word_1_18' title='bbox 2355 373 2578 429; x_wconf 82' lang='lat' dir='ltr'><strong>verbum</strong></span> <span class='ocrx_word' id='word_1_19' title='bbox 2607 374 2750 445; x_wconf 89' lang='lat' dir='ltr'><strong>quod</strong></span> <span class='ocrx_word' id='word_1_20' title='bbox 2796 373 3046 444; x_wconf 75' lang='lat' dir='ltr'><strong>procedit</strong></span> <span class='ocrx_word' id='word_1_21' title='bbox 3081 373 3152 430; x_wconf 88' lang='lat' dir='ltr'><strong>de</strong></span> <span class='ocrx_word' id='word_1_22' title='bbox 3197 389 3293 432; x_wconf 87' lang='lat' dir='ltr'><strong>ore</strong></span> <span class='ocrx_word' id='word_1_23' title='bbox 3345 375 3479 443; x_wconf 90' lang='lat' dir='ltr'><strong>Dei,</strong></span> <span class='ocrx_word' id='word_1_24' title='bbox 3543 374 3830 445; x_wconf 79' lang='lat' dir='ltr'><strong>accipere</strong></span> 
     </span>
    </p>
   </div>
   <div class='ocr_carea' id='block_1_5' title="bbox 501 465 2087 538">
    <p class='ocr_par' dir='ltr' id='par_1_5' title="bbox 501 465 2087 538">
     <span class='ocr_line' id='line_1_5' title="bbox 501 465 2087 538; baseline -0.004 -12"><span class='ocrx_word' id='word_1_25' title='bbox 501 480 684 526; x_wconf 88' lang='lat' dir='ltr'><strong>rentur</strong></span> <span class='ocrx_word' id='word_1_26' title='bbox 733 488 889 538; x_wconf 87' lang='lat' dir='ltr'><strong>rupes</strong></span> <span class='ocrx_word' id='word_1_27' title='bbox 946 470 1010 523; x_wconf 84' lang='lat' dir='ltr'><strong>de</strong></span> <span class='ocrx_word' id='word_1_28' title='bbox 1056 467 1171 522; x_wconf 83' lang='lat' dir='ltr'><strong>loco</strong></span> <span class='ocrx_word' id='word_1_29' title='bbox 1216 469 1347 521; x_wconf 87' lang='lat' dir='ltr'><strong>suo?</strong></span> <span class='ocrx_word' id='word_1_30' title='bbox 1393 466 1688 537; x_wconf 80' lang='lat' dir='ltr'><strong>Tamquam</strong></span> <span class='ocrx_word' id='word_1_31' title='bbox 1740 467 1784 520; x_wconf 90' lang='lat' dir='ltr'><strong>si</strong></span> <span class='ocrx_word' id='word_1_32' title='bbox 1835 465 2087 521; x_wconf 76' lang='lat' dir='ltr'><strong>diceret:</strong></span> 
     </span>
    </p>
   </div>
   <div class='ocr_carea' id='block_1_6' title="bbox 509 559 2092 635">
    <p class='ocr_par' dir='ltr' id='par_1_6' title="bbox 509 559 2092 635">
     <span class='ocr_line' id='line_1_6' title="bbox 509 559 2092 635; baseline -0.003 -17"><span class='ocrx_word' id='word_1_33' title='bbox 509 565 774 635; x_wconf 91' lang='lat' dir='ltr'><strong>numquid</strong></span> <span class='ocrx_word' id='word_1_34' title='bbox 809 571 1032 634; x_wconf 84' lang='lat' dir='ltr'><strong>prOptcr</strong></span> <span class='ocrx_word' id='word_1_35' title='bbox 1062 570 1114 615; x_wconf 91' lang='lat' dir='ltr'><strong>te</strong></span> <span class='ocrx_word' id='word_1_36' title='bbox 1144 559 1382 615; x_wconf 91' lang='lat' dir='ltr'><strong>mundtts</strong></span> <span class='ocrx_word' id='word_1_37' title='bbox 1411 560 1475 614; x_wconf 88' lang='lat' dir='ltr'><strong>ad</strong></span> <span class='ocrx_word' id='word_1_38' title='bbox 1502 570 1768 615; x_wconf 84' lang='lat' dir='ltr'><strong>rectorem</strong></span> <span class='ocrx_word' id='word_1_39' title='bbox 1793 575 1950 614; x_wconf 85' lang='lat' dir='ltr'><strong>suum</strong></span> <span class='ocrx_word' id='word_1_40' title='bbox 1984 575 2092 614; x_wconf 88' lang='lat' dir='ltr'><strong>non</strong></span> 
     </span>
    </p>
   </div>
   <div class='ocr_carea' id='block_1_7' title="bbox 506 651 2094 727">
    <p class='ocr_par' dir='ltr' id='par_1_7' title="bbox 506 651 2094 727">
     <span class='ocr_line' id='line_1_7' title="bbox 506 651 2094 727; baseline -0.004 -16"><span class='ocrx_word' id='word_1_41' title='bbox 506 656 800 727; x_wconf 90' lang='lat' dir='ltr'><strong>pertinebit</strong></span> <span class='ocrx_word' id='word_1_42' title='bbox 835 661 930 707; x_wconf 89' lang='lat' dir='ltr'><strong>:ut</strong></span> <span class='ocrx_word' id='word_1_43' title='bbox 961 655 1004 706; x_wconf 91' lang='lat' dir='ltr'><strong>si</strong></span> <span class='ocrx_word' id='word_1_44' title='bbox 1045 667 1181 722; x_wconf 85' lang='lat' dir='ltr'><strong>quos</strong></span> <span class='ocrx_word' id='word_1_45' title='bbox 1227 659 1542 722; x_wconf 73' lang='lat' dir='ltr'><strong>peceatores</strong></span> <span class='ocrx_word' id='word_1_46' title='bbox 1592 651 1904 717; x_wconf 89' lang='lat' dir='ltr'><strong>invenerit,</strong></span> <span class='ocrx_word' id='word_1_47' title='bbox 1953 653 2094 705; x_wconf 83' lang='lat' dir='ltr'><strong>sicut</strong></span> 
     </span>
    </p>
   </div>
   <div class='ocr_carea' id='block_1_8' title="bbox 505 742 2094 815">
    <p class='ocr_par' dir='ltr' id='par_1_8' title="bbox 505 742 2094 815">
     <span class='ocr_line' id='line_1_8' title="bbox 505 742 2094 815; baseline -0.002 -15"><span class='ocrx_word' id='word_1_48' title='bbox 505 757 559 801; x_wconf 91' lang='lat' dir='ltr'><strong>et</strong></span> <span class='ocrx_word' id='word_1_49' title='bbox 592 748 847 815; x_wconf 89' lang='lat' dir='ltr'><strong>teipsum,</strong></span> <span class='ocrx_word' id='word_1_50' title='bbox 883 759 988 798; x_wconf 91' lang='lat' dir='ltr'><strong>non</strong></span> <span class='ocrx_word' id='word_1_51' title='bbox 1022 743 1230 812; x_wconf 90' lang='lat' dir='ltr'><strong>puniat.</strong></span> <span class='ocrx_word' id='word_1_52' title='bbox 1259 742 1446 797; x_wconf 79' lang='lat' dir='ltr'><strong>Terrae</strong></span> <span class='ocrx_word' id='word_1_53' title='bbox 1477 757 1610 797; x_wconf 89' lang='lat' dir='ltr'><strong>vero</strong></span> <span class='ocrx_word' id='word_1_54' title='bbox 1654 752 1708 798; x_wconf 89' lang='lat' dir='ltr'><strong>et</strong></span> <span class='ocrx_word' id='word_1_55' title='bbox 1751 743 1967 812; x_wconf 92' lang='lat' dir='ltr'><strong>rupium</strong></span> <span class='ocrx_word' id='word_1_56' title='bbox 1998 756 2094 798; x_wconf 83' lang='lat' dir='ltr'><strong>no-</strong></span> 
     </span>
    </p>
   </div>
   <div class='ocr_carea' id='block_1_9' title="bbox 504 835 2091 907">
    <p class='ocr_par' dir='ltr' id='par_1_9' title="bbox 504 835 2091 907">
     <span class='ocr_line' id='line_1_9' title="bbox 504 835 2091 907; baseline -0.004 -13"><span class='ocrx_word' id='word_1_57' title='bbox 504 839 649 895; x_wconf 86' lang='lat' dir='ltr'><strong>mine</strong></span> <span class='ocrx_word' id='word_1_58' title='bbox 680 836 1082 907; x_wconf 84' lang='lat' dir='ltr'><strong>metapltoricos</strong></span> <span class='ocrx_word' id='word_1_59' title='bbox 1109 836 1370 891; x_wconf 88' lang='lat' dir='ltr'><strong>universa</strong></span> <span class='ocrx_word' id='word_1_60' title='bbox 1403 835 1693 890; x_wconf 84' lang='lat' dir='ltr'><strong>multitudo</strong></span> <span class='ocrx_word' id='word_1_61' title='bbox 1734 835 2091 906; x_wconf 89' lang='lat' dir='ltr'><strong>populorum,</strong></span> 
     </span>
    </p>
   </div>
   <div class='ocr_carea' id='block_1_10' title="bbox 502 929 2091 1001">
    <p class='ocr_par' dir='ltr' id='par_1_10' title="bbox 502 929 2091 1001">
     <span class='ocr_line' id='line_1_10' title="bbox 502 929 2091 1001; baseline -0.003 -14"><span class='ocrx_word' id='word_1_62' title='bbox 502 941 556 987; x_wconf 89' lang='lat' dir='ltr'><strong>et</strong></span> <span class='ocrx_word' id='word_1_63' title='bbox 585 931 784 986; x_wconf 84' lang='lat' dir='ltr'><strong>excelsi</strong></span> <span class='ocrx_word' id='word_1_64' title='bbox 815 931 1018 1001; x_wconf 87' lang='lat' dir='ltr'><strong>quique</strong></span> <span class='ocrx_word' id='word_1_65' title='bbox 1060 930 1247 985; x_wconf 91' lang='lat' dir='ltr'><strong>mundi</strong></span> <span class='ocrx_word' id='word_1_66' title='bbox 1292 939 1348 984; x_wconf 92' lang='lat' dir='ltr'><strong>et</strong></span> <span class='ocrx_word' id='word_1_67' title='bbox 1378 929 1638 999; x_wconf 86' lang='lat' dir='ltr'><strong>superbi,</strong></span> <span class='ocrx_word' id='word_1_68' title='bbox 1687 945 1750 984; x_wconf 86' lang='lat' dir='ltr'><strong>ac</strong></span> <span class='ocrx_word' id='word_1_69' title='bbox 1801 938 2051 1000; x_wconf 86' lang='lat' dir='ltr'><strong>potentes</strong></span> <span class='ocrx_word' id='word_1_70' title='bbox 2077 975 2091 998; x_wconf 89' lang='lat'><strong>,</strong></span> 
     </span>
    </p>
   </div>
   <div class='ocr_carea' id='block_1_11' title="bbox 506 1025 2096 1098">
    <p class='ocr_par' dir='ltr' id='par_1_11' title="bbox 506 1025 2096 1098">
     <span class='ocr_line' id='line_1_11' title="bbox 506 1025 2096 1098; baseline -0.002 -17"><span class='ocrx_word' id='word_1_71' title='bbox 506 1038 737 1098; x_wconf 58' lang='lat' dir='ltr'><strong>possunt</strong></span> <span class='ocrx_word' id='word_1_72' title='bbox 769 1028 1025 1096; x_wconf 76' lang='lat' dir='ltr'><strong>intelligi.</strong></span> <span class='ocrx_word' id='word_1_73' title='bbox 1051 1025 1292 1081; x_wconf 85' lang='lat' dir='ltr'><strong>Possunt</strong></span> <span class='ocrx_word' id='word_1_74' title='bbox 1323 1041 1487 1094; x_wconf 87' lang='lat' dir='ltr'><strong>rupes</strong></span> <span class='ocrx_word' id='word_1_75' title='bbox 1514 1067 1529 1089; x_wconf 83' lang='lat'><strong>,</strong></span> <span class='ocrx_word' id='word_1_76' title='bbox 1578 1034 1631 1079; x_wconf 89' lang='lat' dir='ltr'><strong>et</strong></span> <span class='ocrx_word' id='word_1_77' title='bbox 1668 1025 1865 1078; x_wconf 73' lang='lat' dir='ltr'><strong>animm</strong></span> <span class='ocrx_word' id='word_1_78' title='bbox 1915 1025 2096 1078; x_wconf 89' lang='lat' dir='ltr'><strong>homi-</strong></span> 
     </span>
    </p>
   </div>
   <div class='ocr_carea' id='block_1_12' title="bbox 507 1115 2097 1189">
    <p class='ocr_par' dir='ltr' id='par_1_12' title="bbox 507 1115 2097 1189">
     <span class='ocr_line' id='line_1_12' title="bbox 507 1115 2097 1189; baseline -0.003 -14"><span class='ocrx_word' id='word_1_79' title='bbox 507 1137 660 1189; x_wconf 85' lang='lat' dir='ltr'><strong>num,</strong></span> <span class='ocrx_word' id='word_1_80' title='bbox 689 1133 746 1176; x_wconf 92' lang='lat' dir='ltr'><strong>ut</strong></span> <span class='ocrx_word' id='word_1_81' title='bbox 776 1133 946 1187; x_wconf 81' lang='lat' dir='ltr'><strong>terra,</strong></span> <span class='ocrx_word' id='word_1_82' title='bbox 979 1135 1109 1174; x_wconf 87' lang='lat' dir='ltr'><strong>caro</strong></span> <span class='ocrx_word' id='word_1_83' title='bbox 1133 1121 1370 1173; x_wconf 88' lang='lat' dir='ltr'><strong>humana</strong></span> <span class='ocrx_word' id='word_1_84' title='bbox 1399 1116 1648 1187; x_wconf 85' lang='lat' dir='ltr'><strong>intelligi.</strong></span> <span class='ocrx_word' id='word_1_85' title='bbox 1679 1117 1787 1172; x_wconf 90' lang='lat' dir='ltr'><strong>Sed</strong></span> <span class='ocrx_word' id='word_1_86' title='bbox 1820 1125 1875 1172; x_wconf 92' lang='lat' dir='ltr'><strong>et</strong></span> <span class='ocrx_word' id='word_1_87' title='bbox 1923 1115 2097 1186; x_wconf 85' lang='lat' dir='ltr'><strong>angeli</strong></span> 
     </span>
    </p>
   </div>
   <div class='ocr_carea' id='block_1_13' title="bbox 501 1211 2097 1283">
    <p class='ocr_par' dir='ltr' id='par_1_13' title="bbox 501 1211 2097 1283">
     <span class='ocr_line' id='line_1_13' title="bbox 501 1211 2097 1283; baseline -0.001 -17"><span class='ocrx_word' id='word_1_88' title='bbox 501 1226 725 1283; x_wconf 81' lang='lat' dir='ltr'><strong>propter</strong></span> <span class='ocrx_word' id='word_1_89' title='bbox 768 1213 1154 1268; x_wconf 83' lang='lat' dir='ltr'><strong>celsitudinem</strong></span> <span class='ocrx_word' id='word_1_90' title='bbox 1213 1220 1424 1266; x_wconf 71' lang='lat' dir='ltr'><strong>naturte</strong></span> <span class='ocrx_word' id='word_1_91' title='bbox 1481 1225 1592 1264; x_wconf 77' lang='lat' dir='ltr'><strong>sua:</strong></span> <span class='ocrx_word' id='word_1_92' title='bbox 1655 1211 2097 1280; x_wconf 88' lang='lat' dir='ltr'><strong>eminentemque</strong></span> 
     </span>
    </p>
   </div>
   <div class='ocr_carea' id='block_1_14' title="bbox 503 1306 1402 1376">
    <p class='ocr_par' dir='ltr' id='par_1_14' title="bbox 503 1306 1402 1376">
     <span class='ocr_line' id='line_1_14' title="bbox 503 1306 1402 1376; baseline -0.006 -14"><span class='ocrx_word' id='word_1_93' title='bbox 503 1308 791 1373; x_wconf 75' lang='lat' dir='ltr'><strong>honorem,</strong></span> <span class='ocrx_word' id='word_1_94' title='bbox 818 1321 983 1375; x_wconf 88' lang='lat' dir='ltr'><strong>rupes</strong></span> <span class='ocrx_word' id='word_1_95' title='bbox 1010 1306 1116 1360; x_wconf 91' lang='lat' dir='ltr'><strong>dici</strong></span> <span class='ocrx_word' id='word_1_96' title='bbox 1152 1313 1402 1376; x_wconf 75' lang='lat' dir='ltr'><strong>possunt.</strong></span> 
     </span>
    </p>
   </div>
   <div class='ocr_carea' id='block_1_15' title="bbox 581 1395 2103 1470">
    <p class='ocr_par' dir='ltr' id='par_1_15' title="bbox 581 1395 2103 1470">
     <span class='ocr_line' id='line_1_15' title="bbox 581 1395 2103 1470; baseline -0.004 -17"><span class='ocrx_word' id='word_1_97' title='bbox 581 1399 774 1453; x_wconf 85' lang='lat' dir='ltr'><strong>Nonne</strong></span> <span class='ocrx_word' id='word_1_98' title='bbox 830 1399 924 1452; x_wconf 68' lang='lat' dir='ltr'><strong>lucc</strong></span> <span class='ocrx_word' id='word_1_99' title='bbox 982 1399 1131 1470; x_wconf 88' lang='lat' dir='ltr'><strong>impii</strong></span> <span class='ocrx_word' id='word_1_100' title='bbox 1187 1397 1547 1466; x_wconf 69' lang='lat' dir='ltr'><strong>exstinguetur</strong></span> <span class='ocrx_word' id='word_1_101' title='bbox 1603 1410 1620 1450; x_wconf 91' lang='lat'><strong><em>:</em></strong></span> <span class='ocrx_word' id='word_1_102' title='bbox 1675 1411 1768 1449; x_wconf 87' lang='lat' dir='ltr'><strong>nec</strong></span> <span class='ocrx_word' id='word_1_103' title='bbox 1814 1395 2103 1465; x_wconf 67' lang='lat' dir='ltr'><strong>splendebit</strong></span> 
     </span>
    </p>
   </div>
   <div class='ocr_carea' id='block_1_16' title="bbox 513 1490 2098 1564">
    <p class='ocr_par' dir='ltr' id='par_1_16' title="bbox 513 1490 2098 1564">
     <span class='ocr_line' id='line_1_16' title="bbox 513 1490 2098 1564; baseline -0.001 -19"><span class='ocrx_word' id='word_1_104' title='bbox 513 1496 727 1564; x_wconf 77' lang='lat' dir='ltr'><strong>ﬂamma</strong></span> <span class='ocrx_word' id='word_1_105' title='bbox 783 1492 918 1562; x_wconf 81' lang='lat' dir='ltr'><strong>ignis</strong></span> <span class='ocrx_word' id='word_1_106' title='bbox 974 1492 1135 1564; x_wconf 87' lang='lat' dir='ltr'><strong>ejus?</strong></span> <span class='ocrx_word' id='word_1_107' title='bbox 1187 1490 1334 1545; x_wconf 90' lang='lat' dir='ltr'><strong>Luce</strong></span> <span class='ocrx_word' id='word_1_108' title='bbox 1392 1490 1708 1544; x_wconf 81' lang='lat' dir='ltr'><strong>felicitatem</strong></span> <span class='ocrx_word' id='word_1_109' title='bbox 1769 1501 2098 1560; x_wconf 84' lang='lat' dir='ltr'><strong>pra-sentem</strong></span> 
     </span>
    </p>
   </div>
   <div class='ocr_carea' id='block_1_17' title="bbox 511 1581 2098 1654">
    <p class='ocr_par' dir='ltr' id='par_1_17' title="bbox 511 1581 2098 1654">
     <span class='ocr_line' id='line_1_17' title="bbox 511 1581 2098 1654; baseline -0.002 -16"><span class='ocrx_word' id='word_1_110' title='bbox 511 1600 671 1654; x_wconf 90' lang='lat' dir='ltr'><strong>quam</strong></span> <span class='ocrx_word' id='word_1_111' title='bbox 702 1595 923 1638; x_wconf 89' lang='lat' dir='ltr'><strong>sanctus</strong></span> <span class='ocrx_word' id='word_1_112' title='bbox 949 1583 1052 1637; x_wconf 82' lang='lat' dir='ltr'><strong>Job</strong></span> <span class='ocrx_word' id='word_1_113' title='bbox 1082 1582 1359 1653; x_wconf 83' lang='lat' dir='ltr'><strong>gloriosus</strong></span> <span class='ocrx_word' id='word_1_114' title='bbox 1382 1582 1596 1652; x_wconf 83' lang='lat' dir='ltr'><strong>agebat,</strong></span> <span class='ocrx_word' id='word_1_115' title='bbox 1617 1581 1963 1651; x_wconf 85' lang='lat' dir='ltr'><strong>significavit,</strong></span> <span class='ocrx_word' id='word_1_116' title='bbox 1994 1582 2098 1636; x_wconf 91' lang='lat' dir='ltr'><strong>sic-</strong></span> 
     </span>
    </p>
   </div>
   <div class='ocr_carea' id='block_1_18' title="bbox 514 1674 2100 1745">
    <p class='ocr_par' dir='ltr' id='par_1_18' title="bbox 514 1674 2100 1745">
     <span class='ocr_line' id='line_1_18' title="bbox 514 1674 2100 1745; baseline -0.002 -14"><span class='ocrx_word' id='word_1_117' title='bbox 514 1686 574 1731; x_wconf 87' lang='lat' dir='ltr'><strong>ut</strong></span> <span class='ocrx_word' id='word_1_118' title='bbox 605 1688 660 1731; x_wconf 89' lang='lat' dir='ltr'><strong>et</strong></span> <span class='ocrx_word' id='word_1_119' title='bbox 683 1674 941 1731; x_wconf 89' lang='lat' dir='ltr'><strong>Salomon</strong></span> <span class='ocrx_word' id='word_1_120' title='bbox 967 1676 1038 1730; x_wconf 85' lang='lat' dir='ltr'><strong>ait</strong></span> <span class='ocrx_word' id='word_1_121' title='bbox 1068 1695 1078 1728; x_wconf 93' lang='lat'>:</span> <span class='ocrx_word' id='word_1_122' title='bbox 1121 1674 1320 1728; x_wconf 83' lang='lat' dir='ltr'><strong>Lumen</strong></span> <span class='ocrx_word' id='word_1_123' title='bbox 1349 1690 1466 1727; x_wconf 74' lang='lat' dir='ltr'><strong>vero</strong></span> <span class='ocrx_word' id='word_1_124' title='bbox 1488 1675 1766 1744; x_wconf 86' lang='lat' dir='ltr'><strong>impiorum</strong></span> <span class='ocrx_word' id='word_1_125' title='bbox 1804 1675 2100 1745; x_wconf 75' lang='lat' dir='ltr'><strong>exstingue-</strong></span> 
     </span>
    </p>
   </div>
   <div class='ocr_carea' id='block_1_19' title="bbox 2198 467 3825 537">
    <p class='ocr_par' dir='ltr' id='par_1_19' title="bbox 2198 467 3825 537">
     <span class='ocr_line' id='line_1_19' title="bbox 2198 467 3825 537; baseline 0.001 -15"><span class='ocrx_word' id='word_1_126' title='bbox 2198 485 2303 522; x_wconf 90' lang='lat' dir='ltr'><strong>non</strong></span> <span class='ocrx_word' id='word_1_127' title='bbox 2355 477 2619 523; x_wconf 88' lang='lat' dir='ltr'><strong>meretur.</strong></span> <span class='ocrx_word' id='word_1_128' title='bbox 2679 469 2747 523; x_wconf 88' lang='lat' dir='ltr'><strong>Et</strong></span> <span class='ocrx_word' id='word_1_129' title='bbox 2798 468 3003 524; x_wconf 92' lang='lat' dir='ltr'><strong>idcirco</strong></span> <span class='ocrx_word' id='word_1_130' title='bbox 3044 468 3147 523; x_wconf 87' lang='lat' dir='ltr'><strong>sub</strong></span> <span class='ocrx_word' id='word_1_131' title='bbox 3187 467 3410 524; x_wconf 89' lang='lat' dir='ltr'><strong>nomine</strong></span> <span class='ocrx_word' id='word_1_132' title='bbox 3472 477 3761 524; x_wconf 88' lang='lat' dir='ltr'><strong>costarum</strong></span> <span class='ocrx_word' id='word_1_133' title='bbox 3799 512 3825 537; x_wconf 87' lang='lat'><strong>,</strong></span> 
     </span>
    </p>
   </div>
   <div class='ocr_carea' id='block_1_20' title="bbox 2199 559 3832 630">
    <p class='ocr_par' dir='ltr' id='par_1_20' title="bbox 2199 559 3832 630">
     <span class='ocr_line' id='line_1_20' title="bbox 2199 559 3832 630; baseline 0.002 -17"><span class='ocrx_word' id='word_1_134' title='bbox 2199 560 2436 614; x_wconf 83' lang='lat' dir='ltr'><strong>thoracis</strong></span> <span class='ocrx_word' id='word_1_135' title='bbox 2468 560 2800 614; x_wconf 89' lang='lat' dir='ltr'><strong>munimenta</strong></span> <span class='ocrx_word' id='word_1_136' title='bbox 2839 559 3261 629; x_wconf 78' lang='lat' dir='ltr'><strong>significantur:</strong></span> <span class='ocrx_word' id='word_1_137' title='bbox 3308 561 3508 630; x_wconf 90' lang='lat' dir='ltr'><strong>quibus</strong></span> <span class='ocrx_word' id='word_1_138' title='bbox 3557 577 3618 616; x_wconf 89' lang='lat' dir='ltr'><strong>se</strong></span> <span class='ocrx_word' id='word_1_139' title='bbox 3651 562 3832 617; x_wconf 73' lang='lat' dir='ltr'><strong>velut</strong></span> 
     </span>
    </p>
   </div>
   <div class='ocr_carea' id='block_1_21' title="bbox 2196 651 3824 722">
    <p class='ocr_par' dir='ltr' id='par_1_21' title="bbox 2196 651 3824 722">
     <span class='ocr_line' id='line_1_21' title="bbox 2196 651 3824 722; baseline 0.003 -19"><span class='ocrx_word' id='word_1_140' title='bbox 2196 651 2431 722; x_wconf 89' lang='lat' dir='ltr'><strong>quadam</strong></span> <span class='ocrx_word' id='word_1_141' title='bbox 2456 651 2820 706; x_wconf 89' lang='lat' dir='ltr'><strong>obduratione</strong></span> <span class='ocrx_word' id='word_1_142' title='bbox 2846 651 3179 720; x_wconf 77' lang='lat' dir='ltr'><strong>construxit,</strong></span> <span class='ocrx_word' id='word_1_143' title='bbox 3206 659 3264 706; x_wconf 92' lang='lat' dir='ltr'><strong>ut</strong></span> <span class='ocrx_word' id='word_1_144' title='bbox 3291 666 3416 707; x_wconf 90' lang='lat' dir='ltr'><strong>eum</strong></span> <span class='ocrx_word' id='word_1_145' title='bbox 3442 652 3605 707; x_wconf 88' lang='lat' dir='ltr'><strong>cibus</strong></span> <span class='ocrx_word' id='word_1_146' title='bbox 3627 651 3824 708; x_wconf 80' lang='lat' dir='ltr'><strong>divini</strong></span> 
     </span>
    </p>
   </div>
   <div class='ocr_carea' id='block_1_22' title="bbox 2197 742 3822 817">
    <p class='ocr_par' dir='ltr' id='par_1_22' title="bbox 2197 742 3822 817">
     <span class='ocr_line' id='line_1_22' title="bbox 2197 742 3822 817; baseline 0.002 -18"><span class='ocrx_word' id='word_1_147' title='bbox 2197 745 2399 816; x_wconf 91' lang='lat' dir='ltr'><strong>eloquii</strong></span> <span class='ocrx_word' id='word_1_148' title='bbox 2429 759 2536 799; x_wconf 92' lang='lat' dir='ltr'><strong>non</strong></span> <span class='ocrx_word' id='word_1_149' title='bbox 2568 743 2749 800; x_wconf 86' lang='lat' dir='ltr'><strong>adeat.</strong></span> <span class='ocrx_word' id='word_1_150' title='bbox 2772 742 2901 800; x_wconf 84' lang='lat' dir='ltr'><strong>Sive</strong></span> <span class='ocrx_word' id='word_1_151' title='bbox 2930 745 3095 801; x_wconf 82' lang='lat' dir='ltr'><strong>etiam</strong></span> <span class='ocrx_word' id='word_1_152' title='bbox 3127 744 3423 814; x_wconf 89' lang='lat' dir='ltr'><strong>impiorum</strong></span> <span class='ocrx_word' id='word_1_153' title='bbox 3455 745 3678 817; x_wconf 86' lang='lat' dir='ltr'><strong>plagam</strong></span> <span class='ocrx_word' id='word_1_154' title='bbox 3703 745 3822 802; x_wconf 78' lang='lat' dir='ltr'><strong>de-</strong></span> 
     </span>
    </p>
   </div>
   <div class='ocr_carea' id='block_1_23' title="bbox 2197 839 2410 896">
    <p class='ocr_par' dir='ltr' id='par_1_23' title="bbox 2197 839 2410 896">
     <span class='ocr_line' id='line_1_23' title="bbox 2197 839 2410 896; baseline -0.019 0"><span class='ocrx_word' id='word_1_155' title='bbox 2197 839 2410 896; x_wconf 83' lang='lat' dir='ltr'><strong>scribit.</strong></span> 
     </span>
    </p>
   </div>
   <div class='ocr_carea' id='block_1_24' title="bbox 2271 931 3827 1005">
    <p class='ocr_par' dir='ltr' id='par_1_24' title="bbox 2271 931 3827 1005">
     <span class='ocr_line' id='line_1_24' title="bbox 2271 931 3827 1005; baseline 0.004 -21"><span class='ocrx_word' id='word_1_156' title='bbox 2271 932 2490 985; x_wconf 86' lang='lat' dir='ltr'><strong>Devoret</strong></span> <span class='ocrx_word' id='word_1_157' title='bbox 2515 931 2960 1000; x_wconf 85' lang='lat' dir='ltr'><strong>pulchritudinem</strong></span> <span class='ocrx_word' id='word_1_158' title='bbox 2977 933 3107 987; x_wconf 86' lang='lat' dir='ltr'><strong>cutis</strong></span> <span class='ocrx_word' id='word_1_159' title='bbox 3129 937 3273 1005; x_wconf 87' lang='lat' dir='ltr'><strong>ejus,</strong></span> <span class='ocrx_word' id='word_1_160' title='bbox 3304 944 3352 987; x_wconf 88' lang='lat' dir='ltr'><strong>et</strong></span> <span class='ocrx_word' id='word_1_161' title='bbox 3383 945 3658 988; x_wconf 76' lang='lat' dir='ltr'><strong>consumat</strong></span> <span class='ocrx_word' id='word_1_162' title='bbox 3689 934 3827 991; x_wconf 76' lang='lat' dir='ltr'><strong>bra-</strong></span> 
     </span>
    </p>
   </div>
   <div class='ocr_carea' id='block_1_25' title="bbox 2200 1022 3820 1095">
    <p class='ocr_par' dir='ltr' id='par_1_25' title="bbox 2200 1022 3820 1095">
     <span class='ocr_line' id='line_1_25' title="bbox 2200 1022 3820 1095; baseline 0.002 -17"><span class='ocrx_word' id='word_1_163' title='bbox 2200 1022 2317 1078; x_wconf 84' lang='lat' dir='ltr'><strong>chia</strong></span> <span class='ocrx_word' id='word_1_164' title='bbox 2347 1022 2490 1077; x_wconf 86' lang='lat' dir='ltr'><strong>illius</strong></span> <span class='ocrx_word' id='word_1_165' title='bbox 2520 1023 2865 1095; x_wconf 75' lang='lat' dir='ltr'><strong>prinwgenita</strong></span> <span class='ocrx_word' id='word_1_166' title='bbox 2887 1041 3049 1079; x_wconf 86' lang='lat' dir='ltr'><strong>mors.</strong></span> <span class='ocrx_word' id='word_1_167' title='bbox 3099 1023 3570 1080; x_wconf 83' lang='lat' dir='ltr'><strong>Pulcltritudinem</strong></span> <span class='ocrx_word' id='word_1_168' title='bbox 3615 1025 3764 1081; x_wconf 88' lang='lat' dir='ltr'><strong>cutis</strong></span> <span class='ocrx_word' id='word_1_169' title='bbox 3791 1066 3820 1090; x_wconf 87' lang='lat'><strong>,</strong></span> 
     </span>
    </p>
   </div>
   <div class='ocr_carea' id='block_1_26' title="bbox 2201 1116 3828 1182">
    <p class='ocr_par' dir='ltr' id='par_1_26' title="bbox 2201 1116 3828 1182">
     <span class='ocr_line' id='line_1_26' title="bbox 2201 1116 3828 1182; baseline 0.001 -10"><span class='ocrx_word' id='word_1_170' title='bbox 2201 1117 2252 1172; x_wconf 90' lang='lat' dir='ltr'><strong>id</strong></span> <span class='ocrx_word' id='word_1_171' title='bbox 2283 1125 2387 1176; x_wconf 86' lang='lat' dir='ltr'><strong>est.</strong></span> <span class='ocrx_word' id='word_1_172' title='bbox 2421 1127 2745 1173; x_wconf 85' lang='lat' dir='ltr'><strong>ornamenta</strong></span> <span class='ocrx_word' id='word_1_173' title='bbox 2773 1117 3035 1173; x_wconf 85' lang='lat' dir='ltr'><strong>virtutum</strong></span> <span class='ocrx_word' id='word_1_174' title='bbox 3057 1159 3073 1181; x_wconf 92' lang='lat'><strong>,</strong></span> <span class='ocrx_word' id='word_1_175' title='bbox 3099 1125 3156 1172; x_wconf 90' lang='lat' dir='ltr'><strong>et</strong></span> <span class='ocrx_word' id='word_1_176' title='bbox 3202 1116 3425 1172; x_wconf 87' lang='lat' dir='ltr'><strong>brachia</strong></span> <span class='ocrx_word' id='word_1_177' title='bbox 3447 1158 3464 1182; x_wconf 92' lang='lat'><strong>,</strong></span> <span class='ocrx_word' id='word_1_178' title='bbox 3525 1116 3828 1173; x_wconf 83' lang='lat' dir='ltr'><strong>fortitudi-</strong></span> 
     </span>
    </p>
   </div>
   <div class='ocr_carea' id='block_1_27' title="bbox 2201 1210 3821 1282">
    <p class='ocr_par' dir='ltr' id='par_1_27' title="bbox 2201 1210 3821 1282">
     <span class='ocr_line' id='line_1_27' title="bbox 2201 1210 3821 1282; baseline 0.002 -17"><span class='ocrx_word' id='word_1_179' title='bbox 2201 1225 2326 1266; x_wconf 90' lang='lat' dir='ltr'><strong>nem</strong></span> <span class='ocrx_word' id='word_1_180' title='bbox 2351 1211 2507 1280; x_wconf 82' lang='lat' dir='ltr'><strong>regni</strong></span> <span class='ocrx_word' id='word_1_181' title='bbox 2533 1211 2672 1282; x_wconf 93' lang='lat' dir='ltr'><strong>ejus,</strong></span> <span class='ocrx_word' id='word_1_182' title='bbox 2699 1211 2936 1266; x_wconf 86' lang='lat' dir='ltr'><strong>confecit</strong></span> <span class='ocrx_word' id='word_1_183' title='bbox 2966 1210 3219 1266; x_wconf 89' lang='lat' dir='ltr'><strong>diabolus</strong></span> <span class='ocrx_word' id='word_1_184' title='bbox 3251 1229 3265 1265; x_wconf 89' lang='lat'><strong>:</strong></span> <span class='ocrx_word' id='word_1_185' title='bbox 3308 1210 3402 1282; x_wconf 92' lang='lat' dir='ltr'><strong>qui</strong></span> <span class='ocrx_word' id='word_1_186' title='bbox 3448 1211 3574 1266; x_wconf 90' lang='lat' dir='ltr'><strong>ideo</strong></span> <span class='ocrx_word' id='word_1_187' title='bbox 3597 1213 3821 1280; x_wconf 85' lang='lat' dir='ltr'><strong>primo-</strong></span> 
     </span>
    </p>
   </div>
   <div class='ocr_carea' id='block_1_28' title="bbox 2201 1303 3805 1374">
    <p class='ocr_par' dir='ltr' id='par_1_28' title="bbox 2201 1303 3805 1374">
     <span class='ocr_line' id='line_1_28' title="bbox 2201 1303 3805 1374; baseline 0.002 -17"><span class='ocrx_word' id='word_1_188' title='bbox 2201 1303 2380 1374; x_wconf 85' lang='lat' dir='ltr'><strong>genita</strong></span> <span class='ocrx_word' id='word_1_189' title='bbox 2407 1317 2558 1357; x_wconf 85' lang='lat' dir='ltr'><strong>mors</strong></span> <span class='ocrx_word' id='word_1_190' title='bbox 2587 1304 2893 1374; x_wconf 87' lang='lat' dir='ltr'><strong>appellatus</strong></span> <span class='ocrx_word' id='word_1_191' title='bbox 2921 1312 3005 1359; x_wconf 91' lang='lat' dir='ltr'><strong>est</strong></span> <span class='ocrx_word' id='word_1_192' title='bbox 3039 1319 3052 1356; x_wconf 91' lang='lat'><strong>:</strong></span> <span class='ocrx_word' id='word_1_193' title='bbox 3085 1304 3206 1373; x_wconf 88' lang='lat' dir='ltr'><strong>quia</strong></span> <span class='ocrx_word' id='word_1_194' title='bbox 3230 1317 3326 1372; x_wconf 88' lang='lat' dir='ltr'><strong>per</strong></span> <span class='ocrx_word' id='word_1_195' title='bbox 3349 1303 3528 1373; x_wconf 90' lang='lat' dir='ltr'><strong>ipsum</strong></span> <span class='ocrx_word' id='word_1_196' title='bbox 3559 1305 3805 1374; x_wconf 84' lang='lat' dir='ltr'><strong>primum</strong></span> 
     </span>
    </p>
   </div>
   <div class='ocr_carea' id='block_1_29' title="bbox 2205 1397 3804 1469">
    <p class='ocr_par' dir='ltr' id='par_1_29' title="bbox 2205 1397 3804 1469">
     <span class='ocr_line' id='line_1_29' title="bbox 2205 1397 3804 1469; baseline 0.001 -17"><span class='ocrx_word' id='word_1_197' title='bbox 2205 1398 2426 1452; x_wconf 85' lang='lat' dir='ltr'><strong>intravit</strong></span> <span class='ocrx_word' id='word_1_198' title='bbox 2452 1413 2604 1452; x_wconf 89' lang='lat' dir='ltr'><strong>mors</strong></span> <span class='ocrx_word' id='word_1_199' title='bbox 2628 1398 2680 1451; x_wconf 92' lang='lat' dir='ltr'><strong>in</strong></span> <span class='ocrx_word' id='word_1_200' title='bbox 2713 1397 2902 1453; x_wconf 88' lang='lat' dir='ltr'><strong>orbem</strong></span> <span class='ocrx_word' id='word_1_201' title='bbox 2938 1408 3208 1453; x_wconf 88' lang='lat' dir='ltr'><strong>terrarum</strong></span> <span class='ocrx_word' id='word_1_202' title='bbox 3236 1437 3252 1464; x_wconf 91' lang='lat'><strong>,</strong></span> <span class='ocrx_word' id='word_1_203' title='bbox 3301 1407 3356 1453; x_wconf 93' lang='lat' dir='ltr'><strong>et</strong></span> <span class='ocrx_word' id='word_1_204' title='bbox 3405 1399 3526 1469; x_wconf 89' lang='lat' dir='ltr'><strong>ipse</strong></span> <span class='ocrx_word' id='word_1_205' title='bbox 3566 1408 3646 1454; x_wconf 90' lang='lat' dir='ltr'><strong>est</strong></span> <span class='ocrx_word' id='word_1_206' title='bbox 3670 1413 3804 1454; x_wconf 68' lang='lat' dir='ltr'><strong>sua:</strong></span> 
     </span>
    </p>
   </div>
   <div class='ocr_carea' id='block_1_30' title="bbox 2205 1491 2706 1548">
    <p class='ocr_par' dir='ltr' id='par_1_30' title="bbox 2205 1491 2706 1548">
     <span class='ocr_line' id='line_1_30' title="bbox 2205 1491 2706 1548; baseline 0.004 -2"><span class='ocrx_word' id='word_1_207' title='bbox 2205 1494 2402 1546; x_wconf 83' lang='lat' dir='ltr'><strong>mortis</strong></span> <span class='ocrx_word' id='word_1_208' title='bbox 2429 1491 2706 1548; x_wconf 84' lang='lat' dir='ltr'><strong>inventor.</strong></span> 
     </span>
    </p>
   </div>
   <div class='ocr_carea' id='block_1_31' title="bbox 2275 1584 3814 1658">
    <p class='ocr_par' dir='ltr' id='par_1_31' title="bbox 2275 1584 3814 1658">
     <span class='ocr_line' id='line_1_31' title="bbox 2275 1584 3814 1658; baseline 0.003 -21"><span class='ocrx_word' id='word_1_209' title='bbox 2275 1584 2548 1638; x_wconf 86' lang='lat' dir='ltr'><strong>Avellatur</strong></span> <span class='ocrx_word' id='word_1_210' title='bbox 2575 1584 2638 1638; x_wconf 90' lang='lat' dir='ltr'><strong>de</strong></span> <span class='ocrx_word' id='word_1_211' title='bbox 2665 1584 3000 1640; x_wconf 88' lang='lat' dir='ltr'><strong>tabernaculo</strong></span> <span class='ocrx_word' id='word_1_212' title='bbox 3027 1602 3121 1639; x_wconf 84' lang='lat' dir='ltr'><strong>suo</strong></span> <span class='ocrx_word' id='word_1_213' title='bbox 3149 1585 3348 1652; x_wconf 81' lang='lat' dir='ltr'><strong>ﬁducia</strong></span> <span class='ocrx_word' id='word_1_214' title='bbox 3369 1588 3507 1658; x_wconf 89' lang='lat' dir='ltr'><strong>ejus,</strong></span> <span class='ocrx_word' id='word_1_215' title='bbox 3557 1596 3608 1640; x_wconf 90' lang='lat' dir='ltr'><strong>et</strong></span> <span class='ocrx_word' id='word_1_216' title='bbox 3637 1587 3814 1641; x_wconf 86' lang='lat' dir='ltr'><strong>calcet</strong></span> 
     </span>
    </p>
   </div>
   <div class='ocr_carea' id='block_1_32' title="bbox 2205 1678 3815 1750">
    <p class='ocr_par' dir='ltr' id='par_1_32' title="bbox 2205 1678 3815 1750">
     <span class='ocr_line' id='line_1_32' title="bbox 2205 1678 3815 1750; baseline 0.002 -18"><span class='ocrx_word' id='word_1_217' title='bbox 2205 1693 2362 1746; x_wconf 86' lang='lat' dir='ltr'><strong>super</strong></span> <span class='ocrx_word' id='word_1_218' title='bbox 2382 1693 2499 1732; x_wconf 91' lang='lat' dir='ltr'><strong>eum</strong></span> <span class='ocrx_word' id='word_1_219' title='bbox 2519 1679 2672 1749; x_wconf 88' lang='lat' dir='ltr'><strong>quasi</strong></span> <span class='ocrx_word' id='word_1_220' title='bbox 2695 1695 2789 1734; x_wconf 75' lang='lat' dir='ltr'><strong>rex</strong></span> <span class='ocrx_word' id='word_1_221' title='bbox 2815 1679 3078 1734; x_wconf 88' lang='lat' dir='ltr'><strong>interitus.</strong></span> <span class='ocrx_word' id='word_1_222' title='bbox 3111 1678 3267 1734; x_wconf 89' lang='lat' dir='ltr'><strong>Hunc</strong></span> <span class='ocrx_word' id='word_1_223' title='bbox 3314 1678 3482 1750; x_wconf 82' lang='lat' dir='ltr'><strong>igitur</strong></span> <span class='ocrx_word' id='word_1_224' title='bbox 3512 1679 3815 1735; x_wconf 88' lang='lat' dir='ltr'><strong>interitum</strong></span> 
     </span>
    </p>
   </div>
   <div class='ocr_carea' id='block_1_33' title="bbox 514 1765 3818 1844">
    <p class='ocr_par' dir='ltr' id='par_1_33' title="bbox 514 1765 3818 1844">
     <span class='ocr_line' id='line_1_33' title="bbox 514 1765 3818 1844; baseline 0.001 -20"><span class='ocrx_word' id='word_1_225' title='bbox 514 1778 616 1824; x_wconf 86' lang='lat' dir='ltr'><strong>tur.</strong></span> <span class='ocrx_word' id='word_1_226' title='bbox 639 1768 791 1823; x_wconf 82' lang='lat' dir='ltr'><strong>Hanc</strong></span> <span class='ocrx_word' id='word_1_227' title='bbox 810 1770 974 1840; x_wconf 89' lang='lat' dir='ltr'><strong>igitur</strong></span> <span class='ocrx_word' id='word_1_228' title='bbox 996 1770 1320 1823; x_wconf 79' lang='lat' dir='ltr'><strong>exstinctam</strong></span> <span class='ocrx_word' id='word_1_229' title='bbox 1345 1765 1483 1821; x_wconf 78' lang='lat' dir='ltr'><strong>dixit</strong></span> <span class='ocrx_word' id='word_1_230' title='bbox 1515 1786 1525 1820; x_wconf 93' lang='lat'><strong>:</strong></span> <span class='ocrx_word' id='word_1_231' title='bbox 1552 1767 1769 1834; x_wconf 87' lang='lat' dir='ltr'><strong>quando</strong></span> <span class='ocrx_word' id='word_1_232' title='bbox 1797 1766 1902 1823; x_wconf 82' lang='lat' dir='ltr'><strong>Job</strong></span> <span class='ocrx_word' id='word_1_233' title='bbox 1929 1769 2100 1823; x_wconf 90' lang='lat' dir='ltr'><strong>desti-</strong></span> <span class='ocrx_word' id='word_1_234' title='bbox 2131 1770 2178 1830; x_wconf 84' lang='grc' dir='ltr'><strong>Β</strong></span> <span class='ocrx_word' id='word_1_235' title='bbox 2207 1770 2485 1827; x_wconf 89' lang='lat' dir='ltr'><strong>diabolum</strong></span> <span class='ocrx_word' id='word_1_236' title='bbox 2514 1786 2638 1827; x_wconf 89' lang='lat' dir='ltr'><strong>esse</strong></span> <span class='ocrx_word' id='word_1_237' title='bbox 2668 1772 2829 1838; x_wconf 78' lang='lat' dir='ltr'><strong>dixit,</strong></span> <span class='ocrx_word' id='word_1_238' title='bbox 2863 1773 2954 1843; x_wconf 92' lang='lat' dir='ltr'><strong>qui</strong></span> <span class='ocrx_word' id='word_1_239' title='bbox 2985 1782 3069 1827; x_wconf 89' lang='lat' dir='ltr'><strong>est</strong></span> <span class='ocrx_word' id='word_1_240' title='bbox 3097 1788 3194 1828; x_wconf 84' lang='lat' dir='ltr'><strong>rex</strong></span> <span class='ocrx_word' id='word_1_241' title='bbox 3239 1789 3408 1844; x_wconf 89' lang='lat' dir='ltr'><strong>super</strong></span> <span class='ocrx_word' id='word_1_242' title='bbox 3437 1789 3635 1830; x_wconf 86' lang='lat' dir='ltr'><strong>omnes</strong></span> <span class='ocrx_word' id='word_1_243' title='bbox 3663 1773 3818 1829; x_wconf 80' lang='lat' dir='ltr'><strong>filios</strong></span> 
     </span>
    </p>
   </div>
   <div class='ocr_carea' id='block_1_34' title="bbox 514 1859 2099 1931">
    <p class='ocr_par' dir='ltr' id='par_1_34' title="bbox 514 1859 2099 1931">
     <span class='ocr_line' id='line_1_34' title="bbox 514 1859 2099 1931; baseline 0.001 -15"><span class='ocrx_word' id='word_1_244' title='bbox 514 1871 661 1916; x_wconf 88' lang='lat' dir='ltr'><strong>tutus</strong></span> <span class='ocrx_word' id='word_1_245' title='bbox 693 1873 781 1918; x_wconf 89' lang='lat' dir='ltr'><strong>est</strong></span> <span class='ocrx_word' id='word_1_246' title='bbox 807 1865 952 1917; x_wconf 88' lang='lat' dir='ltr'><strong>omni</strong></span> <span class='ocrx_word' id='word_1_247' title='bbox 977 1861 1235 1916; x_wconf 85' lang='lat' dir='ltr'><strong>felicitate</strong></span> <span class='ocrx_word' id='word_1_248' title='bbox 1265 1860 1546 1931; x_wconf 70' lang='lat' dir='ltr'><strong>prmsenti.</strong></span> <span class='ocrx_word' id='word_1_249' title='bbox 1581 1859 1734 1927; x_wconf 79' lang='lat' dir='ltr'><strong>Quod</strong></span> <span class='ocrx_word' id='word_1_250' title='bbox 1763 1872 1944 1915; x_wconf 88' lang='lat' dir='ltr'><strong>autem</strong></span> <span class='ocrx_word' id='word_1_251' title='bbox 1977 1861 2056 1914; x_wconf 90' lang='lat' dir='ltr'><strong>ait</strong></span> <span class='ocrx_word' id='word_1_252' title='bbox 2085 1879 2099 1917; x_wconf 90' lang='lat'>:</span> 
     </span>
    </p>
   </div>
   <div class='ocr_carea' id='block_1_35' title="bbox 512 1952 2103 2026">
    <p class='ocr_par' dir='ltr' id='par_1_35' title="bbox 512 1952 2103 2026">
     <span class='ocr_line' id='line_1_35' title="bbox 512 1952 2103 2026; baseline -0.003 -14"><span class='ocrx_word' id='word_1_253' title='bbox 512 1957 624 2012; x_wconf 89' lang='lat' dir='ltr'><strong>Nec</strong></span> <span class='ocrx_word' id='word_1_254' title='bbox 653 1957 960 2024; x_wconf 85' lang='lat' dir='ltr'><strong>splendebit</strong></span> <span class='ocrx_word' id='word_1_255' title='bbox 985 1957 1204 2011; x_wconf 86' lang='lat' dir='ltr'><strong>flamma</strong></span> <span class='ocrx_word' id='word_1_256' title='bbox 1236 1956 1376 2026; x_wconf 88' lang='lat' dir='ltr'><strong>ignis</strong></span> <span class='ocrx_word' id='word_1_257' title='bbox 1404 1955 1524 2025; x_wconf 86' lang='lat' dir='ltr'><strong>ejus</strong></span> <span class='ocrx_word' id='word_1_258' title='bbox 1555 1973 1566 2006; x_wconf 87' lang='lat'><strong>:</strong></span> <span class='ocrx_word' id='word_1_259' title='bbox 1598 1953 1652 2009; x_wconf 93' lang='lat' dir='ltr'><strong>id</strong></span> <span class='ocrx_word' id='word_1_260' title='bbox 1677 1965 1784 2022; x_wconf 87' lang='lat' dir='ltr'><strong>est,</strong></span> <span class='ocrx_word' id='word_1_261' title='bbox 1819 1969 1926 2009; x_wconf 89' lang='lat' dir='ltr'><strong>non</strong></span> <span class='ocrx_word' id='word_1_262' title='bbox 1959 1952 2103 2009; x_wconf 88' lang='lat' dir='ltr'><strong>redi-</strong></span> 
     </span>
    </p>
   </div>
   <div class='ocr_carea' id='block_1_36' title="bbox 508 2050 1353 2120">
    <p class='ocr_par' dir='ltr' id='par_1_36' title="bbox 508 2050 1353 2120">
     <span class='ocr_line' id='line_1_36' title="bbox 508 2050 1353 2120; baseline 0 -16"><span class='ocrx_word' id='word_1_263' title='bbox 508 2050 590 2105; x_wconf 86' lang='lat' dir='ltr'><strong>bit</strong></span> <span class='ocrx_word' id='word_1_264' title='bbox 610 2053 674 2105; x_wconf 90' lang='lat' dir='ltr'><strong>ad</strong></span> <span class='ocrx_word' id='word_1_265' title='bbox 704 2054 984 2120; x_wconf 78' lang='lat' dir='ltr'><strong>pristinam</strong></span> <span class='ocrx_word' id='word_1_266' title='bbox 1016 2051 1353 2106; x_wconf 73' lang='lat' dir='ltr'><strong>felicitatem.</strong></span> 
     </span>
    </p>
   </div>
   <div class='ocr_carea' id='block_1_37' title="bbox 581 2140 2104 2206">
    <p class='ocr_par' dir='ltr' id='par_1_37' title="bbox 581 2140 2104 2206">
     <span class='ocr_line' id='line_1_37' title="bbox 581 2140 2104 2206; baseline -0.002 -10"><span class='ocrx_word' id='word_1_267' title='bbox 581 2143 701 2197; x_wconf 85' lang='lat' dir='ltr'><strong>Lua:</strong></span> <span class='ocrx_word' id='word_1_268' title='bbox 728 2143 1106 2199; x_wconf 86' lang='lat' dir='ltr'><strong>obtenebrescet</strong></span> <span class='ocrx_word' id='word_1_269' title='bbox 1137 2145 1193 2197; x_wconf 87' lang='lat' dir='ltr'><strong>in</strong></span> <span class='ocrx_word' id='word_1_270' title='bbox 1232 2143 1570 2196; x_wconf 87' lang='lat' dir='ltr'><strong>tabernaculo</strong></span> <span class='ocrx_word' id='word_1_271' title='bbox 1603 2140 1753 2196; x_wconf 84' lang='lat' dir='ltr'><strong>illius</strong></span> <span class='ocrx_word' id='word_1_272' title='bbox 1773 2182 1787 2206; x_wconf 95' lang='lat'><strong>,</strong></span> <span class='ocrx_word' id='word_1_273' title='bbox 1812 2150 1858 2195; x_wconf 87' lang='lat' dir='ltr'><strong>et</strong></span> <span class='ocrx_word' id='word_1_274' title='bbox 1889 2141 2104 2195; x_wconf 85' lang='lat' dir='ltr'><strong>lucerna</strong></span> 
     </span>
    </p>
   </div>
   <div class='ocr_carea' id='block_1_38' title="bbox 511 2235 2102 2309">
    <p class='ocr_par' dir='ltr' id='par_1_38' title="bbox 511 2235 2102 2309">
     <span class='ocr_line' id='line_1_38' title="bbox 511 2235 2102 2309; baseline -0.003 -19"><span class='ocrx_word' id='word_1_275' title='bbox 511 2253 629 2309; x_wconf 67' lang='lat' dir='ltr'><strong>quia</strong></span> <span class='ocrx_word' id='word_1_276' title='bbox 655 2254 812 2306; x_wconf 84' lang='lat' dir='ltr'><strong>super</strong></span> <span class='ocrx_word' id='word_1_277' title='bbox 837 2255 952 2292; x_wconf 90' lang='lat' dir='ltr'><strong>eum</strong></span> <span class='ocrx_word' id='word_1_278' title='bbox 980 2248 1076 2304; x_wconf 88' lang='lat' dir='ltr'><strong>est,</strong></span> <span class='ocrx_word' id='word_1_279' title='bbox 1106 2239 1486 2308; x_wconf 76' lang='lat' dir='ltr'><strong>exstinguetur.</strong></span> <span class='ocrx_word' id='word_1_280' title='bbox 1513 2235 1630 2290; x_wconf 84' lang='lat' dir='ltr'><strong>Non</strong></span> <span class='ocrx_word' id='word_1_281' title='bbox 1661 2237 1839 2290; x_wconf 74' lang='lat' dir='ltr'><strong>solun]</strong></span> <span class='ocrx_word' id='word_1_282' title='bbox 1864 2275 1880 2299; x_wconf 91' lang='lat'><strong>,</strong></span> <span class='ocrx_word' id='word_1_283' title='bbox 1903 2235 2102 2305; x_wconf 87' lang='lat' dir='ltr'><strong>inquit,</strong></span> 
     </span>
    </p>
   </div>
   <div class='ocr_carea' id='block_1_39' title="bbox 509 2327 2106 2404">
    <p class='ocr_par' dir='ltr' id='par_1_39' title="bbox 509 2327 2106 2404">
     <span class='ocr_line' id='line_1_39' title="bbox 509 2327 2106 2404; baseline -0.001 -19"><span class='ocrx_word' id='word_1_284' title='bbox 509 2343 835 2404; x_wconf 63' lang='lat' dir='ltr'><strong>praesentem</strong></span> <span class='ocrx_word' id='word_1_285' title='bbox 880 2331 1197 2385; x_wconf 80' lang='lat' dir='ltr'><strong>felicitatem</strong></span> <span class='ocrx_word' id='word_1_286' title='bbox 1245 2330 1495 2397; x_wconf 89' lang='lat' dir='ltr'><strong>amittet,</strong></span> <span class='ocrx_word' id='word_1_287' title='bbox 1542 2327 1638 2383; x_wconf 89' lang='lat' dir='ltr'><strong>sed</strong></span> <span class='ocrx_word' id='word_1_288' title='bbox 1679 2329 1842 2382; x_wconf 88' lang='lat' dir='ltr'><strong>etiam</strong></span> <span class='ocrx_word' id='word_1_289' title='bbox 1885 2328 1975 2381; x_wconf 83' lang='lat' dir='ltr'><strong>lux</strong></span> <span class='ocrx_word' id='word_1_290' title='bbox 2022 2342 2106 2383; x_wconf 86' lang='lat' dir='ltr'><strong>re.-</strong></span> 
     </span>
    </p>
   </div>
   <div class='ocr_carea' id='block_1_40' title="bbox 507 2419 2106 2494">
    <p class='ocr_par' dir='ltr' id='par_1_40' title="bbox 507 2419 2106 2494">
     <span class='ocr_line' id='line_1_40' title="bbox 507 2419 2106 2494; baseline -0.003 -13"><span class='ocrx_word' id='word_1_291' title='bbox 507 2425 843 2481; x_wconf 90' lang='lat' dir='ltr'><strong>cordationis</strong></span> <span class='ocrx_word' id='word_1_292' title='bbox 867 2424 984 2488; x_wconf 87' lang='lat' dir='ltr'><strong>Dei,</strong></span> <span class='ocrx_word' id='word_1_293' title='bbox 1017 2439 1137 2494; x_wconf 61' lang='lat' dir='ltr'><strong>quae</strong></span> <span class='ocrx_word' id='word_1_294' title='bbox 1167 2431 1283 2478; x_wconf 91' lang='lat' dir='ltr'><strong>erat</strong></span> <span class='ocrx_word' id='word_1_295' title='bbox 1313 2424 1364 2478; x_wconf 92' lang='lat' dir='ltr'><strong>in</strong></span> <span class='ocrx_word' id='word_1_296' title='bbox 1401 2422 1748 2478; x_wconf 88' lang='lat' dir='ltr'><strong>tabernaculo</strong></span> <span class='ocrx_word' id='word_1_297' title='bbox 1778 2421 1960 2476; x_wconf 86' lang='lat' dir='ltr'><strong>cordis</strong></span> <span class='ocrx_word' id='word_1_298' title='bbox 1989 2419 2106 2491; x_wconf 89' lang='lat' dir='ltr'><strong>ejus</strong></span> 
     </span>
    </p>
   </div>
   <div class='ocr_carea' id='block_1_41' title="bbox 507 2513 2106 2586">
    <p class='ocr_par' dir='ltr' id='par_1_41' title="bbox 507 2513 2106 2586">
     <span class='ocr_line' id='line_1_41' title="bbox 507 2513 2106 2586; baseline -0.001 -15"><span class='ocrx_word' id='word_1_299' title='bbox 507 2518 979 2586; x_wconf 83' lang='lat' dir='ltr'><strong>obtenehrahitur,</strong></span> <span class='ocrx_word' id='word_1_300' title='bbox 1006 2527 1060 2569; x_wconf 92' lang='lat' dir='ltr'><strong>nt</strong></span> <span class='ocrx_word' id='word_1_301' title='bbox 1083 2516 1130 2570; x_wconf 89' lang='lat' dir='ltr'><strong>ei</strong></span> <span class='ocrx_word' id='word_1_302' title='bbox 1161 2517 1305 2571; x_wconf 90' lang='lat' dir='ltr'><strong>Deus</strong></span> <span class='ocrx_word' id='word_1_303' title='bbox 1333 2515 1544 2570; x_wconf 87' lang='lat' dir='ltr'><strong>scilicet</strong></span> <span class='ocrx_word' id='word_1_304' title='bbox 1568 2514 1619 2569; x_wconf 93' lang='lat' dir='ltr'><strong>in</strong></span> <span class='ocrx_word' id='word_1_305' title='bbox 1646 2513 1961 2569; x_wconf 89' lang='lat' dir='ltr'><strong>memoriam</strong></span> <span class='ocrx_word' id='word_1_306' title='bbox 1999 2528 2106 2569; x_wconf 90' lang='lat' dir='ltr'><strong>non</strong></span> 
     </span>
    </p>
   </div>
   <div class='ocr_carea' id='block_1_42' title="bbox 506 2605 2103 2680">
    <p class='ocr_par' dir='ltr' id='par_1_42' title="bbox 506 2605 2103 2680">
     <span class='ocr_line' id='line_1_42' title="bbox 506 2605 2103 2680; baseline -0.005 -13"><span class='ocrx_word' id='word_1_307' title='bbox 506 2612 785 2677; x_wconf 87' lang='lat' dir='ltr'><strong>ascendat,</strong></span> <span class='ocrx_word' id='word_1_308' title='bbox 818 2619 872 2666; x_wconf 91' lang='lat' dir='ltr'><strong>et</strong></span> <span class='ocrx_word' id='word_1_309' title='bbox 895 2626 993 2680; x_wconf 89' lang='lat' dir='ltr'><strong>pro</strong></span> <span class='ocrx_word' id='word_1_310' title='bbox 1025 2609 1220 2664; x_wconf 88' lang='lat' dir='ltr'><strong>merito</strong></span> <span class='ocrx_word' id='word_1_311' title='bbox 1245 2609 1470 2664; x_wconf 86' lang='lat' dir='ltr'><strong>lucerna</strong></span> <span class='ocrx_word' id='word_1_312' title='bbox 1504 2607 1860 2678; x_wconf 81' lang='lat' dir='ltr'><strong>proteCtionis</strong></span> <span class='ocrx_word' id='word_1_313' title='bbox 1881 2605 2103 2671; x_wconf 63' lang='lat' dir='ltr'><strong>divinae,</strong></span> 
     </span>
    </p>
   </div>
   <div class='ocr_carea' id='block_1_43' title="bbox 511 2702 1640 2774">
    <p class='ocr_par' dir='ltr' id='par_1_43' title="bbox 511 2702 1640 2774">
     <span class='ocr_line' id='line_1_43' title="bbox 511 2702 1640 2774; baseline -0.004 -17"><span class='ocrx_word' id='word_1_314' title='bbox 511 2719 634 2774; x_wconf 84' lang='lat' dir='ltr'><strong>quae</strong></span> <span class='ocrx_word' id='word_1_315' title='bbox 660 2719 824 2771; x_wconf 80' lang='lat' dir='ltr'><strong>super</strong></span> <span class='ocrx_word' id='word_1_316' title='bbox 854 2718 976 2758; x_wconf 89' lang='lat' dir='ltr'><strong>eum</strong></span> <span class='ocrx_word' id='word_1_317' title='bbox 1011 2704 1206 2762; x_wconf 89' lang='lat' dir='ltr'><strong>fuerat.</strong></span> <span class='ocrx_word' id='word_1_318' title='bbox 1234 2702 1640 2772; x_wconf 78' lang='lat' dir='ltr'><strong>exstinguetur.</strong></span> 
     </span>
    </p>
   </div>
   <div class='ocr_carea' id='block_1_44' title="bbox 587 2791 2109 2868">
    <p class='ocr_par' dir='ltr' id='par_1_44' title="bbox 587 2791 2109 2868">
     <span class='ocr_line' id='line_1_44' title="bbox 587 2791 2109 2868; baseline -0.004 -16"><span class='ocrx_word' id='word_1_319' title='bbox 587 2797 938 2852; x_wconf 84' lang='lat' dir='ltr'><strong>Arctabuntur</strong></span> <span class='ocrx_word' id='word_1_320' title='bbox 967 2812 1171 2868; x_wconf 75' lang='lat' dir='ltr'><strong>gressus</strong></span> <span class='ocrx_word' id='word_1_321' title='bbox 1201 2796 1403 2849; x_wconf 86' lang='lat' dir='ltr'><strong>virtutis</strong></span> <span class='ocrx_word' id='word_1_322' title='bbox 1451 2797 1564 2864; x_wconf 89' lang='lat' dir='ltr'><strong>ejus</strong></span> <span class='ocrx_word' id='word_1_323' title='bbox 1595 2835 1610 2860; x_wconf 89' lang='lat'><strong>,</strong></span> <span class='ocrx_word' id='word_1_324' title='bbox 1671 2804 1718 2846; x_wconf 93' lang='lat' dir='ltr'><strong>et</strong></span> <span class='ocrx_word' id='word_1_325' title='bbox 1765 2791 2109 2864; x_wconf 78' lang='lat' dir='ltr'><strong>prwcipitabit</strong></span> 
     </span>
    </p>
   </div>
   <div class='ocr_carea' id='block_1_45' title="bbox 519 2885 2108 2955">
    <p class='ocr_par' dir='ltr' id='par_1_45' title="bbox 519 2885 2108 2955">
     <span class='ocr_line' id='line_1_45' title="bbox 519 2885 2108 2955; baseline -0.007 -8"><span class='ocrx_word' id='word_1_326' title='bbox 519 2909 637 2948; x_wconf 89' lang='lat' dir='ltr'><strong>eum</strong></span> <span class='ocrx_word' id='word_1_327' title='bbox 663 2890 938 2943; x_wconf 81' lang='lat' dir='ltr'><strong>consilium</strong></span> <span class='ocrx_word' id='word_1_328' title='bbox 969 2904 1140 2943; x_wconf 87' lang='lat' dir='ltr'><strong>suum.</strong></span> <span class='ocrx_word' id='word_1_329' title='bbox 1177 2888 1244 2943; x_wconf 90' lang='lat' dir='ltr'><strong>Ut</strong></span> <span class='ocrx_word' id='word_1_330' title='bbox 1277 2887 1546 2955; x_wconf 88' lang='lat' dir='ltr'><strong>superbus</strong></span> <span class='ocrx_word' id='word_1_331' title='bbox 1595 2885 1880 2940; x_wconf 87' lang='lat' dir='ltr'><strong>confidens</strong></span> <span class='ocrx_word' id='word_1_332' title='bbox 1911 2885 1962 2939; x_wconf 92' lang='lat' dir='ltr'><strong>in</strong></span> <span class='ocrx_word' id='word_1_333' title='bbox 1991 2886 2108 2937; x_wconf 90' lang='lat' dir='ltr'><strong>vir-</strong></span> 
     </span>
    </p>
   </div>
   <div class='ocr_carea' id='block_1_46' title="bbox 517 2977 2111 3043">
    <p class='ocr_par' dir='ltr' id='par_1_46' title="bbox 517 2977 2111 3043">
     <span class='ocr_line' id='line_1_46' title="bbox 517 2977 2111 3043; baseline -0.005 -5"><span class='ocrx_word' id='word_1_334' title='bbox 517 2992 627 3038; x_wconf 72' lang='lat' dir='ltr'><strong>tute</strong></span> <span class='ocrx_word' id='word_1_335' title='bbox 659 2997 754 3038; x_wconf 89' lang='lat' dir='ltr'><strong>sua</strong></span> <span class='ocrx_word' id='word_1_336' title='bbox 789 2995 936 3038; x_wconf 82' lang='lat' dir='ltr'><strong>recte</strong></span> <span class='ocrx_word' id='word_1_337' title='bbox 966 2980 1221 3036; x_wconf 80' lang='lat' dir='ltr'><strong>incedere</strong></span> <span class='ocrx_word' id='word_1_338' title='bbox 1251 2979 1566 3043; x_wconf 86' lang='lat' dir='ltr'><strong>arbitratur,</strong></span> <span class='ocrx_word' id='word_1_339' title='bbox 1624 2977 1985 3033; x_wconf 89' lang='lat' dir='ltr'><strong>concludetur</strong></span> <span class='ocrx_word' id='word_1_340' title='bbox 2015 2977 2111 3031; x_wconf 88' lang='lat' dir='ltr'><strong>tri-</strong></span> 
     </span>
    </p>
   </div>
   <div class='ocr_carea' id='block_1_47' title="bbox 513 3069 2109 3144">
    <p class='ocr_par' dir='ltr' id='par_1_47' title="bbox 513 3069 2109 3144">
     <span class='ocr_line' id='line_1_47' title="bbox 513 3069 2109 3144; baseline -0.005 -15"><span class='ocrx_word' id='word_1_341' title='bbox 513 3074 853 3129; x_wconf 79' lang='lat' dir='ltr'><strong>bulationntn</strong></span> <span class='ocrx_word' id='word_1_342' title='bbox 887 3074 1177 3144; x_wconf 79' lang='lat' dir='ltr'><strong>angustiis,</strong></span> <span class='ocrx_word' id='word_1_343' title='bbox 1203 3081 1259 3127; x_wconf 90' lang='lat' dir='ltr'><strong>et</strong></span> <span class='ocrx_word' id='word_1_344' title='bbox 1291 3072 1581 3142; x_wconf 85' lang='lat' dir='ltr'><strong>pressuris,</strong></span> <span class='ocrx_word' id='word_1_345' title='bbox 1617 3078 1677 3125; x_wconf 90' lang='lat' dir='ltr'><strong>ut</strong></span> <span class='ocrx_word' id='word_1_346' title='bbox 1715 3069 1841 3126; x_wconf 90' lang='lat' dir='ltr'><strong>inde</strong></span> <span class='ocrx_word' id='word_1_347' title='bbox 1884 3070 2109 3124; x_wconf 88' lang='lat' dir='ltr'><strong>omnino</strong></span> 
     </span>
    </p>
   </div>
   <div class='ocr_carea' id='block_1_48' title="bbox 513 3171 1036 3238">
    <p class='ocr_par' dir='ltr' id='par_1_48' title="bbox 513 3171 1036 3238">
     <span class='ocr_line' id='line_1_48' title="bbox 513 3171 1036 3238; baseline -0.002 -14"><span class='ocrx_word' id='word_1_348' title='bbox 513 3172 669 3224; x_wconf 82' lang='lat' dir='ltr'><strong>exire</strong></span> <span class='ocrx_word' id='word_1_349' title='bbox 697 3185 800 3223; x_wconf 92' lang='lat' dir='ltr'><strong>non</strong></span> <span class='ocrx_word' id='word_1_350' title='bbox 841 3171 1036 3238; x_wconf 88' lang='lat' dir='ltr'><strong>possit.</strong></span> 
     </span>
    </p>
   </div>
   <div class='ocr_carea' id='block_1_49' title="bbox 585 3257 2110 3329">
    <p class='ocr_par' dir='ltr' id='par_1_49' title="bbox 585 3257 2110 3329">
     <span class='ocr_line' id='line_1_49' title="bbox 585 3257 2110 3329; baseline -0.003 -15"><span class='ocrx_word' id='word_1_351' title='bbox 585 3259 814 3316; x_wconf 81' lang='lat' dir='ltr'><strong>Immisit</strong></span> <span class='ocrx_word' id='word_1_352' title='bbox 844 3262 983 3315; x_wconf 85' lang='lat' dir='ltr'><strong>enim</strong></span> <span class='ocrx_word' id='word_1_353' title='bbox 1013 3262 1066 3314; x_wconf 88' lang='lat' dir='ltr'><strong>in</strong></span> <span class='ocrx_word' id='word_1_354' title='bbox 1098 3270 1202 3314; x_wconf 85' lang='lat' dir='ltr'><strong>rete</strong></span> <span class='ocrx_word' id='word_1_355' title='bbox 1233 3259 1386 3328; x_wconf 87' lang='lat' dir='ltr'><strong>pedes</strong></span> <span class='ocrx_word' id='word_1_356' title='bbox 1413 3275 1554 3321; x_wconf 88' lang='lat' dir='ltr'><strong>suos,</strong></span> <span class='ocrx_word' id='word_1_357' title='bbox 1587 3268 1634 3312; x_wconf 88' lang='lat' dir='ltr'><strong>et</strong></span> <span class='ocrx_word' id='word_1_358' title='bbox 1662 3259 1716 3311; x_wconf 90' lang='lat' dir='ltr'><strong>in</strong></span> <span class='ocrx_word' id='word_1_359' title='bbox 1742 3257 1959 3311; x_wconf 86' lang='lat' dir='ltr'><strong>maculis</strong></span> <span class='ocrx_word' id='word_1_360' title='bbox 1997 3260 2110 3329; x_wconf 85' lang='lat' dir='ltr'><strong>ejus</strong></span> 
     </span>
    </p>
   </div>
   <div class='ocr_carea' id='block_1_50' title="bbox 511 3350 2112 3421">
    <p class='ocr_par' dir='ltr' id='par_1_50' title="bbox 511 3350 2112 3421">
     <span class='ocr_line' id='line_1_50' title="bbox 511 3350 2112 3421; baseline -0.004 -11"><span class='ocrx_word' id='word_1_361' title='bbox 511 3357 765 3411; x_wconf 85' lang='lat' dir='ltr'><strong>ambulat.</strong></span> <span class='ocrx_word' id='word_1_362' title='bbox 803 3356 950 3410; x_wconf 80' lang='lat' dir='ltr'><strong>Betis</strong></span> <span class='ocrx_word' id='word_1_363' title='bbox 983 3355 1202 3409; x_wconf 89' lang='lat' dir='ltr'><strong>nomine</strong></span> <span class='ocrx_word' id='word_1_364' title='bbox 1234 3361 1400 3421; x_wconf 90' lang='lat' dir='ltr'><strong>atque</strong></span> <span class='ocrx_word' id='word_1_365' title='bbox 1456 3351 1794 3405; x_wconf 88' lang='lat' dir='ltr'><strong>macularum</strong></span> <span class='ocrx_word' id='word_1_366' title='bbox 1826 3350 1964 3420; x_wconf 87' lang='lat' dir='ltr'><strong>ejus,</strong></span> <span class='ocrx_word' id='word_1_367' title='bbox 1992 3351 2112 3404; x_wconf 83' lang='lat' dir='ltr'><strong>ine-</strong></span> 
     </span>
    </p>
   </div>
   <div class='ocr_carea' id='block_1_51' title="bbox 515 3441 2115 3515">
    <p class='ocr_par' dir='ltr' id='par_1_51' title="bbox 515 3441 2115 3515">
     <span class='ocr_line' id='line_1_51' title="bbox 515 3441 2115 3515; baseline -0.003 -14"><span class='ocrx_word' id='word_1_368' title='bbox 515 3448 740 3503; x_wconf 84' lang='lat' dir='ltr'><strong>vitabile</strong></span> <span class='ocrx_word' id='word_1_369' title='bbox 785 3448 986 3502; x_wconf 90' lang='lat' dir='ltr'><strong>malum</strong></span> <span class='ocrx_word' id='word_1_370' title='bbox 1034 3445 1374 3515; x_wconf 86' lang='lat' dir='ltr'><strong>significatur</strong></span> <span class='ocrx_word' id='word_1_371' title='bbox 1403 3460 1416 3495; x_wconf 92' lang='lat'><strong>:</strong></span> <span class='ocrx_word' id='word_1_372' title='bbox 1450 3441 1595 3512; x_wconf 88' lang='lat' dir='ltr'><strong>quod</strong></span> <span class='ocrx_word' id='word_1_373' title='bbox 1635 3442 1824 3495; x_wconf 91' lang='lat' dir='ltr'><strong>volens</strong></span> <span class='ocrx_word' id='word_1_374' title='bbox 1881 3441 2115 3510; x_wconf 89' lang='lat' dir='ltr'><strong>quisque</strong></span> 
     </span>
    </p>
   </div>
   <div class='ocr_carea' id='block_1_52' title="bbox 515 3535 2114 3611">
    <p class='ocr_par' dir='ltr' id='par_1_52' title="bbox 515 3535 2114 3611">
     <span class='ocr_line' id='line_1_52' title="bbox 515 3535 2114 3611; baseline -0.005 -13"><span class='ocrx_word' id='word_1_375' title='bbox 515 3558 743 3608; x_wconf 77' lang='lat' dir='ltr'><strong>exuere,</strong></span> <span class='ocrx_word' id='word_1_376' title='bbox 779 3544 897 3611; x_wconf 91' lang='lat' dir='ltr'><strong>ipso</strong></span> <span class='ocrx_word' id='word_1_377' title='bbox 928 3539 1220 3596; x_wconf 90' lang='lat' dir='ltr'><strong>conamine</strong></span> <span class='ocrx_word' id='word_1_378' title='bbox 1251 3537 1574 3606; x_wconf 87' lang='lat' dir='ltr'><strong>impeditur,</strong></span> <span class='ocrx_word' id='word_1_379' title='bbox 1608 3545 1774 3605; x_wconf 89' lang='lat' dir='ltr'><strong>atque</strong></span> <span class='ocrx_word' id='word_1_380' title='bbox 1805 3535 2114 3604; x_wconf 90' lang='lat' dir='ltr'><strong>implicatur</strong></span> 
     </span>
    </p>
   </div>
   <div class='ocr_carea' id='block_1_53' title="bbox 523 3647 849 3693">
    <p class='ocr_par' dir='ltr' id='par_1_53' title="bbox 523 3647 849 3693">
     <span class='ocr_line' id='line_1_53' title="bbox 523 3647 849 3693; baseline -0.015 0"><span class='ocrx_word' id='word_1_381' title='bbox 523 3648 586 3693; x_wconf 89' lang='lat' dir='ltr'><strong>ut</strong></span> <span class='ocrx_word' id='word_1_382' title='bbox 610 3647 849 3692; x_wconf 58' lang='lat' dir='ltr'><strong>cat-ruat.</strong></span> 
     </span>
    </p>
   </div>
   <div class='ocr_carea' id='block_1_54' title="bbox 588 3721 2113 3797">
    <p class='ocr_par' dir='ltr' id='par_1_54' title="bbox 588 3721 2113 3797">
     <span class='ocr_line' id='line_1_54' title="bbox 588 3721 2113 3797; baseline -0.006 -13"><span class='ocrx_word' id='word_1_383' title='bbox 588 3730 866 3785; x_wconf 87' lang='lat' dir='ltr'><strong>Tenebitur</strong></span> <span class='ocrx_word' id='word_1_384' title='bbox 889 3728 1068 3797; x_wconf 85' lang='lat' dir='ltr'><strong>planta</strong></span> <span class='ocrx_word' id='word_1_385' title='bbox 1094 3725 1234 3779; x_wconf 88' lang='lat' dir='ltr'><strong>illius</strong></span> <span class='ocrx_word' id='word_1_386' title='bbox 1259 3724 1440 3794; x_wconf 85' lang='lat' dir='ltr'><strong>laqueo</strong></span> <span class='ocrx_word' id='word_1_387' title='bbox 1463 3764 1477 3785; x_wconf 88' lang='lat'><strong>,</strong></span> <span class='ocrx_word' id='word_1_388' title='bbox 1534 3733 1581 3774; x_wconf 87' lang='lat' dir='ltr'><strong>et</strong></span> <span class='ocrx_word' id='word_1_389' title='bbox 1614 3721 1906 3777; x_wconf 77' lang='lat' dir='ltr'><strong>exardescit</strong></span> <span class='ocrx_word' id='word_1_390' title='bbox 1936 3731 2113 3776; x_wconf 88' lang='lat' dir='ltr'><strong>contra</strong></span> 
     </span>
    </p>
   </div>
   <div class='ocr_carea' id='block_1_55' title="bbox 515 3815 2112 3890">
    <p class='ocr_par' dir='ltr' id='par_1_55' title="bbox 515 3815 2112 3890">
     <span class='ocr_line' id='line_1_55' title="bbox 515 3815 2112 3890; baseline -0.005 -11"><span class='ocrx_word' id='word_1_391' title='bbox 515 3839 635 3880; x_wconf 88' lang='lat' dir='ltr'><strong>eum</strong></span> <span class='ocrx_word' id='word_1_392' title='bbox 664 3824 799 3876; x_wconf 79' lang='lat' dir='ltr'><strong>sitis.</strong></span> <span class='ocrx_word' id='word_1_393' title='bbox 831 3821 1083 3890; x_wconf 89' lang='lat' dir='ltr'><strong>Laqueus</strong></span> <span class='ocrx_word' id='word_1_394' title='bbox 1125 3818 1212 3870; x_wconf 90' lang='lat' dir='ltr'><strong>hic</strong></span> <span class='ocrx_word' id='word_1_395' title='bbox 1247 3817 1364 3886; x_wconf 90' lang='lat' dir='ltr'><strong>ipse</strong></span> <span class='ocrx_word' id='word_1_396' title='bbox 1413 3815 1671 3870; x_wconf 86' lang='lat' dir='ltr'><strong>diabolus</strong></span> <span class='ocrx_word' id='word_1_397' title='bbox 1721 3830 1829 3870; x_wconf 90' lang='lat' dir='ltr'><strong>non</strong></span> <span class='ocrx_word' id='word_1_398' title='bbox 1880 3815 2112 3872; x_wconf 82' lang='lat' dir='ltr'><strong>absurde</strong></span> 
     </span>
    </p>
   </div>
   <div class='ocr_carea' id='block_1_56' title="bbox 514 3907 2114 3979">
    <p class='ocr_par' dir='ltr' id='par_1_56' title="bbox 514 3907 2114 3979">
     <span class='ocr_line' id='line_1_56' title="bbox 514 3907 2114 3979; baseline -0.004 -11"><span class='ocrx_word' id='word_1_399' title='bbox 514 3914 781 3979; x_wconf 90' lang='lat' dir='ltr'><strong>sentitur,</strong></span> <span class='ocrx_word' id='word_1_400' title='bbox 810 3912 900 3978; x_wconf 82' lang='lat' dir='ltr'><strong>qui</strong></span> <span class='ocrx_word' id='word_1_401' title='bbox 931 3910 996 3963; x_wconf 90' lang='lat' dir='ltr'><strong>ad</strong></span> <span class='ocrx_word' id='word_1_402' title='bbox 1019 3907 1480 3978; x_wconf 90' lang='lat' dir='ltr'><strong>supplantandum</strong></span> <span class='ocrx_word' id='word_1_403' title='bbox 1533 3907 1850 3961; x_wconf 88' lang='lat' dir='ltr'><strong>calcaneum</strong></span> <span class='ocrx_word' id='word_1_404' title='bbox 1874 3952 1888 3976; x_wconf 90' lang='lat'><strong>,</strong></span> <span class='ocrx_word' id='word_1_405' title='bbox 1923 3922 2114 3976; x_wconf 89' lang='lat' dir='ltr'><strong>pecca-</strong></span> 
     </span>
    </p>
   </div>
   <div class='ocr_carea' id='block_1_57' title="bbox 515 3997 2112 4069">
    <p class='ocr_par' dir='ltr' id='par_1_57' title="bbox 515 3997 2112 4069">
     <span class='ocr_line' id='line_1_57' title="bbox 515 3997 2112 4069; baseline -0.006 -9"><span class='ocrx_word' id='word_1_406' title='bbox 515 4015 664 4061; x_wconf 83' lang='lat' dir='ltr'><strong>tores</strong></span> <span class='ocrx_word' id='word_1_407' title='bbox 694 4003 975 4066; x_wconf 83' lang='lat' dir='ltr'><strong>observat,</strong></span> <span class='ocrx_word' id='word_1_408' title='bbox 1009 4011 1060 4056; x_wconf 89' lang='lat' dir='ltr'><strong>et</strong></span> <span class='ocrx_word' id='word_1_409' title='bbox 1088 4002 1205 4069; x_wconf 87' lang='lat' dir='ltr'><strong>ipse</strong></span> <span class='ocrx_word' id='word_1_410' title='bbox 1230 3999 1588 4053; x_wconf 83' lang='lat' dir='ltr'><strong>nihilominus</strong></span> <span class='ocrx_word' id='word_1_411' title='bbox 1617 3997 1736 4052; x_wconf 87' lang='lat' dir='ltr'><strong>sitis</strong></span> <span class='ocrx_word' id='word_1_412' title='bbox 1773 4001 1993 4054; x_wconf 91' lang='lat' dir='ltr'><strong>nomine</strong></span> <span class='ocrx_word' id='word_1_413' title='bbox 2019 4015 2112 4069; x_wconf 80' lang='lat' dir='ltr'><strong>ap-</strong></span> 
     </span>
    </p>
   </div>
   <div class='ocr_carea' id='block_1_58' title="bbox 517 4090 2113 4168">
    <p class='ocr_par' dir='ltr' id='par_1_58' title="bbox 517 4090 2113 4168">
     <span class='ocr_line' id='line_1_58' title="bbox 517 4090 2113 4168; baseline -0.004 -15"><span class='ocrx_word' id='word_1_414' title='bbox 517 4097 754 4168; x_wconf 82' lang='lat' dir='ltr'><strong>pellatur</strong></span> <span class='ocrx_word' id='word_1_415' title='bbox 787 4111 800 4148; x_wconf 90' lang='lat'><strong>:</strong></span> <span class='ocrx_word' id='word_1_416' title='bbox 855 4109 923 4148; x_wconf 82' lang='lat' dir='ltr'><strong>eo</strong></span> <span class='ocrx_word' id='word_1_417' title='bbox 953 4093 1099 4164; x_wconf 86' lang='lat' dir='ltr'><strong>quod</strong></span> <span class='ocrx_word' id='word_1_418' title='bbox 1127 4093 1271 4147; x_wconf 91' lang='lat' dir='ltr'><strong>velut</strong></span> <span class='ocrx_word' id='word_1_419' title='bbox 1295 4092 1349 4146; x_wconf 92' lang='lat' dir='ltr'><strong>in</strong></span> <span class='ocrx_word' id='word_1_420' title='bbox 1376 4091 1560 4160; x_wconf 89' lang='lat' dir='ltr'><strong>aliquo</strong></span> <span class='ocrx_word' id='word_1_421' title='bbox 1593 4090 1738 4146; x_wconf 89' lang='lat' dir='ltr'><strong>bono</strong></span> <span class='ocrx_word' id='word_1_422' title='bbox 1768 4101 2007 4147; x_wconf 62' lang='lat' dir='ltr'><strong>aestuans</strong></span> <span class='ocrx_word' id='word_1_423' title='bbox 2039 4093 2113 4147; x_wconf 89' lang='lat' dir='ltr'><strong>si-</strong></span> 
     </span>
    </p>
   </div>
   <div class='ocr_carea' id='block_1_59' title="bbox 516 4189 1170 4246">
    <p class='ocr_par' dir='ltr' id='par_1_59' title="bbox 516 4189 1170 4246">
     <span class='ocr_line' id='line_1_59' title="bbox 516 4189 1170 4246; baseline -0.011 0"><span class='ocrx_word' id='word_1_424' title='bbox 516 4194 619 4246; x_wconf 89' lang='lat' dir='ltr'><strong>tiat</strong></span> <span class='ocrx_word' id='word_1_425' title='bbox 651 4189 887 4245; x_wconf 86' lang='lat' dir='ltr'><strong>hominis</strong></span> <span class='ocrx_word' id='word_1_426' title='bbox 919 4197 1170 4242; x_wconf 84' lang='lat' dir='ltr'><strong>mortem.</strong></span> 
     </span>
    </p>
   </div>
   <div class='ocr_carea' id='block_1_60' title="bbox 589 4279 2113 4355">
    <p class='ocr_par' dir='ltr' id='par_1_60' title="bbox 589 4279 2113 4355">
     <span class='ocr_line' id='line_1_60' title="bbox 589 4279 2113 4355; baseline -0.002 -19"><span class='ocrx_word' id='word_1_427' title='bbox 589 4282 906 4336; x_wconf 85' lang='lat' dir='ltr'><strong>Abscondita</strong></span> <span class='ocrx_word' id='word_1_428' title='bbox 930 4292 1005 4336; x_wconf 84' lang='lat' dir='ltr'><strong>est</strong></span> <span class='ocrx_word' id='word_1_429' title='bbox 1034 4283 1088 4333; x_wconf 87' lang='lat' dir='ltr'><strong>in</strong></span> <span class='ocrx_word' id='word_1_430' title='bbox 1120 4290 1262 4334; x_wconf 89' lang='lat' dir='ltr'><strong>terra</strong></span> <span class='ocrx_word' id='word_1_431' title='bbox 1287 4281 1467 4350; x_wconf 86' lang='lat' dir='ltr'><strong>pedica</strong></span> <span class='ocrx_word' id='word_1_432' title='bbox 1495 4287 1639 4355; x_wconf 85' lang='lat' dir='ltr'><strong>ejus,</strong></span> <span class='ocrx_word' id='word_1_433' title='bbox 1674 4292 1722 4335; x_wconf 92' lang='lat' dir='ltr'><strong>et</strong></span> <span class='ocrx_word' id='word_1_434' title='bbox 1764 4279 2009 4346; x_wconf 83' lang='lat' dir='ltr'><strong>decipula</strong></span> <span class='ocrx_word' id='word_1_435' title='bbox 2047 4282 2113 4334; x_wconf 86' lang='lat' dir='ltr'><strong>il-</strong></span> 
     </span>
    </p>
   </div>
   <div class='ocr_carea' id='block_1_61' title="bbox 516 4372 2106 4444">
    <p class='ocr_par' dir='ltr' id='par_1_61' title="bbox 516 4372 2106 4444">
     <span class='ocr_line' id='line_1_61' title="bbox 516 4372 2106 4444; baseline -0.001 -15"><span class='ocrx_word' id='word_1_436' title='bbox 516 4375 617 4430; x_wconf 86' lang='lat' dir='ltr'><strong>lius</strong></span> <span class='ocrx_word' id='word_1_437' title='bbox 643 4390 799 4443; x_wconf 81' lang='lat' dir='ltr'><strong>super</strong></span> <span class='ocrx_word' id='word_1_438' title='bbox 828 4373 1084 4428; x_wconf 81' lang='lat' dir='ltr'><strong>semitam.</strong></span> <span class='ocrx_word' id='word_1_439' title='bbox 1115 4373 1274 4427; x_wconf 89' lang='lat' dir='ltr'><strong>Latet</strong></span> <span class='ocrx_word' id='word_1_440' title='bbox 1306 4373 1459 4427; x_wconf 89' lang='lat' dir='ltr'><strong>illum</strong></span> <span class='ocrx_word' id='word_1_441' title='bbox 1499 4374 1696 4444; x_wconf 90' lang='lat' dir='ltr'><strong>quibus</strong></span> <span class='ocrx_word' id='word_1_442' title='bbox 1738 4372 1952 4427; x_wconf 89' lang='lat' dir='ltr'><strong>insidiis</strong></span> <span class='ocrx_word' id='word_1_443' title='bbox 1981 4389 2106 4443; x_wconf 84' lang='lat' dir='ltr'><strong>per-</strong></span> 
     </span>
    </p>
   </div>
   <div class='ocr_carea' id='block_1_62' title="bbox 516 4463 2111 4535">
    <p class='ocr_par' dir='ltr' id='par_1_62' title="bbox 516 4463 2111 4535">
     <span class='ocr_line' id='line_1_62' title="bbox 516 4463 2111 4535; baseline -0.003 -13"><span class='ocrx_word' id='word_1_444' title='bbox 516 4467 662 4522; x_wconf 91' lang='lat' dir='ltr'><strong>ditus</strong></span> <span class='ocrx_word' id='word_1_445' title='bbox 684 4467 802 4520; x_wconf 85' lang='lat' dir='ltr'><strong>sive</strong></span> <span class='ocrx_word' id='word_1_446' title='bbox 835 4468 884 4518; x_wconf 93' lang='lat' dir='ltr'><strong>in</strong></span> <span class='ocrx_word' id='word_1_447' title='bbox 913 4463 1217 4534; x_wconf 81' lang='lat' dir='ltr'><strong>semetipso</strong></span> <span class='ocrx_word' id='word_1_448' title='bbox 1249 4463 1517 4534; x_wconf 75' lang='lat' dir='ltr'><strong>pedicam,</strong></span> <span class='ocrx_word' id='word_1_449' title='bbox 1548 4480 1652 4535; x_wconf 86' lang='lat' dir='ltr'><strong>qua</strong></span> <span class='ocrx_word' id='word_1_450' title='bbox 1713 4465 1978 4535; x_wconf 81' lang='lat' dir='ltr'><strong>praepedit</strong></span> <span class='ocrx_word' id='word_1_451' title='bbox 2017 4479 2111 4534; x_wconf 86' lang='lat' dir='ltr'><strong>pc-</strong></span> 
     </span>
    </p>
   </div>
   <div class='ocr_carea' id='block_1_63' title="bbox 2207 1863 3812 1937">
    <p class='ocr_par' dir='ltr' id='par_1_63' title="bbox 2207 1863 3812 1937">
     <span class='ocr_line' id='line_1_63' title="bbox 2207 1863 3812 1937; baseline 0.001 -19"><span class='ocrx_word' id='word_1_452' title='bbox 2207 1863 2479 1934; x_wconf 79' lang='lat' dir='ltr'><strong>superbia:</strong></span> <span class='ocrx_word' id='word_1_453' title='bbox 2513 1879 2527 1918; x_wconf 87' lang='lat'><strong>:</strong></span> <span class='ocrx_word' id='word_1_454' title='bbox 2557 1864 2651 1919; x_wconf 81' lang='lat' dir='ltr'><strong>sed</strong></span> <span class='ocrx_word' id='word_1_455' title='bbox 2676 1878 2846 1934; x_wconf 89' lang='lat' dir='ltr'><strong>super</strong></span> <span class='ocrx_word' id='word_1_456' title='bbox 2879 1875 3128 1920; x_wconf 91' lang='lat' dir='ltr'><strong>sanctum</strong></span> <span class='ocrx_word' id='word_1_457' title='bbox 3161 1863 3285 1932; x_wconf 83' lang='lat' dir='ltr'><strong>Job,</strong></span> <span class='ocrx_word' id='word_1_458' title='bbox 3318 1874 3376 1922; x_wconf 92' lang='lat' dir='ltr'><strong>ut</strong></span> <span class='ocrx_word' id='word_1_459' title='bbox 3401 1879 3527 1921; x_wconf 89' lang='lat' dir='ltr'><strong>eum</strong></span> <span class='ocrx_word' id='word_1_460' title='bbox 3550 1876 3812 1937; x_wconf 84' lang='lat' dir='ltr'><strong>proster-</strong></span> 
     </span>
    </p>
   </div>
   <div class='ocr_carea' id='block_1_64' title="bbox 2208 1955 3004 2026">
    <p class='ocr_par' dir='ltr' id='par_1_64' title="bbox 2208 1955 3004 2026">
     <span class='ocr_line' id='line_1_64' title="bbox 2208 1955 3004 2026; baseline 0.005 -18"><span class='ocrx_word' id='word_1_461' title='bbox 2208 1964 2388 2020; x_wconf 87' lang='lat' dir='ltr'><strong>neret,</strong></span> <span class='ocrx_word' id='word_1_462' title='bbox 2419 1955 2637 2011; x_wconf 89' lang='lat' dir='ltr'><strong>calcare</strong></span> <span class='ocrx_word' id='word_1_463' title='bbox 2667 1973 2774 2010; x_wconf 87' lang='lat' dir='ltr'><strong>non</strong></span> <span class='ocrx_word' id='word_1_464' title='bbox 2810 1957 3004 2026; x_wconf 90' lang='lat' dir='ltr'><strong>potuit.</strong></span> 
     </span>
    </p>
   </div>
   <div class='ocr_carea' id='block_1_65' title="bbox 2282 2047 3814 2121">
    <p class='ocr_par' dir='ltr' id='par_1_65' title="bbox 2282 2047 3814 2121">
     <span class='ocr_line' id='line_1_65' title="bbox 2282 2047 3814 2121; baseline 0.003 -19"><span class='ocrx_word' id='word_1_465' title='bbox 2282 2047 2536 2103; x_wconf 79' lang='lat' dir='ltr'><strong>Habitent</strong></span> <span class='ocrx_word' id='word_1_466' title='bbox 2563 2050 2617 2102; x_wconf 88' lang='lat' dir='ltr'><strong>in</strong></span> <span class='ocrx_word' id='word_1_467' title='bbox 2646 2049 2982 2105; x_wconf 86' lang='lat' dir='ltr'><strong>tabernaculo</strong></span> <span class='ocrx_word' id='word_1_468' title='bbox 3004 2050 3147 2105; x_wconf 87' lang='lat' dir='ltr'><strong>illius</strong></span> <span class='ocrx_word' id='word_1_469' title='bbox 3181 2051 3309 2105; x_wconf 87' lang='lat' dir='ltr'><strong>socii</strong></span> <span class='ocrx_word' id='word_1_470' title='bbox 3352 2051 3463 2121; x_wconf 88' lang='lat' dir='ltr'><strong>ejus</strong></span> <span class='ocrx_word' id='word_1_471' title='bbox 3491 2091 3506 2115; x_wconf 89' lang='lat'><strong>,</strong></span> <span class='ocrx_word' id='word_1_472' title='bbox 3564 2052 3658 2121; x_wconf 86' lang='lat' dir='ltr'><strong>qui</strong></span> <span class='ocrx_word' id='word_1_473' title='bbox 3706 2069 3814 2108; x_wconf 81' lang='lat' dir='ltr'><strong>non</strong></span> 
     </span>
    </p>
   </div>
   <div class='ocr_carea' id='block_1_66' title="bbox 2209 2143 3810 2215">
    <p class='ocr_par' dir='ltr' id='par_1_66' title="bbox 2209 2143 3810 2215">
     <span class='ocr_line' id='line_1_66' title="bbox 2209 2143 3810 2215; baseline 0.001 -17"><span class='ocrx_word' id='word_1_474' title='bbox 2209 2152 2306 2198; x_wconf 87' lang='lat' dir='ltr'><strong>est.</strong></span> <span class='ocrx_word' id='word_1_475' title='bbox 2332 2143 2505 2204; x_wconf 89' lang='lat' dir='ltr'><strong>Socii,</strong></span> <span class='ocrx_word' id='word_1_476' title='bbox 2540 2143 2800 2210; x_wconf 90' lang='lat' dir='ltr'><strong>sodales,</strong></span> <span class='ocrx_word' id='word_1_477' title='bbox 2834 2144 2950 2200; x_wconf 87' lang='lat' dir='ltr'><strong>sive</strong></span> <span class='ocrx_word' id='word_1_478' title='bbox 2985 2143 3083 2200; x_wconf 88' lang='lat' dir='ltr'><strong>filii</strong></span> <span class='ocrx_word' id='word_1_479' title='bbox 3105 2187 3119 2212; x_wconf 88' lang='lat'><strong>,</strong></span> <span class='ocrx_word' id='word_1_480' title='bbox 3155 2153 3214 2198; x_wconf 92' lang='lat' dir='ltr'><strong>ut</strong></span> <span class='ocrx_word' id='word_1_481' title='bbox 3237 2159 3404 2215; x_wconf 89' lang='lat' dir='ltr'><strong>supra</strong></span> <span class='ocrx_word' id='word_1_482' title='bbox 3437 2144 3647 2200; x_wconf 90' lang='lat' dir='ltr'><strong>dictum</strong></span> <span class='ocrx_word' id='word_1_483' title='bbox 3701 2156 3810 2214; x_wconf 89' lang='lat' dir='ltr'><strong>est,</strong></span> 
     </span>
    </p>
   </div>
   <div class='ocr_carea' id='block_1_67' title="bbox 2210 2236 3815 2306">
    <p class='ocr_par' dir='ltr' id='par_1_67' title="bbox 2210 2236 3815 2306">
     <span class='ocr_line' id='line_1_67' title="bbox 2210 2236 3815 2306; baseline 0 -14"><span class='ocrx_word' id='word_1_484' title='bbox 2210 2237 2443 2293; x_wconf 88' lang='lat' dir='ltr'><strong>ministri</strong></span> <span class='ocrx_word' id='word_1_485' title='bbox 2472 2236 2678 2292; x_wconf 83' lang='lat' dir='ltr'><strong>diaboli</strong></span> <span class='ocrx_word' id='word_1_486' title='bbox 2705 2245 2832 2292; x_wconf 90' lang='lat' dir='ltr'><strong>sunt</strong></span> <span class='ocrx_word' id='word_1_487' title='bbox 2865 2255 2878 2290; x_wconf 88' lang='lat'><strong>:</strong></span> <span class='ocrx_word' id='word_1_488' title='bbox 2929 2239 3022 2306; x_wconf 86' lang='lat' dir='ltr'><strong>qui</strong></span> <span class='ocrx_word' id='word_1_489' title='bbox 3053 2236 3160 2292; x_wconf 92' lang='lat' dir='ltr'><strong>hoc</strong></span> <span class='ocrx_word' id='word_1_490' title='bbox 3187 2236 3309 2291; x_wconf 89' lang='lat' dir='ltr'><strong>loco</strong></span> <span class='ocrx_word' id='word_1_491' title='bbox 3347 2253 3457 2292; x_wconf 91' lang='lat' dir='ltr'><strong>non</strong></span> <span class='ocrx_word' id='word_1_492' title='bbox 3499 2251 3628 2293; x_wconf 90' lang='lat' dir='ltr'><strong>esse</strong></span> <span class='ocrx_word' id='word_1_493' title='bbox 3671 2236 3815 2292; x_wconf 89' lang='lat' dir='ltr'><strong>dici-</strong></span> 
     </span>
    </p>
   </div>
   <div class='ocr_carea' id='block_1_68' title="bbox 2211 2328 3814 2399">
    <p class='ocr_par' dir='ltr' id='par_1_68' title="bbox 2211 2328 3814 2399">
     <span class='ocr_line' id='line_1_68' title="bbox 2211 2328 3814 2399; baseline -0.002 -13"><span class='ocrx_word' id='word_1_494' title='bbox 2211 2341 2319 2396; x_wconf 87' lang='lat' dir='ltr'><strong>tur,</strong></span> <span class='ocrx_word' id='word_1_495' title='bbox 2346 2341 2552 2385; x_wconf 89' lang='lat' dir='ltr'><strong>etcum</strong></span> <span class='ocrx_word' id='word_1_496' title='bbox 2593 2333 2666 2384; x_wconf 91' lang='lat' dir='ltr'><strong>sit</strong></span> <span class='ocrx_word' id='word_1_497' title='bbox 2709 2339 2918 2385; x_wconf 73' lang='lat' dir='ltr'><strong>naturae</strong></span> <span class='ocrx_word' id='word_1_498' title='bbox 2961 2344 3076 2385; x_wconf 66' lang='lat' dir='ltr'><strong>sua:</strong></span> <span class='ocrx_word' id='word_1_499' title='bbox 3107 2328 3443 2399; x_wconf 81' lang='lat' dir='ltr'><strong>proprietate</strong></span> <span class='ocrx_word' id='word_1_500' title='bbox 3471 2328 3814 2395; x_wconf 85' lang='lat' dir='ltr'><strong>subsistens,</strong></span> 
     </span>
    </p>
   </div>
   <div class='ocr_carea' id='block_1_69' title="bbox 2212 2422 3819 2494">
    <p class='ocr_par' dir='ltr' id='par_1_69' title="bbox 2212 2422 3819 2494">
     <span class='ocr_line' id='line_1_69' title="bbox 2212 2422 3819 2494; baseline -0.001 -14"><span class='ocrx_word' id='word_1_501' title='bbox 2212 2434 2392 2480; x_wconf 87' lang='lat' dir='ltr'><strong>tamen</strong></span> <span class='ocrx_word' id='word_1_502' title='bbox 2423 2439 2530 2479; x_wconf 90' lang='lat' dir='ltr'><strong>non</strong></span> <span class='ocrx_word' id='word_1_503' title='bbox 2562 2431 2667 2488; x_wconf 90' lang='lat' dir='ltr'><strong>est,</strong></span> <span class='ocrx_word' id='word_1_504' title='bbox 2696 2432 2756 2479; x_wconf 91' lang='lat' dir='ltr'><strong>ut</strong></span> <span class='ocrx_word' id='word_1_505' title='bbox 2783 2424 2896 2478; x_wconf 81' lang='lat' dir='ltr'><strong>dixi</strong></span> <span class='ocrx_word' id='word_1_506' title='bbox 2943 2442 2952 2476; x_wconf 96' lang='lat'>:</span> <span class='ocrx_word' id='word_1_507' title='bbox 2982 2424 3108 2493; x_wconf 88' lang='lat' dir='ltr'><strong>quia</strong></span> <span class='ocrx_word' id='word_1_508' title='bbox 3140 2423 3596 2494; x_wconf 64' lang='lat' dir='ltr'><strong>prmvaricatione</strong></span> <span class='ocrx_word' id='word_1_509' title='bbox 3635 2422 3819 2479; x_wconf 89' lang='lat' dir='ltr'><strong>factus</strong></span> 
     </span>
    </p>
   </div>
   <div class='ocr_carea' id='block_1_70' title="bbox 2211 2517 2747 2574">
    <p class='ocr_par' dir='ltr' id='par_1_70' title="bbox 2211 2517 2747 2574">
     <span class='ocr_line' id='line_1_70' title="bbox 2211 2517 2747 2574; baseline -0.004 0"><span class='ocrx_word' id='word_1_510' title='bbox 2211 2527 2295 2574; x_wconf 91' lang='lat' dir='ltr'><strong>est</strong></span> <span class='ocrx_word' id='word_1_511' title='bbox 2319 2517 2533 2572; x_wconf 90' lang='lat' dir='ltr'><strong>alienus</strong></span> <span class='ocrx_word' id='word_1_512' title='bbox 2553 2532 2584 2572; x_wconf 88' lang='lat' dir='ltr'><strong>a</strong></span> <span class='ocrx_word' id='word_1_513' title='bbox 2616 2517 2747 2572; x_wconf 90' lang='lat' dir='ltr'><strong>Deo.</strong></span> 
     </span>
    </p>
   </div>
   <div class='ocr_carea' id='block_1_71' title="bbox 2280 2609 3813 2684">
    <p class='ocr_par' dir='ltr' id='par_1_71' title="bbox 2280 2609 3813 2684">
     <span class='ocr_line' id='line_1_71' title="bbox 2280 2609 3813 2684; baseline 0.001 -18"><span class='ocrx_word' id='word_1_514' title='bbox 2280 2619 2602 2684; x_wconf 82' lang='lat' dir='ltr'><strong>Aspergatur</strong></span> <span class='ocrx_word' id='word_1_515' title='bbox 2627 2611 2679 2667; x_wconf 89' lang='lat' dir='ltr'><strong>in</strong></span> <span class='ocrx_word' id='word_1_516' title='bbox 2708 2612 3042 2667; x_wconf 85' lang='lat' dir='ltr'><strong>tabernaculo</strong></span> <span class='ocrx_word' id='word_1_517' title='bbox 3063 2615 3174 2684; x_wconf 89' lang='lat' dir='ltr'><strong>ejus</strong></span> <span class='ocrx_word' id='word_1_518' title='bbox 3200 2612 3438 2684; x_wconf 82' lang='lat' dir='ltr'><strong>sulphur.</strong></span> <span class='ocrx_word' id='word_1_519' title='bbox 3481 2609 3560 2667; x_wconf 83' lang='lat' dir='ltr'><strong>Ut</strong></span> <span class='ocrx_word' id='word_1_520' title='bbox 3597 2609 3813 2667; x_wconf 79' lang='lat' dir='ltr'><strong>fumum</strong></span> 
     </span>
    </p>
   </div>
   <div class='ocr_carea' id='block_1_72' title="bbox 2213 2707 2956 2778">
    <p class='ocr_par' dir='ltr' id='par_1_72' title="bbox 2213 2707 2956 2778">
     <span class='ocr_line' id='line_1_72' title="bbox 2213 2707 2956 2778; baseline -0.003 -14"><span class='ocrx_word' id='word_1_521' title='bbox 2213 2708 2303 2764; x_wconf 87' lang='lat' dir='ltr'><strong>hic</strong></span> <span class='ocrx_word' id='word_1_522' title='bbox 2333 2708 2532 2764; x_wconf 89' lang='lat' dir='ltr'><strong>sentiat</strong></span> <span class='ocrx_word' id='word_1_523' title='bbox 2563 2707 2956 2778; x_wconf 87' lang='lat' dir='ltr'><strong>geltennarum.</strong></span> 
     </span>
    </p>
   </div>
   <div class='ocr_carea' id='block_1_73' title="bbox 2285 2801 3814 2872">
    <p class='ocr_par' dir='ltr' id='par_1_73' title="bbox 2285 2801 3814 2872">
     <span class='ocr_line' id='line_1_73' title="bbox 2285 2801 3814 2872; baseline -0.001 -18"><span class='ocrx_word' id='word_1_524' title='bbox 2285 2801 2539 2857; x_wconf 89' lang='lat' dir='ltr'><strong>Deorsum</strong></span> <span class='ocrx_word' id='word_1_525' title='bbox 2559 2802 2758 2856; x_wconf 86' lang='lat' dir='ltr'><strong>radices</strong></span> <span class='ocrx_word' id='word_1_526' title='bbox 2798 2803 2912 2872; x_wconf 84' lang='lat' dir='ltr'><strong>ejus</strong></span> <span class='ocrx_word' id='word_1_527' title='bbox 2932 2801 3224 2856; x_wconf 86' lang='lat' dir='ltr'><strong>siccentur:</strong></span> <span class='ocrx_word' id='word_1_528' title='bbox 3264 2815 3475 2854; x_wconf 83' lang='lat' dir='ltr'><strong>sursum</strong></span> <span class='ocrx_word' id='word_1_529' title='bbox 3517 2807 3694 2853; x_wconf 80' lang='lat' dir='ltr'><strong>autem</strong></span> <span class='ocrx_word' id='word_1_530' title='bbox 3732 2807 3814 2852; x_wconf 85' lang='lat' dir='ltr'><strong>at-</strong></span> 
     </span>
    </p>
   </div>
   <div class='ocr_carea' id='block_1_74' title="bbox 2216 2891 3804 2967">
    <p class='ocr_par' dir='ltr' id='par_1_74' title="bbox 2216 2891 3804 2967">
     <span class='ocr_line' id='line_1_74' title="bbox 2216 2891 3804 2967; baseline -0.003 -21"><span class='ocrx_word' id='word_1_531' title='bbox 2216 2902 2418 2947; x_wconf 88' lang='lat' dir='ltr'><strong>teratur</strong></span> <span class='ocrx_word' id='word_1_532' title='bbox 2461 2894 2640 2948; x_wconf 87' lang='lat' dir='ltr'><strong>messis</strong></span> <span class='ocrx_word' id='word_1_533' title='bbox 2662 2896 2802 2967; x_wconf 86' lang='lat' dir='ltr'><strong>ejus.</strong></span> <span class='ocrx_word' id='word_1_534' title='bbox 2831 2892 3023 2948; x_wconf 80' lang='lat' dir='ltr'><strong>Messis</strong></span> <span class='ocrx_word' id='word_1_535' title='bbox 3073 2907 3239 2962; x_wconf 90' lang='lat' dir='ltr'><strong>opera</strong></span> <span class='ocrx_word' id='word_1_536' title='bbox 3274 2899 3504 2961; x_wconf 89' lang='lat' dir='ltr'><strong>possunt</strong></span> <span class='ocrx_word' id='word_1_537' title='bbox 3550 2891 3804 2962; x_wconf 85' lang='lat' dir='ltr'><strong>intelligi,</strong></span> 
     </span>
    </p>
   </div>
   <div class='ocr_carea' id='block_1_75' title="bbox 2215 2983 3806 3058">
    <p class='ocr_par' dir='ltr' id='par_1_75' title="bbox 2215 2983 3806 3058">
     <span class='ocr_line' id='line_1_75' title="bbox 2215 2983 3806 3058; baseline -0.003 -17"><span class='ocrx_word' id='word_1_538' title='bbox 2215 3002 2337 3058; x_wconf 66' lang='lat' dir='ltr'><strong>quae</strong></span> <span class='ocrx_word' id='word_1_539' title='bbox 2371 2988 2518 3042; x_wconf 89' lang='lat' dir='ltr'><strong>foras</strong></span> <span class='ocrx_word' id='word_1_540' title='bbox 2549 2995 2714 3057; x_wconf 88' lang='lat' dir='ltr'><strong>atque</strong></span> <span class='ocrx_word' id='word_1_541' title='bbox 2739 2987 2790 3042; x_wconf 94' lang='lat' dir='ltr'><strong>in</strong></span> <span class='ocrx_word' id='word_1_542' title='bbox 2823 2986 3099 3058; x_wconf 87' lang='lat' dir='ltr'><strong>publicum</strong></span> <span class='ocrx_word' id='word_1_543' title='bbox 3129 3001 3196 3040; x_wconf 81' lang='lat' dir='ltr'><strong>ex</strong></span> <span class='ocrx_word' id='word_1_544' title='bbox 3237 2983 3591 3040; x_wconf 87' lang='lat' dir='ltr'><strong>interioribus</strong></span> <span class='ocrx_word' id='word_1_545' title='bbox 3621 2999 3806 3038; x_wconf 88' lang='lat' dir='ltr'><strong>erum-</strong></span> 
     </span>
    </p>
   </div>
   <div class='ocr_carea' id='block_1_76' title="bbox 2215 3076 3811 3150">
    <p class='ocr_par' dir='ltr' id='par_1_76' title="bbox 2215 3076 3811 3150">
     <span class='ocr_line' id='line_1_76' title="bbox 2215 3076 3811 3150; baseline -0.001 -16"><span class='ocrx_word' id='word_1_546' title='bbox 2215 3079 2436 3150; x_wconf 83' lang='lat' dir='ltr'><strong>pentia,</strong></span> <span class='ocrx_word' id='word_1_547' title='bbox 2464 3079 2534 3134; x_wconf 91' lang='lat' dir='ltr'><strong>de</strong></span> <span class='ocrx_word' id='word_1_548' title='bbox 2580 3079 2706 3134; x_wconf 82' lang='lat' dir='ltr'><strong>ﬁdei</strong></span> <span class='ocrx_word' id='word_1_549' title='bbox 2747 3079 2931 3135; x_wconf 88' lang='lat' dir='ltr'><strong>radice</strong></span> <span class='ocrx_word' id='word_1_550' title='bbox 2971 3089 3327 3148; x_wconf 90' lang='lat' dir='ltr'><strong>consurgunt.</strong></span> <span class='ocrx_word' id='word_1_551' title='bbox 3375 3076 3552 3133; x_wconf 86' lang='lat' dir='ltr'><strong>Aliter</strong></span> <span class='ocrx_word' id='word_1_552' title='bbox 3586 3095 3598 3129; x_wconf 86' lang='lat'><strong>:</strong></span> <span class='ocrx_word' id='word_1_553' title='bbox 3634 3076 3811 3133; x_wconf 89' lang='lat' dir='ltr'><strong>Deor-</strong></span> 
     </span>
    </p>
   </div>
   <div class='ocr_carea' id='block_1_77' title="bbox 2135 3162 3813 3242">
    <p class='ocr_par' dir='ltr' id='par_1_77' title="bbox 2135 3162 3813 3242">
     <span class='ocr_line' id='line_1_77' title="bbox 2135 3162 3813 3242; baseline -0.001 -16"><span class='ocrx_word' id='word_1_554' title='bbox 2135 3162 2183 3226; x_wconf 90' lang='lat' dir='ltr'>C</span> <span class='ocrx_word' id='word_1_555' title='bbox 2215 3187 2334 3228; x_wconf 88' lang='lat' dir='ltr'><strong>sum</strong></span> <span class='ocrx_word' id='word_1_556' title='bbox 2361 3171 2573 3228; x_wconf 90' lang='lat' dir='ltr'><strong>radices</strong></span> <span class='ocrx_word' id='word_1_557' title='bbox 2600 3172 2716 3242; x_wconf 82' lang='lat' dir='ltr'><strong>ejus</strong></span> <span class='ocrx_word' id='word_1_558' title='bbox 2741 3172 3040 3238; x_wconf 89' lang='lat' dir='ltr'><strong>siccentur,</strong></span> <span class='ocrx_word' id='word_1_559' title='bbox 3102 3170 3155 3226; x_wconf 91' lang='lat' dir='ltr'><strong>id</strong></span> <span class='ocrx_word' id='word_1_560' title='bbox 3188 3178 3294 3236; x_wconf 83' lang='lat' dir='ltr'><strong>est,</strong></span> <span class='ocrx_word' id='word_1_561' title='bbox 3326 3185 3490 3240; x_wconf 82' lang='lat' dir='ltr'><strong>Opera</strong></span> <span class='ocrx_word' id='word_1_562' title='bbox 3511 3211 3528 3235; x_wconf 97' lang='lat'><strong>,</strong></span> <span class='ocrx_word' id='word_1_563' title='bbox 3575 3185 3701 3241; x_wconf 75' lang='lat' dir='ltr'><strong>qua:</strong></span> <span class='ocrx_word' id='word_1_564' title='bbox 3756 3171 3813 3226; x_wconf 88' lang='lat' dir='ltr'><strong>in</strong></span> 
     </span>
    </p>
   </div>
   <div class='ocr_carea' id='block_1_78' title="bbox 2216 3264 3816 3335">
    <p class='ocr_par' dir='ltr' id='par_1_78' title="bbox 2216 3264 3816 3335">
     <span class='ocr_line' id='line_1_78' title="bbox 2216 3264 3816 3335; baseline 0 -15"><span class='ocrx_word' id='word_1_565' title='bbox 2216 3265 2317 3321; x_wconf 87' lang='lat' dir='ltr'><strong>hoc</strong></span> <span class='ocrx_word' id='word_1_566' title='bbox 2338 3267 2542 3321; x_wconf 68' lang='lat' dir='ltr'><strong>saeculo</strong></span> <span class='ocrx_word' id='word_1_567' title='bbox 2571 3265 2928 3335; x_wconf 86' lang='lat' dir='ltr'><strong>perpetravit,</strong></span> <span class='ocrx_word' id='word_1_568' title='bbox 2953 3264 3302 3320; x_wconf 80' lang='lat' dir='ltr'><strong>inveniantur</strong></span> <span class='ocrx_word' id='word_1_569' title='bbox 3349 3273 3565 3320; x_wconf 89' lang='lat' dir='ltr'><strong>mortua</strong></span> <span class='ocrx_word' id='word_1_570' title='bbox 3592 3307 3608 3331; x_wconf 91' lang='lat'><strong>,</strong></span> <span class='ocrx_word' id='word_1_571' title='bbox 3661 3279 3816 3320; x_wconf 86' lang='lat' dir='ltr'><strong>mor-</strong></span> 
     </span>
    </p>
   </div>
   <div class='ocr_carea' id='block_1_79' title="bbox 2216 3356 3816 3427">
    <p class='ocr_par' dir='ltr' id='par_1_79' title="bbox 2216 3356 3816 3427">
     <span class='ocr_line' id='line_1_79' title="bbox 2216 3356 3816 3427; baseline 0 -16"><span class='ocrx_word' id='word_1_572' title='bbox 2216 3356 2427 3427; x_wconf 89' lang='lat' dir='ltr'><strong>tuisqne</strong></span> <span class='ocrx_word' id='word_1_573' title='bbox 2461 3356 2720 3413; x_wconf 85' lang='lat' dir='ltr'><strong>ariditate</strong></span> <span class='ocrx_word' id='word_1_574' title='bbox 2761 3356 2984 3412; x_wconf 86' lang='lat' dir='ltr'><strong>similia.</strong></span> <span class='ocrx_word' id='word_1_575' title='bbox 3033 3357 3262 3412; x_wconf 91' lang='lat' dir='ltr'><strong>Sursum</strong></span> <span class='ocrx_word' id='word_1_576' title='bbox 3312 3367 3496 3412; x_wconf 87' lang='lat' dir='ltr'><strong>autem</strong></span> <span class='ocrx_word' id='word_1_577' title='bbox 3545 3363 3816 3412; x_wconf 87' lang='lat' dir='ltr'><strong>atteratur</strong></span> 
     </span>
    </p>
   </div>
   <div class='ocr_carea' id='block_1_80' title="bbox 2216 3448 3814 3522">
    <p class='ocr_par' dir='ltr' id='par_1_80' title="bbox 2216 3448 3814 3522">
     <span class='ocr_line' id='line_1_80' title="bbox 2216 3448 3814 3522; baseline 0 -17"><span class='ocrx_word' id='word_1_578' title='bbox 2216 3452 2412 3506; x_wconf 89' lang='lat' dir='ltr'><strong>messis</strong></span> <span class='ocrx_word' id='word_1_579' title='bbox 2433 3452 2554 3522; x_wconf 88' lang='lat' dir='ltr'><strong>ejus</strong></span> <span class='ocrx_word' id='word_1_580' title='bbox 2584 3468 2598 3516; x_wconf 92' lang='lat'><strong>;</strong></span> <span class='ocrx_word' id='word_1_581' title='bbox 2629 3452 2680 3505; x_wconf 88' lang='lat' dir='ltr'><strong>in</strong></span> <span class='ocrx_word' id='word_1_582' title='bbox 2704 3449 2888 3506; x_wconf 85' lang='lat' dir='ltr'><strong>futuro</strong></span> <span class='ocrx_word' id='word_1_583' title='bbox 2919 3451 3106 3522; x_wconf 89' lang='lat' dir='ltr'><strong>utique</strong></span> <span class='ocrx_word' id='word_1_584' title='bbox 3129 3449 3441 3506; x_wconf 86' lang='lat' dir='ltr'><strong>mercedem</strong></span> <span class='ocrx_word' id='word_1_585' title='bbox 3490 3448 3697 3505; x_wconf 87' lang='lat' dir='ltr'><strong>laboris</strong></span> <span class='ocrx_word' id='word_1_586' title='bbox 3724 3449 3814 3506; x_wconf 87' lang='lat' dir='ltr'><strong>sui</strong></span> 
     </span>
    </p>
   </div>
   <div class='ocr_carea' id='block_1_81' title="bbox 2218 3543 2862 3614">
    <p class='ocr_par' dir='ltr' id='par_1_81' title="bbox 2218 3543 2862 3614">
     <span class='ocr_line' id='line_1_81' title="bbox 2218 3543 2862 3614; baseline -0.002 -16"><span class='ocrx_word' id='word_1_587' title='bbox 2218 3543 2439 3600; x_wconf 91' lang='lat' dir='ltr'><strong>minime</strong></span> <span class='ocrx_word' id='word_1_588' title='bbox 2470 3553 2862 3614; x_wconf 87' lang='lat' dir='ltr'><strong>consequatur.</strong></span> 
     </span>
    </p>
   </div>
   <div class='ocr_carea' id='block_1_82' title="bbox 2288 3633 3808 3710">
    <p class='ocr_par' dir='ltr' id='par_1_82' title="bbox 2288 3633 3808 3710">
     <span class='ocr_line' id='line_1_82' title="bbox 2288 3633 3808 3710; baseline 0 -19"><span class='ocrx_word' id='word_1_589' title='bbox 2288 3636 2543 3691; x_wconf 83' lang='lat' dir='ltr'><strong>Memoria</strong></span> <span class='ocrx_word' id='word_1_590' title='bbox 2562 3637 2707 3692; x_wconf 87' lang='lat' dir='ltr'><strong>illius</strong></span> <span class='ocrx_word' id='word_1_591' title='bbox 2737 3646 2910 3710; x_wconf 87' lang='lat' dir='ltr'><strong>pereat</strong></span> <span class='ocrx_word' id='word_1_592' title='bbox 2935 3638 2999 3691; x_wconf 87' lang='lat' dir='ltr'><strong>de</strong></span> <span class='ocrx_word' id='word_1_593' title='bbox 3029 3645 3187 3690; x_wconf 88' lang='lat' dir='ltr'><strong>terra.</strong></span> <span class='ocrx_word' id='word_1_594' title='bbox 3211 3634 3266 3690; x_wconf 85' lang='grc' dir='ltr'>ιι]</span> <span class='ocrx_word' id='word_1_595' title='bbox 3298 3643 3407 3703; x_wconf 90' lang='lat' dir='ltr'><strong>est,</strong></span> <span class='ocrx_word' id='word_1_596' title='bbox 3428 3633 3565 3690; x_wconf 87' lang='lat' dir='ltr'><strong>nihil</strong></span> <span class='ocrx_word' id='word_1_597' title='bbox 3592 3649 3808 3692; x_wconf 87' lang='lat' dir='ltr'><strong>memo-</strong></span> 
     </span>
    </p>
   </div>
   <div class='ocr_carea' id='block_1_83' title="bbox 2216 3727 3806 3802">
    <p class='ocr_par' dir='ltr' id='par_1_83' title="bbox 2216 3727 3806 3802">
     <span class='ocr_line' id='line_1_83' title="bbox 2216 3727 3806 3802; baseline -0.002 -17"><span class='ocrx_word' id='word_1_598' title='bbox 2216 3730 2296 3785; x_wconf 90' lang='lat' dir='ltr'><strong>ria</strong></span> <span class='ocrx_word' id='word_1_599' title='bbox 2323 3744 2419 3785; x_wconf 89' lang='lat' dir='ltr'><strong>sua</strong></span> <span class='ocrx_word' id='word_1_600' title='bbox 2449 3730 2670 3802; x_wconf 89' lang='lat' dir='ltr'><strong>dignum</strong></span> <span class='ocrx_word' id='word_1_601' title='bbox 2716 3737 2976 3800; x_wconf 88' lang='lat' dir='ltr'><strong>operetur</strong></span> <span class='ocrx_word' id='word_1_602' title='bbox 3007 3746 3024 3785; x_wconf 86' lang='lat'><strong>:</strong></span> <span class='ocrx_word' id='word_1_603' title='bbox 3056 3731 3141 3785; x_wconf 87' lang='lat' dir='ltr'><strong>vel</strong></span> <span class='ocrx_word' id='word_1_604' title='bbox 3165 3728 3327 3784; x_wconf 89' lang='lat' dir='ltr'><strong>etiam</strong></span> <span class='ocrx_word' id='word_1_605' title='bbox 3375 3727 3643 3784; x_wconf 89' lang='lat' dir='ltr'><strong>memoria</strong></span> <span class='ocrx_word' id='word_1_606' title='bbox 3684 3727 3806 3798; x_wconf 88' lang='lat' dir='ltr'><strong>ejus</strong></span> 
     </span>
    </p>
   </div>
   <div class='ocr_carea' id='block_1_84' title="bbox 2214 3822 3022 3892">
    <p class='ocr_par' dir='ltr' id='par_1_84' title="bbox 2214 3822 3022 3892">
     <span class='ocr_line' id='line_1_84' title="bbox 2214 3822 3022 3892; baseline -0.001 -15"><span class='ocrx_word' id='word_1_607' title='bbox 2214 3832 2402 3892; x_wconf 89' lang='lat' dir='ltr'><strong>pereat</strong></span> <span class='ocrx_word' id='word_1_608' title='bbox 2432 3822 2500 3877; x_wconf 91' lang='lat' dir='ltr'><strong>de</strong></span> <span class='ocrx_word' id='word_1_609' title='bbox 2526 3832 2667 3878; x_wconf 90' lang='lat' dir='ltr'><strong>terra</strong></span> <span class='ocrx_word' id='word_1_610' title='bbox 2701 3822 3022 3876; x_wconf 87' lang='lat' dir='ltr'><strong>viventium.</strong></span> 
     </span>
    </p>
   </div>
   <div class='ocr_carea' id='block_1_85' title="bbox 2288 3911 3809 3984">
    <p class='ocr_par' dir='ltr' id='par_1_85' title="bbox 2288 3911 3809 3984">
     <span class='ocr_line' id='line_1_85' title="bbox 2288 3911 3809 3984; baseline 0.001 -17"><span class='ocrx_word' id='word_1_611' title='bbox 2288 3912 2359 3967; x_wconf 86' lang='lat' dir='ltr'><strong>Et</strong></span> <span class='ocrx_word' id='word_1_612' title='bbox 2382 3931 2487 3969; x_wconf 88' lang='lat' dir='ltr'><strong>non</strong></span> <span class='ocrx_word' id='word_1_613' title='bbox 2516 3914 2804 3969; x_wconf 84' lang='lat' dir='ltr'><strong>celebretur</strong></span> <span class='ocrx_word' id='word_1_614' title='bbox 2849 3930 3036 3968; x_wconf 87' lang='lat' dir='ltr'><strong>nomen</strong></span> <span class='ocrx_word' id='word_1_615' title='bbox 3069 3914 3184 3984; x_wconf 86' lang='lat' dir='ltr'><strong>ejus</strong></span> <span class='ocrx_word' id='word_1_616' title='bbox 3215 3912 3267 3966; x_wconf 88' lang='lat' dir='ltr'><strong>in</strong></span> <span class='ocrx_word' id='word_1_617' title='bbox 3288 3912 3497 3984; x_wconf 86' lang='lat' dir='ltr'><strong>plateis.</strong></span> <span class='ocrx_word' id='word_1_618' title='bbox 3542 3911 3600 3966; x_wconf 87' lang='lat' dir='ltr'><strong>ln</strong></span> <span class='ocrx_word' id='word_1_619' title='bbox 3633 3911 3809 3982; x_wconf 86' lang='lat' dir='ltr'><strong>platea</strong></span> 
     </span>
    </p>
   </div>
   <div class='ocr_carea' id='block_1_86' title="bbox 2215 4002 3810 4076">
    <p class='ocr_par' dir='ltr' id='par_1_86' title="bbox 2215 4002 3810 4076">
     <span class='ocr_line' id='line_1_86' title="bbox 2215 4002 3810 4076; baseline -0.001 -16"><span class='ocrx_word' id='word_1_620' title='bbox 2215 4006 2481 4062; x_wconf 90' lang='lat' dir='ltr'><strong>sedebant</strong></span> <span class='ocrx_word' id='word_1_621' title='bbox 2506 4021 2692 4076; x_wconf 88' lang='lat' dir='ltr'><strong>reges,</strong></span> <span class='ocrx_word' id='word_1_622' title='bbox 2727 4007 2867 4061; x_wconf 91' lang='lat' dir='ltr'><strong>inter</strong></span> <span class='ocrx_word' id='word_1_623' title='bbox 2894 4019 3030 4075; x_wconf 88' lang='lat' dir='ltr'><strong>quos</strong></span> <span class='ocrx_word' id='word_1_624' title='bbox 3084 4012 3238 4075; x_wconf 86' lang='lat' dir='ltr'><strong>optat</strong></span> <span class='ocrx_word' id='word_1_625' title='bbox 3267 4018 3392 4058; x_wconf 89' lang='lat' dir='ltr'><strong>eum</strong></span> <span class='ocrx_word' id='word_1_626' title='bbox 3425 4004 3623 4058; x_wconf 85' lang='lat' dir='ltr'><strong>famam</strong></span> <span class='ocrx_word' id='word_1_627' title='bbox 3650 4002 3810 4072; x_wconf 89' lang='lat' dir='ltr'><strong>justi-</strong></span> 
     </span>
    </p>
   </div>
   <div class='ocr_carea' id='block_1_87' title="bbox 2216 4095 3808 4165">
    <p class='ocr_par' dir='ltr' id='par_1_87' title="bbox 2216 4095 3808 4165">
     <span class='ocr_line' id='line_1_87' title="bbox 2216 4095 3808 4165; baseline -0.004 -11"><span class='ocrx_word' id='word_1_628' title='bbox 2216 4099 2304 4154; x_wconf 65' lang='lat' dir='ltr'><strong>tiae</strong></span> <span class='ocrx_word' id='word_1_629' title='bbox 2349 4113 2456 4153; x_wconf 83' lang='lat' dir='ltr'><strong>non</strong></span> <span class='ocrx_word' id='word_1_630' title='bbox 2502 4097 2722 4152; x_wconf 90' lang='lat' dir='ltr'><strong>mereri.</strong></span> <span class='ocrx_word' id='word_1_631' title='bbox 2779 4097 2979 4153; x_wconf 71' lang='lat' dir='ltr'><strong>Plateaa</strong></span> <span class='ocrx_word' id='word_1_632' title='bbox 3005 4095 3236 4151; x_wconf 91' lang='lat' dir='ltr'><strong>virtutes</strong></span> <span class='ocrx_word' id='word_1_633' title='bbox 3283 4095 3707 4165; x_wconf 88' lang='lat' dir='ltr'><strong>intelliguntur:</strong></span> <span class='ocrx_word' id='word_1_634' title='bbox 3753 4095 3808 4148; x_wconf 92' lang='lat' dir='ltr'><strong>in</strong></span> 
     </span>
    </p>
   </div>
   <div class='ocr_carea' id='block_1_88' title="bbox 2209 4185 3804 4262">
    <p class='ocr_par' dir='ltr' id='par_1_88' title="bbox 2209 4185 3804 4262">
     <span class='ocr_line' id='line_1_88' title="bbox 2209 4185 3804 4262; baseline -0.004 -18"><span class='ocrx_word' id='word_1_635' title='bbox 2209 4191 2412 4262; x_wconf 85' lang='lat' dir='ltr'><strong>quibus</strong></span> <span class='ocrx_word' id='word_1_636' title='bbox 2443 4189 2708 4258; x_wconf 88' lang='lat' dir='ltr'><strong>sapientia</strong></span> <span class='ocrx_word' id='word_1_637' title='bbox 2733 4189 3062 4245; x_wconf 84' lang='lat' dir='ltr'><strong>ﬁducialiter</strong></span> <span class='ocrx_word' id='word_1_638' title='bbox 3089 4189 3223 4259; x_wconf 87' lang='lat' dir='ltr'><strong>agit,</strong></span> <span class='ocrx_word' id='word_1_639' title='bbox 3252 4196 3308 4243; x_wconf 91' lang='lat' dir='ltr'><strong>et</strong></span> <span class='ocrx_word' id='word_1_640' title='bbox 3326 4188 3582 4242; x_wconf 90' lang='lat' dir='ltr'><strong>circumit</strong></span> <span class='ocrx_word' id='word_1_641' title='bbox 3611 4185 3804 4242; x_wconf 88' lang='lat' dir='ltr'><strong>civita-</strong></span> 
     </span>
    </p>
   </div>
   <div class='ocr_carea' id='block_1_89' title="bbox 2215 4277 3808 4350">
    <p class='ocr_par' dir='ltr' id='par_1_89' title="bbox 2215 4277 3808 4350">
     <span class='ocr_line' id='line_1_89' title="bbox 2215 4277 3808 4350; baseline -0.004 -13"><span class='ocrx_word' id='word_1_642' title='bbox 2215 4290 2324 4337; x_wconf 91' lang='lat' dir='ltr'><strong>tem</strong></span> <span class='ocrx_word' id='word_1_643' title='bbox 2360 4281 2455 4336; x_wconf 87' lang='lat' dir='ltr'><strong>Dei</strong></span> <span class='ocrx_word' id='word_1_644' title='bbox 2483 4279 2789 4337; x_wconf 84' lang='lat' dir='ltr'><strong>Jerusalem</strong></span> <span class='ocrx_word' id='word_1_645' title='bbox 2826 4297 2840 4336; x_wconf 92' lang='lat'>:</span> <span class='ocrx_word' id='word_1_646' title='bbox 2883 4281 2936 4335; x_wconf 93' lang='lat' dir='ltr'><strong>in</strong></span> <span class='ocrx_word' id='word_1_647' title='bbox 2968 4296 3071 4350; x_wconf 87' lang='lat' dir='ltr'><strong>qua</strong></span> <span class='ocrx_word' id='word_1_648' title='bbox 3101 4279 3466 4335; x_wconf 87' lang='lat' dir='ltr'><strong>sacramentis</strong></span> <span class='ocrx_word' id='word_1_649' title='bbox 3496 4277 3696 4334; x_wconf 88' lang='lat' dir='ltr'><strong>divinis</strong></span> <span class='ocrx_word' id='word_1_650' title='bbox 3727 4287 3808 4332; x_wconf 85' lang='lat' dir='ltr'><strong>at-</strong></span> 
     </span>
    </p>
   </div>
   <div class='ocr_carea' id='block_1_90' title="bbox 2214 4371 3802 4446">
    <p class='ocr_par' dir='ltr' id='par_1_90' title="bbox 2214 4371 3802 4446">
     <span class='ocr_line' id='line_1_90' title="bbox 2214 4371 3802 4446; baseline -0.002 -19"><span class='ocrx_word' id='word_1_651' title='bbox 2214 4390 2320 4446; x_wconf 90' lang='lat' dir='ltr'><strong>que</strong></span> <span class='ocrx_word' id='word_1_652' title='bbox 2352 4374 2628 4446; x_wconf 88' lang='lat' dir='ltr'><strong>mysteriis</strong></span> <span class='ocrx_word' id='word_1_653' title='bbox 2673 4376 2844 4431; x_wconf 88' lang='lat' dir='ltr'><strong>latum</strong></span> <span class='ocrx_word' id='word_1_654' title='bbox 2887 4383 2975 4428; x_wconf 89' lang='lat' dir='ltr'><strong>est</strong></span> <span class='ocrx_word' id='word_1_655' title='bbox 3006 4373 3417 4442; x_wconf 86' lang='lat' dir='ltr'><strong>Scripturarum</strong></span> <span class='ocrx_word' id='word_1_656' title='bbox 3469 4371 3802 4427; x_wconf 89' lang='lat' dir='ltr'><strong>mandatum.</strong></span> 
     </span>
    </p>
   </div>
   <div class='ocr_carea' id='block_1_91' title="bbox 2218 4463 3806 4536">
    <p class='ocr_par' dir='ltr' id='par_1_91' title="bbox 2218 4463 3806 4536">
     <span class='ocr_line' id='line_1_91' title="bbox 2218 4463 3806 4536; baseline -0.003 -15"><span class='ocrx_word' id='word_1_657' title='bbox 2218 4465 2582 4522; x_wconf 87' lang='lat' dir='ltr'><strong>Vehementer</strong></span> <span class='ocrx_word' id='word_1_658' title='bbox 2614 4464 2776 4536; x_wconf 84' lang='lat' dir='ltr'><strong>igitur</strong></span> <span class='ocrx_word' id='word_1_659' title='bbox 2802 4465 2855 4520; x_wconf 89' lang='lat' dir='ltr'><strong>in</strong></span> <span class='ocrx_word' id='word_1_660' title='bbox 2896 4464 2980 4519; x_wconf 87' lang='lat' dir='ltr'><strong>his</strong></span> <span class='ocrx_word' id='word_1_661' title='bbox 3014 4465 3211 4536; x_wconf 86' lang='lat' dir='ltr'><strong>plateis</strong></span> <span class='ocrx_word' id='word_1_662' title='bbox 3255 4463 3444 4520; x_wconf 90' lang='lat' dir='ltr'><strong>ludent</strong></span> <span class='ocrx_word' id='word_1_663' title='bbox 3491 4476 3656 4519; x_wconf 84' lang='lat' dir='ltr'><strong>senes</strong></span> <span class='ocrx_word' id='word_1_664' title='bbox 3681 4509 3695 4533; x_wconf 88' lang='lat'><strong>,</strong></span> <span class='ocrx_word' id='word_1_665' title='bbox 3752 4471 3806 4518; x_wconf 89' lang='lat' dir='ltr'><strong>et</strong></span> 
     </span>
    </p>
   </div>
   <div class='ocr_carea' id='block_1_92' title="bbox 515 4551 2740 4629">
    <p class='ocr_par' dir='ltr' id='par_1_92' title="bbox 515 4551 2740 4629">
     <span class='ocr_line' id='line_1_92' title="bbox 515 4551 2740 4629; baseline -0.001 -14"><span class='ocrx_word' id='word_1_666' title='bbox 515 4559 614 4615; x_wconf 88' lang='lat' dir='ltr'><strong>des</strong></span> <span class='ocrx_word' id='word_1_667' title='bbox 643 4573 794 4622; x_wconf 88' lang='lat' dir='ltr'><strong>suos,</strong></span> <span class='ocrx_word' id='word_1_668' title='bbox 829 4557 994 4612; x_wconf 87' lang='lat' dir='ltr'><strong>habet</strong></span> <span class='ocrx_word' id='word_1_669' title='bbox 1022 4557 1402 4612; x_wconf 86' lang='lat' dir='ltr'><strong>absconditam</strong></span> <span class='ocrx_word' id='word_1_670' title='bbox 1430 4575 1443 4613; x_wconf 92' lang='lat'><strong>:</strong></span> <span class='ocrx_word' id='word_1_671' title='bbox 1471 4557 1523 4612; x_wconf 91' lang='lat' dir='ltr'><strong>id</strong></span> <span class='ocrx_word' id='word_1_672' title='bbox 1553 4567 1639 4613; x_wconf 91' lang='lat' dir='ltr'><strong>est</strong></span> <span class='ocrx_word' id='word_1_673' title='bbox 1668 4601 1684 4627; x_wconf 92' lang='lat'><strong>,</strong></span> <span class='ocrx_word' id='word_1_674' title='bbox 1716 4557 2104 4629; x_wconf 87' lang='lat' dir='ltr'><strong>obligationem</strong></span> <span class='ocrx_word' id='word_1_675' title='bbox 2135 4551 2189 4610; x_wconf 90' lang='lat' dir='ltr'><strong>D</strong></span> <span class='ocrx_word' id='word_1_676' title='bbox 2213 4573 2373 4622; x_wconf 88' lang='lat' dir='ltr'><strong>anus,</strong></span> <span class='ocrx_word' id='word_1_677' title='bbox 2406 4567 2460 4613; x_wconf 89' lang='lat' dir='ltr'><strong>et</strong></span> <span class='ocrx_word' id='word_1_678' title='bbox 2485 4557 2740 4614; x_wconf 86' lang='lat' dir='ltr'><strong>infantes.</strong></span> 
     </span>
    </p>
   </div>
   <div class='ocr_carea' id='block_1_93' title="bbox 516 4649 2106 4721">
    <p class='ocr_par' dir='ltr' id='par_1_93' title="bbox 516 4649 2106 4721">
     <span class='ocr_line' id='line_1_93' title="bbox 516 4649 2106 4721; baseline -0.001 -14"><span class='ocrx_word' id='word_1_679' title='bbox 516 4651 748 4721; x_wconf 85' lang='lat' dir='ltr'><strong>peccati.</strong></span> <span class='ocrx_word' id='word_1_680' title='bbox 775 4659 832 4706; x_wconf 90' lang='lat' dir='ltr'><strong>et</strong></span> <span class='ocrx_word' id='word_1_681' title='bbox 861 4651 915 4704; x_wconf 93' lang='lat' dir='ltr'><strong>in</strong></span> <span class='ocrx_word' id='word_1_682' title='bbox 947 4649 1157 4704; x_wconf 66' lang='lat' dir='ltr'><strong>saevitia</strong></span> <span class='ocrx_word' id='word_1_683' title='bbox 1200 4651 1638 4706; x_wconf 87' lang='lat' dir='ltr'><strong>conversationis</strong></span> <span class='ocrx_word' id='word_1_684' title='bbox 1683 4665 1798 4704; x_wconf 84' lang='lat' dir='ltr'><strong>suae</strong></span> <span class='ocrx_word' id='word_1_685' title='bbox 1824 4692 1839 4717; x_wconf 92' lang='lat'><strong>,</strong></span> <span class='ocrx_word' id='word_1_686' title='bbox 1895 4666 1997 4720; x_wconf 88' lang='lat' dir='ltr'><strong>qua</strong></span> <span class='ocrx_word' id='word_1_687' title='bbox 2047 4665 2106 4706; x_wconf 91' lang='lat' dir='ltr'><strong>se</strong></span> 
     </span>
    </p>
   </div>
   <div class='ocr_carea' id='block_1_94' title="bbox 507 4744 2066 4816">
    <p class='ocr_par' dir='ltr' id='par_1_94' title="bbox 507 4744 2066 4816">
     <span class='ocr_line' id='line_1_94' title="bbox 507 4744 2066 4816; baseline -0.001 -16"><span class='ocrx_word' id='word_1_688' title='bbox 507 4757 659 4801; x_wconf 87' lang='lat' dir='ltr'><strong>reete</strong></span> <span class='ocrx_word' id='word_1_689' title='bbox 690 4754 840 4814; x_wconf 89' lang='lat' dir='ltr'><strong>putat</strong></span> <span class='ocrx_word' id='word_1_690' title='bbox 869 4745 1150 4811; x_wconf 85' lang='lat' dir='ltr'><strong>incedere,</strong></span> <span class='ocrx_word' id='word_1_691' title='bbox 1185 4746 1394 4798; x_wconf 89' lang='lat' dir='ltr'><strong>erroris</strong></span> <span class='ocrx_word' id='word_1_692' title='bbox 1425 4744 1589 4799; x_wconf 89' lang='lat' dir='ltr'><strong>istius</strong></span> <span class='ocrx_word' id='word_1_693' title='bbox 1633 4745 1764 4800; x_wconf 91' lang='lat' dir='ltr'><strong>latet</strong></span> <span class='ocrx_word' id='word_1_694' title='bbox 1794 4745 2066 4816; x_wconf 86' lang='lat' dir='ltr'><strong>decipula.</strong></span> 
     </span>
    </p>
   </div>
   <div class='ocr_carea' id='block_1_95' title="bbox 587 4835 2109 4909">
    <p class='ocr_par' dir='ltr' id='par_1_95' title="bbox 587 4835 2109 4909">
     <span class='ocr_line' id='line_1_95' title="bbox 587 4835 2109 4909; baseline -0.001 -16"><span class='ocrx_word' id='word_1_695' title='bbox 587 4835 830 4909; x_wconf 81' lang='lat' dir='ltr'><strong>Undique</strong></span> <span class='ocrx_word' id='word_1_696' title='bbox 859 4837 1118 4892; x_wconf 79' lang='lat' dir='ltr'><strong>terrebunt</strong></span> <span class='ocrx_word' id='word_1_697' title='bbox 1154 4853 1270 4891; x_wconf 84' lang='lat' dir='ltr'><strong>eum</strong></span> <span class='ocrx_word' id='word_1_698' title='bbox 1300 4838 1627 4908; x_wconf 76' lang='lat' dir='ltr'><strong>formidines,</strong></span> <span class='ocrx_word' id='word_1_699' title='bbox 1661 4848 1705 4892; x_wconf 89' lang='lat' dir='ltr'><strong>et</strong></span> <span class='ocrx_word' id='word_1_700' title='bbox 1732 4837 1988 4892; x_wconf 76' lang='lat' dir='ltr'><strong>incol-vent</strong></span> <span class='ocrx_word' id='word_1_701' title='bbox 2021 4854 2109 4904; x_wconf 86' lang='lat' dir='ltr'><strong>pc-</strong></span> 
     </span>
    </p>
   </div>
   <div class='ocr_carea' id='block_1_96' title="bbox 513 4931 2109 5003">
    <p class='ocr_par' dir='ltr' id='par_1_96' title="bbox 513 4931 2109 5003">
     <span class='ocr_line' id='line_1_96' title="bbox 513 4931 2109 5003; baseline 0 -17"><span class='ocrx_word' id='word_1_702' title='bbox 513 4933 602 4986; x_wconf 79' lang='lat' dir='ltr'><strong>des</strong></span> <span class='ocrx_word' id='word_1_703' title='bbox 649 4934 782 5003; x_wconf 87' lang='lat' dir='ltr'><strong>ejus.</strong></span> <span class='ocrx_word' id='word_1_704' title='bbox 837 4932 961 4988; x_wconf 66' lang='lat' dir='ltr'><strong>Sive</strong></span> <span class='ocrx_word' id='word_1_705' title='bbox 1015 4932 1256 4986; x_wconf 90' lang='lat' dir='ltr'><strong>dolores.</strong></span> <span class='ocrx_word' id='word_1_706' title='bbox 1311 4931 1595 4999; x_wconf 86' lang='lat' dir='ltr'><strong>Superbus</strong></span> <span class='ocrx_word' id='word_1_707' title='bbox 1633 4931 1845 4985; x_wconf 88' lang='lat' dir='ltr'><strong>scilicet</strong></span> <span class='ocrx_word' id='word_1_708' title='bbox 1896 4939 2109 4987; x_wconf 87' lang='lat' dir='ltr'><strong>terrore</strong></span> 
     </span>
    </p>
   </div>
   <div class='ocr_carea' id='block_1_97' title="bbox 512 5021 2106 5092">
    <p class='ocr_par' dir='ltr' id='par_1_97' title="bbox 512 5021 2106 5092">
     <span class='ocr_line' id='line_1_97' title="bbox 512 5021 2106 5092; baseline -0.003 -12"><span class='ocrx_word' id='word_1_709' title='bbox 512 5033 755 5080; x_wconf 72' lang='lat' dir='ltr'><strong>ventura:</strong></span> <span class='ocrx_word' id='word_1_710' title='bbox 806 5023 1136 5078; x_wconf 67' lang='lat' dir='ltr'><strong>calamitatis</strong></span> <span class='ocrx_word' id='word_1_711' title='bbox 1199 5037 1418 5092; x_wconf 88' lang='lat' dir='ltr'><strong>semper</strong></span> <span class='ocrx_word' id='word_1_712' title='bbox 1487 5021 1798 5076; x_wconf 85' lang='lat' dir='ltr'><strong>terrebitur.</strong></span> <span class='ocrx_word' id='word_1_713' title='bbox 1867 5021 2106 5076; x_wconf 89' lang='lat' dir='ltr'><strong>Possunt</strong></span> 
     </span>
    </p>
   </div>
   <div class='ocr_carea' id='block_1_98' title="bbox 515 5112 2106 5182">
    <p class='ocr_par' dir='ltr' id='par_1_98' title="bbox 515 5112 2106 5182">
     <span class='ocr_line' id='line_1_98' title="bbox 515 5112 2106 5182; baseline -0.002 -11"><span class='ocrx_word' id='word_1_714' title='bbox 515 5120 679 5172; x_wconf 90' lang='lat' dir='ltr'><strong>etiam</strong></span> <span class='ocrx_word' id='word_1_715' title='bbox 715 5115 1059 5182; x_wconf 82' lang='lat' dir='ltr'><strong>formidines,</strong></span> <span class='ocrx_word' id='word_1_716' title='bbox 1095 5119 1196 5169; x_wconf 87' lang='lat' dir='ltr'><strong>hoc</strong></span> <span class='ocrx_word' id='word_1_717' title='bbox 1238 5115 1362 5169; x_wconf 89' lang='lat' dir='ltr'><strong>loco</strong></span> <span class='ocrx_word' id='word_1_718' title='bbox 1391 5129 1499 5169; x_wconf 92' lang='lat' dir='ltr'><strong>non</strong></span> <span class='ocrx_word' id='word_1_719' title='bbox 1545 5112 1867 5169; x_wconf 68' lang='lat' dir='ltr'><strong>affectiones</strong></span> <span class='ocrx_word' id='word_1_720' title='bbox 1924 5115 2106 5168; x_wconf 89' lang='lat' dir='ltr'><strong>cordis</strong></span> 
     </span>
    </p>
   </div>
   <div class='ocr_carea' id='block_1_99' title="bbox 510 5204 2107 5278">
    <p class='ocr_par' dir='ltr' id='par_1_99' title="bbox 510 5204 2107 5278">
     <span class='ocr_line' id='line_1_99' title="bbox 510 5204 2107 5278; baseline -0.002 -14"><span class='ocrx_word' id='word_1_721' title='bbox 510 5209 779 5278; x_wconf 87' lang='lat' dir='ltr'><strong>intelligi:</strong></span> <span class='ocrx_word' id='word_1_722' title='bbox 812 5209 906 5263; x_wconf 88' lang='lat' dir='ltr'><strong>sed</strong></span> <span class='ocrx_word' id='word_1_723' title='bbox 943 5207 1046 5276; x_wconf 89' lang='lat' dir='ltr'><strong>ipsi</strong></span> <span class='ocrx_word' id='word_1_724' title='bbox 1071 5209 1253 5274; x_wconf 88' lang='lat' dir='ltr'><strong>potius</strong></span> <span class='ocrx_word' id='word_1_725' title='bbox 1276 5205 1512 5260; x_wconf 57' lang='lat' dir='ltr'><strong>ministri</strong></span> <span class='ocrx_word' id='word_1_726' title='bbox 1550 5204 1777 5259; x_wconf 89' lang='lat' dir='ltr'><strong>diaboli.</strong></span> <span class='ocrx_word' id='word_1_727' title='bbox 1829 5205 1894 5260; x_wconf 89' lang='lat' dir='ltr'><strong>Hi</strong></span> <span class='ocrx_word' id='word_1_728' title='bbox 1947 5206 2107 5276; x_wconf 88' lang='lat' dir='ltr'><strong>igitur</strong></span> 
     </span>
    </p>
   </div>
   <div class='ocr_carea' id='block_1_100' title="bbox 515 5296 2104 5364">
    <p class='ocr_par' dir='ltr' id='par_1_100' title="bbox 515 5296 2104 5364">
     <span class='ocr_line' id='line_1_100' title="bbox 515 5296 2104 5364; baseline -0.002 -10"><span class='ocrx_word' id='word_1_729' title='bbox 515 5301 704 5354; x_wconf 90' lang='lat' dir='ltr'><strong>multis</strong></span> <span class='ocrx_word' id='word_1_730' title='bbox 733 5301 912 5354; x_wconf 89' lang='lat' dir='ltr'><strong>modis</strong></span> <span class='ocrx_word' id='word_1_731' title='bbox 940 5310 1152 5353; x_wconf 81' lang='lat' dir='ltr'><strong>terrere</strong></span> <span class='ocrx_word' id='word_1_732' title='bbox 1182 5309 1430 5352; x_wconf 87' lang='lat' dir='ltr'><strong>sanetum</strong></span> <span class='ocrx_word' id='word_1_733' title='bbox 1459 5296 1589 5362; x_wconf 81' lang='lat' dir='ltr'><strong>Job,</strong></span> <span class='ocrx_word' id='word_1_734' title='bbox 1619 5307 1680 5350; x_wconf 93' lang='lat' dir='ltr'><strong>ut</strong></span> <span class='ocrx_word' id='word_1_735' title='bbox 1722 5297 1802 5352; x_wconf 90' lang='lat' dir='ltr'><strong>eis</strong></span> <span class='ocrx_word' id='word_1_736' title='bbox 1853 5297 2104 5364; x_wconf 89' lang='lat' dir='ltr'><strong>cederet,</strong></span> 
     </span>
    </p>
   </div>
   <div class='ocr_carea' id='block_1_101' title="bbox 515 5393 851 5448">
    <p class='ocr_par' dir='ltr' id='par_1_101' title="bbox 515 5393 851 5448">
     <span class='ocr_line' id='line_1_101' title="bbox 515 5393 851 5448; baseline -0.006 -1"><span class='ocrx_word' id='word_1_737' title='bbox 515 5393 851 5448; x_wconf 89' lang='lat' dir='ltr'><strong>institerunt.</strong></span> 
     </span>
    </p>
   </div>
   <div class='ocr_carea' id='block_1_102' title="bbox 583 5482 2105 5554">
    <p class='ocr_par' dir='ltr' id='par_1_102' title="bbox 583 5482 2105 5554">
     <span class='ocr_line' id='line_1_102' title="bbox 583 5482 2105 5554; baseline 0.001 -18"><span class='ocrx_word' id='word_1_738' title='bbox 583 5485 892 5538; x_wconf 77' lang='lat' dir='ltr'><strong>AtteuueIur</strong></span> <span class='ocrx_word' id='word_1_739' title='bbox 914 5484 1049 5552; x_wconf 78' lang='lat' dir='ltr'><strong>fame</strong></span> <span class='ocrx_word' id='word_1_740' title='bbox 1073 5483 1232 5537; x_wconf 88' lang='lat' dir='ltr'><strong>robur</strong></span> <span class='ocrx_word' id='word_1_741' title='bbox 1261 5485 1396 5554; x_wconf 87' lang='lat' dir='ltr'><strong>ejus,</strong></span> <span class='ocrx_word' id='word_1_742' title='bbox 1423 5494 1470 5536; x_wconf 89' lang='lat' dir='ltr'><strong>et</strong></span> <span class='ocrx_word' id='word_1_743' title='bbox 1493 5482 1668 5536; x_wconf 88' lang='lat' dir='ltr'><strong>inedia</strong></span> <span class='ocrx_word' id='word_1_744' title='bbox 1695 5483 1904 5536; x_wconf 87' lang='lat' dir='ltr'><strong>invadat</strong></span> <span class='ocrx_word' id='word_1_745' title='bbox 1938 5493 2105 5538; x_wconf 84' lang='lat' dir='ltr'><strong>costas</strong></span> 
     </span>
    </p>
   </div>
   <div class='ocr_carea' id='block_1_103' title="bbox 508 5574 2106 5644">
    <p class='ocr_par' dir='ltr' id='par_1_103' title="bbox 508 5574 2106 5644">
     <span class='ocr_line' id='line_1_103' title="bbox 508 5574 2106 5644; baseline -0.001 -13"><span class='ocrx_word' id='word_1_746' title='bbox 508 5577 670 5631; x_wconf 85' lang='lat' dir='ltr'><strong>illius.</strong></span> <span class='ocrx_word' id='word_1_747' title='bbox 717 5575 905 5630; x_wconf 70' lang='lat' dir='ltr'><strong>Potest</strong></span> <span class='ocrx_word' id='word_1_748' title='bbox 953 5577 1124 5630; x_wconf 89' lang='lat' dir='ltr'><strong>fames</strong></span> <span class='ocrx_word' id='word_1_749' title='bbox 1152 5587 1206 5630; x_wconf 90' lang='lat' dir='ltr'><strong>et</strong></span> <span class='ocrx_word' id='word_1_750' title='bbox 1257 5576 1372 5644; x_wconf 81' lang='lat' dir='ltr'><strong>ipse</strong></span> <span class='ocrx_word' id='word_1_751' title='bbox 1413 5574 1666 5630; x_wconf 85' lang='lat' dir='ltr'><strong>diabolus</strong></span> <span class='ocrx_word' id='word_1_752' title='bbox 1712 5575 1932 5644; x_wconf 83' lang='lat' dir='ltr'><strong>intelligi</strong></span> <span class='ocrx_word' id='word_1_753' title='bbox 1966 5591 1980 5629; x_wconf 89' lang='lat'><strong>:</strong></span> <span class='ocrx_word' id='word_1_754' title='bbox 2014 5576 2106 5644; x_wconf 89' lang='lat' dir='ltr'><strong>qui</strong></span> 
     </span>
    </p>
   </div>
   <div class='ocr_carea' id='block_1_104' title="bbox 510 5667 2104 5740">
    <p class='ocr_par' dir='ltr' id='par_1_104' title="bbox 510 5667 2104 5740">
     <span class='ocr_line' id='line_1_104' title="bbox 510 5667 2104 5740; baseline 0 -19"><span class='ocrx_word' id='word_1_755' title='bbox 510 5667 820 5735; x_wconf 87' lang='lat' dir='ltr'><strong>hnjnsmodi</strong></span> <span class='ocrx_word' id='word_1_756' title='bbox 853 5667 1048 5722; x_wconf 83' lang='lat' dir='ltr'><strong>famem</strong></span> <span class='ocrx_word' id='word_1_757' title='bbox 1084 5671 1304 5734; x_wconf 84' lang='lat' dir='ltr'><strong>patitur,</strong></span> <span class='ocrx_word' id='word_1_758' title='bbox 1327 5684 1432 5738; x_wconf 92' lang='lat' dir='ltr'><strong>qua</strong></span> <span class='ocrx_word' id='word_1_759' title='bbox 1457 5684 1753 5740; x_wconf 88' lang='lat' dir='ltr'><strong>numquam</strong></span> <span class='ocrx_word' id='word_1_760' title='bbox 1783 5670 1850 5724; x_wconf 90' lang='lat' dir='ltr'><strong>de</strong></span> <span class='ocrx_word' id='word_1_761' title='bbox 1873 5668 2104 5724; x_wconf 71' lang='lat' dir='ltr'><strong>net-ibus</strong></span> 
     </span>
    </p>
   </div>
   <div class='ocr_carea' id='block_1_105' title="bbox 505 5759 2103 5834">
    <p class='ocr_par' dir='ltr' id='par_1_105' title="bbox 505 5759 2103 5834">
     <span class='ocr_line' id='line_1_105' title="bbox 505 5759 2103 5834; baseline 0.001 -20"><span class='ocrx_word' id='word_1_762' title='bbox 505 5759 788 5814; x_wconf 90' lang='lat' dir='ltr'><strong>hominum</strong></span> <span class='ocrx_word' id='word_1_763' title='bbox 822 5769 1120 5816; x_wconf 87' lang='lat' dir='ltr'><strong>saturetur.</strong></span> <span class='ocrx_word' id='word_1_764' title='bbox 1161 5761 1285 5817; x_wconf 87' lang='lat' dir='ltr'><strong>Sive</strong></span> <span class='ocrx_word' id='word_1_765' title='bbox 1335 5773 1392 5818; x_wconf 90' lang='lat' dir='ltr'><strong>et</strong></span> <span class='ocrx_word' id='word_1_766' title='bbox 1435 5765 1551 5833; x_wconf 88' lang='lat' dir='ltr'><strong>ipse</strong></span> <span class='ocrx_word' id='word_1_767' title='bbox 1601 5763 1796 5818; x_wconf 88' lang='lat' dir='ltr'><strong>famem</strong></span> <span class='ocrx_word' id='word_1_768' title='bbox 1847 5765 2103 5834; x_wconf 87' lang='lat' dir='ltr'><strong>patitur;</strong></span> 
     </span>
    </p>
   </div>
   <div class='ocr_carea' id='block_1_106' title="bbox 2286 4647 3802 4721">
    <p class='ocr_par' dir='ltr' id='par_1_106' title="bbox 2286 4647 3802 4721">
     <span class='ocr_line' id='line_1_106' title="bbox 2286 4647 3802 4721; baseline -0.001 -17"><span class='ocrx_word' id='word_1_769' title='bbox 2286 4650 2527 4721; x_wconf 73' lang='lat' dir='ltr'><strong>Expellet</strong></span> <span class='ocrx_word' id='word_1_770' title='bbox 2553 4667 2667 4705; x_wconf 88' lang='lat' dir='ltr'><strong>eum</strong></span> <span class='ocrx_word' id='word_1_771' title='bbox 2693 4650 2758 4704; x_wconf 90' lang='lat' dir='ltr'><strong>de</strong></span> <span class='ocrx_word' id='word_1_772' title='bbox 2785 4650 2901 4704; x_wconf 89' lang='lat' dir='ltr'><strong>luce</strong></span> <span class='ocrx_word' id='word_1_773' title='bbox 2923 4649 2978 4702; x_wconf 89' lang='lat' dir='ltr'><strong>in</strong></span> <span class='ocrx_word' id='word_1_774' title='bbox 2996 4650 3250 4714; x_wconf 88' lang='lat' dir='ltr'><strong>tenebras,</strong></span> <span class='ocrx_word' id='word_1_775' title='bbox 3275 4658 3322 4703; x_wconf 87' lang='lat' dir='ltr'><strong>et</strong></span> <span class='ocrx_word' id='word_1_776' title='bbox 3349 4648 3414 4704; x_wconf 88' lang='lat' dir='ltr'><strong>de</strong></span> <span class='ocrx_word' id='word_1_777' title='bbox 3441 4648 3564 4704; x_wconf 86' lang='lat' dir='ltr'><strong>urbe</strong></span> <span class='ocrx_word' id='word_1_778' title='bbox 3586 4647 3802 4718; x_wconf 78' lang='lat' dir='ltr'><strong>transfe-</strong></span> 
     </span>
    </p>
   </div>
   <div class='ocr_carea' id='block_1_107' title="bbox 2212 4741 3800 4810">
    <p class='ocr_par' dir='ltr' id='par_1_107' title="bbox 2212 4741 3800 4810">
     <span class='ocr_line' id='line_1_107' title="bbox 2212 4741 3800 4810; baseline -0.003 -12"><span class='ocrx_word' id='word_1_779' title='bbox 2212 4754 2289 4798; x_wconf 88' lang='lat' dir='ltr'><strong>ret</strong></span> <span class='ocrx_word' id='word_1_780' title='bbox 2312 4759 2451 4799; x_wconf 87' lang='lat' dir='ltr'><strong>eum.</strong></span> <span class='ocrx_word' id='word_1_781' title='bbox 2484 4743 2559 4798; x_wconf 87' lang='lat' dir='ltr'><strong>De</strong></span> <span class='ocrx_word' id='word_1_782' title='bbox 2591 4743 2693 4797; x_wconf 86' lang='lat' dir='ltr'><strong>hac</strong></span> <span class='ocrx_word' id='word_1_783' title='bbox 2727 4742 2912 4810; x_wconf 80' lang='lat' dir='ltr'><strong>utique</strong></span> <span class='ocrx_word' id='word_1_784' title='bbox 2939 4741 3062 4796; x_wconf 93' lang='lat' dir='ltr'><strong>luce</strong></span> <span class='ocrx_word' id='word_1_785' title='bbox 3098 4741 3428 4810; x_wconf 85' lang='lat' dir='ltr'><strong>temporaria</strong></span> <span class='ocrx_word' id='word_1_786' title='bbox 3471 4742 3722 4796; x_wconf 88' lang='lat' dir='ltr'><strong>mittetur</strong></span> <span class='ocrx_word' id='word_1_787' title='bbox 3750 4741 3800 4794; x_wconf 88' lang='lat' dir='ltr'><strong>in</strong></span> 
     </span>
    </p>
   </div>
   <div class='ocr_carea' id='block_1_108' title="bbox 2211 4833 3800 4904">
    <p class='ocr_par' dir='ltr' id='par_1_108' title="bbox 2211 4833 3800 4904">
     <span class='ocr_line' id='line_1_108' title="bbox 2211 4833 3800 4904; baseline -0.003 -11"><span class='ocrx_word' id='word_1_788' title='bbox 2211 4846 2448 4893; x_wconf 67' lang='lat' dir='ltr'><strong>aeternas</strong></span> <span class='ocrx_word' id='word_1_789' title='bbox 2479 4835 2736 4890; x_wconf 86' lang='lat' dir='ltr'><strong>tenebras</strong></span> <span class='ocrx_word' id='word_1_790' title='bbox 2774 4834 3075 4889; x_wconf 90' lang='lat' dir='ltr'><strong>inferorum</strong></span> <span class='ocrx_word' id='word_1_791' title='bbox 3107 4853 3119 4887; x_wconf 90' lang='lat'><strong>:</strong></span> <span class='ocrx_word' id='word_1_792' title='bbox 3167 4834 3291 4889; x_wconf 88' lang='lat' dir='ltr'><strong>sive</strong></span> <span class='ocrx_word' id='word_1_793' title='bbox 3337 4835 3506 4889; x_wconf 90' lang='lat' dir='ltr'><strong>etiam</strong></span> <span class='ocrx_word' id='word_1_794' title='bbox 3555 4833 3624 4889; x_wconf 89' lang='lat' dir='ltr'><strong>de</strong></span> <span class='ocrx_word' id='word_1_795' title='bbox 3653 4842 3800 4904; x_wconf 87' lang='lat' dir='ltr'><strong>parte</strong></span> 
     </span>
    </p>
   </div>
   <div class='ocr_carea' id='block_1_109' title="bbox 2213 4924 3800 4982">
    <p class='ocr_par' dir='ltr' id='par_1_109' title="bbox 2213 4924 3800 4982">
     <span class='ocr_line' id='line_1_109' title="bbox 2213 4924 3800 4982; baseline -0.001 0"><span class='ocrx_word' id='word_1_796' title='bbox 2213 4929 2379 4982; x_wconf 88' lang='lat' dir='ltr'><strong>sortis</strong></span> <span class='ocrx_word' id='word_1_797' title='bbox 2408 4939 2722 4982; x_wconf 89' lang='lat' dir='ltr'><strong>sanctorum</strong></span> <span class='ocrx_word' id='word_1_798' title='bbox 2772 4924 3137 4982; x_wconf 87' lang='lat' dir='ltr'><strong>retrudendus</strong></span> <span class='ocrx_word' id='word_1_799' title='bbox 3168 4926 3220 4981; x_wconf 92' lang='lat' dir='ltr'><strong>in</strong></span> <span class='ocrx_word' id='word_1_800' title='bbox 3261 4925 3517 4982; x_wconf 88' lang='lat' dir='ltr'><strong>tenebras</strong></span> <span class='ocrx_word' id='word_1_801' title='bbox 3567 4935 3800 4981; x_wconf 85' lang='lat' dir='ltr'><strong>tormen-</strong></span> 
     </span>
    </p>
   </div>
   <div class='ocr_carea' id='block_1_110' title="bbox 2214 5032 2413 5076">
    <p class='ocr_par' dir='ltr' id='par_1_110' title="bbox 2214 5032 2413 5076">
     <span class='ocr_line' id='line_1_110' title="bbox 2214 5032 2413 5076; baseline -0.005 -2"><span class='ocrx_word' id='word_1_802' title='bbox 2214 5032 2388 5076; x_wconf 80' lang='lat' dir='ltr'><strong>IOI&#39;lllll</strong></span> <span class='ocrx_word' id='word_1_803' title='bbox 2400 5061 2413 5074; x_wconf 91' lang='lat'><strong>.</strong></span> 
     </span>
    </p>
   </div>
   <div class='ocr_carea' id='block_1_111' title="bbox 2284 5111 3796 5184">
    <p class='ocr_par' dir='ltr' id='par_1_111' title="bbox 2284 5111 3796 5184">
     <span class='ocr_line' id='line_1_111' title="bbox 2284 5111 3796 5184; baseline -0.001 -17"><span class='ocrx_word' id='word_1_804' title='bbox 2284 5112 2408 5167; x_wconf 90' lang='lat' dir='ltr'><strong>Non</strong></span> <span class='ocrx_word' id='word_1_805' title='bbox 2448 5113 2544 5168; x_wconf 84' lang='lat' dir='ltr'><strong>erit</strong></span> <span class='ocrx_word' id='word_1_806' title='bbox 2572 5127 2746 5166; x_wconf 89' lang='lat' dir='ltr'><strong>semen</strong></span> <span class='ocrx_word' id='word_1_807' title='bbox 2791 5113 2940 5182; x_wconf 75' lang='lat' dir='ltr'><strong>eius,</strong></span> <span class='ocrx_word' id='word_1_808' title='bbox 2971 5128 3133 5184; x_wconf 89' lang='lat' dir='ltr'><strong>neque</strong></span> <span class='ocrx_word' id='word_1_809' title='bbox 3178 5111 3457 5183; x_wconf 84' lang='lat' dir='ltr'><strong>progenies</strong></span> <span class='ocrx_word' id='word_1_810' title='bbox 3503 5111 3558 5165; x_wconf 90' lang='lat' dir='ltr'><strong>in</strong></span> <span class='ocrx_word' id='word_1_811' title='bbox 3609 5111 3796 5182; x_wconf 86' lang='lat' dir='ltr'><strong>populo</strong></span> 
     </span>
    </p>
   </div>
   <div class='ocr_carea' id='block_1_112' title="bbox 2211 5203 3795 5275">
    <p class='ocr_par' dir='ltr' id='par_1_112' title="bbox 2211 5203 3795 5275">
     <span class='ocr_line' id='line_1_112' title="bbox 2211 5203 3795 5275; baseline -0.002 -15"><span class='ocrx_word' id='word_1_812' title='bbox 2211 5222 2328 5261; x_wconf 88' lang='lat' dir='ltr'><strong>suo.</strong></span> <span class='ocrx_word' id='word_1_813' title='bbox 2358 5207 2469 5260; x_wconf 85' lang='lat' dir='ltr'><strong>Hoc</strong></span> <span class='ocrx_word' id='word_1_814' title='bbox 2509 5204 2666 5271; x_wconf 88' lang='lat' dir='ltr'><strong>dicit,</strong></span> <span class='ocrx_word' id='word_1_815' title='bbox 2700 5203 2842 5275; x_wconf 88' lang='lat' dir='ltr'><strong>quod</strong></span> <span class='ocrx_word' id='word_1_816' title='bbox 2875 5206 3258 5274; x_wconf 85' lang='lat' dir='ltr'><strong>posteritatem</strong></span> <span class='ocrx_word' id='word_1_817' title='bbox 3285 5204 3560 5274; x_wconf 89' lang='lat' dir='ltr'><strong>indignam</strong></span> <span class='ocrx_word' id='word_1_818' title='bbox 3592 5217 3795 5258; x_wconf 90' lang='lat' dir='ltr'><strong>memo-</strong></span> 
     </span>
    </p>
   </div>
   <div class='ocr_carea' id='block_1_113' title="bbox 2211 5295 3795 5370">
    <p class='ocr_par' dir='ltr' id='par_1_113' title="bbox 2211 5295 3795 5370">
     <span class='ocr_line' id='line_1_113' title="bbox 2211 5295 3795 5370; baseline -0.004 -15"><span class='ocrx_word' id='word_1_819' title='bbox 2211 5300 2291 5355; x_wconf 88' lang='lat' dir='ltr'><strong>ria</strong></span> <span class='ocrx_word' id='word_1_820' title='bbox 2323 5298 2500 5370; x_wconf 81' lang='lat' dir='ltr'><strong>gentis</strong></span> <span class='ocrx_word' id='word_1_821' title='bbox 2522 5314 2669 5364; x_wconf 81' lang='lat' dir='ltr'><strong>suae,</strong></span> <span class='ocrx_word' id='word_1_822' title='bbox 2712 5299 2795 5353; x_wconf 92' lang='lat' dir='ltr'><strong>vel</strong></span> <span class='ocrx_word' id='word_1_823' title='bbox 2839 5299 3026 5366; x_wconf 73' lang='lat' dir='ltr'><strong>patrita</strong></span> <span class='ocrx_word' id='word_1_824' title='bbox 3075 5296 3466 5367; x_wconf 89' lang='lat' dir='ltr'><strong>derelinquat;</strong></span> <span class='ocrx_word' id='word_1_825' title='bbox 3498 5295 3795 5352; x_wconf 84' lang='lat' dir='ltr'><strong>secundant</strong></span> 
     </span>
    </p>
   </div>
   <div class='ocr_carea' id='block_1_114' title="bbox 2213 5391 3794 5460">
    <p class='ocr_par' dir='ltr' id='par_1_114' title="bbox 2213 5391 3794 5460">
     <span class='ocr_line' id='line_1_114' title="bbox 2213 5391 3794 5460; baseline -0.003 -10"><span class='ocrx_word' id='word_1_826' title='bbox 2213 5394 2343 5450; x_wconf 89' lang='lat' dir='ltr'><strong>illud</strong></span> <span class='ocrx_word' id='word_1_827' title='bbox 2401 5393 2695 5460; x_wconf 66' lang='lat' dir='ltr'><strong>psalmistas</strong></span> <span class='ocrx_word' id='word_1_828' title='bbox 2738 5411 2750 5445; x_wconf 94' lang='lat'>:</span> <span class='ocrx_word' id='word_1_829' title='bbox 2801 5391 3082 5447; x_wconf 81' lang='lat' dir='ltr'><strong>Generatio</strong></span> <span class='ocrx_word' id='word_1_830' title='bbox 3131 5401 3397 5446; x_wconf 85' lang='lat' dir='ltr'><strong>rectorum</strong></span> <span class='ocrx_word' id='word_1_831' title='bbox 3449 5391 3794 5446; x_wconf 79' lang='lat' dir='ltr'><strong>benedicetsr.</strong></span> 
     </span>
    </p>
   </div>
   <div class='ocr_carea' id='block_1_115' title="bbox 2211 5483 3796 5557">
    <p class='ocr_par' dir='ltr' id='par_1_115' title="bbox 2211 5483 3796 5557">
     <span class='ocr_line' id='line_1_115' title="bbox 2211 5483 3796 5557; baseline -0.001 -17"><span class='ocrx_word' id='word_1_832' title='bbox 2211 5485 2396 5541; x_wconf 85' lang='lat' dir='ltr'><strong>Talem</strong></span> <span class='ocrx_word' id='word_1_833' title='bbox 2441 5485 2604 5557; x_wconf 90' lang='lat' dir='ltr'><strong>igitur</strong></span> <span class='ocrx_word' id='word_1_834' title='bbox 2658 5487 3071 5556; x_wconf 85' lang='lat' dir='ltr'><strong>generationem</strong></span> <span class='ocrx_word' id='word_1_835' title='bbox 3120 5485 3174 5539; x_wconf 90' lang='lat' dir='ltr'><strong>in</strong></span> <span class='ocrx_word' id='word_1_836' title='bbox 3225 5486 3430 5556; x_wconf 89' lang='lat' dir='ltr'><strong>p0pu|o</strong></span> <span class='ocrx_word' id='word_1_837' title='bbox 3473 5500 3574 5539; x_wconf 91' lang='lat' dir='ltr'><strong>suo</strong></span> <span class='ocrx_word' id='word_1_838' title='bbox 3631 5483 3796 5539; x_wconf 91' lang='lat' dir='ltr'><strong>noluit</strong></span> 
     </span>
    </p>
   </div>
   <div class='ocr_carea' id='block_1_116' title="bbox 2210 5577 3790 5649">
    <p class='ocr_par' dir='ltr' id='par_1_116' title="bbox 2210 5577 3790 5649">
     <span class='ocr_line' id='line_1_116' title="bbox 2210 5577 3790 5649; baseline 0 -17"><span class='ocrx_word' id='word_1_839' title='bbox 2210 5591 2507 5649; x_wconf 86' lang='lat' dir='ltr'><strong>procreare</strong></span> <span class='ocrx_word' id='word_1_840' title='bbox 2542 5595 2553 5629; x_wconf 93' lang='lat'><strong>:</strong></span> <span class='ocrx_word' id='word_1_841' title='bbox 2590 5577 2734 5632; x_wconf 88' lang='lat' dir='ltr'><strong>unde</strong></span> <span class='ocrx_word' id='word_1_842' title='bbox 2765 5577 2818 5633; x_wconf 92' lang='lat' dir='ltr'><strong>in</strong></span> <span class='ocrx_word' id='word_1_843' title='bbox 2862 5578 2966 5632; x_wconf 81' lang='lat' dir='ltr'><strong>hac</strong></span> <span class='ocrx_word' id='word_1_844' title='bbox 3015 5587 3178 5648; x_wconf 88' lang='lat' dir='ltr'><strong>gente</strong></span> <span class='ocrx_word' id='word_1_845' title='bbox 3221 5577 3492 5648; x_wconf 87' lang='lat' dir='ltr'><strong>spirituali</strong></span> <span class='ocrx_word' id='word_1_846' title='bbox 3540 5577 3790 5648; x_wconf 88' lang='lat' dir='ltr'><strong>gloriare-</strong></span> 
     </span>
    </p>
   </div>
   <div class='ocr_carea' id='block_1_117' title="bbox 2211 5672 2628 5740">
    <p class='ocr_par' dir='ltr' id='par_1_117' title="bbox 2211 5672 2628 5740">
     <span class='ocr_line' id='line_1_117' title="bbox 2211 5672 2628 5740; baseline -0.005 -13"><span class='ocrx_word' id='word_1_847' title='bbox 2211 5682 2321 5737; x_wconf 89' lang='lat' dir='ltr'><strong>tur,</strong></span> <span class='ocrx_word' id='word_1_848' title='bbox 2357 5681 2413 5726; x_wconf 88' lang='lat' dir='ltr'><strong>et</strong></span> <span class='ocrx_word' id='word_1_849' title='bbox 2437 5672 2628 5740; x_wconf 85' lang='lat' dir='ltr'><strong>patria.</strong></span> 
     </span>
    </p>
   </div>
   <div class='ocr_carea' id='block_1_118' title="bbox 2288 5761 3787 5837">
    <p class='ocr_par' dir='ltr' id='par_1_118' title="bbox 2288 5761 3787 5837">
     <span class='ocr_line' id='line_1_118' title="bbox 2288 5761 3787 5837; baseline -0.001 -19"><span class='ocrx_word' id='word_1_850' title='bbox 2288 5761 2400 5819; x_wconf 85' lang='lat' dir='ltr'><strong>Nec</strong></span> <span class='ocrx_word' id='word_1_851' title='bbox 2427 5763 2550 5818; x_wconf 63' lang='lat' dir='ltr'><strong>ulla:</strong></span> <span class='ocrx_word' id='word_1_852' title='bbox 2574 5764 2808 5833; x_wconf 65' lang='lat' dir='ltr'><strong>reliquit:</strong></span> <span class='ocrx_word' id='word_1_853' title='bbox 2833 5766 2887 5820; x_wconf 89' lang='lat' dir='ltr'><strong>in</strong></span> <span class='ocrx_word' id='word_1_854' title='bbox 2942 5764 3238 5835; x_wconf 85' lang='lat' dir='ltr'><strong>regionibus</strong></span> <span class='ocrx_word' id='word_1_855' title='bbox 3267 5768 3404 5837; x_wconf 86' lang='lat' dir='ltr'><strong>ejus.</strong></span> <span class='ocrx_word' id='word_1_856' title='bbox 3447 5764 3787 5821; x_wconf 84' lang='lat' dir='ltr'><strong>Manifestum</strong></span> 
     </span>
    </p>
   </div>
  </div>
