4026 6292
207 312 314 369 665

1131 293 1608 354 COMMENTARII
1644 293 1710 350 IN
1752 292 2010 353 LIBRUM
2049 294 2191 353 .IOB.
2236 295 2388 354 CAP.
2435 295 2578 354 XIX.

3397 295 3498 355 666
3530 297 3539 308 '

205 432 308 487 est,
351 418 501 491 quod
532 425 724 474 sancto
754 413 860 471 Joh
887 412 1025 469 nihil
1053 409 1404 469 remanserit.
1439 407 1804 479 Spiritualiter
1829 410 1885 470 Α
1979 408 2244 464 Destruait
2274 425 2354 465 me
2378 409 2633 479 undique,
2661 419 2707 464 et
2730 425 2903 480 pereo,
2934 417 2982 465 et
3007 411 3157 484 quasi
3193 410 3383 466 evulste
3405 427 3496 466 ar-

204 524 386 572 autem
411 513 490 568 sic
521 507 967 580 intelligendum:
1003 505 1184 561 nullas
1205 502 1467 574 reliquias
1492 499 1804 572 generatio-

201 611 287 666 nis
318 623 431 662 suae
461 605 686 660 habebit
715 601 917 671 impius
951 600 1003 654 in
1034 598 1238 656 futuro.

270 699 340 754 In
369 699 453 753 die
477 702 596 770 ejus
623 694 899 767 stupebunt
925 691 1215 746 novissimi.
1251 688 1306 744 Id
1328 697 1434 758 est,
1466 690 1520 743 in
1555 697 1802 758 tempore

200 787 568 849 damnationis
607 788 750 858 ejus.

271 883 340 939 Et
357 884 554 954 primos
573 878 1009 936 invadethorror.
1041 875 1098 932 Id
1129 885 1234 942 est,
1261 875 1435 930 inﬁmi
1465 883 1520 930 et
1545 886 1800 943 proceres

200 978 578 1036 terrebuntur:
607 974 756 1046 quod
778 981 888 1038 est,
919 985 1077 1042 reges
1101 978 1354 1040 potentes
1367 977 1422 1022 et
1439 965 1641 1037 magni.
1669 965 1800 1021 Sive

199 1072 484 1130 novissimi
513 1078 568 1125 et
592 1068 790 1139 primi,
826 1066 1082 1122 homines
1109 1074 1166 1120 et
1192 1063 1404 1135 angeli:
1451 1059 1629 1116 sancti
1658 1075 1793 1131 quo-

197 1183 304 1240 que
326 1175 382 1222 et
414 1173 730 1236 peccatores
760 1178 868 1217 non
897 1158 1140 1216 absurde
1171 1157 1575 1226 intelliguntur.

271 1260 400 1316 Htec
429 1270 550 1315 sunt
572 1273 696 1329 ergo
726 1256 1066 1311 tabernacula
1086 1253 1272 1325 iniqui,
1325 1261 1373 1306 et
1399 1252 1495 1305 iste
1517 1249 1660 1304 locus
1680 1249 1797 1319 ejus

195 1353 284 1426 qui
308 1353 516 1426 ignorat
541 1350 726 1406 Deum.
771 1349 1094 1404 Enarrantis
1145 1344 1548 1401 maledictionis
1579 1351 1798 1398 senten-

197 1447 324 1502 tiam
354 1445 574 1501 videtur
603 1445 759 1508 dare,
788 1452 845 1498 et
863 1441 1014 1510 dicit,
1049 1441 1138 1494 ubi
1161 1439 1474 1511 hujusmodi
1501 1439 1790 1508 superbus,

194 1539 424 1600 scilicet,
458 1536 769 1607 impiusque
799 1535 1146 1590 habitaturus
1179 1535 1288 1587 sit:
1315 1531 1410 1586 sed
1435 1530 1538 1585 Job
1568 1529 1790 1600 iniquus

192 1649 303 1691 non
333 1641 437 1700 est,
472 1647 636 1705 quem
669 1639 876 1687 rectum
905 1639 962 1686 et
987 1629 1333 1684 innocentem
1368 1625 1512 1680 Deus
1533 1623 1788 1695 appellat.

790 1764 1018 1823 CAPUT
1052 1763 1195 1820 XIX.

261 1887 600 1960 Respondeas
631 1892 802 1940 autem
831 1882 934 1938 Job
955 1924 971 1950 ,
1017 1882 1186 1936 dixit:
1240 1879 1516 1950 Usquequo
1549 1875 1790 1948 afﬂigitis

185 1982 424 2037 animam
449 1995 636 2043 unum,
668 1987 715 2032 et
729 1976 946 2030 atteritis
959 1991 1037 2028 me
1057 1971 1379 2028 sermonibus
1396 1970 1422 2024 ?
1443 1967 1790 2024 Mauil‘esmm

184 2085 274 2133 est
300 2121 316 2145 ,
348 2075 476 2147 quia
505 2071 954 2143 responsionihus
983 2067 1283 2123 amicorum
1312 2079 1535 2120 suorum
1567 2061 1785 2116 attritus

187 2167 289 2234 sit,
320 2175 380 2222 et
406 2164 642 2220 afﬂictus
669 2162 786 2219 sive
814 2162 1069 2233 fatigatus
1090 2161 1182 2224 sit,
1226 2169 1281 2214 et
1312 2157 1650 2212 destructus.

258 2260 343 2316 En
371 2259 542 2316 decies
563 2258 882 2329 confunditis
907 2273 1008 2325 me,
1035 2264 1084 2310 et
1127 2271 1229 2308 non
1251 2252 1572 2317 erubescitis,
1607 2249 1788 2322 oppri-

183 2366 385 2411 mentes
406 2368 506 2408 me.
537 2351 663 2407 Dies
677 2351 890 2418 decem,
917 2364 1014 2421 pro
1036 2357 1155 2404 toto
1187 2357 1434 2419 tempore
1463 2343 1784 2400 nominavit.

186 2448 303 2504 Sed
351 2447 626 2518 quomodo
656 2447 710 2502 in
749 2445 899 2501 brevi
932 2459 1180 2510 numero,
1214 2444 1265 2497 in
1300 2438 1629 2513 Apocalypsi
1673 2453 1788 2492 ma-

174 2541 271 2612 jor
302 2555 565 2597 numerus
587 2539 852 2610 temporis
874 2536 1246 2608 intelligitur:
1295 2535 1369 2590 ita
1391 2543 1447 2590 et
1477 2536 1533 2588 in
1566 2533 1668 2587 hac
1694 2547 1787 2588 ea-

181 2632 309 2694 dem
376 2647 590 2687 summa
639 2630 854 2686 numeri
907 2631 1086 2685 minus
1129 2627 1520 2698 signiﬁcatur,
1581 2633 1639 2680 ut
1681 2625 1786 2679 hoc

178 2725 368 2781 solido
393 2739 644 2792 numero,
675 2730 732 2778 et
758 2721 1003 2793 perfecto
1031 2729 1308 2786 manente,
1337 2733 1437 2790 pro
1464 2716 1784 2772 diversitate

180 2819 438 2875 locorum
460 2818 513 2873 iu
534 2816 830 2887 Scripturis
860 2814 1081 2877 divinis,
1125 2828 1270 2868 nunc
1303 2811 1563 2880 majorem
1592 2823 1785 2864 nume-

181 2929 330 2982 rum,
363 2927 506 2967 nunc
534 2912 800 2966 minorem
831 2905 1134 2977 signiﬁcari
1162 2904 1493 2960 noverimus.

261 3008 464 3080 Nempe
479 3016 528 3062 et
553 3007 598 3060 si
619 3004 877 3076 ignoravi,
897 3018 1094 3057 mecum
1111 3002 1210 3056 erit
1235 2999 1531 3071 ignorantia
1557 3012 1687 3051 mea.
1717 2995 1782 3048 At

176 3117 272 3156 eos
303 3109 484 3155 contra
502 3113 585 3152 me
599 3096 882 3167 erigimini,
901 3106 948 3149 et
975 3093 1194 3166 arguitis
1215 3106 1295 3144 mc
1316 3089 1604 3163 opprobriis
1633 3089 1778 3143 meis.

1906 500 2017 554 bori
2037 501 2247 556 abstulit
2275 517 2418 572 spem
2434 517 2620 556 meam.
2654 501 2847 570 Domo,
2870 517 3061 574 regno,
3086 502 3313 570 lamilia,
3349 503 3498 568 liliis,

1902 593 2111 660 amicis,
2144 594 2377 651 sanitate
2405 595 2771 665 corporismei
2795 595 3086 650 desﬁtutus
3113 612 3235 650 sum
3263 612 3276 649 :
3313 596 3384 650 ita
3413 595 3500 652 his

1902 686 2156 742 omnibus
2181 686 2408 754 ablatis,
2460 689 2638 757 perire
2661 703 2745 741 me
2766 687 2930 744 video
2976 687 3135 757 cujus
3162 686 3331 744 etiam
3371 700 3500 758 spes

1902 779 2032 834 vita}
2062 794 2197 835 mea:
2234 780 2384 835 velut
2412 780 2576 836 arbor
2604 780 2785 834 ablata
2817 789 2923 836 est.

1975 870 2154 926 Iratus
2187 881 2261 927 est
2296 882 2478 927 contra
2519 889 2597 926 me
2627 874 2780 950 furor
2802 876 2917 946 ejus
2941 913 2956 936 ,
3003 882 3052 928 et
3092 873 3168 927 sic
3198 889 3276 927 me
3316 872 3498 928 habuit

1901 966 2046 1036 quasi
2075 965 2274 1020 hostem
2303 982 2475 1019 suum.
2503 965 2680 1020 Furor
2702 965 2794 1020 Dei
2823 964 2926 1020 hoc
2952 965 3078 1021 loco
3100 973 3285 1036 potest
3307 965 3500 1020 diabo-

1901 1060 1987 1116 lus
2011 1061 2127 1132 ipse
2167 1059 2422 1131 intelligi,
2453 1061 2542 1132 qui
2567 1058 2784 1114 beatum
2811 1058 2914 1115 Job
2935 1058 3176 1115 diversis
3207 1058 3406 1124 modis,
3440 1058 3496 1115 id

1901 1162 2005 1220 est,
2036 1152 2426 1223 blasphemiis,
2458 1161 2514 1206 et
2539 1150 2724 1207 carnis
2753 1154 2870 1221 ejus
2895 1151 3227 1207 cruciatibus
3257 1152 3492 1207 insecta-

1902 1248 2081 1302 batur.

1972 1341 2147 1397 Simul
2169 1349 2410 1395 t'enerunt
2439 1340 2668 1396 latrones
2695 1345 2808 1414 ejus
2834 1381 2850 1406 ,
2885 1350 2932 1395 et
2960 1344 3190 1412 fecerunt
3219 1339 3320 1394 sibi
3348 1341 3485 1394 viam

1899 1452 1989 1508 per
2013 1451 2112 1489 me.
2145 1433 2319 1489 Furor
2351 1434 2470 1501 Dei,
2497 1434 2752 1490 diabolus
2775 1443 2861 1490 est
2887 1449 2902 1499 ;
2961 1433 3203 1488 latrones
3231 1448 3362 1488 vero
3393 1433 3496 1486 mi-

1898 1529 2060 1585 nistri
2091 1527 2211 1599 ejus
2233 1537 2398 1582 sunt:
2453 1529 2554 1583 hoc
2594 1536 2673 1583 est
2702 1525 2844 1598 quod
2870 1526 2984 1590 ait,
3015 1533 3069 1580 et
3109 1524 3356 1580 fecerunt
3383 1523 3489 1580 sibi

1897 1623 2040 1676 viam
2067 1636 2165 1692 per
2187 1636 2310 1676 me:
2342 1620 2558 1691 quando
2579 1633 2702 1674 eum
2730 1663 2744 1686 ,
2778 1617 2864 1672 vel
2889 1615 3242 1672 facultatibus
3271 1615 3484 1684 mundi,

1897 1714 1982 1769 vel
2023 1715 2258 1769 sanitate
2311 1713 2560 1784 corporis
2607 1710 3002 1782 spoliaverunt.
3065 1709 3222 1767 Unde
3261 1710 3488 1781 pulchre

1818 1796 1868 1857 Β
1894 1805 2096 1861 dictum
2127 1814 2243 1861 est:

1965 1899 2034 1953 Et
2061 1900 2367 1954 obsederunt
2386 1901 2439 1953 in
2466 1914 2592 1972 gyro
2617 1897 3005 1953 tabernaculum
3034 1914 3221 1952 meum.
3257 1896 3471 1953 Fratres

1893 2011 2030 2050 nteos
2057 1993 2209 2065 longe
2235 1995 2356 2065 fecit
2375 2011 2406 2047 a
2437 2009 2537 2058 me,
2559 2003 2607 2047 et
2638 1993 2748 2047 noti
2776 1993 2875 2046 ntei
2903 1990 3224 2063 qnasialieni
3259 2007 3482 2046 recesse-

1891 2095 2013 2139 runt
2033 2102 2065 2138 a
2090 2101 2187 2138 me.
2231 2082 2632 2156 Dereliquerunt
2653 2101 2734 2139 me
2761 2083 3038 2156 propinqui
3055 2085 3181 2148 mei,
3211 2094 3257 2138 et
3279 2085 3373 2155 qui
3401 2097 3480 2139 tne

1892 2189 2136 2235 noverant
2163 2179 2309 2232 obliti
2339 2190 2456 2232 sunt
2478 2179 2601 2234 mei.
2634 2176 2891 2248 Inquilini
2918 2179 3103 2232 domus
3127 2194 3274 2241 meat,
3302 2188 3349 2232 et
3389 2194 3487 2232 an-

1890 2270 2029 2326 cilla:
2057 2285 2183 2324 mea:
2209 2271 2343 2324 sicut
2371 2269 2598 2324 alienum
2627 2269 2919 2324 habuerunt
2949 2286 3053 2336 me,
3082 2280 3132 2324 et
3167 2272 3317 2341 quasi
3345 2287 3492 2342 pere-

1889 2365 2070 2435 grinus
2096 2365 2176 2434 fui
2210 2364 2262 2417 in
2294 2361 2462 2416 oculis
2501 2379 2706 2418 eorum.
2741 2361 2960 2417 Servum
2985 2379 3154 2417 meum
3177 2363 3388 2428 vocavi,
3437 2371 3487 2417 et

1890 2475 1993 2512 non
2013 2458 2315 2527 respondit:
2346 2474 2434 2512 ore
2473 2457 2685 2529 praprio
2711 2455 3027 2528 deprecabar
3065 2455 3236 2511 illum.
3286 2453 3343 2510 Id
3373 2465 3480 2524 est,

1889 2549 2021 2606 foris
2043 2550 2283 2606 insidiati
2312 2559 2459 2605 sunt.
2487 2548 2616 2606 Sive
2635 2547 3125 2605 circumdederunt
3156 2547 3212 2602 in
3241 2561 3377 2619 gyro
3405 2557 3486 2602 ta-

1889 2643 2240 2700 bernaculum
2269 2643 2388 2712 ejus
2412 2661 2425 2696 :
2456 2641 2561 2698 hoc
2587 2653 2691 2706 est,
2720 2645 2774 2698 in
2802 2657 3038 2714 corpore
3061 2643 3182 2711 ejus
3207 2652 3480 2698 tormenta

1889 2745 2208 2807 posuerunt.
2243 2738 2494 2793 Animam
2521 2752 2652 2793 vero
2677 2737 2939 2793 inclinare.
2962 2737 3030 2792 ad
3060 2746 3346 2809 peccatum
3373 2751 3480 2792 non

1888 2841 2202 2902 potuerunt.

1959 2925 2014 2979 Η
2018 2926 2205 2980 alitum
2221 2942 2388 2980 meum
2414 2927 2680 2981 exhorruit
2711 2942 2845 2981 uxor
2867 2943 2998 2980 mea.
3015 2926 3090 2981 Ita
3109 2934 3255 2982 totus
3275 2925 3482 2982 intrin-

1885 3035 2048 3077 secus
2091 3019 2301 3089 pntrui,
2337 3020 2537 3092 inquit,
2594 3029 2652 3074 ut
2697 3021 2900 3076 halitus
2934 3022 3164 3077 fetorem
3197 3035 3297 3076 nec
3341 3035 3482 3076 uxor

1887 3130 2005 3171 mea
2033 3112 2312 3170 sustinere
2342 3115 2578 3183 potuerit
2610 3133 2622 3168 :
2652 3114 2739 3169 ubi
2770 3113 2943 3184 potuit
2973 3112 3086 3168 ﬁeri
3105 3153 3121 3178 ,
3177 3113 3322 3182 quod
3351 3127 3484 3183 apo—

179 3193 400 3250 P‘m‘is
440 3207 546 3260 me,
582 3191 778 3260 ίηίιυίίν
809 3189 1063 3258 ignorare
1091 3186 1284 3250 “eum:
1328 3182 1468 3238 Sim"
1497 3191 1550 3236 ει
1571 3180 1777 3275 άίίῗί-ηδ·
1808 3186 1856 3250 C
1887 3218 2063 3264 stema
2087 3180 2354 3264 habuerit
2378 3210 2432 3263 in
2465 3180 2800 3274 visceribus,
2853 3205 2994 3275 quod
3048 3180 3221 3260 totum
3269 3180 3480 3260 ventris

176 3283 454 3354 Numquid
481 3283 686 3338 amicos
708 3281 864 3337 decet
883 3278 1149 3334 insultare
1179 3276 1486 3346 oppressis.
1516 3289 1545 3327 a
1577 3273 1778 3343 quibus

181 3379 364 3448 magis
387 3377 711 3433 tribulantes
739 3374 930 3428 solatia
965 3369 1392 3442 praestolamur?
1425 3368 1541 3423 Non
1573 3367 1777 3422 esthoc

175 3485 322 3543 Opus
365 3469 664 3525 amicorum
698 3466 970 3532 ﬁdelium,
999 3463 1100 3520 sed
1130 3470 1217 3519 est
1243 3461 1426 3533 potius
1468 3460 1776 3515 subsanna-

175 3565 260 3623 tio
292 3562 664 3620 irridentium.

253 3656 454 3714 Saltem
485 3670 622 3709 nunc
648 3654 921 3723 intelligite
939 3668 958 3707 :
979 3653 1101 3721 quia
1123 3650 1262 3705 Deus
1289 3664 1393 3704 non
1415 3663 1563 3720 (equo
1582 3646 1776 3713 iudicio

171 3751 430 3824 afﬂixerit
447 3765 550 3816 me,
567 3759 615 3804 et
635 3749 858 3820 flagellis
877 3747 983 3802 suis
1004 3763 1083 3800 me
1105 3745 1345 3800 cinxerit.
1364 3742 1497 3797 Ecce
1517 3740 1774 3807 clamabo,

171 3847 284 3900 vim
311 3847 545 3914 patiens,
578 3852 626 3896 et
653 3857 804 3894 nemo
827 3840 1024 3894 audiet.
1078 3837 1446 3909 Vociferabor,
1489 3844 1538 3890 et
1578 3852 1680 3889 non
1704 3843 1776 3888 est

171 3936 506 4008 quljudicet.
535 3933 633 3989 Ille
654 3932 870 3988 dicebat
899 3947 959 3985 se
991 3932 1174 4000 inique
1195 3931 1466 3984 sustinere
1498 3927 1776 3982 molestias

172 4036 616 4084 tormentorum:
648 4025 728 4079 illi
750 4039 882 4079 vero
906 4023 1358 4093 utpoteiniquum
1390 4023 1500 4091 pati
1533 4035 1634 4074 suo
1656 4034 1775 4074 me-

172 4121 288 4176 rito
317 4118 697 4188 loquebantur.
754 4116 821 4172 Et
851 4125 1044 4187 putant
1090 4115 1236 4186 quod
1283 4115 1336 4168 in
1385 4113 1489 4167 hoc
1538 4111 1774 4166 articulo

172 4211 340 4267 isﬁus
365 4223 563 4265 sensus
589 4211 888 4272 erraverit,
914 4219 970 4262 et
1002 4207 1124 4260 ideo
1150 4204 1498 4276 postmodum
1527 4203 1678 4258 dicat
1705 4202 1773 4257 ad

171 4301 354 4357 Deum
381 4317 394 4356 :
437 4300 763 4370 lnsipienter
822 4301 1041 4354 locutus
1084 4314 1238 4367 sum,
1270 4306 1327 4353 et
1353 4313 1472 4367 qua:
1496 4296 1634 4351 ultra
1658 4311 1777 4350 mo-

173 4394 312 4452 dum
338 4394 667 4451 excederent
696 4392 986 4449 scientiam
1017 4407 1214 4447 meam.

251 4486 500 4542 Semitam
512 4501 676 4540 meam
697 4484 1073 4557 circumsepsit,
1106 4493 1151 4537 et
1169 4485 1390 4537 transire
1411 4499 1513 4536 non
1539 4498 1767 4554 possum.

1883 3302 2000 3373 ejus
2032 3303 2210 3356 sinum
2245 3301 2482 3356 temterit
2502 3342 2517 3364 ,
2562 3308 2617 3352 et
2641 3298 2770 3353 inde
2800 3296 3074 3367 loquendo
3101 3296 3330 3350 odorem
3361 3294 3480 3349 feti-

1881 3396 2009 3450 dum
2034 3395 2103 3450 de
2128 3394 2434 3463 purulentia
2463 3390 2714 3462 profundi
2747 3390 2989 3444 vulneris
3020 3388 3288 3457 expuerit.

1954 3490 2026 3542 Et
2047 3487 2255 3543 orabam
2268 3487 2404 3557 ﬁlios
2415 3485 2544 3540 uteri
2565 3486 2683 3538 mei.
2712 3482 2872 3537 Stulti
2897 3496 3097 3552 quoque
3121 3479 3472 3552 despiciebant

1881 3596 1980 3634 me.
2004 3579 2059 3634 In
2073 3577 2368 3648 Scripturis
2395 3577 2613 3642 divinis,
2650 3573 2747 3629 ﬁlii
2769 3572 3300 3643 appellanturetiam
3326 3586 3461 3640 pro-

1881 3683 2128 3743 nepotes,
2157 3680 2212 3727 et
2234 3671 2311 3725 illi
2341 3669 2432 3740 qui
2465 3668 2708 3739 longiore
2731 3666 2880 3721 serie
2909 3665 3020 3720 nati
3055 3675 3200 3719 sunt.
3237 3662 3475 3719 Proinde

1878 3765 2097 3836 quando
2125 3765 2264 3818 lilios
2287 3763 2424 3818 uteri
2457 3763 2538 3816 sui
2568 3760 2724 3826 dixit,
2783 3759 2836 3813 in
2871 3774 2930 3813 se
2955 3757 3108 3828 quasi
3141 3757 3207 3812 ad
3237 3756 3472 3823 fontem,

1879 3857 2015 3914 etad
2032 3857 2302 3925 originem
2325 3853 2666 3925 posteritatis
2683 3866 2796 3906 sua:
2824 3849 3066 3920 respexit
3092 3865 3102 3900 :
3132 3847 3280 3904 unde
3312 3847 3360 3904 ei
3384 3863 3476 3904 co-

1877 3951 2191 4022 gnationum
2212 3949 2432 4004 familia:
2449 3947 2613 4002 veluti
2633 3946 2794 4000 rivuli
2821 3951 3199 3999 manaverunt.
3219 3942 3400 3997 Potuit
3419 3950 3478 3997 et

1879 4045 2002 4100 illos
2024 4043 2163 4098 uteri
2197 4042 2279 4097 sui
2313 4040 2454 4096 ﬁlios
2495 4041 2714 4108 dicere,
2742 4053 2878 4110 quos
2909 4037 3159 4092 doctrina
3184 4035 3475 4106 sapientia:

1879 4151 2017 4205 sum,
2047 4146 2322 4207 tamquam
2347 4136 2558 4190 semine
2589 4135 2657 4189 de
2687 4141 2844 4188 utero
2865 4131 3048 4187 cordis
3072 4131 3156 4185 sui
3204 4131 3473 4185 formave-

1877 4239 2002 4296 rat,
2061 4231 2270 4286 habens
2301 4230 2356 4284 in
2385 4243 2444 4284 se
2477 4245 2573 4298 per
2602 4227 2828 4299 gratiam
2861 4226 2955 4280 Dei
2988 4225 3218 4280 formam
3258 4226 3470 4296 gratim,

1877 4334 1933 4380 et
1962 4323 2304 4392 disciplinam
2335 4323 2598 4377 naturalis
2626 4321 2763 4392 legis
2795 4324 2850 4375 in
2884 4320 3136 4375 veritate.

1949 4413 2017 4467 Et
2045 4431 2161 4468 cum
2194 4415 2256 4467 ab
2277 4417 2350 4468 eis
2378 4416 2719 4479 recessissem,
2754 4413 3093 4467 detrahebant
3123 4412 3270 4468 mihi.
3325 4411 3466 4466 Abo-

1876 4507 2060 4560 minati
2077 4516 2193 4559 sunt
2208 4507 2555 4577 mequondam
2571 4507 2858 4560 consiliarii
2871 4506 2993 4569 mei,
3010 4513 3057 4557 et
3077 4521 3230 4575 quem
3243 4506 3468 4558 maxime

173 4582 296 4652 Qua
345 4595 531 4637 remus
579 4579 769 4649 mi‘lue
793 4587 956 4650 atque
985 4578 1230 4672 inibat”
1284 4575 1675 4672 proﬁdscebgar‘
1702 4574 1766 4629 ad
1798 4578 1851 4638 Π
1875 4599 2179 4672 diligebam,
2228 4574 2490 4654 aversatus
2508 4608 2581 4653 est
2615 4617 2710 4653 me.
2763 4600 2875 4655 Hoc
2905 4599 3046 4654 forte
3068 4574 3188 4654 vult.
3216 4599 3470 4670 intelligi,

177 4675 413 4747 gloriam
439 4673 759 4729 meritorum
776 4687 1046 4728 meorum.
1071 4671 1220 4727 llanc
1241 4669 1767 4740 igiturignominiam

173 4767 452 4839 passionis
478 4765 640 4835 hujus
668 4765 1048 4835 circumsepsit
1075 4775 1235 4835 atquc
1264 4763 1599 4828 interclusit,
1623 4775 1677 4817 ut
1706 4764 1771 4817 ad

172 4859 328 4915 illam
357 4859 589 4930 gloriam
621 4860 911 4929 pervenire
942 4874 1048 4912 non
1078 4858 1304 4928 possim.

248 4952 318 5007 Et
345 4954 398 5008 in
426 4951 561 5008 calle
587 4968 699 5006 meo
725 4949 962 5006 tenebras
1004 4954 1178 5025 posui.
1214 4952 1267 5007 ld
1291 4959 1398 5020 est,
1434 4952 1486 5006 in
1519 4953 1766 5007 tramite:

173 5048 283 5104 hoc
305 5056 407 5112 est,
437 5046 722 5118 castigatae
745 5046 848 5100 viae
870 5060 1028 5114 meae,
1051 5061 1156 5116 qua
1185 5045 1336 5101 velut
1357 5063 1453 5113 per
1478 5057 1685 5103 arctum
1716 5057 1770 5102 et

172 5149 465 5208 angustum
495 5149 649 5194 certa
677 5151 773 5208 spe
802 5137 870 5192 ad
895 5136 1102 5208 justum
1147 5140 1538 5195 retributorem
1572 5155 1769 5211 perge-

171 5232 299 5288 bam
329 5275 345 5299 ,
397 5233 655 5289 tenebras
679 5231 736 5287 in
761 5246 830 5287 eo
851 5233 1088 5288 miseria:
1119 5232 1303 5304 hujus,
1354 5243 1409 5290 et
1438 5234 1768 5290 calamitatis

170 5328 379 5384 invenL

249 5422 508 5492 Spoliavit
533 5437 616 5477 me
642 5420 812 5495 gloria
840 5437 976 5488 mea,
1017 5429 1065 5476 et
1087 5420 1299 5477 abstulit
1327 5437 1577 5476 coronam
1597 5423 1661 5477 de
1681 5439 1770 5477 ca-

174 5515 282 5588 pite
307 5529 443 5568 meo.
479 5512 668 5569 Gloria
700 5528 788 5568 me
818 5513 969 5584 regni
1000 5513 1267 5583 privavit:
1303 5512 1428 5569 ﬁdei
1457 5529 1672 5584 quoque
1702 5514 1763 5568 ﬁ-

182 5605 400 5662 duciam
451 5606 675 5662 abstulit
700 5623 715 5661 :
767 5620 930 5676 quam
959 5605 1028 5661 de
1056 5606 1176 5676 ipso
1201 5605 1357 5675 apice
1382 5607 1580 5660 mentis
1611 5621 1765 5674 mese,

175 5699 270 5772 qui
295 5705 378 5754 est
397 5708 608 5756 natura:
629 5701 924 5756 rationalis
943 5711 1129 5773 caput,
1161 5703 1311 5758 velut
1341 5701 1573 5757 honoris
1605 5715 1771 5757 coro-

172 5807 298 5850 nam
327 5791 586 5849 detraxit.

1874 4707 1934 4747 se
1964 4693 2016 4746 in
2048 4707 2238 4747 eorum
2271 4691 2605 4746 oblivionem
2631 4692 2846 4746 venisse
2871 4731 2887 4758 ,
2943 4703 2990 4746 et
3018 4691 3086 4746 ab
3117 4706 3306 4747 eorum
3337 4692 3469 4747 alle-

1873 4783 2056 4839 ctibus
2083 4793 2137 4838 et
2166 4783 2427 4838 cordibus
2451 4785 2765 4839 recessisse.

1947 4875 2088 4930 Pelli
2123 4893 2248 4931 mete
2264 4920 2278 4944 ,
2308 4876 2626 4946 consumptis
2649 4874 2888 4930 carnibus
2909 4917 2923 4940 ,
2947 4874 3168 4930 adhccsit
3193 4891 3250 4929 os
3277 4892 3468 4930 meum.

1875 4967 1957 5025 Ad
1985 4976 2186 5023 tantam
2220 4967 2527 5022 ariditatem
2551 4981 2682 5021 caro
2708 4967 2827 5036 ejus
2859 4966 3200 5031 devenerat,
3233 4975 3293 5020 ut
3337 4966 3471 5021 nihil

1878 5062 2018 5117 ineo
2043 5062 2292 5116 humoris
2319 5062 2666 5129 remanserit,
2694 5072 2747 5116 et
2774 5062 2844 5115 ob
2865 5059 2967 5117 hoc
2980 5060 3309 5130 agglutinato
3337 5074 3472 5130 quo-

1877 5153 2172 5210 dammodo
2199 5153 2361 5208 fuerit
2385 5155 2548 5223 pellis
2575 5154 2696 5224 ejus
2723 5155 2942 5209 ossibus
2963 5153 3079 5208 suis
3105 5168 3118 5205 :
3153 5151 3294 5207 hanc
3318 5150 3470 5206 inﬁr-

1877 5249 2121 5303 mitatem
2155 5261 2468 5302 marasmon
2494 5246 2682 5301 dicunt
2712 5246 2930 5301 modici.

1949 5338 2019 5392 Et
2033 5339 2282 5393 derelicta
2294 5349 2413 5393 sunt
2431 5339 2791 5393 tantummodo
2804 5339 2941 5392 labia
2957 5339 3098 5390 circa
3113 5337 3291 5390 dentes
3311 5351 3467 5390 meos.

1878 5431 1959 5487 Ad
1990 5431 2092 5486 hoc
2143 5430 2288 5486 enim
2323 5431 2597 5496 diabolus,
2628 5431 2973 5499 consumptis
3002 5429 3265 5483 carnibus
3293 5427 3468 5482 sancti

1877 5523 2004 5589 Job,
2032 5522 2171 5578 labia
2200 5523 2320 5593 ejus
2339 5523 2550 5594 integra
2579 5521 2893 5592 dereliquit,
2921 5529 2979 5575 ut
3010 5519 3239 5576 haberet
3259 5519 3468 5590 positus

1879 5616 1934 5672 in
1985 5616 2311 5684 tormentis,
2363 5615 2562 5685 quibus
2590 5623 2776 5685 posset
2824 5613 2986 5669 facile
3043 5611 3467 5680 blasphemare:

1878 5709 2035 5779 quasi
2068 5709 2250 5764 cordis
2277 5707 2614 5778 blasphemia
2643 5722 2750 5763 non
2796 5707 2902 5762 sit:
2936 5721 3033 5778 pro
3059 5721 3162 5774 qua
3215 5706 3334 5776 ipse
3367 5704 3471 5761 Job

1879 5800 2024 5856 sicut
2050 5816 2150 5872 pro
2193 5802 2406 5858 caeteris
2445 5801 2686 5871 peccatis
2731 5800 3046 5858 holocausta
3077 5797 3190 5854 Deo
3216 5813 3312 5870 pro
3344 5797 3476 5854 ﬁliis
