4026 6324
571 335 681 389 661

1354 324 1697 385 APPENDIX
1737 326 1829 386 All
1868 325 2114 386 TOIUI
2150 324 2507 389 SEPTIMUM
2546 330 2607 388 S.
2652 326 3062 390 IllEBONYMi.

574 449 695 503 suis
714 448 806 503 die
825 449 1057 517 septimo
1078 444 1354 499 oﬂerebat.
1377 442 1486 498 Sed
1508 442 1896 498 ideodiabolus
1918 445 2161 515 linguam
2190 454 2242 517 Α
2341 445 2410 501 ει
2439 447 2617 502 scitote
2641 460 2749 502 esse
2777 449 3063 522 judicium.
3103 446 3228 518 Quo
3265 447 3476 517 judicio
3498 448 3639 520 justi
3665 450 3881 521 judia's

579 538 922 603 reservavit,
960 546 1019 591 ut
1045 536 1349 602 intelligere
1374 544 1558 604 posset
1577 574 1593 597 ,
1634 534 1678 588 sl
1706 533 1830 602 loli,
1884 535 1958 589 oh
1984 535 2171 592 ευιιὰιι

576 635 1009 701 cimpliciutem,
1053 628 1439 696 blasphemiam
1471 626 1738 698 proterret
1770 629 1823 682 in
1856 630 2037 683 labiis.

653 723 973 776 Iiseremini
997 721 1133 784 mei,
1170 720 1481 774 miseremini
1516 722 1640 783 mei,
1682 722 1870 776 saltent
1899 736 1987 776 eos
2011 722 2171 776 amici

579 816 679 868 utri
695 830 715 866 :
740 815 859 883 quia
882 829 1065 865 manus
1097 810 1307 865 Domini
1335 813 1501 881 tetigit
1532 827 1631 866 me.
1666 812 1882 868 Manum
1902 826 2039 884 ergo
2066 813 2172 869 Do-

576 907 711 960 mini
738 905 1034 975 appcllnvit
1058 908 1228 972 ipsam
1260 907 1470 974 plagam
1489 922 1651 974 quam
1682 906 2013 976 patiebatur,
2046 918 2169 976 quia:

570 1001 712 1056 tacta
735 1008 822 1055 est
852 999 1061 1054 Domini
1094 1008 1387 1069 pOICilale.
1429 1000 1665 1070 Tetigit,
1709 1014 1810 1070 pro
1839 1000 2058 1069 adlisit,
2088 1000 2173 1057 iti-

574 1093 932 1164 telligcudum
956 1102 1062 1147 est.

647 1186 822 1253 Quare
838 1184 1203 1251 μωᾳυὶτηίηὲ
1242 1200 1325 1238 nte
1351 1184 1484 1238 sicut
1507 1182 1671 1250 Deus,
1693 1193 1745 1238 et
1764 1184 2009 1239 carnibus
2047 1184 2171 1239 meis

585 1279 939 1332 saturamini?
976 1277 1125 1332 Fecit
1160 1278 1303 1331 Deus
1332 1278 1474 1331 circa
1500 1294 1586 1331 nte
1613 1277 1664 1330 iu
1693 1276 1919 1346 judicio,
1947 1278 2033 1331 cui
2068 1276 2169 1330 soli

578 1372 707 1428 licet
730 1372 991 1426 omniain
1015 1386 1181 1441 opere
1210 1386 1311 1425 suo
1335 1388 1349 1425 :
1379 1386 1474 1424 vos
1497 1384 1666 1441 quare
1686 1369 2012 1440 praesumitis
2031 1369 2175 1425 sicut

578 1466 752 1533 Deus,
796 1475 854 1519 ut
880 1464 1136 1535 alnigatis
1166 1464 1487 1519 innoxium:
1538 1462 1681 1533 quod
1710 1463 1811 1532 ipsi
1838 1471 2044 1516 tantum
2076 1476 2172 1530 pro

579 1558 993 1628 dispensatione
1022 1573 1119 1612 sua
1141 1557 1425 1627 competit,
1468 1570 1557 1611 aut
1583 1557 1737 1623 quasi
1760 1555 2172 1627 dispensatione

582 1660 762 1708 vestra
787 1652 1029 1723 indigeat
1054 1651 1194 1707 Deus
1215 1652 1239 1704 ?

653 1745 782 1811 Quis
805 1743 932 1798 mihi
948 1745 1161 1812 tribuat,
1193 1752 1246 1796 ut
1274 1745 1575 1797 scribantur
1593 1756 1855 1797 sermones
1874 1742 2013 1797 mei?
2035 1742 2168 1810 Quis

2273 539 2368 595 Dei
2395 548 2586 610 potero
2612 539 2683 595 de
2706 540 3199 595 subsannatorihus
3224 538 3484 610 iudicari.

2868 672 3095 730 CAPUT
3133 671 3254 730 XX.

2342 808 2680 880 Respondeas
2700 817 2873 861 autem
2897 807 3106 879 Sophar
3138 807 3531 876 Naamatln'tes,
3556 809 3699 865 dixit
3725 826 3750 865 :
3778 810 3879 865 Id-

2271 901 2408 955 circo
2432 901 2774 971 cogitationes
2793 910 2923 954 mea
2938 900 3095 955 varie
3114 902 3399 955 succedunt
3424 902 3549 968 sibi,
3571 912 3620 957 et
3649 918 3803 958 mens
3818 907 3873 961 in

2272 992 2477 1046 dirersa
2507 996 2729 1063 rapitur.
2784 992 2935 1057 Ideo,
2980 994 3178 1061 inquit,
3227 998 3421 1058 aestuo,
3450 994 3877 1066 etcogitalioue

2270 1086 2605 1142 conturbor:
2631 1088 2758 1157 quia
2784 1086 2924 1143 dicis
2955 1095 3009 1143 te
3035 1087 3153 1142 haec
3178 1088 3321 1143 mala
3350 1086 3474 1156 sine
3502 1102 3668 1144 causa
3695 1105 3729 1144 ι
3761 1090 3877 1147 Deo

2266 1179 2449 1250 judice
2476 1179 2775 1247 sustinere,
2805 1194 2930 1236 cum
2957 1179 3029 1235 de
3057 1181 3169 1236 Deo
3194 1179 3333 1235 nihil
3357 1179 3643 1237 sinistrum
3669 1182 3881 1239 debeat

2270 1273 2563 1342 suspicari.

2343 1363 2647 1421 Doctrinam
2672 1382 2775 1437 qua
2794 1383 2873 1420 nte
2898 1368 3077 1437 arguis
3094 1368 3331 1435 audiam,
3356 1376 3405 1423 et
3429 1368 3652 1438 spiritus
3672 1369 3885 1425 uitelli-

2271 1460 2458 1529 gentite
2480 1473 2610 1513 mea:
2634 1458 2960 1531 respondebit
3012 1457 3161 1512 mihi.
3192 1457 3429 1514 Audiam
3460 1458 3675 1529 quidem
3701 1469 3763 1515 te
3787 1460 3882 1515 in-

2272 1558 2590 1623 crepantem
2623 1566 2687 1606 ac
2720 1551 3139 1621 redarguentem
3165 1567 3254 1606 me
3284 1569 3298 1606 :
3348 1553 3481 1623 quia
3507 1550 3652 1608 forte
3681 1551 3740 1607 in
3772 1552 3881 1608 do-

2272 1644 2487 1702 loribus
2542 1645 2778 1717 positum
2825 1645 3124 1717 obiurgare
3167 1662 3276 1701 non
3305 1645 3537 1702 debeam
3571 1665 3583 1699 :
3619 1647 3757 1701 mihi
3805 1648 3881 1703 de

2280 1739 2396 1794 Deo
2420 1780 2437 1804 ,
2490 1738 2637 1808 quod
2669 1747 2754 1793 est
2794 1738 3170 1809 justissimum
3213 1739 3550 1807 respondere
3585 1741 3875 1795 convenit:

579 1837 710 1891 mihi
737 1838 821 1891 det
844 1880 860 1901 ,
887 1849 942 1890 ut
967 1846 1239 1891 narentur
1258 1839 1312 1889 in
1340 1835 1471 1890 libro
1490 1836 1626 1906 stylo
1657 1835 1849 1905 ferreo,
1897 1844 1944 1888 et
1968 1833 2173 1907 plumbi
2206 1854 2247 1915 Β
2276 1834 2401 1902 quia
2432 1848 2541 1887 non
2567 1847 2760 1902 posses
2782 1833 2852 1887 ah
2877 1848 2944 1887 eo
2974 1829 3046 1886 ita
3080 1830 3283 1903 puniri,
3302 1833 3405 1886 nisi
3423 1846 3580 1886 esses
3605 1831 3876 1887 malorum

578 1928 799 1989 lamina.
847 1931 925 1983 vel
972 1931 1104 1983 cette
1144 1930 1461 1999 sculpantur
1510 1930 1565 1983 in
1591 1928 1789 1983 silice?
1817 1927 2090 1997 Quoniam
2140 1944 2171 1984 a

576 2022 729 2075 nullo
760 2020 984 2075 homine
1018 2021 1194 2090 potuit
1220 2021 1467 2075 invenire
1495 2021 1751 2075 solatium
1771 2062 1787 2087 ,
1815 2024 2091 2077 convertit
2114 2036 2176 2078 se

577 2114 647 2170 ad
679 2115 855 2170 Deum
885 2155 902 2180 ,
954 2125 1007 2170 et
1035 2114 1496 2171 resurrectionem
1520 2113 1758 2169 futuram
1794 2114 2088 2185 prophetat
2118 2117 2172 2170 in

579 2206 802 2276 spiritu,
836 2205 932 2261 ubi
979 2206 1189 2277 probis
1218 2206 1377 2261 tttalis
1419 2207 1704 2277 prannium
1731 2207 1804 2262 sit
1827 2216 2173 2278 recepturus,

576 2309 634 2354 et
661 2299 781 2354 hate
803 2298 957 2354 duris
1003 2297 1278 2369 insculpta
1310 2298 1583 2368 lapidibus
1631 2307 1783 2369 optat
1823 2300 2085 2365 inscribi,
2118 2310 2178 2357 ut

572 2404 857 2447 sermones
889 2392 1193 2461 prophetiae
1220 2391 1275 2446 in
1306 2400 1496 2447 tetates
1525 2394 1858 2449 saeculorum
1903 2394 2173 2464 pt‘olixio8

576 2496 667 2538 res
693 2490 1080 2553 permaneant.

641 2571 768 2629 Scio
793 2574 930 2628 enim
953 2574 1093 2645 quod
1117 2574 1412 2645 redemmor
1424 2593 1568 2632 mens
1588 2578 1727 2643 civit,
1747 2586 1793 2633 et
1812 2581 1865 2634 in
1898 2580 2177 2639 novissimo

576 2667 662 2725 die
689 2668 754 2723 de
781 2680 916 2723 terra
957 2679 1286 2723 surrecturus
1315 2685 1454 2725 sum.
1489 2670 1559 2725 Et
1585 2684 1795 2727 rursum
1815 2674 2178 2731 circumdabor

572 2761 708 2835 pelle
730 2778 846 2817 mea
866 2802 884 2830 ,
941 2772 988 2817 et
1030 2764 1086 2819 in
1107 2779 1265 2819 carne
1288 2776 1402 2819 mea
1425 2764 1606 2821 uidebo
1635 2764 1822 2821 Deum.
1868 2768 1982 2825 Hoc
2011 2770 2177 2841 igitur

579 2855 774 2928 clypeo
804 2855 1049 2912 Ecclesia
1076 2898 1091 2922 ,
1142 2872 1267 2927 quae
1296 2856 1733 2914 incarnationem
1768 2858 2046 2931 Uuigeuiti
2081 2861 2180 2919 Dei

582 2963 770 3004 verant
803 2950 1117 3017 conﬁtetur,
1140 2960 1198 3005 et
1224 2951 1691 3008 resurrectionem
1721 2962 2059 3009 mortuorum
2091 2966 2179 3011 ve-

582 3041 803 3097 rissime
853 3041 1025 3098 credit
1058 3042 1327 3109 futuram,
1360 3056 1420 3099 se
1449 3045 1665 3109 munit,
1710 3055 1768 3101 et
1810 3046 2066 3118 protegit,
2121 3056 2180 3104 et

577 3133 832 3191 inimicos
858 3149 988 3190 suos
1007 3136 1309 3206 convincit,
1338 3145 1510 3209 atque
1530 3136 1787 3193 debellat.
1820 3137 1922 3194 Ubi
1946 3147 2074 3194 sunt
2094 3138 2179 3195 illi

2275 1923 2551 1989 conscius,
2592 1930 2648 1978 et
2673 1923 2974 1978 multorum
3004 1920 3295 1978 criminum
3330 1938 3485 1979 reus.

2350 2013 2469 2070 Hoc
2490 2016 2597 2071 scio
2626 2033 2659 2071 a
2683 2014 2967 2088 principio,
2992 2031 3058 2070 etc
3075 2032 3179 2088 quo
3196 2017 3399 2088 positus
3428 2022 3503 2070 est
3542 2015 3699 2071 homo
3724 2028 3881 2089 super

2277 2119 2467 2163 terram
2490 2125 2510 2164 :
2564 2110 2703 2178 quod
2744 2109 2857 2164 laus
2888 2110 3165 2182 impiorum
3216 2108 3377 2164 brevis
3396 2111 3494 2175 sit,
3526 2118 3573 2163 et
3626 2110 3877 2181 gaudium

2278 2202 2565 2273 hypocritte
2590 2201 2659 2255 ad
2684 2201 2849 2256 instar
2878 2203 3076 2274 puncti.
3127 2201 3245 2257 lam
3279 2214 3426 2257 nunc
3453 2202 3622 2270 «cpit
3654 2203 3709 2256 in
3734 2216 3880 2257 san-

2277 2305 2423 2353 ctum
2448 2295 2552 2353 Job
2580 2296 2895 2353 maledictis
2922 2296 3106 2353 invehi
3134 2315 3146 2351 :
3171 2310 3331 2366 quem
3354 2304 3412 2353 et
3429 2296 3663 2368 impium
3689 2306 3879 2364 aperte

2277 2390 2509 2465 asserit,
2560 2404 2613 2449 ct
2665 2392 3036 2465 hypocritam,
3066 2406 3134 2448 eo
3158 2392 3305 2461 quod
3336 2388 3685 2448 simulaverit
3711 2407 3775 2447 se
3790 2392 3882 2463 ju-

2278 2492 2443 2552 stum,
2473 2490 2528 2541 et
2557 2500 2700 2541 nunc
2727 2489 2780 2540 tu
2797 2485 2971 2540 Deum
2996 2484 3226 2540 rebellis
3252 2484 3550 2540 exstiterit.

2352 2578 2414 2634 Si
2431 2579 2719 2632 ascenderit
2746 2594 2909 2647 usque
2929 2579 2996 2632 ad
3023 2577 3207 2633 caelum
3222 2580 3469 2649 superbia
3489 2581 3627 2650 ejus,
3660 2586 3709 2633 et
3723 2587 3882 2648 caput

2280 2670 2392 2743 ejus
2420 2670 2575 2723 nubes
2625 2669 2870 2741 tetigerit.
2922 2668 3214 2725 Manifesta
3262 2676 3320 2725 et
3366 2679 3516 2725 certa
3550 2668 3878 2742 hyperbole,

2281 2762 2560 2820 hominem
2586 2765 2790 2820 elatum
2824 2764 3007 2829 nimis,
3045 2768 3101 2818 ct
3126 2763 3392 2819 tumidum
3419 2762 3580 2819 dicit.

2356 2855 2520 2922 Quasi
2546 2855 2923 2928 sterqtriliniunt
2942 2857 2997 2910 in
3028 2857 3133 2926 ﬁne
3160 2858 3426 2925 perdetur,
3454 2864 3501 2910 et
3529 2856 3619 2926 qui
3643 2862 3761 2910 eant
3808 2856 3885 2909 sic

2280 2950 2467 3003 derant
2497 2990 2513 3015 ,
2546 2951 2716 3003 dicent
2744 2949 2832 3004 ubi
2857 2959 2933 3004 est
2954 2949 2981 3003 Ρ
3028 2950 3128 3005 Cui
3159 2949 3520 3020 sterquilinio
3545 2949 3883 3005 assimilatas

2278 3054 2340 3099 es
2367 3056 2463 3113 per
2490 3041 2699 3109 omnia,
2721 3050 2776 3098 ct
2806 3044 2919 3113 ipse
2949 3050 3004 3098 te
3023 3057 3167 3099 nunc
3184 3042 3466 3113 conspicis
3491 3041 3876 3113 putrefacmm.

2283 3134 2348 3190 Et
2398 3135 2493 3207 qui
2546 3134 2821 3203 quondam
2855 3134 3108 3191 viderant
3141 3142 3194 3191 te
3239 3142 3563 3206 regnantem
3594 3134 3649 3189 in
3682 3134 3877 3205 glaria,

572 3228 663 3299 qui
696 3227 905 3296 dicunt,
952 3243 1052 3284 nos
1101 3229 1154 3284 in
1207 3230 1613 3287 resurrectione
1641 3230 1746 3285 alia
1790 3242 2022 3300 corpora
2073 3231 2171 3285 ba.
2201 3249 2248 3312 ρ
2282 3245 2427 3285 lllillc
2456 3228 2709 3299 inquiunt
2738 3228 3024 3284 insultanti
3055 3238 3229 3286 voce:
3288 3228 3392 3286 Ubi
3417 3237 3506 3285 est
3537 3228 3633 3285 ille
3661 3229 3881 3300 sapien-

574 3319 834 3376 hituros?
883 3319 1110 3375 audiant
1141 3320 1305 3376 istum
1336 3322 1559 3387 virum;
1612 3334 1710 3377 ore
1741 3320 1838 3378 Dei
1870 3321 2175 3391 laudatum,

581 3411 861 3469 dicentem
887 3429 902 3469 :

652 3504 818 3571 Quem
864 3504 1072 3558 uisurus
1123 3520 1237 3558 sum
1280 3520 1375 3575 ego
1425 3508 1556 3575 ipse.
1602 3504 1716 3575 Ego
1750 3504 1867 3576 ipse
1888 3504 1992 3560 Job
2023 3546 2039 3571 ,
2089 3504 2182 3575 qui

580 3596 633 3652 in
683 3606 932 3652 stercore
974 3595 1165 3666 juceo,
1223 3606 1278 3649 et
1329 3603 1475 3650 totus
1520 3598 1803 3651 nunerum
1831 3598 1987 3654 sanis
2028 3613 2187 3652 com-

584 3697 839 3760 putresco
868 3706 880 3741 :
924 3702 1052 3757 ego,
1088 3689 1307 3768 inquam
1331 3687 1435 3742 Job
1457 3730 1473 3756 ,
1499 3688 1610 3757 jam
1641 3699 1935 3760 corruptus
1957 3730 1976 3758 ,
2025 3700 2188 3759 atque

584 3780 913 3838 vulneribus
941 3778 1269 3845 dissolutus,
1315 3779 1370 3833 in
1404 3778 1510 3833 hac
1540 3794 1705 3836 carne
1733 3781 1978 3848 mortali,
2012 3782 2190 3837 incor-

584 3881 740 3942 rupta
774 3869 1182 3928 resurrectione
1204 3871 1384 3924 futura
1411 3870 1958 3942 glorificatusvidelio
1978 3873 2183 3933 Deum:

586 3971 642 4017 et
672 3971 729 4016 ut
759 3961 1097 4031 exprimeret
1117 3961 1287 4031 ipsius
1316 3963 1400 4017 sui
1428 3963 1677 4034 corporis
1700 3963 2184 4036 instaurationem,

592 4054 799 4110 idcirco
828 4055 906 4108 ait
931 4071 944 4108 :

664 4146 737 4204 Et
764 4146 901 4201 oculi
923 4148 1023 4202 mei
1041 4150 1363 4220 conspecturi
1385 4158 1528 4215 sunt,
1557 4159 1607 4205 et
1630 4167 1733 4205 non
1745 4151 1905 4207 alius.
1940 4153 2187 4227 Reposito

592 4250 665 4296 est
681 4242 791 4296 lucc
809 4256 927 4310 spes
950 4257 1062 4295 mea
1087 4242 1141 4295 in
1158 4242 1276 4296 sinu
1295 4259 1426 4298 meo.
1446 4240 1833 4299 Consummatu
1851 4256 1981 4301 sunt
2000 4248 2185 4304 omnia

591 4334 649 4391 in
681 4335 803 4390 sinu
824 4350 970 4390 meo.

664 4427 838 4494 Quare
862 4443 984 4499 ergo
1013 4444 1149 4483 nunc
1176 4427 1377 4483 dicitis:
1403 4444 1774 4502 persequantur
1795 4446 1913 4486 eum
1928 4432 1955 4487 7
1982 4432 2184 4506 thuid

596 4534 738 4576 nunc
767 4520 958 4590 agitis,
991 4521 1066 4575 ita
1108 4532 1164 4575 ut
1194 4528 1468 4592 tamquam
1514 4537 1711 4578 vanum
1739 4561 1755 4592 ,
1787 4523 2035 4596 nihilque
2059 4539 2188 4583 creo

2284 3320 2533 3380 tissimus
2557 3323 2863 3393 hominum,
2900 3332 2956 3379 et
2988 3324 3408 3394 potentissimus
3440 3322 3681 3394 regum?

2354 3414 2509 3471 Velut
2533 3416 2789 3470 somnium
2801 3417 3015 3471 avolans
3033 3430 3139 3471 non
3159 3416 3479 3472 invenietur:
3509 3415 3729 3469 transiet
3748 3414 3882 3470 sicut

2283 3508 2414 3563 cisio
2436 3517 2709 3565 nocturna.
2744 3506 3093 3565 Manifestum
3108 3518 3190 3564 est
3211 3508 3472 3564 sicutait:
3506 3507 3717 3564 Deiecit
3740 3507 3879 3562 velut

2286 3605 2560 3658 somnium
2595 3605 2894 3674 surgentis.

2360 3695 2555 3751 Oculus
2570 3697 2661 3769 qui
2682 3708 2799 3751 eum
2819 3696 3039 3763 viderat,
3068 3712 3171 3752 non
3197 3696 3387 3752 uidebit
3406 3710 3426 3751 :
3451 3706 3616 3767 neque
3637 3696 3774 3749 ultra
3800 3692 3881 3749 itt-

2290 3789 2516 3845 tuebitur
2536 3804 2652 3847 eum
2687 3790 2835 3846 locus
2864 3807 3010 3846 suus.
3046 3789 3106 3846 Id
3137 3799 3243 3856 εει,
3270 3788 3617 3859 honorimpii
3649 3802 3757 3844 non
3784 3801 3878 3858 po-

2290 3884 2420 3940 terit
2448 3883 2714 3955 reparari.

2360 3974 2489 4031 Filii
2523 3977 2637 4048 ejus
2680 3978 2974 4032 niterentur
3001 3985 3247 4048 egestate.
3301 3974 3429 4032 Sive
3474 3989 3609 4046 ergo
3637 3968 3876 4030 carnales

2290 4066 2384 4125 lilii
2410 4067 2552 4140 ejus,
2601 4069 2724 4126 sive
2752 4082 2919 4142 opera
2951 4082 3073 4140 qua:
3105 4069 3396 4141 aliquando
3422 4067 3661 4125 ﬁliorum
3712 4066 3878 4122 nomi-

2289 4175 2359 4218 ne
2384 4162 2733 4233 appellantur
2758 4203 2773 4229 ,
2825 4163 2941 4219 sive
2969 4162 3047 4217 illi
3077 4162 3172 4233 qui
3208 4172 3331 4217 eum
3364 4166 3643 4232 tamquam
3675 4168 3875 4231 patrem

2289 4254 2493 4310 fuerint
2525 4253 2738 4319 imitati,
2772 4269 2872 4326 per
2898 4250 2999 4310 Dei
3023 4254 3351 4311 sententiam
3375 4251 3442 4308 ad
3466 4247 3599 4308 nihil
3631 4252 3875 4322 redigen-

2289 4354 2399 4413 tur,
2432 4343 2575 4418 quod
2603 4345 2712 4416 jam
2736 4348 2789 4402 in
2809 4346 2938 4402 filiis
2961 4348 3093 4415 tuis,
3118 4345 3433 4401 carnalibus
3459 4343 3723 4414 Operibus
3752 4354 3877 4413 quo-

2289 4457 2395 4513 que
2426 4441 2535 4496 tuis
2557 4456 2625 4495 ex
2652 4451 2808 4513 parte
2828 4440 2982 4497 vides
3012 4454 3136 4496 esse
3161 4438 3512 4510 completum.

2363 4531 2429 4590 Et
2456 4550 2639 4590 manus
2659 4530 2805 4590 illius
2830 4533 3044 4591 reddent
3072 4531 3121 4589 ei
3144 4533 3381 4589 datorem
3401 4538 3576 4587 suum.
3604 4527 3718 4586 Hoc
3739 4530 3872 4587 enim

593 4614 813 4670 dentem
844 4614 991 4669 velut
1019 4614 1188 4670 Deum
1216 4630 1322 4670 non
1349 4616 1604 4674 timeam:
1637 4618 1752 4672 sive
1772 4618 1899 4689 quia
1924 4619 2187 4689 religione
2213 4615 2270 4684 Ῑ)
2293 4632 2556 4699 operatus
2598 4636 2683 4684 est
2724 4627 2866 4684 unde
2917 4626 3121 4683 malum
3145 4625 3398 4683 vindicta:
3423 4668 3437 4692 ,
3473 4631 3741 4696 operante
3790 4622 3875 4678 Dei

592 4707 775 4763 divina
799 4707 904 4763 sim
933 4709 1143 4764 alienus
1165 4750 1181 4775 ,
1235 4710 1491 4780 persequi
1539 4710 1755 4777 velitis,
1782 4712 2045 4768 aculeatis
2095 4725 2185 4769 me

590 4802 794 4858 vestris
820 4801 1179 4871 perlodiendo
1206 4804 1572 4860 sermonibus.

660 4896 732 4951 Et
757 4897 985 4952 radicem
1026 4897 1167 4953 verbi
1217 4899 1535 4954 inveniamus
1575 4908 1757 4954 contra
1799 4915 1942 4955 cum.
1974 4898 2182 4956 Videtis

588 5005 746 5062 ergo,
777 4992 900 5063 quia
932 5007 1142 5047 mecum
1179 5005 1287 5047 non
1321 5001 1379 5046 ut
1404 4992 1518 5047 veri
1544 4992 1705 5047 amici
1729 4991 1962 5048 lideliter
1989 4992 2180 5063 agitis:

587 5085 685 5141 sed
716 5097 774 5142 ut
800 5086 977 5142 dolosi
1005 5087 1074 5143 de
1101 5086 1239 5143 meis
1260 5086 1613 5142 sermonibus
1641 5086 1774 5141 mihi
1806 5087 2033 5158 laqueos
2054 5103 2184 5143 con-

588 5179 857 5235 cinnatis:
887 5180 1330 5251 quandoquidem
1349 5180 1419 5236 de
1445 5181 1581 5249 ipsis
1602 5180 1784 5236 verbis
1797 5180 2185 5237 meisoccasioo

590 5287 736 5340 nem,
790 5274 936 5329 velut
959 5272 1250 5343 quamdam
1280 5273 1523 5330 radicem
1552 5272 2002 5342 reprehensionis
2032 5274 2187 5330 inve.

593 5366 712 5422 nire
740 5366 962 5437 cupitis.

661 5455 852 5528 Fugite
876 5474 997 5528 ergo
1023 5475 1058 5515 α
1084 5460 1216 5530 facie
1242 5459 1438 5531 gladii:
1480 5461 1726 5530 quoniam
1755 5461 1894 5516 ultor
1929 5461 2186 5530 iniquita-

589 5560 698 5607 tum
722 5552 929 5624 gladius
957 5562 1051 5607 est.
1084 5553 1198 5608 lloc
1226 5552 1389 5608 dicit:
1421 5554 1467 5608 si
1501 5554 1846 5610 recesseritis
1872 5553 1940 5608 ab
1962 5553 2188 5622 impres-t

588 5644 741 5700 sione
794 5657 911 5699 mea
934 5684 948 5706 ,
1004 5646 1246 5715 gladium
1272 5646 1440 5716 iustae
1470 5647 1759 5702 sententia:
1792 5647 1886 5702 Dei
1942 5644 2192 5713 poteritis

590 5735 846 5790 evadere.
880 5734 1107 5790 Gladius
1135 5748 1225 5793 est
1251 5738 1400 5794 enim
1423 5738 1604 5808 lingua
1636 5739 1805 5809 regis,
1846 5745 1907 5797 et
1933 5750 2039 5792 non
2070 5748 2189 5792 car-

593 5823 755 5890 nalis,
790 5833 850 5881 ut
875 5823 1141 5884 Salomon
1171 5829 1325 5885 dicit.

2283 4722 2502 4796 iustitia
2522 4768 2536 4794 ,
2567 4724 2815 4792 recipere
2843 4730 3169 4778 mereretur.

2364 4814 2499 4869 Ossa
2536 4816 2653 4888 ejus
2676 4812 3026 4885 implebantur
3054 4812 3190 4868 uitiis
3218 4808 3580 4866 adolescentia!
3606 4812 3743 4883 ejus.
3777 4807 3876 4862 lfoc

2290 4910 2384 4968 ait.
2417 4906 2559 4976 quod
2593 4924 2621 4960 a
2658 4908 2948 4975 juventutc
2978 4916 3096 4967 sua.
3130 4916 3196 4961 cx
3236 4910 3344 4975 qua
3368 4900 3621 4974 graviora
3666 4908 3874 4971 precata

2289 5002 2638 5059 committere
2667 5001 2902 5070 cmperit
2935 5016 2950 5055 :
2978 5000 3030 5053 lu
3054 4998 3262 5055 eisdem
3295 4997 3535 5067 peccatis
3565 4996 3686 5051 suis
3716 5008 3872 5064 usque

2290 5098 2344 5153 iu
2377 5101 2657 5151 senectam
2688 5093 3053 5165 permanserit
3083 5110 3095 5146 :
3122 5098 3222 5163 pro
3251 5090 3444 5162 quibus
3469 5102 3763 5161 numquam
3794 5102 3873 5142 vo-

2290 5188 2457 5245 luerit
2488 5188 2773 5257 pmn‘itere.
2808 5182 2873 5241 Et
2908 5184 3117 5241 idcirco
3138 5185 3405 5253 sequitur.

2368 5279 2434 5334 Et
2459 5296 2573 5335 cum
2597 5294 2653 5333 eo
2676 5280 2733 5333 in
2755 5277 2963 5349 pulvere
2989 5276 3268 5331 dormient.
3301 5273 3357 5329 Id
3384 5278 3486 5337 est,
3515 5278 3637 5344 post
3658 5278 3869 5328 mortem

2293 5373 2549 5428 vitiorum
2581 5388 2703 5443 qua:
2728 5382 2814 5427 est
2840 5370 2892 5425 iu
2922 5370 3104 5425 anima
3134 5387 3145 5423 :
3175 5370 3293 5424 sive
3321 5382 3491 5438 usque
3518 5366 3582 5421 ad
3613 5374 3830 5421 mortem
3853 5406 3868 5432 ,

2293 5476 2414 5535 qua:
2443 5462 2503 5518 tit
2535 5474 2630 5534 per
2660 5461 3056 5519 resolutionem
3094 5458 3342 5530 corporis
3378 5450 3559 5527 huius.
3595 5456 3728 5513 Ossa
3756 5470 3871 5528 ergo

2297 5558 2400 5614 hoc
2429 5558 2553 5614 loco
2580 5559 2751 5627 ipsam
2774 5562 3117 5611 senectutem
3149 5560 3257 5608 non
3282 5554 3367 5608 est
3401 5549 3697 5606 absurdum
3728 5551 3874 5606 intel-

2294 5651 2493 5707 texisse
2517 5666 2531 5704 :
2556 5650 2753 5720 quibus
2775 5647 3138 5705 vetet-nositas
3161 5654 3443 5704 nunerum,
3470 5646 3522 5696 el
3546 5642 3778 5698 durities
3796 5655 3873 5697 se-

2295 5745 2371 5799 nii
2400 5745 2511 5812 jam
2544 5750 2869 5812 praematura
2903 5739 3263 5811 signiﬁcetur.
3297 5736 3426 5793 Sive
3469 5742 3592 5789 ossa
3636 5735 3754 5806 ejus
3784 5736 3873 5792 im-

2300 5837 2593 5910 plebantur
2618 5834 2763 5893 vitiis
2792 5831 3203 5904 adolescentiae,
3227 5839 3333 5891 etc.
3365 5828 3425 5891 Si
3444 5836 3568 5902 qute
3587 5827 3755 5903 igitur
3778 5828 3876 5886 rit-
