4032 6300
77 317 216 373 ιῖστι
1083 305 1563 368 COJIiiEN'I‘AﬂIl
1603 306 1669 364 IN
1711 300 1968 364 biﬁlum
2009 300 2151 364 JOB.
2197 298 2349 363 CAP.
2390 296 2512 361 XX.
3331 299 3437 357 870

82 439 272 486 uites
302 437 449 486 sunt
465 429 635 484 animi
658 427 712 484 in
745 426 914 496 impio
934 412 1157 482 nomine
1187 422 1483 490 naturales,
1518 423 1591 479 ab
1618 423 1743 478 ado-
1769 420 1820 487 Α
1846 430 1953 490 est,
1993 423 2118 493 quia
2144 420 2393 494 gehenns
2418 420 2663 493 quatiam
2696 428 2963 490 perpetua
2989 418 3357 490 incorruptic,
3385 424 3445 474 et

85 524 409 582 lescentia
439 525 562 594 ejus
580 521 730 579 vitiis
765 521 885 592 ejus
921 521 1250 591 inolescunt,
1281 526 1338 574 et
1362 518 1736 583 resolvuntur,
1844 523 2046 571 atteram
2075 515 2472 587 perseverantia
2499 523 2893 571 tormentorum
2930 522 3038 571 est.

85 626 206 673 aut
242 617 533 682 deﬂuunt,
557 626 617 673 ιιι
638 614 775 671 nihil
792 615 846 670 in
862 614 943 670 eis
963 613 1221 681 solidum,
1238 622 1295 669 et
1319 610 1461 668 forte
1488 618 1736 667 maneat:
1917 606 2085 663 Juxta
2123 608 2513 664 multitudinem
2553 608 2978 664 adiuuentionunt
3005 618 3248 679 suarum,
3290 610 3366 665 sic
3393 616 3444 664 et

89 711 248 782 quia
282 710 407 781 iam
434 708 644 766 eisdem
671 708 825 765 vitiis
856 717 1130 779 tamquam
1167 706 1419 762 carnibus
1452 703 1631 761 fluidis
1661 700 1740 758 vi.
1841 699 2115 755 sustinebit
2146 715 2167 757 :
2188 701 2435 770 quoniam
2462 702 2795 774 confringens
2816 700 3032 755 nudavit
3066 701 3311 773 pauperis
3341 701 3441 755 ἀοι

72 803 345 861 ςὰθιίοει
374 803 541 858 rebus
571 804 921 874 operiuntur,
950 809 1005 857 et
1031 802 1363 870 obtcguntur
1396 817 1410 855 :
1435 796 1525 853 ubi
1566 796 1739 867 magis
1841 808 1985 847 munt
2016 807 2036 848 :
2061 794 2253 865 rapuit,
2275 797 2326 849 el
2349 808 2452 849 non
2472 794 2748 864 tediﬁcauit
2778 808 2913 850 eam.
2943 793 3101 849 Juxta
3131 792 3262 848 illud
3292 792 3438 864 quod

90 894 406 953 deberent
434 897 689 961 virtutes,
717 894 868 951 velut
903 909 1028 950 ossa
1070 892 1278 959 solida,
1311 902 1364 948 et
1393 891 1736 957 ﬁrmissima,
1843 884 2106 956 propheta
2149 886 2283 941 dicit
2325 886 2392 943 ad
2437 884 2609 942 Deum
2642 903 2656 941 ε
2689 888 2945 959 quoniam
2984 897 3038 942 tu
3082 882 3283 943 reddes
3311 885 3438 941 unto

98 1000 423 1060 tamquam
451 1004 647 1045 carnes
687 988 883 1044 ﬂuidas
909 997 966 1044 et
989 987 1198 1043 solutas
1231 985 1358 1042 vitia
1382 984 1736 1056 restringere,
1842 982 2038 1052 cuique
2059 980 2352 1037 secundum
2383 994 2545 1051 opera
2576 996 2696 1037 sua.
3422 1016 3429 1021 ι

98 1084 452 1153 conﬂuere,
482 1091 540 1140 et
567 1097 783 1155 regere,
827 1091 883 1138 et
906 1082 1030 1139 ideo
1051 1083 1107 1137 in
1134 1081 1319 1137 carnis
1361 1081 1480 1151 ejus
1509 1079 1737 1151 pulvere
1917 1074 2029 1131 ti'ec
2065 1083 2137 1131 est
2166 1074 2383 1131 satiatus
2416 1084 2587 1132 venter
2614 1077 2745 1148 ejus.
2780 1074 3037 1133 Ventrem
3067 1075 3156 1132 hic
3194 1068 3435 1145 appella-

99 1176 421 1233 dot‘midnt
452 1195 465 1231 :
495 1178 620 1246 quia
653 1176 1083 1248 repugnantibus
1109 1174 1254 1230 vitiis
1281 1176 1442 1245 atque
1468 1172 1736 1229 vincentis
1844 1178 1959 1225 tum
1985 1178 2118 1240 puto
2146 1169 2415 1242 quoddam
2455 1169 2855 1239 receptaculum
2897 1167 3091 1223 animm
3109 1202 3125 1235 ,
3153 1166 3248 1223 ubi
3277 1167 3436 1239 cogi-

103 1272 229 1329 bus
252 1312 272 1340 ,
307 1272 547 1343 rigorem
574 1271 735 1327 bona
760 1285 878 1326 sum
908 1279 1116 1326 natura:
1142 1270 1412 1326 amittent.
1842 1260 2080 1318 taliones
2115 1261 2233 1335 ejus
2271 1262 2423 1334 quasi
2462 1269 2605 1318 escae
2641 1259 2887 1317 ciborum
2932 1258 3227 1316 recondita:
3264 1262 3440 1317 conti-

192 1366 340 1421 Cstm
367 1367 506 1422 enim
535 1366 690 1421 dulce
715 1365 876 1438 fuerit
904 1366 959 1420 in
987 1379 1078 1421 ore
1104 1366 1218 1438 ejus
1246 1364 1443 1419 malum
1473 1379 1492 1419 :
1519 1364 1739 1419 abscon—
1843 1358 2077 1426 nciilm‘,
2108 1362 2267 1428 quem
2292 1354 2730 1425 inexplicabilem
2776 1353 2929 1410 dicti.

94 1462 212 1516 de:
250 1459 402 1514 illud
455 1459 553 1515 sub
590 1460 769 1531 lingua
815 1472 931 1514 sua,
984 1459 1172 1515 Dulcia
1202 1456 1347 1515 mala
1371 1468 1497 1515 sunt
1539 1458 1734 1529 impie,
1914 1448 1981 1502 Et
2022 1458 2138 1502 cum
2175 1448 2418 1502 habuerit
2455 1458 2576 1520 qua!
2611 1449 2943 1521 concupierat
2969 1488 2985 1516 ,
3025 1447 3292 1521 possidere
3336 1463 3439 1503 non

110 1552 478 1625 blasphemia
509 1562 568 1609 et
607 1562 803 1610 czetera
845 1553 960 1610 oris
998 1561 1241 1625 peccata.
1283 1552 1595 1610 Abscondat
1635 1550 1737 1609 sub
1840 1545 2051 1618 poterit.
2082 1539 2576 1613 Qiiemadmodutn,
2611 1550 2667 1599 et
2698 1548 2750 1599 iu
2782 1543 2919 1615 ipse,
2944 1539 3035 1615 qui
3065 1542 3215 1614 justo
3239 1540 3439 1612 Deiju-

110 1642 319 1718 lingua
350 1657 475 1713 sua,
504 1647 698 1703 dicens
728 1660 744 1702 :
777 1640 872 1703 ubi
901 1656 984 1704 est
1011 1648 1063 1704 el
1093 1647 1249 1703 labor
1268 1656 1321 1703 ei
1353 1646 1526 1714 dolor,
1561 1654 1614 1702 et
1639 1645 1733 1702 de-

116 1738 326 1796 frudet
361 1748 529 1810 atque
566 1739 799 1805 celabit,
825 1747 884 1795 ut
908 1740 987 1795 ait
1008 1738 1289 1811 Scriptura
1327 1752 1340 1793 :
1376 1738 1478 1807 Qui
1515 1736 1734 1811 contegit

115 1834 469 1906 iniqttilatem
491 1847 638 1890 suam
655 1870 671 1901 ,
700 1848 801 1889 non
833 1830 1242 1906 prosperabiiur.

199 1924 404 1981 Parcet
430 1924 542 1992 illi,
572 1933 625 1981 et
646 1940 749 1981 non
776 1925 1093 1996 derelinquei
1126 1922 1283 1979 illud.
1309 1924 1365 1980 ιιι
1397 1931 1501 1990 est,
1528 1923 1731 1995 palpet,

120 2016 308 2088 lovet,
333 2026 390 2073 et
418 2018 589 2073 nutrit
617 2018 817 2073 malum
840 2028 1022 2085 suum,
1056 2026 1113 2074 et
1139 2017 1418 2075 delectans
1444 2028 1503 2073 se
1535 2018 1587 2072 in
1616 2008 1731 2085 ilio,

119 2124 441 2182 numquam
475 2109 735 2180 panitet,
768 2118 827 2167 ut
852 2110 920 2167 ab
954 2122 1022 2168 eo
1047 2110 1315 2166 discedat.

202 2200 274 2256 Et
297 2201 494 2257 celabit
512 2203 567 2258 in
595 2211 806 2275 gutture
824 2216 940 2259 suo.
974 2202 1111 2258 Illud
1138 2202 1321 2258 dicere
1343 2200 1474 2256 mihi
1495 2201 1730 2268 videtur,

117 2292 276 2365 quod
301 2305 525 2366 semper
551 2294 625 2350 sit
649 2294 719 2350 ad
752 2294 1241 2367 blasphemandum
1266 2306 1511 2364 paratus,
1542 2302 1597 2351 et
1624 2304 1731 2349 non

121 2384 286 2456 prius
308 2387 510 2442 saltem
542 2396 639 2456 per
664 2386 902 2457 aliquam
932 2399 1143 2442 moram
1170 2387 1372 2457 cogitat
1402 2385 1530 2457 qttid
1559 2385 1733 2441 dictu-

123 2490 230 2533 rus
253 2486 368 2533 est:
392 2478 520 2549 quia
541 2478 654 2547 iam
684 2486 931 2549 paratam
953 2474 1113 2534 habet
1129 2476 1543 2549 blasphemiam,
1566 2486 1729 2547 quam

120 2578 254 2625 cum
282 2568 673 2626 malediciione
699 2569 883 2625 cordis
902 2568 1167 2625 ellundat.
1303 2556 1320 2569 ’

203 2660 369 2717 Partis
392 2662 504 2734 ejus
524 2662 581 2717 in
601 2671 748 2717 utero
770 2662 916 2717 illius
941 2670 1166 2717 certetur
1194 2661 1249 2716 in
1278 2661 1353 2731 [et
1377 2662 1623 2731 aspidmn
1648 2661 1730 2715 inc

120 2757 407 2814 trinsecus.
426 2756 592 2812 Panis
619 2755 833 2813 scilicet
864 2763 977 2811 tota
1002 2757 1111 2811 vita
1133 2753 1442 2825 huiusmodi
1468 2754 1727 2821 hominis,

122 2860 213 2905 est
240 2848 532 2905 delectatio
562 2858 914 2921 peccatorum
934 2887 950 2914 ,
979 2846 1208 2903 dulcedo
1237 2846 1640 2911 illecebrarum,
1676 2854 1731 2900 ct

124 2943 411 3009 suavitas,
451 2952 575 3012 qum
603 2950 791 2998 amara
838 2941 952 3009 illi,
984 2950 1040 2997 et
1063 2938 1342 2995 mortifera
1383 2939 1727 3009 postmodum

120 3035 257 3091 erit.
287 3034 442 3104 Quod
467 3044 647 3090 autem
677 3033 814 3090 dixit
841 3034 897 3089 in
927 3043 1120 3089 ventre
1148 3032 1286 3103 ejus,
1317 3031 1421 3087 hoc
1450 3031 1546 3098 ait,
1580 3030 1727 3102 quod

120 3128 299 3184 etiam
341 3126 395 3183 in
442 3126 607 3183 corde
645 3140 747 3183 suo
794 3139 896 3199 pro
928 3126 1308 3199 iniquitatibus
1338 3126 1481 3194 suis,
1512 3132 1729 3180 amaros

1840 1638 1984 1694 dicio
2006 1650 2167 1695 omne
2191 1638 2582 1711 pauimentum
2609 1637 2915 1709 perdidisti.

1915 1727 2036 1786 Non
2063 1731 2307 1787 remansit
2327 1730 2394 1786 de
2417 1729 2529 1786 cibo
2558 1733 2691 1804 ejus,
2716 1741 2765 1785 et
2782 1734 3049 1801 prapterea
3078 1727 3210 1784 nihil
3233 1736 3440 1800 perma-

1764 1815 1810 1882 Β
1841 1823 1977 1879 nebit
1999 1823 2065 1880 de
2085 1823 2230 1879 bonis
2259 1828 2391 1897 ejus.
2420 1822 2841 1879 Inhutnanitatis
2868 1824 2916 1879 ei
2943 1830 3127 1878 notam
3152 1820 3343 1888 inurit,
3370 1836 3439 1878 eo

1838 1920 1980 1991 quod
2007 1918 2075 1976 de
2100 1918 2430 1975 abundantia
2454 1932 2656 1975 mensae
2684 1930 2797 1974 stne
2823 1915 2957 1974 nulli
2991 1916 3318 1988 peregrino,
3348 1914 3434 1971 vel

1838 2011 2037 2083 hostilli
2063 2011 2416 2068 refectionem
2446 2010 2737 2080 praebuerit
2771 2026 2785 2063 :
2816 2008 2913 2066 sed
2945 2006 3151 2064 fallitur
3177 2005 3434 2078 Sopitar:

1837 2104 1957 2180 quia
1988 2116 2212 2165 sanclus
2252 2107 2354 2165 Job
2389 2104 2523 2163 dicit
2558 2127 2571 2164 :
2602 2104 2654 2162 Si
2681 2102 2895 2164 comedi
2927 2105 3222 2163 bucceliatn
3255 2116 3432 2161 meam

1836 2199 2008 2256 solus.
2046 2198 2163 2256 Non
2207 2201 2510 2257 retnanebit
2540 2198 2606 2255 dc
2642 2199 2778 2255 cibis
2805 2199 2945 2271 ejus,
2974 2199 3101 2271 quia
3129 2212 3238 2254 non
3264 2197 3432 2254 nore-

1834 2292 1971 2351 bltnt
2000 2291 2141 2353 bona
2174 2306 2294 2350 sua.
2988 2334 2993 2337 ,

1907 2385 2037 2442 Cant
2057 2387 2278 2443 satiatus
2317 2385 2474 2458 fuerit
2500 2427 2515 2453 ,
2547 2385 2854 2451 arctabiiur,
2886 2383 3147 2450 wstuabit,
3176 2386 3224 2439 et
3267 2382 3434 2440 ontnis

1834 2480 1987 2535 dolor
2013 2482 2175 2535 irruet
2195 2496 2354 2550 super
2376 2495 2514 2534 eum.
2537 2476 2673 2535 Cum
2699 2478 2900 2534 divitiis
2920 2478 3149 2545 scilicet,
3173 2480 3230 2533 et
3251 2486 3432 2533 rerum

1833 2574 2074 2630 omnium
2105 2572 2439 2631 abundantia
2471 2571 2702 2630 reierlus
2732 2570 2897 2629 fuerit
2918 2614 2932 2638 ,
2961 2569 3176 2629 subitus
3201 2570 3250 2628 ei
3287 2562 3430 2628 inie-

1832 2667 1973 2725 ritus
2000 2670 2183 2725 veniet
2217 2686 2230 2724 :
2260 2674 2571 2725 coarcialus
2598 2668 2816 2724 miseria
2845 2667 3092 2723 irruente
3112 2674 3275 2739 atque
3304 2680 3431 2723 con-

1831 2760 2015 2816 clusus
2035 2804 2048 2826 ,
2079 2759 2448 2817 calamitatum
2476 2758 2720 2815 cladibus
2741 2757 3012 2815 mstttabil.

1908 2854 2120 2909 Utinam
2150 2856 2427 2927 impleatur
2472 2862 2647 2908 venter
2687 2854 2823 2919 eius,
2870 2861 2926 2907 ut
2970 2853 3169 2907 emittat
3214 2852 3269 2906 in
3312 2862 3431 2906 eum

1832 2949 1964 3001 iram
1992 2947 2186 3017 furoris
2212 2947 2315 3001 sui.
2364 2943 2665 3012 Quamdam
2703 2945 3058 3015 capacitatem
3081 2986 3096 3011 ,
3127 2944 3208 2998 vel
3248 2943 3429 2998 sinum

1831 3040 2130 3111 Spatiosum
2179 3048 2425 3097 ventrem
2479 3039 2676 3094 animle
2725 3038 2977 3109 snperius
3036 3034 3428 3093 intelleximus.

1834 3134 1948 3189 Hoc
1973 3142 2105 3205 ergo
2129 3132 2296 3201 dicit,
2325 3132 2449 3205 quia
2475 3131 2584 3203 jam
2616 3128 3042 3203 cogitationibus
3068 3118 3427 3199 iniquissimis

122 3220 387 3290 dolores,
437 3220 665 3278 acerbos
703 3229 762 3277 et
809 3221 1007 3277 nimios
1055 3220 1386 3278 conscientia
1438 3226 1727 3290 torquente
1755 3206 1800 3274 C
1836 3229 2031 3298 plenus
2072 3236 2188 3293 est,
2216 3241 2390 3296 usque
2416 3226 2483 3280 ad
2522 3240 2793 3280 summum
2825 3224 2936 3279 oris
2964 3222 3050 3278 sui
3092 3218 3426 3291 blasphemia

123 3312 388 3388 patiatur.

204 3408 422 3464 Divitias
458 3415 589 3481 quas
630 3409 892 3464 devoravit
929 3417 1153 3476 erantet,
1185 3406 1234 3461 et
1278 3406 1342 3462 de
1380 3412 1551 3461 uentre
1581 3400 1727 3461 illius

126 3498 368 3560 extrahet
391 3514 482 3558 eos
524 3502 688 3559 Deus.
720 3498 889 3575 Caput
916 3503 1157 3575 (tepidum
1196 3510 1408 3573 surget,
1440 3509 1491 3554 et
1528 3500 1729 3555 occidet

127 3615 250 3655 eum
289 3599 468 3670 lingua
493 3598 704 3669 vipera.
743 3597 902 3665 Quod
931 3597 1111 3669 inique
1147 3604 1204 3653 et
1226 3596 1494 3651 violenter
1520 3596 1722 3665 rapuit,

127 3704 187 3750 et
231 3692 424 3748 lntiasil
445 3737 459 3762 ,
505 3691 701 3748 merito
744 3690 795 3748 ei
827 3691 970 3747 Deus
995 3700 1184 3761 poenas
1215 3689 1382 3747 illatis
1408 3688 1727 3744 criminibus

127 3785 251 3857 ejus
289 3783 525 3842 reddidit
555 3800 570 3841 :
601 3794 656 3841 et
682 3785 756 3841 ita
783 3784 1208 3855 estorquebitur
1236 3783 1305 3838 ab
1347 3782 1535 3852 iniquo
1578 3778 1723 3851 quod

127 3878 332 3948 injuste
356 3875 677 3934 abetulerat.
708 3876 949 3948 Angelus
971 3886 1103 3932 vero
1130 3874 1221 3930 ille
1263 3875 1355 3946 qni
1382 3882 1600 3930 centum
1626 3888 1721 3928 oc-

129 3971 336 4044 togints
362 3973 609 4044 quinque
631 3971 801 4028 millia
815 3972 1038 4040 cecidit,
1062 3971 1279 4028 videtnr
1301 3972 1472 4027 bonus
1495 3968 1722 4040 angelus

128 4065 303 4122 fuisse
332 4076 347 4122 :
376 4067 501 4138 quis
532 4064 712 4137 angeli
741 4077 1016 4123 messores
1051 4074 1179 4122 sunt
1212 4081 1226 4121 :
1267 4064 1473 4120 zizania
1506 4064 1720 4135 ignibus

131 4156 347 4214 mternis
366 4155 673 4214 exurenda.

210 4247 330 4304 Non
362 4249 537 4304 rideat
581 4250 779 4306 rivulos
826 4249 1100 4322 ﬂuminis,
1152 4251 1394 4304 torrentis
1442 4246 1639 4307 mellis.
1670 4254 1722 4304 et

134 4341 325 4412 butyri.
353 4339 736 4399 Atnomitatem
763 4342 880 4398 sive
908 4337 1134 4398 delicias
1163 4341 1398 4412 paradisi
1427 4381 1442 4405 ,
1491 4338 1720 4395 afﬂuen-

136 4435 264 4489 tiam
305 4443 518 4505 quoque
552 4433 672 4505 eius
704 4434 788 4489 his
817 4433 1134 4490 nominibus
1160 4432 1456 4504 signiﬁcari
1498 4432 1716 4487 noveri-

134 4539 257 4583 mus
283 4540 296 4582 :
322 4536 375 4583 et
400 4540 556 4598 reges
599 4529 652 4582 iti
697 4530 788 4600 qui
821 4538 930 4583 non
969 4524 1265 4583 adversarii
1290 4535 1450 4582 erant
1475 4525 1715 4589 veritati,

130 4618 276 4692 quod
300 4620 397 4691 ipsi
421 4591 531 4676 sint
559 4620 636 4678 illi
664 4591 896 4692 impetus
923 4619 1182 4689 ﬂuminis,
1227 4621 1317 4693 qui
1343 4620 1613 4677 lmiiﬂcant
1641 4620 1720 4675 cii-
1742 4591 1799 4654 Ῑ)

133 4713 386 4782 vitalem,
419 4728 527 4771 non
569 4715 805 4771 absurde
842 4715 1183 4787 intelligitur,
1229 4723 1487 4770 manante
1516 4711 1723 4769 scilicet

135 4809 205 4866 de
228 4810 388 4879 fonte,
409 4810 528 4867 sive
552 4810 620 4866 de
642 4810 868 4866 ﬂumine
888 4809 1291 4881 scripturarum
1320 4823 1334 4861 :
1360 4808 1475 4864 sive
1499 4808 1720 4863 eosdetn

136 4906 396 4979 apostolos
431 4908 531 4964 hos
574 4911 806 4981 impetus
835 4917 986 4967 recte
1014 4909 1315 4975 sentimus,
1344 4916 1606 4965 exeuntes
1653 4904 1722 4964 de

137 5004 282 5066 fonte
304 5005 583 5086 Evangelii
613 5006 679 5065 ad
712 5006 1012 5081 irrigandas
1040 5016 1218 5065 terras
1244 5009 1462 5065 steriles
1492 5008 1723 5079 populo-

140 5118 252 5166 rum
277 5126 289 5165 :
317 5125 452 5182 quos
473 5112 635 5166 etiam
659 5118 929 5167 terrentes
956 5121 1179 5181 propter
1208 5110 1465 5166 velociter
1487 5110 1715 5165 eliceant

139 5227 292 5285 super
315 5228 528 5269 omnem
559 5213 859 5269 doctrinam
879 5229 1090 5281 eorum,
1108 5213 1410 5284 intelligere
1423 5212 1681 5269 debemus
1703 5230 1716 5266 :

143 5329 253 5387 qua:
281 5314 517 5372 doctrina
550 5314 729 5372 divina
753 5358 770 5385 ,
803 5316 953 5374 melli
994 5325 1216 5388 propter
1241 5316 1579 5389 eloquiorum
1626 5317 1719 5373 Dei

145 5413 501 5482 dulcedinem,
529 5424 586 5472 et
620 5416 814 5490 butyro
854 5428 1077 5490 propter
1115 5418 1448 5489 simplicem,
1482 5427 1537 5474 et
1567 5419 1721 5474 inno-

147 5525 343 5570 centem
368 5515 620 5572 eumdem
666 5517 846 5573 cibum
886 5516 1150 5574 doctrina:
1176 5519 1461 5575 verissime
1500 5532 1724 5588 compa-

149 5624 319 5672 ratur:
341 5615 430 5684 qui
457 5616 695 5678 etiamin
727 5619 939 5689 psalmo
960 5618 1103 5674 hanc
1121 5618 1466 5677 dulcedinem
1498 5619 1721 5689 impium

151 5729 249 5773 non
277 5715 402 5773 dicit
432 5715 765 5783 habiturum.

210 5818 334 5881 Luci
351 5828 468 5894 qua
488 5820 606 5891 fecit
626 5822 805 5882 omnis
837 5836 855 5876 :
884 5832 974 5879 nec
1001 5826 1174 5881 tamen
1202 5835 1552 5885 consumatur.
1585 5816 1722 5887 illud

1830 3317 2135 3375 cmnnletur
2168 3319 2324 3376 :sive
2353 3320 2489 3374 iram
2519 3316 2719 3373 furoris
2747 3315 2914 3387 ipsius
2942 3312 3146 3371 diaboli
3180 3313 3422 3369 animum

1831 3428 1938 3471 non
1966 3412 2203 3469 absurde
2227 3412 2496 3469 sentimus
2515 3453 2528 3478 ,
2558 3422 2658 3485 per
2695 3422 2856 3481 quem
2897 3407 3198 3479 probantur
3224 3405 3422 3461 sancti.

1901 3505 1971 3560 Et
2020 3505 2167 3576 pluit!
2217 3514 2372 3576 super
2398 3502 2545 3559 illum
2594 3501 2787 3559 bellum
2832 3512 3001 3557 suum.
3049 3498 3259 3557 Bellum
3312 3513 3425 3569 prm

1830 3598 2179 3657 multitudine
2224 3604 2355 3666 sua,
2402 3602 2629 3669 ptssunt
2667 3590 2897 3666 intelligi
2946 3592 3273 3649 ativersurlre
3319 3605 3420 3662 po-

1832 3704 2078 3750 testates.
2127 3694 2247 3749 Ista:
2290 3693 2452 3763 igitur
2479 3691 2680 3747 bellum
2734 3686 2841 3745 [leo
2889 3686 3158 3752 inierunt,
3206 3684 3423 3757 quando

1825 3790 2046 3843 sanctos
2096 3787 2219 3856 ejus
2273 3792 2612 3857 oppugnant.
2662 3780 2816 3850 Quod
2859 3786 3037 3837 autem
3085 3780 3161 3835 ait
3201 3794 3213 3833 :
3264 3772 3425 3833 Pluat

1826 3894 1992 3951 super
2033 3896 2158 3938 eum
2197 3879 2449 3947 altitude,
2509 3878 2562 3934 iri
2605 3888 2728 3934 eum
2768 3874 3095 3932 calamitatis
3144 3872 3420 3929 miseriam

1826 3982 2079 4044 precatur
2105 3968 2305 4030 cllutidi
2338 3973 2491 4028 :sive
2520 3971 2683 4026 homo
2710 3969 2910 4040 impius
2931 3969 3023 4039 qui
3047 3967 3247 4024 bellum
3271 3965 3417 4020 bias-
3465 4036 3468 4039 Α

1826 4067 2057 4136 phetnim
2087 4065 2252 4121 infert
2274 4064 2421 4132 Deo,
2456 4063 2681 4132 recipiet
2702 4070 2839 4133 opus
2866 4072 3047 4116 suum.

1896 4156 2084 4233 Fugiet
2107 4173 2252 4213 arma
2275 4158 2466 4226 ferrea,
2490 4164 2537 4210 et
2561 4156 2723 4210 irritet
2752 4155 2805 4209 in
2826 4166 3004 4208 arcum
3030 4158 3240 4208 tuream.
3257 4149 3421 4206 Tam-

1821 4267 1981 4325 quam
2009 4253 2054 4309 si
2085 4250 2299 4310 diceret
2326 4267 2342 4307 :
2376 4248 2606 4320 Quando
2635 4248 2903 4322 putaverit
2932 4263 2992 4304 se
3012 4247 3251 4304 leviores
3276 4242 3424 4301 cala-

1820 4348 2038 4401 mitates
2090 4360 2252 4414 posse
2301 4343 2512 4415 iugere,
2555 4342 2611 4398 in
2660 4342 2964 4398 atrociores
3004 4339 3264 4397 incurret.
3297 4338 3424 4395 Sive

1820 4440 1982 4496 aliter
2011 4456 2025 4492 :
2055 4436 2113 4495 Si
2137 4436 2320 4495 socios
2341 4438 2398 4494 et
2425 4436 2707 4493 ministros
2730 4434 2930 4492 diabdli
2960 4434 3149 4506 fugiat,
3176 4430 3422 4490 incurret

1824 4536 1876 4589 in
1908 4533 2082 4604 ipsum
2108 4528 2410 4602 principem
2441 4528 2817 4597 tenebrarum,
2848 4538 2903 4586 et
2924 4545 3047 4587 cum
3071 4529 3183 4585 sint
3214 4524 3293 4584 illi
3323 4542 3415 4585 re-

1827 4620 2087 4683 belICS‘ill
2132 4623 2361 4691 malitia,
2410 4620 2608 4693 fortes,
2662 4632 2717 4679 et
2765 4619 3092 4680 duricordes
3140 4624 3416 4694 tamquam

1822 4730 1973 4776 arma
2002 4716 2202 4784 ferrea,
2227 4715 2282 4772 in
2309 4714 2551 4786 peiorem
2565 4723 2747 4771 tamen
2765 4723 3050 4772 auctorem
3073 4714 3238 4771 totius
3266 4714 3422 4782 mali,

1823 4811 1975 4868 Velut
2000 4806 2055 4866 in
2095 4823 2280 4882 arcum
2321 4821 2531 4865 aeneum
2574 4806 2886 4882 impinget:
2919 4822 3082 4881 quem
3122 4817 3253 4878 puto
3293 4809 3419 4865 ideo

1825 4904 1931 4961 ltoc
1952 4901 2074 4961 loco
2096 4910 2282 4959 arCUm
2305 4896 2642 4957 nominatum
2677 4919 2692 4956 :
2723 4898 2848 4971 quia
2876 4898 2962 4957 vel
2990 4900 3225 4956 maxime
3246 4899 3299 4955 in
3332 4899 3416 4955 in-

1823 4994 2010 5064 sidiis,
2038 5000 2094 5053 et
2126 4994 2254 5052 dolo
2282 4991 2538 5051 homines
2564 4993 2911 5065 in0pinantes
2950 4991 3271 5049 interimere
3308 5007 3415 5047 non

1821 5088 2041 5146 desinit.
2072 5083 2219 5143 Arcu
2241 5085 2385 5143 enim
2417 5085 2823 5153 inopinantibus
2847 5084 3175 5157 plerumque
3201 5082 3307 5139 tela
3329 5083 3416 5154 ja-

1820 5182 2060 5238 ciuntur.
2092 5180 2163 5237 Et
2193 5195 2302 5237 non
2332 5177 2654 5236 liberabitur
2672 5176 2741 5236 de
2766 5194 2929 5235 manu
2962 5177 3145 5250 gladii.
3184 5176 3301 5233 Hoc
3332 5176 3416 5233 di-

1818 5276 1895 5332 cit
1926 5292 1941 5333 :
1969 5274 2095 5346 quia
2138 5288 2245 5329 non
2287 5266 2480 5330 evadet
2512 5270 2763 5328 diabolus
2795 5282 3024 5328 mortem
3071 5280 3411 5340 perpetuam.

1895 5367 2123 5425 Gladius
2160 5366 2432 5435 deductus,
2466 5375 2515 5422 et
2560 5367 2830 5440 egrediens
2877 5362 2942 5423 de
2981 5366 3171 5440 uagina
3221 5382 3339 5433 sua,
3368 5376 3421 5423 et

1824 5461 2099 5536 fulgurans
2135 5463 2188 5517 in
2219 5459 2566 5516 amaritudine
2594 5476 2711 5514 sua.
2745 5460 2882 5529 Quia
2921 5452 3163 5539 diximus
3192 5474 3376 5515 arcum
3397 5501 3414 5527 ,

1824 5554 2091 5612 translato
2121 5554 2362 5620 nomine,
2395 5546 2675 5608 diabolum
2702 5564 2860 5623 posse
2888 5544 3114 5624 intelligi
3137 5568 3151 5606 :
3173 5551 3260 5623 qui
3289 5550 3419 5607 dum

1824 5648 2192 5705 inobedientia
2222 5644 2621 5717 transgreditur
2649 5646 2945 5711 terminos,
2980 5652 3037 5701 et
3083 5640 3135 5701 in
3168 5645 3423 5716 superbia

1822 5741 2002 5798 elatus
2029 5749 2208 5797 metas
2254 5746 2457 5794 sancta!
2486 5726 2813 5794 humilitatis
2848 5738 3191 5795 transcendit
3220 5755 3235 5795 :
3268 5739 3421 5809 quasi

1825 5833 1895 5895 de
1909 5830 2102 5909 vagina
2119 5828 2294 5894 beatis
2312 5826 2824 5906 itabitationisjus'o
2839 5820 3049 5905 judicio
3074 5828 3171 5893 Del
3198 5826 3425 5893 eductus
