4032 6338
588 274 687 333 671

1381 269 1724 329 ΑΡΡΕΝΒΙΧ
1763 271 1856 329 AD
1894 273 2142 332 TOMUM
2181 272 2534 333 SEPTIMUM
2575 271 2634 334 S.
2677 273 3086 336 IIIERONYMI.

3850 281 3946 335 672

587 401 752 465 atque
771 391 1030 465 expulsus
1053 399 1160 448 est.
1184 390 1310 447 Sive
1335 387 1590 446 eductum
1620 388 1689 446 de
1705 389 2183 461 vagina,paratum
2210 392 2260 452 Α
2289 405 2463 447 mones
2492 407 2653 461 meos,
2683 399 2729 447 et
2759 393 2898 465 agite
2926 393 3298 463 paenitentiam.
3330 393 3612 452 Sustinete
3647 408 3784 460 me,
3825 405 3888 447 ut
3907 407 3948 449 et

590 503 810 559 semper
836 487 903 542 ad
935 483 1354 542 interimendum
1385 481 1680 554 fugientem
1709 496 1804 552 se,
1831 481 2193 552 significatum

593 595 715 638 esse
756 580 1087 636 noverimus.
1117 576 1436 634 Vulnerabit
1478 590 1602 632 eum
1644 575 1838 646 sagitta
1880 589 2053 630 mnea.
2097 571 2196 628 [Es

592 673 858 730 diutinum
880 681 967 729 est
996 688 1010 726 :
1048 672 1173 728 huic
1205 670 1431 729 metallo
1455 669 1706 726 diabolus
1734 677 2100 739 comparatur,
2131 681 2198 722 eo

592 764 736 837 quod
758 763 824 820 ad
848 763 1269 820 interimendum
1301 778 1596 833 numquam
1631 761 1881 830 deficiat,
1916 777 2016 818 nec
2043 776 2200 817 senc-

594 866 742 913 ctute
770 856 949 928 aliqua
976 865 1352 922 consumatur,
1377 855 1467 927 qui
1497 856 1663 911 etiam
1694 853 1952 925 fulgurat,
1985 853 2088 908 hoc
2117 860 2201 908 est

593 949 944 1021 transfigurat
969 965 1030 1006 se
1061 950 1117 1006 in
1145 950 1399 1020 angelum
1422 949 1584 1005 lucis.

677 1042 916 1112 Vadent,
960 1053 1009 1097 et
1050 1042 1254 1100 venient
1293 1057 1450 1114 super
1483 1057 1600 1097 eum
1645 1039 1940 1096 horribiles.
1983 1037 2042 1093 Id
2083 1047 2197 1104 est,

599 1135 733 1193 socii
773 1135 916 1207 ejus.

671 1227 864 1283 Omnes
893 1227 1116 1283 tenebrte
1142 1226 1458 1281 abscondita:
1483 1235 1604 1280 sunt
1635 1224 1689 1279 in
1720 1221 1885 1278 oculis
1925 1225 2064 1295 ejus.
2093 1221 2201 1276 Te-

599 1318 785 1376 nebrae
818 1321 870 1374 in
897 1317 1000 1374 hoc
1031 1319 1155 1373 loco
1177 1316 1546 1387 intelligendas
1571 1324 1699 1372 sunt
1723 1324 1966 1386 peccata,
1998 1313 2114 1368 sive
2140 1327 2202 1367 ea

601 1427 723 1482 qua:
739 1412 1036 1466 commissa
1061 1410 1130 1466 ab
1152 1411 1324 1480 impio
1349 1420 1498 1476 sunt,
1527 1409 1644 1466 sive
1666 1407 2056 1464 committenda
2080 1416 2206 1461 sunt

599 1503 659 1559 in
702 1501 870 1559 corde
898 1503 1041 1574 ejus,
1087 1512 1143 1558 et
1183 1502 1415 1574 all'ectu,
1447 1512 1504 1559 et
1531 1501 1955 1573 cogitationibus
1996 1502 2203 1556 latent:

605 1611 730 1668 qua:
761 1595 886 1652 ideo
916 1596 972 1651 in
992 1597 1222 1652 secretis
1247 1596 1447 1652 mentis
1467 1597 1588 1666 ejus
1609 1595 1931 1651 abscondita
1956 1594 2208 1649 dicuntur

608 1703 763 1754 esse,
793 1689 920 1760 quia
967 1689 1071 1744 illis
1097 1689 1277 1754 favet,
1312 1691 1501 1761 eisque
1541 1690 1835 1759 plurimum
1882 1687 2205 1742 delectatur.

2290 498 2390 554 ego
2416 483 2622 554 loquar,
2649 492 2698 538 et
2722 493 2837 556 post
2854 497 2987 548 mea,
3007 485 3054 538 si
3071 484 3348 550 videbitur,
3377 484 3535 540 verba
3561 486 3787 540 ridete.
3826 484 3948 542 Post

2301 583 2448 629 tanta
2474 577 2720 632 convicia
2749 590 2859 632 non
2886 587 2968 633 est
3001 586 3331 644 commotus,
3362 590 3421 633 ut
3446 578 3672 635 acerbe
3701 592 3952 648 reSpun-

2299 669 2454 725 deret
2484 688 2496 724 :
2531 671 2657 741 quin
2687 672 2868 743 p0tius
2894 671 3201 744 deprecans
3221 688 3320 730 eos
3353 673 3709 746 alloquitur,
3746 687 3815 728 et
3847 676 3946 740 ait,

2301 771 2360 818 ut
2388 763 2722 819 audientiam
2769 766 3051 836 praebeant
3093 765 3443 822 sermonibus
3483 767 3612 836 ejus
3638 811 3659 834 ,
3736 768 3950 838 quibus

2303 861 2582 931 perceptis
2609 861 2965 933 etcognitis,
3014 863 3269 918 noverint
3309 877 3369 918 se
3401 877 3572 933 super
3603 870 3795 916 tanta
3840 865 3952 918 oris

2302 957 2384 1011 sui
2417 956 2781 1011 amaritudine
2825 957 3094 1026 poenitere
3133 956 3358 1014 debere.

2378 1048 2648 1122 Numquid
2690 1060 2872 1105 contra
2911 1049 3175 1105 hominem
3215 1050 3508 1115 disputatio
3542 1066 3671 1104 mea
3718 1057 3816 1104 est
3852 1066 3873 1103 :
3904 1061 3947 1104 st

2304 1143 2489 1197 merito
2529 1159 2632 1197 non
2675 1144 2888 1198 debeam
2929 1143 3275 1199 contristari?
3304 1144 3549 1199 Primum
3600 1140 3767 1197 mihi
3820 1142 3946 1197 illud

2304 1246 2389 1292 est
2417 1238 2594 1306 oneri,
2623 1247 2678 1293 et
2701 1237 2858 1292 valde
2891 1237 3202 1303 molestum,
3231 1245 3398 1310 atque
3427 1236 3717 1293 horribile
3759 1255 3774 1289 :
3825 1237 3947 1307 quia

2307 1343 2415 1383 non
2443 1343 2564 1384 cum
2590 1327 2832 1396 homine,
2867 1329 2962 1385 sed
2991 1343 3115 1384 cum
3143 1329 3260 1386 Deo
3297 1328 3428 1385 mihi
3457 1343 3630 1384 causa
3655 1327 3946 1399 loquendi

2307 1428 2391 1477 est
2425 1439 2437 1474 :
2465 1421 2554 1476 cui
2580 1420 2939 1477 castiﬁcatam
2957 1421 3224 1491 justitiam
3250 1421 3684 1489 exhibebam,nt
3715 1434 3950 1475 merce-

2308 1511 2429 1568 dem
2459 1511 2621 1583 hujus
2647 1514 2832 1584 operis
2873 1521 3194 1583 repensaret
3226 1531 3238 1568 :
3273 1514 3414 1570 Ecce
3456 1527 3609 1569 nunc
3643 1523 3948 1583 tamquam

2309 1618 2437 1660 rens
2475 1606 2764 1662 criminum
2802 1605 3058 1662 omnibus
3095 1605 3307 1676 afﬂigar
3343 1606 3609 1663 miseriis.
3645 1606 3769 1662 I-Iic
3814 1605 3948 1662 dicit

2310 1711 2369 1752 se
2399 1698 2628 1766 tristari,
2655 1700 2779 1768 quia
2810 1700 2914 1754 scit
2939 1699 3106 1753 Deum
3133 1699 3269 1755 nihil
3301 1699 3502 1768 injuste
3524 1699 3801 1770 operari.

681 1781 959 1837 Devorabit
1011 1798 1127 1837 eum
1178 1783 1314 1856 ignis
1366 1783 1456 1853 qui
1496 1799 1598 1838 non
1645 1780 1998 1836 succenditur.
2054 1779 2205 1834 llunc

2380 1790 2646 1846 Attendite
2669 1808 2767 1858 me,
2789 1801 2838 1848 et
2864 1793 3222 1864 obstupescite,
3257 1802 3304 1847 et
3332 1793 3676 1864 superponite
3710 1791 3946 1863 digitum

607 1877 788 1949 ignem
820 1891 925 1932 non
957 1876 1195 1932 absurde
1216 1876 1577 1947 intelligimus
1605 1889 1731 1930 esse
1758 1875 2087 1945 gehennam,
2113 1873 2205 1940 qui

609 1985 718 2026 non
747 1970 990 2026 materiis
1011 1968 1357 2040 quibusdam,
1391 1977 1446 2022 et
1473 1968 1690 2040 pabulis
1719 1968 1875 2036 vivit,
1907 1975 1963 2022 ut
1985 1965 2204 2033 ardeat,

605 2063 701 2120 sed
731 2079 828 2134 per
856 2065 1093 2134 seipsum
1123 2072 1183 2118 ut
1204 2072 1427 2119 creatus
1449 2071 1532 2118 est
1556 2063 1765 2133 vigens,
1795 2068 1990 2117 cuncta
2017 2075 2136 2130 quac
2158 2059 2210 2116 ei

610 2158 815 2229 injecta
845 2160 1052 2216 fuerint
1075 2169 1419 2215 concremat.
1456 2159 1598 2229 Ergo
1629 2161 1730 2213 iste
1761 2159 1900 2229 ignis
1924 2157 2210 2213 devorabit

618 2251 844 2322 impium
891 2252 980 2322 qui
1036 2260 1309 2322 tamquam
1353 2250 1698 2306 rationabilis
1740 2249 1812 2303 ita
1855 2265 1978 2304 eum
2015 2249 2211 2320 glutict

610 2352 776 2414 atque
802 2343 1123 2400 absorbebit
1145 2385 1160 2411 ,
1193 2353 1252 2400 ut
1278 2345 1330 2399 in
1359 2358 1427 2399 eo
1461 2343 1694 2399 teternis
1729 2343 2066 2398 cruciatibus
2102 2351 2208 2398 tor-

609 2446 866 2510 queatur.

682 2529 962 2602 Affligetur
993 2529 1208 2584 relictus
1237 2531 1291 2583 in
1339 2529 1675 2584 tabernaculo
1701 2546 1821 2584 suo.
1850 2529 1931 2584 0b
1961 2528 2211 2599 impieta-

611 2632 718 2681 tem
748 2622 1005 2678 videlicet
1035 2638 1191 2677 suam
1226 2623 1446 2694 iniquus
1478 2623 1893 2694 derelinquetur
1924 2639 1951 2677 a
1983 2623 2120 2691 Deo,
2154 2631 2213 2678 ut

610 2717 667 2773 in
715 2714 1362 2786 tabernaculocorporis
1403 2716 1483 2770 sui
1533 2716 1712 2786 poenis
1757 2717 2043 2787 perpetuis
2087 2731 2214 2771 cru-

611 2810 808 2867 cietur.

684 2903 1004 2960 Rct'elabunt
1033 2906 1149 2960 cali
1174 2905 1503 2975 iniquitatem
1531 2904 1668 2974 ejus,
1698 2912 1744 2957 et
1773 2913 1911 2958 terra
1939 2914 2212 2975 consurget

615 2998 890 3052 adversum
932 3015 1066 3054 eum.
1102 2999 1158 3054 ln
1190 2997 1564 3054 testimonium
1592 2997 1781 3066 utique
1810 3008 1970 3052 erunt
1996 2998 2210 3066 angeli,

614 3097 674 3146 et
700 3091 874 3145 sancti
907 3089 1194 3158 homines,
1241 3100 1300 3145 ut
1341 3088 1595 3144 noverint
1629 3089 1770 3158 quod
1801 3103 1992 3159 paruas
2023 3088 2212 3159 justis-

618 3183 758 3241 sime
788 3185 1049 3253 patiatur.

688 3277 937 3350 Apertum
965 3279 1060 3331 erit
1105 3293 1313 3350 germen
1337 3277 1523 3332 domus
1548 3279 1716 3336 illius.
1756 3277 1813 3332 Itt
1841 3275 2053 3346 judicio
2085 3275 2211 3338 Dei,

610 3371 828 3444 quando
856 3373 1055 3441 impius
1077 3370 1528 3426 condemnandus
1551 3382 1656 3437 est,
1689 3385 1797 3426 non
1822 3369 1998 3425 solum
2023 3385 2214 3424 omnes

610 3466 972 3536 cogitationes
996 3463 1186 3518 cordis
1214 3463 1333 3531 ejus
1365 3480 1378 3516 :
1413 3478 1603 3517 verum
1632 3464 1796 3516 etiam
1828 3460 2098 3532 principia
2134 3461 2216 3515 in-

615 3557 966 3614 teriectarum
999 3554 1414 3626 cogitationum,
1447 3554 1558 3610 Deo
1585 3553 1868 3626 pandenda
1891 3563 2217 3624 snnt,atqne

611 3650 820 3708 clarius
847 3649 966 3702 luce
995 3645 1422 3700 manifestanda.

686 3741 1078 3798 Detraheturin
1101 3739 1187 3793 die
1211 3741 1406 3810 furoris
1433 3737 1548 3792 Dei.
1579 3738 1634 3793 In
1655 3739 1743 3793 die
1762 3739 1950 3809 judicii
1969 3739 2218 3794 mittetur

617 3842 674 3897 in
699 3841 954 3896 tenebras
985 3843 1314 3896 exteriores.
1361 3840 1550 3896 Potuit
1595 3849 1652 3895 et
1695 3839 1812 3895 dies
1842 3840 2003 3910 impia
2049 3839 2217 3894 flllS>e

613 3931 738 3997 Job,
772 3931 990 4002 quando
1017 3933 1169 4002 plaga
1197 3947 1490 4002 percussus
1519 3941 1626 4000 est,
1657 3940 1713 3987 et
1733 3931 2004 3987 conclusit
2031 3931 2220 3985 elocu-

616 4024 822 4081 tionem
855 4038 1008 4078 suam
1031 4066 1047 4093 ,
1083 4035 1136 4081 ut
1167 4025 1378 4081 diceret
1411 4043 1425 4081 :

691 4114 820 4170 Htec
865 4125 938 4170 est
974 4133 1097 4184 pars
1139 4116 1368 4170 hominis
1406 4116 1556 4187 impii
1597 4131 1628 4168 a
1666 4113 1814 4168 Deo?
1838 4113 1937 4168 llic
1969 4113 2124 4182 quasi
2154 4131 2219 4167 ex

617 4208 855 4279 abrupto
879 4209 1144 4272 ostendit,
1166 4209 1312 4279 quod
1343 4209 1396 4263 in
1420 4219 1671 4262 sanctum
1696 4207 1800 4264 Job
1827 4207 2084 4262 universa
2106 4207 2222 4262 ha-c

615 4300 840 4357 dixerit.
872 4300 1028 4367 Quod
1067 4309 1251 4356 autem
1281 4300 1535 4371 sequitur
1565 4319 1579 4355 :

696 4392 762 4446 Et
793 4392 1072 4448 hereditas
1100 4393 1372 4448 verborum
1398 4395 1511 4464 ejus
1537 4408 1568 4445 a
1595 4391 1838 4446 Domino.
1872 4391 1929 4447 Id
1957 4400 2062 4460 est,
2091 4407 2223 4463 Ope-

620 4498 740 4540 l'um
776 4487 1068 4540 retributio
1102 4501 1117 4541 :
1151 4485 1244 4539 alii
1272 4485 1341 4540 ita
1377 4493 1680 4550 verterunt,
1711 4481 1779 4536 Et
1813 4483 2085 4538 hereditas
2109 4502 2220 4538 rer-

2310 1886 2390 1940 ori
2410 1892 2597 1938 vestro.
2627 1883 2780 1953 Quod
2809 1885 2883 1940 sit
2921 1884 3066 1940 istud
3095 1893 3370 1941 secretum
3389 1928 3404 1952 ,
3437 1895 3496 1940 ut
3525 1886 3678 1940 Deus
3716 1884 3943 1950 bonus,

2309 1975 2562 2047 etjustus
2598 1991 2727 2047 erga
2762 1993 2850 2030 me
2883 1977 3064 2032 taliter
3106 1984 3368 2048 operetur
3400 1994 3415 2027 :
3443 1975 3788 2048 praesertim
3822 1989 3944 2030 cum

2311 2069 2430 2140 ejus
2453 2068 2830 2124 testimonium
2860 2069 2928 2125 de
2959 2085 3046 2124 me
3067 2069 3269 2124 bonum
3303 2067 3555 2125 habeam.

2385 2162 2451 2216 Et
2498 2179 2593 2233 ego
2633 2163 2847 2233 quando
2887 2163 3196 2217 recordatus
3227 2163 3407 2233 fuero,
3450 2162 3785 2233 pertimesco
3837 2179 3858 2217 :
3900 2175 3942 2216 et

2311 2257 2536 2311 concutit
2589 2273 2796 2310 carnem
2849 2271 3018 2310 meam
3068 2265 3283 2310 tremor.
3321 2252 3456 2311 Cum
3501 2256 3657 2310 enim
3717 2256 3939 2326 plagam

2313 2347 2455 2402 hanc
2495 2349 2709 2417 cogito,
2754 2363 2918 2418 quam
2965 2347 3113 2417 juste
3134 2349 3330 2402 vivens
3375 2347 3624 2402 sustineo
3661 2365 3674 2401 :
3731 2347 3942 2419 Deique

2311 2439 2575 2511 judicium
2595 2481 2612 2507 ,
2642 2440 2734 2509 qui
2764 2440 3034 2496 neminem
3067 2439 3342 2496 insontem
3371 2437 3595 2510 afﬂigit,
3623 2440 3925 2504 recordor,

2313 2534 2539 2588 nimium
2572 2533 2908 2603 pertimesco
2955 2535 3059 2588 hoc
3098 2533 3271 2603 ipsum
3305 2532 3516 2602 optime
3555 2533 3718 2598 scio,
3754 2531 3939 2588 nullus

2315 2625 2520 2696 patitur
2548 2627 2749 2681 malum
2779 2626 3017 2697 aliquod,
3053 2625 3157 2680 nisi
3191 2627 3307 2693 ipse
3333 2625 3675 2694 permiserit.
3708 2624 3932 2680 Nemini

2315 2718 2482 2774 infert
2509 2720 2735 2782 malum,
2769 2719 2870 2773 nisi
2906 2719 3109 2773 inferre
3146 2719 3195 2773 ei
3227 2718 3342 2787 ipse
3378 2717 3750 2784 iustissimum
3781 2717 3932 2788 judi-

2314 2811 2474 2866 carit.
2505 2809 2612 2866 Sed
2649 2809 2767 2866 haec
2812 2809 2916 2865 Job
2958 2811 3338 2881 contigerunt,
3382 2822 3440 2864 ut
3468 2818 3769 2880 appareret
3804 2809 3929 2864 foris

2316 2901 2628 2957 hominibus
2655 2902 2796 2974 quod
2832 2902 3164 2957 intrinsecus
3191 2911 3312 2957 erat
3331 2910 3456 2957 ante
3480 2901 3674 2957 Deum.

2391 2996 2562 3064 Quare
2588 3013 2709 3070 ergo
2737 2997 2884 3068 impii
2919 2997 3119 3064 vivunt,
3151 2995 3573 3063 sublevati-sunt,
3605 2996 3925 3066 contortuli-

2314 3106 2411 3162 que
2448 3089 2682 3145 divitiis?
2711 3090 2897 3145 Semen
2937 3107 3120 3144 eorum
3147 3099 3414 3159 permanet
3445 3104 3621 3143 coram
3649 3090 3727 3142 eis
3753 3105 3776 3146 .'
3808 3105 3922 3158 pro-

2241 3176 2286 3240 C
2317 3181 2625 3252 pinquorum
2655 3181 2805 3236 turba
2832 3190 2880 3235 et
2906 3191 3148 3253 nepotum
3173 3183 3227 3234 in
3257 3191 3532 3254 conspectu
3569 3196 3776 3234 eorum.
3815 3181 3919 3234 Do-

2316 3289 2429 3326 mus
2469 3289 2644 3327 eorum
2691 3289 2886 3328 secura?
2915 3280 3058 3339 sunt,
3086 3283 3136 3327 et
3172 3282 3373 3343 ραι-σιω
3407 3281 3496 3326 :et
3529 3289 3633 3326 non
3674 3281 3751 3327 est
3779 3273 3919 3344 t‘irga

2316 3363 2417 3419 Dei
2441 3383 2598 3434 super
2627 3367 2768 3420 illos.
2799 3364 2902 3420 Bas
2935 3382 3114 3420 eorum
3143 3366 3398 3438 concepit,
3431 3373 3477 3419 et
3507 3381 3609 3419 non
3635 3366 3916 3420 abortioit:

2323 3474 2478 3512 vacca
2502 3459 2739 3530 peperit,
2763 3467 2810 3511 et
2838 3475 2938 3512 non
2968 3468 3046 3513 est
3072 3460 3273 3530 privata
3294 3460 3400 3528 fetu
3424 3473 3536 3512 suo.
3565 3456 3915 3529 Egrediuntur

2317 3553 2468 3623 quasi
2497 3569 2675 3624 greges
2714 3551 2916 3625 parvuli
2963 3569 3165 3618 eorum,
3205 3562 3253 3607 et
3291 3553 3519 3623 infantes
3541 3567 3723 3606 eorum
3745 3551 3917 3606 casul-

2321 3653 2431 3698 tant
2475 3645 2692 3700 lusibus.
2739 3644 2931 3698 Tenent
2974 3657 3274 3716 tympanum
3302 3654 3350 3698 et
3386 3643 3678 3705 citharam,
3717 3650 3764 3694 et
3791 3657 3913 3711 gau-

2320 3738 2440 3791 dent
2468 3738 2536 3792 ad
2574 3738 2800 3792 sonitum
2838 3739 3043 3807 organi.
3086 3735 3298 3791 Ducunt
3335 3737 3390 3789 in
3438 3735 3585 3790 bonis
3615 3734 3727 3788 dies
3753 3748 3911 3787 suos:

2320 3839 2366 3884 et
2395 3831 2446 3883 in
2475 3832 2669 3900 puncto
2693 3831 2761 3883 ad
2778 3831 2988 3901 inferna
3010 3831 3346 3885 descendunt.
3379 3829 3478 3895 Qui
3503 3829 3744 3883 dixerant
3777 3828 3909 3882 Deo:

2321 3925 2502 3977 recede
2530 3941 2561 3976 a
2589 3924 2758 3989 nobis,
2791 3933 2836 3977 et
2867 3924 3139 3979 scientiam
3167 3925 3371 3978 viarum
3407 3935 3617 3977 tuarum
3658 3922 3908 3976 nolumus.

2325 4017 2456 4082 Quis
2496 4028 2570 4070 est
2601 4018 2958 4085 omnipotens,
2997 4027 3053 4070 ut
3079 4018 3360 4071 serviamus
3387 4017 3478 4072 ei?
3515 4013 3585 4068 Et
3612 4015 3738 4085 quid
3775 4015 3908 4068 nobis

2323 4110 2553 4180 prodest,
2576 4111 2620 4164 si
2641 4111 2955 4165 oraverimus
2979 4111 3172 4165 illum?
3200 4112 3265 4166 Et
3285 4111 3424 4165 alius
3447 4110 3518 4165 ita
3543 4109 3683 4164 dixit
3707 4128 3722 4164 :
3745 4109 3906 4176 Quare

2323 4204 2600 4271 impiorum
2625 4215 2959 4274 prosperatur
2985 4207 3125 4260 vita?
3145 4205 3211 4260 Et
3238 4205 3383 4260 alius
3409 4203 3547 4260 dixit
3572 4221 3585 4257 :
3618 4202 3790 4268 Quare
3815 4219 3902 4256 non

2325 4298 2540 4368 respicis
2580 4298 2648 4353 ad
2678 4299 2859 4371 iniqua
2889 4300 3137 4371 agentes?
3166 4297 3512 4369 Respondete
3557 4295 3714 4364 mihi,
3756 4295 3904 4351 obse-

2325 4406 2420 4447 cro
2449 4410 2461 4445 :
2486 4392 2542 4448 Si
2571 4407 2673 4464 ego
2703 4393 2921 4463 impius,
2962 4402 3018 4447 et
3051 4393 3339 4447 immemor
3380 4390 3649 4446 bonorum
3687 4402 3899 4458 Operum

2325 4485 2622 4540 secundum
2649 4485 2945 4553 justitiam,
2967 4487 3104 4541 sicut
3133 4499 3230 4540 vos
3247 4484 3553 4550 affirmatis,
3577 4482 3690 4536 haec
3714 4482 3900 4551 patior:

623 4574 806 4631 borum
835 4577 1024 4646 eiusab
1042 4577 1452 4648 episcopo,quia
1469 4575 1930 4646 quemadmodum
1961 4577 2221 4636 Dominus
2245 4572 2298 4631 ῐ)
2323 4594 2491 4649 quare
2521 4580 2671 4648 impii
2706 4578 2918 4642 vivunt,
2951 4586 3009 4634 et
3038 4576 3308 4632 sublevati
3338 4587 3485 4644 sunt,
3518 4572 3903 4643 confortatique

623 4684 656 4725 a
687 4671 1064 4725 dominatione
1087 4688 1273 4727 rerum
1304 4672 1548 4726 omnium
1582 4670 1755 4726 scitur
1789 4670 1900 4725 :ita
1932 4672 2220 4741 episcopus

622 4777 693 4820 eo
719 4761 864 4833 quod
895 4763 1307 4833 superintendat
1347 4764 1400 4818 in
1434 4778 1652 4818 onmem
1683 4772 2016 4830 creaturam,
2047 4764 2223 4818 veris-

622 4857 760 4914 sime
787 4857 1012 4914 dicitnr.
1043 4858 1171 4914 Non
1201 4858 1350 4914 enim
1376 4857 1518 4912 Dens
1533 4856 1848 4926 perturbata
1873 4867 2054 4912 mente
2073 4871 2222 4912 com-

624 4960 915 5022 momsque
944 4948 1238 5020 puniturus
1266 4958 1349 5005 est
1381 4957 1731 5019 peccatores,
1763 4963 1887 5003 cum
1917 4947 1990 5002 sit
2015 4949 2222 5003 incom-

623 5041 936 5108 mutabilis,
973 5043 1211 5097 sicutait
1239 5041 1306 5094 ad
1341 5041 1566 5112 Moysen
1600 5059 1611 5094 :
1654 5039 1766 5110 Ego
1798 5056 1913 5093 sum
1949 5041 2040 5111 qui
2069 5057 2219 5107 sunt,

625 5147 730 5189 non
777 5133 957 5188 solum
1006 5135 1407 5203 sempiternus,
1451 5149 1640 5188 verum
1688 5133 1854 5188 etiam
1894 5135 2226 5188 aeternaliter

625 5225 792 5280 mitis.
821 5225 1032 5282 Deinde
1055 5227 1154 5282 ista
1187 5225 1256 5282 de
1291 5228 1402 5281 lleo
1425 5226 1903 5296 anthropopatbos
1929 5227 2036 5282 dici
2067 5229 2220 5283 intel-

628 5316 901 5388 ligamus,
950 5333 1056 5372 non
1107 5317 1330 5389 proptie
1391 5318 1695 5373 secundum
1752 5319 2220 5374 inconvertibilem

622 5409 987 5464 substantiam
1011 5409 1153 5478 ejus,
1175 5412 1274 5465 sed
1306 5409 1587 5464 translatis
1617 5409 1927 5464 nominibus
1951 5410 2170 5478 passibil
2196 5425 2225 5466 s

621 5510 893 5558 creatura:
923 5501 991 5555 ad
1019 5512 1324 5557 creaturam
1351 5517 1459 5557 non
1485 5503 1762 5558 conditam
1780 5543 1796 5568 ,
1826 5516 1927 5558 nec
1952 5511 2216 5574 creatam,

621 5593 719 5650 sed
750 5598 931 5664 potius
961 5592 1208 5649 omnium
1233 5593 1615 5650 conditriccm.

1207 5688 1438 5746 CAPUT
1476 5689 1623 5746 XXI.

701 5779 1040 5849 Respondeas
1064 5787 1236 5833 autem
1265 5777 1388 5848 Job,
1419 5782 1556 5836 dixit
1583 5797 1600 5834 :
1635 5780 1843 5852 Audite,
1874 5795 2080 5853 quaso,
2111 5797 2220 5836 ser-

2325 4671 2574 4728 divitiis?
2611 4673 2900 4742 llocergo,
2942 4673 3186 4744 inquam,
3242 4671 3495 4734 obsecro,
3547 4667 3897 4738 respondete:

2328 4762 2598 4833 Numquid
2627 4780 2750 4829 vos,
2778 4764 2870 4834 qui
2907 4763 3074 4818 Deum
3103 4773 3297 4818 contra
3329 4776 3416 4816 me
3438 4761 3644 4841 justum
3675 4757 3901 4813 defendi-

2330 4860 2399 4914 tis
2439 4860 2490 4912 in
2521 4859 2626 4913 hoc
2651 4859 2796 4926 loco,
2828 4857 3088 4928 injustum
3133 4857 3333 4912 notatis
3367 4874 3380 4909 :
3412 4865 3471 4908 ut
3515 4854 3567 4908 in
3596 4867 3682 4908 me
3705 4852 3896 4920 iniquus

2330 4951 2474 5006 ultor
2497 4950 2588 5016 sit,
2621 4961 2675 5006 et
2703 4953 2756 5007 in
2785 4951 2890 5006 mei
2921 4951 3186 5007 similibus
3224 4951 3490 5006 clemens.
3523 4947 3720 5001 Ilorum
3754 4945 3896 5015 igitur

2329 5043 2398 5098 de
2418 5044 2616 5115 quibus
2641 5060 2784 5101 nunc
2810 5045 3085 5114 loquitur,
3119 5043 3241 5098 linis
3270 5051 3326 5098 et
3352 5041 3608 5097 interitus
3641 5040 3740 5095 erit
3767 5052 3892 5094 mors

2327 5149 2551 5206 aeterna,
2577 5148 2632 5194 et
2660 5140 2892 5210 perditio
2915 5140 3236 5195 inferorum.

2411 5232 2775 5286 Verumtamen
2817 5234 2940 5302 quia
2983 5250 3088 5286 non
3117 5242 3236 5286 sunt
3279 5233 3334 5286 in
3375 5246 3532 5284 manu
3575 5245 3744 5284 eorum
3775 5227 3888 5281 bona

2327 5341 2425 5379 sua
2453 5341 2472 5380 :
2499 5324 2773 5379 consilium
2794 5324 3072 5391 impiorum
3097 5325 3247 5394 longe
3261 5325 3327 5376 sit
3354 5339 3386 5374 a
3407 5338 3508 5376 me.
3535 5321 3666 5388 Quia
3692 5335 3784 5390 pro
3803 5319 3887 5373 hac

2326 5417 2496 5488 gloria
2531 5433 2648 5483 sua,
2673 5426 2729 5471 et
2758 5417 3088 5486 temporario
3117 5414 3251 5470 ﬂore
3276 5456 3291 5482 ,
3333 5426 3594 5486 perpetua
3629 5411 3883 5483 ignominia

2327 5523 2512 5565 coram
2542 5510 2752 5578 angelis
2782 5508 3096 5565 induentur.

2404 5603 2654 5669 Quotiens
2681 5601 2898 5655 lucerna
2933 5601 3209 5670 impiorum
3244 5599 3624 5668 exstinguetur,
3656 5607 3699 5650 et
3734 5612 3885 5668 super-

2327 5694 2488 5748 veniet
2529 5695 2604 5748 eis
2656 5693 2951 5760 inundatio,
2994 5701 3043 5747 et
3084 5692 3286 5748 dolores
3333 5691 3524 5746 diuidet
3576 5689 3758 5759 furoris
3795 5688 3878 5743 sui.

2334 5783 2501 5840 Erunt
2526 5787 2659 5840 sicut
2690 5785 2854 5858 paletc
2887 5794 3006 5842 ante
3029 5786 3216 5856 faciem
3243 5784 3380 5839 uenti
3409 5824 3424 5852 ,
3469 5792 3515 5838 et
3563 5782 3696 5835 sicut
3732 5779 3878 5851 favilla
