4032 6308
21 279 120 332 .75
1027 275 1504 333 CDMMENFARII
1553 274 1614 333 IN
1656 272 1914 333 Ltunuu
1956 272 2099 332 JOB.
2143 269 2297 332 cur.
2344 275 2485 332 XXI.
2657 228 2670 241 ’
3266 273 3373 334 ert

21 404 182 444 inani
225 387 412 442 turbo
442 387 711 460 dispergit.
737 385 852 442 Lux
877 403 1005 444 vero
1025 389 1157 460 justi
1185 405 1434 460 semper:
1466 391 1588 460 quia
1617 391 1669 445 in
1697 393 1752 455 Α
1777 407 1890 444 rum
1915 392 1938 446 ?
1969 391 2294 463 lnterrogute
2332 390 2605 460 quemlibet
2634 391 2698 444 de
2725 389 3032 455 viatoribus,
3072 400 3118 445 et
3159 391 3268 445 lucc
3293 409 3382 445 ea-

21 495 118 535 tac
161 489 355 535 nocte
387 482 598 546 saecnli,
634 481 858 535 lucerna
882 481 1003 536 ﬁdei
1038 483 1186 538 nullo
1217 491 1381 538 vento
1413 483 1670 538 tentatio~
1776 483 1892 538 dem
1918 484 2068 538 illum
2093 483 2378 555 intelligere
2406 485 2742 554 cognoscetis.
2783 483 2918 552 Quia
2943 498 3073 554 ergo
3095 483 3164 538 de
3195 499 3282 540 me
3305 485 3378 539 ita

22 573 104 628 iis
131 575 575 644 exstinguitur,
601 581 657 628 et
679 573 788 629 illic
820 573 886 628 ad
910 574 1138 646 gloriam
1167 577 1484 646 sempiterni
1513 576 1676 630 lumi-
1776 580 1994 633 sentitis
2017 620 2034 647 ,
2077 579 2220 650 quod
2249 579 2615 634 damnationis
2644 593 2779 634 mea:
2805 593 2948 634 nunc
2971 589 3185 646 tempus
3212 577 3376 634 adve-

21 666 106 722 rtis
140 679 544 737 prmparatur.
575 666 784 722 Lumen
826 682 958 723 vero
997 668 1300 737 peccatoris
1327 669 1466 723 intra
1511 669 1675 724 breve
1777 671 1922 724 nerit
1952 688 1964 724 :
2001 687 2109 724 non
2149 672 2218 726 ita
2251 679 2357 736 est,
2390 670 2533 740 quod
2569 669 2829 726 deﬁnisse
2861 686 2956 726 vos
2995 671 3376 727 arbitramini:

21 765 264 829 tempus
302 758 446 814 vitae
472 756 836 828 eniinguitur
867 777 879 810 :
911 759 1168 829 quoniam
1216 760 1543 815 transiturus
1591 769 1678 816 est
1777 766 1904 836 quia
1936 767 2050 820 haec
2083 765 2182 821 Dei
2214 765 2498 836 castigatio
2541 765 2891 836 temporalis,
2925 781 3033 820 non
3061 773 3146 820 est
3175 775 3384 821 aeterna

21 854 175 910 sicut
214 854 459 909 umbra.
491 851 612 908 Non
645 853 774 919 erit,
812 864 870 910 et
913 855 1098 909 veniet
1126 851 1341 924 impiis,
1393 854 1537 909 sicut
1575 853 1678 910 Job
1783 859 2086 914 damnatio.

21 948 102 1004 ait
131 993 149 1017 ,
214 946 532 1003 inundatio
565 966 579 1000 :
623 946 676 1002 id
723 956 841 1011 est,
881 947 1214 1003 abundantia
1257 957 1676 1004 tormentorum.
1859 952 1995 1016 Quia
2023 952 2076 1004 in
2108 951 2244 1005 diem
2268 951 2576 1020 perditionis
2598 959 2833 1006 servatur
2865 951 3057 1017 malus,
3077 959 3122 1003 (ι
3150 951 3221 1005 ad
3247 951 3386 1005 diem

21 1041 400 1111 Quibusque
444 1039 662 1096 dolores
690 1041 884 1096 dividit
937 1040 1136 1096 furoris
1163 1039 1269 1095 sui.
1290 1041 1482 1096 Procul
1514 1041 1681 1096 dubio
1784 1044 1980 1115 furoris
2004 1044 2240 1097 ducetur.
2267 1044 2368 1110 Qui
2398 1052 2452 1098 et
2478 1041 2543 1097 ad
2577 1041 2720 1098 diem
2751 1043 2951 1098 furoris
2977 1043 3072 1098 Dei
3105 1043 3386 1098 ducendus

21 1137 198 1194 Deus
252 1135 500 1192 dolores
548 1134 761 1202 dividit,
815 1134 972 1201 dixit,
1009 1150 1111 1206 pro
1158 1134 1260 1190 hoc
1313 1135 1458 1204 quod
1491 1149 1682 1206 poenas
1783 1145 1889 1202 est,
1934 1145 1995 1190 ut
2023 1136 2260 1205 excipiat
2309 1134 2634 1190 sententiam
2666 1133 2860 1188 mortis
2913 1143 3156 1190 aeternae.
3201 1133 3386 1192 Sancti

25 1229 374 1300 unicuique
404 1227 673 1283 retribuet
690 1235 1034 1282 utmeretur.
1785 1229 1932 1284 enim
1973 1242 2166 1284 omnes
2212 1238 2362 1283 recte
2399 1227 2641 1283 viatores
2682 1243 2807 1283 esse
2837 1226 3120 1294 dicuntur,
3154 1228 3279 1300 quia
3329 1238 3389 1284 ut

109 1320 278 1377 Deus
304 1320 539 1376 servabit
561 1320 688 1390 ﬁliis
716 1319 864 1375 illius
887 1320 1119 1374 dolorem
1141 1320 1327 1392 patris,
1353 1328 1401 1373 et
1421 1335 1536 1374 cum
1567 1317 1685 1372 rcd-
1786 1321 2046 1390 expediti,
2097 1330 2151 1376 et
2201 1321 2415 1376 alacres
2461 1320 2844 1390 praztereundo
2894 1321 3194 1388 saeculum,
3242 1321 3390 1377 virili

33 1417 278 1482 diderit,
308 1423 446 1468 tunc
473 1415 622 1468 sciet.
673 1413 900 1469 Diabolo
927 1423 1110 1469 servat
1134 1414 1458 1483 supplicium
1481 1411 1688 1484 gehen-
1787 1413 1970 1468 animo
2000 1414 2216 1469 calcant
2242 1423 2440 1469 terram
2471 1429 2651 1479 suam,
2680 1413 3007 1469 festinanter
3039 1414 3394 1483 proficiscen-

36 1523 253 1565 narum
280 1550 297 1571 ,
357 1513 425 1561 ut
453 1522 576 1561 cum
623 1521 690 1562 eo
734 1505 808 1560 illi
860 1519 998 1575 quos
1045 1505 1148 1560 sibi
1187 1504 1438 1576 exemplo
1469 1503 1687 1558 malitia:
1789 1516 1873 1564 tes
1901 1507 1965 1562 ad
1999 1507 2209 1563 beatam
2241 1509 2498 1578 patriam,
2530 1508 2715 1563 mundi
2742 1508 2901 1579 hujus
2931 1510 3033 1565 iter
3058 1510 3390 1565 laboriosum

45 1619 169 1660 sua
228 1601 392 1658 ﬁlios
427 1599 588 1666 iecit,
625 1598 831 1670 pariter
860 1599 1154 1670 puniantur
1183 1617 1196 1653 :
1229 1599 1374 1669 quod
1420 1598 1533 1653 Deo
1563 1595 1688 1652 red-
1791 1601 2108 1655 coniiciunt.
2143 1600 2209 1654 lli
2241 1616 2370 1670 ergo
2401 1601 2493 1670 qui
2520 1600 2827 1656 ascendunt
2848 1599 2912 1654 ad
2936 1601 3200 1672 populum
3235 1617 3394 1672 pere-

41 1696 243 1761 dente,
283 1703 458 1766 pater
483 1709 673 1748 eorum
697 1692 952 1748 diabolus
979 1703 1108 1747 tunc
1152 1691 1312 1758 sciet,
1351 1689 1402 1746 id
1425 1699 1528 1756 est,
1563 1699 1690 1744 tunc
1791 1691 2031 1762 grinum,
2076 1691 2188 1746 sive
2217 1694 2581 1761 succinctum,
2615 1691 2741 1747 ﬁdei
2775 1692 2963 1763 utique
2982 1693 3227 1764 cingulo,
3261 1709 3396 1750 cou-

49 1788 272 1844 sentiet
313 1803 330 1841 :
367 1785 600 1856 quando
625 1799 746 1839 cum
780 1784 905 1838 filiis
936 1798 1123 1855 ptenas
1164 1783 1402 1854 patietur
1429 1791 1684 1838 aeternas.
1717 1785 1767 1846 B
1794 1794 1874 1840 tra
1924 1785 2337 1841 dissolutionem
2390 1787 2642 1841 vitiorum
2693 1786 2910 1841 lumbos
2958 1789 3165 1843 mentis
3215 1787 3396 1844 accin-

132 1879 429 1934 Videbunt
452 1877 593 1934 oculi
621 1881 734 1952 ejus
781 1878 1191 1949 interfectionem
1226 1893 1391 1932 suam.
1435 1875 1564 1932 Sive
1595 1890 1692 1931 ne-
1793 1890 1948 1951 gunt.

54 1991 178 2034 cem
205 1990 404 2042 suam,
444 1983 506 2027 ut
525 1972 620 2028 alii
645 1973 924 2028 dixerunt.
948 1971 1158 2041 Duplex
1186 1970 1333 2027 enim
1364 1980 1691 2028 tormentum
1871 1973 1996 2040 Quis
2020 1980 2200 2042 arguet
2234 1987 2409 2026 coram
2450 1989 2534 2026 eos
2561 1972 2673 2028 uias
2702 1976 2816 2044 ejus
2835 2011 2850 2038 ,
2887 1980 2935 2026 et
2971 1988 3086 2039 qua:
3110 1973 3252 2043 fecit,
3280 1971 3396 2044 quis

55 2077 166 2137 est,
199 2067 410 2122 videre
441 2080 634 2136 poenas
653 2080 788 2135 quas
815 2065 1118 2121 sustineas.
1797 2066 1976 2122 reddet
2003 2067 2128 2121 illi?
2156 2065 2383 2120 Videtur
2429 2067 2584 2131 milii,
2611 2068 2752 2136 quod
2785 2067 2889 2123 Job
2927 2070 3149 2138 proprie
3175 2068 3243 2123 de
3279 2067 3399 2122 dia-

136 2160 214 2216 Et
236 2160 308 2214 de
338 2158 528 2230 furore
572 2159 938 2230 omnipotentis
969 2159 1123 2212 bibet.
1153 2157 1276 2228 ipse
1319 2166 1402 2212 est
1427 2156 1571 2212 calix
1601 2170 1698 2210 au-
1801 2159 1924 2213 bolo
1954 2157 2192 2214 dixerit:
2225 2158 2350 2214 licet
2375 2167 2430 2214 et
2455 2159 2788 2229 generaliter
2819 2160 2888 2216 de
2918 2162 3176 2220 omnibus
3206 2176 3402 2234 pecca-

66 2272 202 2315 reus
241 2255 478 2309 Domini
511 2253 565 2309 in
605 2269 770 2307 manu
800 2251 1115 2324 Babylonis.
1802 2251 2012 2307 toribus
2056 2251 2233 2322 possit
2273 2249 2526 2320 intelligi.
2574 2251 2707 2319 Quis
2742 2255 3023 2308 hominum
3055 2270 3178 2309 eum
3218 2262 3402 2324 potest

148 2347 296 2417 Quid
330 2348 478 2403 enim
517 2347 584 2400 ad
616 2363 730 2401 eum
761 2345 980 2417 pertinet
1003 2344 1067 2399 de
1113 2344 1267 2398 domo
1307 2359 1404 2397 sua
1445 2350 1558 2415 post
1598 2342 1702 2397 se?
1803 2361 2030 2416 arguere
2058 2355 2280 2415 promer
2309 2347 2450 2399 viam
2474 2343 2593 2415 ejus
2622 2346 3072 2414 pollutissimam,
3118 2364 3215 2417 per
3239 2364 3401 2418 quam

76 2439 149 2496 Et
187 2442 232 2497 si
274 2456 538 2496 numerus
574 2440 831 2494 mensium
884 2441 997 2510 ejus
1025 2437 1345 2491 dimidiatur.
1389 2435 1464 2490 De
1508 2434 1703 2490 eodem
1806 2447 1978 2495 totum
2028 2437 2286 2492 mundum
2321 2437 2530 2507 ingredi
2579 2437 2749 2494 fecit:
2783 2446 2878 2494 aut
2924 2439 3156 2495 reddere
3199 2438 3248 2495 ei
3283 2454 3406 2509 qua:

84 2533 312 2589 diabolo
342 2533 512 2597 dicit,
545 2531 616 2587 de
651 2545 760 2602 quo
802 2531 1064 2586 Salomon
1095 2529 1167 2583 ait
1194 2547 1208 2583 :
1239 2526 1443 2598 Impius
1471 2543 1587 2581 cum
1617 2543 1704 2582 ve-
1810 2540 2059 2585 creatura
2090 2528 2292 2598 poterit
2317 2527 2460 2598 quod
2495 2538 2769 2599 meretur,
2806 2532 2906 2585 nisi
2938 2531 3029 2586 ille
3050 2531 3204 2586 solus
3234 2545 3407 2601 agnus

88 2628 225 2682 nerit
270 2627 325 2680 in
359 2625 690 2697 profundum
719 2622 972 2677 malorum
1011 2637 1253 2684 suorum,
1291 2630 1347 2676 et
1379 2620 1668 2674 criminum
1689 2659 1704 2684 ,
1809 2623 1931 2691 Dei,
1964 2624 2052 2693 qui
2088 2631 2366 2693 peccatum
2398 2639 2506 2678 non
2538 2624 2698 2694 fecit,
2740 2640 2840 2680 nec
2861 2625 3022 2681 dolus
3047 2623 3300 2681 inventus
3326 2633 3410 2682 est

95 2721 506 2794 desperatione
526 2719 828 2773 contemnit.
855 2716 972 2772 iam
999 2716 1145 2770 enitn
1170 2715 1322 2769 novit
1342 2731 1401 2769 se
1421 2729 1542 2768 cum
1573 2713 1707 2777 suis,
1810 2717 1869 2771 in
1897 2731 1991 2770 ore
2014 2716 2152 2785 ejus.

97 2816 185 2886 qui
209 2826 339 2870 sunt
368 2815 600 2881 domus,
633 2823 688 2868 et
709 2825 940 2883 regnum
962 2810 1102 2882 ejus,
1123 2819 1384 2879 perpetuo
1411 2822 1533 2864 esse
1563 2807 1712 2862 dam-
1884 2811 1910 2865 Ι
1920 2828 2006 2882 pse
2032 2811 2100 2865 ad
2119 2812 2358 2883 sepulcra
2389 2811 2626 2866 ducetur.
2657 2809 2739 2865 Ad
2767 2819 2996 2867 mortem
3024 2811 3278 2869 videlicet
3298 2820 3416 2868 tor-

98 2907 342 2964 nandum
373 2924 388 2963 :
417 2908 557 2980 quia
582 2905 728 2962 nulla
750 2916 835 2961 est
861 2905 978 2974 ejus
1007 2904 1254 2958 voluntas
1281 2902 1504 2972 agendae
1536 2899 1711 2971 poeni-
1815 2915 2121 2960 mentorum
2151 2921 2165 2962 :
2190 2920 2350 2976 quam
2377 2905 2492 2974 ipse
2516 2904 2826 2960 hominibus
2854 2905 3034 2961 intulit
3059 2908 3111 2961 in
3136 2906 3330 2976 Adam,
3355 2918 3411 2963 et

104 3002 317 3059 tentias.
1817 2998 1934 3068 ipse
1959 2996 2025 3050 ad
2051 2995 2254 3052 inferos
2285 2996 2590 3060 ducendus,
2625 3007 2681 3051 ut
2706 2996 2817 3052 illic
2841 3009 3107 3067 perpetuo
3137 2999 3416 3070 puniatur.

183 3094 469 3167 Numquid
509 3092 680 3148 Deum
730 3091 933 3147 docebit
978 3089 1232 3161 quispiam
1278 3087 1548 3144 scientiam
1577 3102 1595 3140 :
1625 3087 1714 3153 qui
1895 3087 1961 3142 Et
1990 3091 2043 3144 in
2073 3091 2312 3162 congerie
2340 3101 2666 3144 mortuorum
2697 3088 2952 3162 vigilabit.
2998 3090 3068 3146 Et
3098 3092 3224 3148 licet
3265 3094 3418 3149 dam-

105 3189 340 3245 excelsos
384 3187 649 3263 judicat?
683 3187 784 3255 Qui
814 3188 958 3243 enim
990 3185 1059 3242 de
1102 3183 1332 3241 excelsis
1361 3192 1522 3254 atque
1552 3181 1723 3238 subli-
1746 3167 1792 3231 C
1827 3181 2038 3238 nandus
2085 3183 2152 3238 ad
2204 3197 2393 3254 pinnas
2421 3182 2704 3238 ducendus
2749 3186 2822 3239 sit
2855 3201 2869 3240 :
2900 3184 2993 3240 sed
3025 3196 3205 3242 tamen
3246 3196 3426 3244 morte

108 3283 292 3340 mibus
347 3281 720 3354 potestatibus
765 3279 1080 3351 angelorum
1119 3276 1286 3332 habet
1332 3275 1537 3346 justum
1580 3271 1724 3345 judi-
1827 3273 2110 3330 hominum
2140 3276 2418 3346 gaudens,
2463 3277 2529 3331 ad
2564 3275 2880 3331 intuendum
2923 3279 3239 3335 eorumdem
3281 3296 3430 3336 rnor-

116 3375 254 3432 cium
292 3394 306 3433 :
341 3372 811 3447 quemadmodum
842 3388 872 3428 a
901 3385 1174 3442 quoquam
1209 3368 1392 3424 doceri
1418 3367 1640 3440 poterit,
1669 3376 1728 3421 ut
1828 3376 2042 3422 tuorum
2067 3367 2399 3437 congeriem,
2433 3365 2582 3421 omni
2611 3366 2911 3423 alacritatis
2949 3368 3232 3437 instantia,
3264 3370 3316 3425 in
3339 3386 3429 3426 eo-

122 3467 175 3525 in
219 3470 303 3525 his
349 3484 485 3540 quae
526 3483 691 3540 supra
724 3467 979 3534 diximus,
1003 3468 1178 3537 possit
1205 3467 1324 3536 ejus
1348 3463 1606 3535 judicium
1639 3477 1724 3518 re-
1830 3476 1950 3516 rum
2002 3459 2224 3515 interitu
2272 3458 2518 3532 vigilabit
2548 3475 2563 3516 :
2595 3459 2680 3515 vel
2729 3468 2879 3517 certe
2917 3475 3136 3532 semper
3185 3463 3331 3520 vivet
3375 3465 3430 3521 itt

127 3561 384 3633 prehendi
404 3563 430 3618 2
1833 3561 2090 3608 mortem.

197 3655 308 3710 Iste
329 3654 837 3718 iiaoriturrobustus,
856 3662 903 3708 et
922 3668 1100 3718 sanus,
1117 3650 1260 3705 dives
1280 3659 1327 3704 et
1350 3650 1479 3721 felix
1499 3664 1516 3703 :
1540 3649 1734 3703 viscera
1907 3642 2092 3698 Dulcis
2124 3644 2224 3715 fuit
2247 3643 2438 3715 glaries
2469 3643 2667 3715 Cocyti.
2696 3643 2966 3717 Cocytum
3006 3645 3304 3704 inferorum
3336 3645 3440 3705 flu-

135 3750 247 3820 ejus
272 3750 425 3821 plena
459 3757 584 3802 sunt
613 3747 792 3815 adipe,
821 3756 868 3800 et
908 3741 1152 3799 medullis
1181 3759 1299 3797 ossa
1330 3743 1472 3796 illius
1514 3742 1737 3814 irrigan-
1837 3736 1988 3792 vium
2018 3751 2140 3792 esse
2169 3736 2377 3792 dicunt.
2421 3735 2531 3792 Nos
2559 3748 2744 3792 autem
2797 3739 2849 3794 in
2898 3741 3195 3810 Scripturis
3241 3739 3443 3798 divinis

137 3848 241 3897 tur.
277 3840 426 3897 Alius
482 3856 600 3896 vero
649 3839 868 3894 moritur
905 3837 959 3891 in
1003 3833 1355 3890 amaritudine
1396 3833 1587 3888 animae
1630 3847 1740 3886 sua:
1841 3835 2092 3889 eumdem
2151 3831 2404 3900 ﬂuvium,
2456 3840 2790 3901 torrentem,
2839 3840 3092 3904 puteum,
3133 3834 3441 3904 caminum,

140 3933 328 4006 absque
371 3935 507 3990 ullis
533 3932 734 4007 opibus,
770 3940 819 3986 et
860 3941 1032 3984 tamen
1079 3925 1235 3984 simul
1281 3927 1336 3981 in
1384 3926 1592 3998 pulvere
1621 3926 1743 3978 dor-
1843 3924 2022 3997 ignem
2056 3931 2350 3990 :eternum,
2380 3923 2580 3990 lacum,
2603 3933 2877 3995 stagnum.
2905 3923 3132 3991 legimus
3154 3935 3209 3980 et
3242 3925 3450 3996 gehen-

143 4028 320 4095 tnieut,
351 4041 398 4083 et
429 4041 633 4083 vermes
656 4024 886 4093 operient
913 4039 1019 4077 eos.
1050 4020 1341 4076 Beatorum
1373 4018 1427 4073 in
1457 4016 1562 4073 hoc
1589 4032 1746 4072 mun-
1845 4018 2324 4075 nam.Glarearum
2351 4031 2482 4072 vero
2503 4016 2721 4072 nomine
2745 4016 2860 4088 ipsa
2888 4015 3070 4072 oiﬁcia
3101 4027 3450 4086 tartarornm,

151 4119 242 4188 do,
266 4134 319 4178 et
348 4121 652 4179 infelicium
700 4119 754 4173 in
785 4117 887 4174 hac
913 4116 1045 4182 vita,
1090 4126 1437 4169 communem
1468 4109 1600 4167 dicit
1623 4123 1746 4166 esse
1849 4109 2130 4166 ministros
2155 4122 2376 4179 quoque
2405 4121 2685 4178 poenarum
2718 4104 3069 4163 infernalium
3091 4109 3302 4165 vinctos
3334 4121 3450 4166 tor-

153 4215 523 4272 conditionem
556 4213 843 4280 :Viscera,
893 4211 1009 4267 sive
1063 4209 1309 4262 intestina
1362 4206 1504 4276 ejus,
1552 4213 1611 4260 ut
1657 4202 1746 4258 alii
1852 4212 2158 4258 mentorum
2191 4200 2325 4256 locis
2368 4199 2624 4256 existimo
2653 4198 2968 4270 signiﬁcari,
3020 4208 3076 4256 et
3120 4199 3325 4257 dictum
3375 4210 3460 4257 est

157 4305 431 4378 dixerunt,
462 4309 623 4380 plena
652 4305 832 4377 adipe,
873 4311 930 4359 et
958 4299 1215 4357 medullis
1262 4313 1389 4354 ossa
1435 4297 1584 4352 illius
1627 4296 1750 4352 irri-
1853 4294 2006 4366 quasi
2036 4308 2135 4365 per
2165 4293 2415 4358 ironiam,
2447 4308 2513 4349 eo
2558 4290 2704 4364 quod
2733 4291 3046 4349 desiderent
3089 4293 3268 4361 illum,
3298 4303 3460 4364 atque

163 4409 372 4468 gantur.
421 4400 578 4455 Alius
624 4413 756 4454 vero
800 4393 1033 4451 moritur
1062 4391 1116 4446 in
1153 4388 1512 4444 amaritudine
1559 4387 1754 4442 anima:
1855 4394 2115 4458 exoptent
2143 4386 2483 4443 habitatores
2505 4385 2825 4455 inferorum,
2860 4397 2918 4442 ut
2941 4387 3147 4460 puniat,
3180 4389 3322 4446 etde
3343 4390 3464 4461 ejus

169 4494 369 4566 absque
397 4495 526 4551 ullis
553 4494 747 4564 opibus
777 4508 792 4546 :
824 4499 879 4546 et
908 4499 1088 4544 tamen
1115 4485 1276 4542 simul
1305 4484 1358 4538 in
1383 4481 1605 4552 pulvere
1631 4479 1757 4534 dor-
1781 4562 1818 4566 Δ
1858 4478 2079 4534 interitu
2111 4486 2445 4533 saturentur.
2477 4476 2573 4533 Vel
2603 4487 2753 4534 certe
2776 4477 2951 4534 dulcis
2980 4479 3080 4535 fuit
3101 4481 3262 4538 morti
3295 4500 3308 4536 :
3337 4483 3464 4554 quia

175 4562 374 4653 miunt,
416 4597 473 4644 et
498 4562 710 4641 vermes
739 4580 986 4652 operient
1012 4591 1128 4634 eos.
1158 4575 1214 4632 in
1255 4575 1358 4630 hac
1387 4572 1555 4643 igitur
1581 4570 1754 4626 conti-
1781 4562 1835 4624 D
1861 4581 1968 4628 tam
1999 4571 2316 4627 innumeros
2343 4572 2393 4626 ei
2426 4571 2655 4642 populos
2694 4574 3001 4644 acquisivit.

175 4677 354 4732 nentia
395 4675 672 4734 sermonis
705 4673 862 4744 hujus
891 4670 994 4727 iste
1019 4681 1215 4725 sensus
1242 4674 1328 4722 est
1357 4681 1372 4719 :
1403 4663 1548 4735 quod
1574 4661 1629 4719 in
1657 4661 1762 4717 hoc
1937 4661 2004 4716 Et
2035 4672 2149 4734 post
2195 4678 2252 4717 se
2291 4678 2490 4717 omnem
2516 4660 2778 4718 hominem
2811 4664 3000 4720 trahet.
3029 4666 3130 4735 Qui
3170 4670 3471 4732 imitatione

181 4769 378 4827 mundo
397 4769 553 4843 justi,
584 4778 644 4825 et
663 4773 982 4840 peccatores
1012 4759 1389 4817 indiderenter
1407 4757 1594 4813 vivant
1620 4773 1634 4810 :
1667 4755 1763 4811 sed
1867 4756 2173 4826 exemplum
2193 4755 2313 4826 ejus
2345 4764 2647 4827 sequuntur
2679 4775 2693 4812 :
2722 4757 2836 4814 sive
2865 4767 2986 4828 post
3023 4775 3083 4816 se
3113 4779 3330 4820 omnem
3370 4768 3473 4822 lio-

185 4857 301 4917 luec
328 4862 616 4918 diversitas
656 4856 1042 4916 commutanda
1071 4855 1144 4910 sit
1186 4853 1238 4908 in
1281 4851 1510 4908 futuro:
1541 4851 1679 4905 sicut
1710 4850 1764 4904 in
1868 4852 2069 4906 minem
2125 4849 2324 4918 trahit,
2367 4850 2667 4906 secundum
2709 4851 3213 4922 praevaricationem
3253 4857 3475 4918 humani

190 4951 283 5008 illo
309 4955 477 5013 divite
499 4955 697 5012 factum
723 4959 829 5018 est,
858 4960 913 5008 et
944 4949 999 5006 in
1021 4948 1226 5005 Lazaro
1252 4961 1510 5018 paupere.
1870 4944 2093 5015 generis
2135 4943 2187 4997 in
2231 4941 2427 4999 Adam.

261 5045 405 5102 Certe
439 5051 553 5104 novi
595 5046 941 5120 cogitationes
963 5052 1175 5105 uestras,
1209 5048 1256 5093 et
1287 5039 1564 5093 sententias
1592 5043 1771 5090 contra
1952 5034 2021 5088 Et
2066 5043 2184 5088 ante
2227 5051 2280 5089 se
2329 5035 2747 5091 innumerabiles.
2777 5034 2935 5104 Quod
2965 5034 3268 5112 deceperit,
3301 5050 3356 5100 et
3385 5059 3482 5102 eos

197 5151 274 5191 me
306 5140 521 5211 iniquas.
555 5141 698 5212 Ergo
724 5148 872 5195 recte
904 5135 1130 5200 deﬁnio,
1163 5131 1360 5202 inquit,
1389 5129 1534 5201 quod
1564 5127 1774 5198 perspi-
1879 5137 2169 5184 secuturus
2199 5127 2476 5196 praemittit
2504 5127 2570 5182 ad
2602 5143 2811 5198 ptenas.

202 5229 318 5285 citis
348 5251 361 5286 :
392 5236 514 5304 quia
542 5250 648 5290 una
675 5233 747 5289 sit
771 5234 823 5286 in
856 5231 961 5288 hoc
1003 5227 1228 5292 saeculo,
1258 5235 1314 5282 et
1345 5223 1620 5298 peccatori
1661 5238 1777 5278 mo-
1959 5221 2232 5292 Quomodo
2253 5221 2767 5294 igiturconsolamini
2788 5240 2870 5280 me
2889 5223 3240 5296 frustra,cum
3271 5245 3490 5302 respon-

205 5321 373 5379 riendi
402 5327 656 5391 conditio.
690 5335 744 5383 et
776 5333 989 5381 sancto.
1015 5322 1116 5390 Qui
1148 5332 1328 5377 tamen
1355 5331 1542 5391 postea
1567 5317 1774 5388 disjun-
1884 5320 1961 5374 sio
1992 5329 2155 5374 vestra
2176 5333 2471 5390 repugnare
2500 5329 2705 5371 ostensa
2729 5317 2796 5371 sit
2819 5316 3024 5372 ueritati
3041 5320 3067 5374 ἲ
3093 5319 3151 5374 in
3193 5321 3297 5378 hoc
3319 5325 3492 5380 versi-

209 5415 382 5483 gendi,
412 5427 472 5473 ut
504 5420 570 5476 ad
606 5418 887 5491 praemium
940 5423 1218 5472 mutentur
1251 5413 1382 5484 justi
1424 5429 1438 5466 :
1471 5421 1785 5482 peccatores
1889 5411 2014 5469 culo
2035 5426 2255 5466 omnem
2282 5409 2698 5465 altercationem
2728 5407 3112 5480 disputationis
3139 5427 3252 5470 suae
3272 5417 3497 5474 conclu-

213 5517 339 5560 vero
365 5509 432 5563 ad
457 5511 775 5584 supplicium
798 5509 1096 5578 rapiantur.
1133 5505 1238 5563 Vos
1268 5519 1398 5561 vero
1428 5504 1481 5559 in
1517 5504 1786 5560 insontem
1893 5506 2003 5561 sit:
2032 5506 2242 5561 amicos
2277 5518 2427 5573 suos,
2483 5501 2628 5574 quod
2674 5504 2798 5561 sine
2835 5518 2998 5560 causa
3036 5517 3226 5564 contra
3260 5526 3384 5567 eum
3426 5511 3497 5570 de

217 5591 449 5667 iniquam
472 5602 607 5660 datis
634 5600 978 5660 sententiam.
1896 5597 2155 5669 praedicta
2181 5595 2392 5654 ratione
2430 5595 2737 5660 decertant,
2765 5595 3036 5654 convincit
3064 5615 3078 5652 :
3111 5615 3233 5656 cum
3273 5603 3345 5658 illi
3389 5603 3499 5661 dif-

298 5684 363 5741 Et
383 5690 546 5750 dicitis
561 5697 712 5750 enim.
729 5688 1448 5760 Insultantesmibi,meque
1473 5685 1785 5744 irridentes.
1899 5689 2074 5744 ﬁdunt
2099 5688 2317 5760 impios,
2358 5697 2416 5745 et
2442 5695 2758 5759 peccatores
2807 5691 2863 5744 in
2898 5687 3004 5745 hoc
3053 5692 3257 5748 mundo
3293 5694 3497 5766 puniri,

304 5776 399 5836 Ubi
427 5793 496 5840 est
532 5787 712 5846 domus
737 5785 1005 5858 principis,
1030 5785 1090 5857 ζει
1115 5782 1202 5837 ubi
1231 5780 1564 5837 tabernacula
1607 5779 1792 5852 impio-
1898 5774 2039 5838 inter
2083 5795 2217 5852 quos
2243 5790 2301 5838 et
2328 5781 2501 5853 ipsum
2527 5778 2938 5840 condemnant:
2967 5780 3063 5842 ille
3090 5782 3362 5845 convincit
3384 5805 3504 5868 eos,
