4026 6334
583 272 690 331 679

1341 257 1684 320 APPENDIX
1715 257 1807 313 AD
1846 251 2093 311 TOMUM
2133 246 2488 307 SEPTIMUM
2529 249 2587 306 S.
2631 247 3034 306 HIERONYMI.

3771 243 3865 299 sso
3965 203 3967 210 ’

583 391 655 447 tis
681 383 1166 446 castificationibus
1210 393 1445 445 morum,
1473 383 1696 432 sanctus
1727 372 1815 427 hic
1843 369 1944 426 Job
1982 367 2172 439 purilio
2201 368 2256 426 Α
2277 366 2474 434 serias,
2507 365 2760 422 tenebras
2781 363 3092 435 appellavit,
3143 375 3276 431 quas
3303 357 3454 416 velut
3481 358 3672 414 ruinas
3695 357 3866 415 subito
3968 393 3969 404 η

586 493 772 541 catum
804 499 863 539 se
890 483 1026 537 dicit
1053 476 1326 532 habuisse.

663 579 865 635 Ponant
891 590 1068 630 coram
1097 587 1154 626 eo
1169 569 1450 643 judicium.
1477 565 1775 630 Judicium,
1799 560 1996 632 inquit,
2018 557 2180 628 justi-

2289 460 2652 525 immiuentes,
2680 458 2782 512 sibi
2810 457 2992 511 dicere
3014 454 3206 518 voluit,
3242 451 3324 508 eis
3350 463 3528 506 tamen
3575 450 3875 507 insistenti-

2288 551 2393 606 bus
2440 551 2567 618 sibi,
2622 552 2720 616 ait,
2765 548 3149 620 de~peratione
3188 562 3296 601 non
3327 545 3632 616 periiznec
3695 543 3875 597 faciem

586 673 678 730 tiae
711 684 814 727 tua:
867 682 1064 740 ponam
1119 635 1187 719 inv
1227 672 1521 733 conspectu
1578 658 1675 712 Dei
1722 655 1850 720 mei,
1885 652 2184 708 secundum
2289 641 2488 698 mentis
2539 658 2677 697 more
2745 640 3049 697 inlidelitas
3097 636 3402 695 excaecavit
3433 682 3448 707 ,
3516 635 3601 692 vel
3667 636 3881 706 negatio

587 765 726 824 illud
761 780 780 818 :
803 763 877 815 Ab
909 756 1228 830 ipsojudicii
1257 757 1372 828 ejus
1417 757 1710 822 (equitatem
1750 747 2034 817 requiram.
2083 743 2188 797 'l‘a-

586 874 714 915 men
762 856 1081 926 priusquam
1128 851 1199 905 sit
1243 848 1365 918 ejus
1396 847 1450 902 in
1501 860 1588 900 me
1633 842 1840 897 linitiva
1885 837 2187 926 sententia,

588 948 791 1008 multas
837 947 889 1002 ei
929 943 1211 1015 proferam
1243 935 1694 1009 increpationes,
1745 933 1872 1004 quia
1901 946 2024 985 cum
2074 927 2191 998 ejus

596 1041 842 1100 noverim
872 1039 1201 1110 singularem
1243 1033 1539 1103 justitiam,
1571 1043 1738 1100 quare
1786 1026 1969 1096 justus
2014 1023 2194 1093 patior

599 1146 894 1199 tormenta,
936 1146 1058 1203 qua:
1086 1127 1288 1200 iniquis
1343 1124 1630 1195 impiisque
1680 1118 1861 1191 potius
1902 1116 2190 1172 debentur.

593 1229 707 1286 lloc
728 1243 861 1299 ergo
886 1223 1031 1296 quod
1061 1221 1333 1292 sequitur,
1360 1217 1435 1272 ait
1461 1235 1472 1269 :

673 1322 739 1376 Et
769 1338 825 1375 os
865 1335 1034 1373 meum
1055 1315 1262 1388 replebo
1302 1309 1736 1384 increpationibus
1763 1324 1781 1363 :
1804 1316 1858 1362 ut
1897 1306 2057 1362 sciant
2086 1319 2196 1358 ver-

599 1416 665 1472 ba
715 1430 832 1487 qua:
869 1412 995 1466 mihi
1049 1409 1385 1481 respondeat,
1415 1415 1460 1460 et
1482 1404 1773 1474 intelligam
1800 1401 1924 1471 quid
1955 1399 2197 1468 loquatur

599 1508 748 1562 mihi.
785 1505 843 1561 Id
870 1513 976 1569 est,
1011 1501 1142 1572 justi
1166 1500 1375 1555 doloris
1395 1495 1658 1566 querelis.

681 1597 824 1653 Nolo
849 1596 1016 1650 multa
1046 1592 1355 1666 fortitudine
1392 1588 1670 1644 contendat
1700 1603 1896 1642 mecum
1925 1601 1941 1637 :
1975 1599 2068 1638 uec
2087 1598 2198 1636 ma-

603 1689 896 1768 gnitudinis
915 1703 1034 1774 Astra:
1060 1686 1192 1740 mole
1215 1699 1295 1738 me
1318 1691 1538 1749 premat.
1604 1680 1870 1754 PrOponat
1899 1679 2198 1747 aequitatem

2292 736 2413 793 Dei.

2858 857 3087 916 CAPUT
3129 855 3321 914 XXIV.

2370 1021 2445 1075 Ab
2475 1020 2846 1093 Omnipotente
2873 1037 2976 1074 non
3019 1027 3139 1075 sunt
3179 1015 3487 1073 abscondita
3515 1024 3789 1085 tempora;
3814 1014 3889 1084 qui

2299 1126 2472 1170 autem
2496 1124 2744 1170 noverunt
2774 1131 2910 1179 eum,
2934 1115 3181 1187 ignorant
3203 1113 3314 1167 dies
3339 1111 3504 1166 illius.
3535 1109 3618 1164 Illi
3649 1124 3789 1164 vero
3814 1110 3892 1179 qui

2301 1210 2567 1274 sentiunt,
2601 1218 2655 1264 et
2681 1207 2992 1278 intelligunt
3036 1207 3230 1274 Deum,
3263 1204 3382 1260 dies
3420 1203 3758 1259 aeternitatis
3788 1200 3894 1270 ejus

2302 1301 2574 1371 ignorant.
2623 1299 2681 1354 1η
2723 1315 2828 1370 qua
2859 1299 3164 1355 aeternitate
3198 1312 3300 1352 nec
3327 1308 3594 1365 tempora.
3626 1309 3738 1350 nec
3764 1292 3894 1358 dies,

2302 1395 2393 1466 qui
2419 1395 2473 1449 in
2496 1393 2837 1463 temporibus
2858 1401 3010 1456 sunt,
3043 1391 3414 1457 inveniuntur,
3440 1388 3536 1445 ubi
3569 1401 3718 1443 unus
3744 1394 3900 1442 teter-

2304 1503 2406 1544 nus
2437 1498 2520 1544 est
2541 1487 2674 1543 dies.
2709 1486 2836 1543 Sive
2855 1486 3017 1542 aliter
3049 1504 3060 1540 :
3091 1485 3287 1542 Omnia
3319 1483 3475 1540 novit
3495 1499 3618 1555 quas
3644 1497 3797 1539 nunc
3826 1480 3902 1536 lo-

2303 1599 2464 1654 quor,
2496 1583 2582 1638 vel
2621 1583 2820 1654 patior.

2375 1675 2483 1731 Alii
2525 1677 2770 1730 terminos
2817 1676 3214 1743 transtulerunt,
3253 1675 3581 1748 diripuerunt
3609 1687 3820 1746 greges,
3855 1679 3898 1724 et

604 1763 786 1840 contra
811 1763 930 1850 me,‘
961 1790 1008 1837 et
1035 1778 1288 1854 perveniet
1323 1777 1392 1830 ad
1422 1774 1688 1829 rictoriam
1709 1773 1972 1846 judicium
1999 1787 2184 1824 meum.
2228 1763 2277 1825 B
2306 1781 2557 1841 paverunt
2579 1789 2686 1826 eos.
2721 1769 2778 1826 ld
2807 1782 2913 1836 est,
2946 1769 3348 1825 transtulerunt
3374 1783 3591 1840 greges,
3627 1775 3692 1823 et
3718 1779 3903 1822 come.

601 1873 664 1931 ln
695 1873 838 1929 mole
867 1867 1170 1942 majestatis
1221 1868 1366 1938 ejus,
1403 1864 1878 1936 horripilationem
1939 1861 2204 1930 intelliga-

605 1982 749 2039 mus,
799 1981 906 2021 non
952 1961 1160 2034 aliquid
1204 1975 1530 2030 corporeum
1563 1959 1731 2028 :quia
1787 1957 1931 2011 Deus
1978 1954 2204 2026 spiritus

605 2070 710 2116 est.
742 2058 942 2116 Certus
971 2073 1117 2124 sum,
1141 2055 1340 2126 inquit,
1392 2053 1517 2125 quia
1550 2053 1682 2107 istas
1709 2051 2068 2106 alllictionum
2098 2047 2202 2102 mi-

602 2155 798 2222 serias,
829 2153 946 2224 ipso
979 2151 1168 2220 utique
1189 2148 1493 2218 iudicante,
1541 2144 1747 2214 patebit
1784 2160 1870 2197 me
1900 2142 2052 2196 nullo
2080 2155 2206 2210 pec-

602 2255 854 2301 catorum
905 2242 1102 2299 merito
1143 2240 1454 2302 sustinere;
1504 2235 1632 2290 hinc
1655 2237 1736 2290 ait
1768 2253 1780 2287 :
1816 2231 2107 2289 Perveniet
2137 2230 2205 2286 ad

600 2337 892 2394 victoriam
913 2333 1179 2406 judicium
1218 2348 1421 2388 meum.

681 2430 746 2486 Si
768 2430 838 2484 ad
860 2429 1108 2484 orientem
1134 2427 1262 2493 iero,
1298 2443 1399 2479 non
1421 2429 1634 2496 apparet
1663 2422 1750 2480 :si
1769 2419 1838 2474 ad
1869 2420 2204 2485 occidentem,

609 2540 713 2580 non
737 2521 1027 2594 intelligam
1048 2536 1166 2574 eum
1191 2535 1209 2572 :
1237 2518 1281 2573 si
1303 2517 1372 2570 ad
1405 2517 1693 2577 sinistram.
1721 2514 1848 2585 quid
1867 2513 2062 2586 agam?
2086 2511 2208 2566 Non

613 2615 1006 2689 apprehendam
1029 2629 1166 2668 eum.
1216 2610 1280 2666 Si
1329 2625 1410 2664 me
1450 2617 1643 2663 vertam
1665 2607 1734 2661 ad
1765 2608 2028 2662 dexteram
2062 2620 2208 2659 :non

619 2709 802 2763 videbo
823 2705 994 2759 illum.
1018 2703 1140 2776 Ipse
1161 2717 1280 2757 vero
1309 2702 1402 2756 scit
1433 2701 1564 2755 viam
1595 2716 1783 2764 meam,
1805 2708 1852 2752 et
1875 2697 2108 2768 probabit
2130 2712 2212 2750 me

611 2801 759 2874 quasi
781 2814 967 2854 aurum
995 2795 1137 2869 quod
1163 2812 1253 2867 per
1277 2795 1446 2866 ignem
1474 2793 1675 2847 transit.
1699 2793 1831 2846 Dum
1857 2799 2038 2861 partes
2054 2805 2211 2847 mun-

618 2893 675 2950 di
703 2903 1012 2954 enumerat,
1035 2889 1169 2945 dicit
1199 2902 1325 2944 eum
1361 2886 1607 2942 habitare
1631 2885 1830 2953 ubique
1872 2891 2044 2938 totum
2071 2882 2211 2947 ;sibi

613 2995 794 3042 tamen
817 2984 1042 3049 omnino
1067 2995 1191 3036 esse
1231 2978 1560 3035 invisibilem
1615 2980 1928 3041 conlitetur,
1976 2989 2044 3032 eo
2067 2974 2210 3046 quod

613 3095 723 3136 non
774 3077 1056 3148 subjaceat
1102 3076 1224 3145 ejus
1277 3071 1532 3128 divinitas
1587 3071 1873 3126 obtutibus
1919 3080 2206 3125 creaturae.

2306 1863 2528 1918 derunt.
2569 1864 2914 1918 Manifestum
2943 1871 3028 1918 est
3066 1861 3365 1918 secundum
3399 1861 3664 1916 litteram.
3709 1856 3905 1914 Videa-

2307 1973 2428 2012 mus
2461 1973 2604 2012 nunc
2635 1957 2936 2011 secundum
2967 1956 3261 2026 mysticum
3305 1953 3645 2010 intellectum
3672 1950 3808 2023 quid
3838 1950 3906 2004 si-

2304 2051 2552 2124 gniﬁcet.
2599 2049 2887 2106 Terminus
2933 2048 3375 2104 transferentes:
3428 2045 3482 2102 id
3533 2056 3652 2114 est,
3707 2051 3905 2100 statuta

2308 2144 2570 2201 Ecclesiae
2609 2143 3002 2210 convellentes,
3051 2141 3338 2197 haereticos
3377 2155 3500 2196 esse
3546 2137 3905 2210 signiﬁcavit,

2306 2238 2398 2309 qui
2450 2237 2694 2292 novitate
2731 2235 2996 2292 doctrina:
3027 2250 3323 2302 perversae,
3365 2231 3696 2304 evangelicae
3734 2231 3905 2302 legis,

2307 2342 2362 2385 et
2387 2331 2762 2400 apostolorum
2794 2327 3063 2384 terminos
3091 2325 3394 2397 prmfinitos
3423 2325 3727 2393 excedunt,
3751 2334 3810 2381 et
3841 2324 3908 2377 ita

2310 2425 2620 2496 deceptoria
2653 2425 3016 2495 persuasione
3035 2424 3307 2494 diripiunt
3328 2438 3523 2496 greges
3551 2421 3870 2480 dominicos
3899 2435 3909 2471 :

2311 2520 2364 2574 id
2395 2530 2503 2587 est,
2543 2519 2774 2591 populos
2799 2519 3092 2576 credentes
3123 2520 3174 2574 in
3202 2519 3507 2576 Christum.

2384 2613 2604 2667 Asinum
2653 2611 2977 2684 pupillorum
3026 2613 3324 2681 abegerunt,
3359 2621 3408 2668 et
3447 2613 3780 2668 abstulerunt
3826 2625 3912 2680 pro

2312 2706 2527 2778 pignore
2564 2705 2739 2760 bovem
2777 2705 2966 2761 vidule.
3009 2705 3382 2762 Subverterunt
3421 2722 3709 2779 pauperum
3755 2705 3910 2767 viam,

2313 2809 2361 2854 et
2418 2809 2778 2872 Oppresserunt
2845 2799 3041 2868 pariter
3105 2809 3399 2854 mansuetos
3464 2807 3633 2854 teme.
3711 2793 3915 2868 Pupilli

2312 2891 2531 2962 quidem
2567 2901 2697 2946 sunt
2733 2892 2937 2960 teneri,
2987 2892 3078 2948 vel
3124 2891 3363 2947 infantes
3407 2890 3462 2947 in
3506 2891 3648 2958 ﬁde,
3696 2891 3788 2946 vel
3829 2887 3916 2960 qui

2315 2984 2490 3040 Deum
2538 2985 2753 3040 Patrem
2797 3000 2905 3042 non
2967 2984 3201 3052 habent,
3238 2995 3295 3039 ut
3341 2985 3410 3040 ab
3456 3000 3524 3041 eo
3569 2994 3771 3042 contra
3826 2982 3919 3038 ad-

2317 3080 2596 3135 versarios
2621 3078 3008 3135 defendantur.
3047 3079 3287 3146 Quorum
3333 3079 3600 3144 animum,
3635 3080 3796 3134 velut
3839 3075 3921 3148 ju-

616 3171 789 3228 Deum
807 3183 940 3226 vero
955 3183 1170 3224 onmem
1197 3166 1338 3222 viam
1361 3162 1798 3222 conversationis
1821 3163 1938 3234 ejus
1959 3163 2057 3230 ait,
2085 3161 2210 3232 quia
2237 3142 2284 3208 C
2320 3180 2564 3228 mentum
2607 3172 2747 3228 forte
2783 3185 2847 3227 ac
2889 3142 3282 3233 necessarium,
3324 3168 3391 3223 ad
3437 3142 3608 3224 Deum
3638 3169 3694 3224 in
3727 3185 3794 3226 se
3830 3142 3922 3239 per

615 3264 822 3336 Optime
853 3270 1097 3320 naverat.

693 3355 928 3429 Vestigia
957 3356 1072 3428 ejus
1102 3363 1309 3408 secutus
1342 3360 1418 3407 est
1446 3367 1535 3422 pes
1560 3366 1704 3405 meus
1731 3365 1748 3402 :
1786 3349 1924 3403 viam
1953 3349 2066 3418 ejus
2089 3363 2210 3402 cus-

621 3449 802 3515 todiri,
828 3457 875 3503 et
908 3463 1013 3503 non
1058 3445 1316 3501 declinavi
1363 3460 1426 3499 ex
1470 3459 1552 3497 ea.
1593 3443 1636 3496 Α
1664 3441 1928 3496 mandatis
1960 3440 2216 3494 labiorum

625 3548 740 3620 ejus
760 3560 865 3598 non
890 3540 1095 3608 recessi,
1137 3549 1188 3594 et
1209 3540 1259 3592 in
1283 3537 1402 3592 sinu
1433 3553 1544 3591 meo
1572 3553 1672 3590 non
1714 3535 1963 3591 abscondi
1990 3535 2141 3590 verba
2162 3550 2219 3588 o-

621 3639 696 3695 ris
737 3638 876 3709 ejus.
930 3633 1047 3692 Hoc
1103 3644 1230 3700 est,
1272 3630 1418 3702 quod
1459 3629 1724 3686 custodiri
1771 3630 1984 3699 voluit,
2037 3638 2220 3686 custo-

626 3731 764 3790 divi.

693 3823 816 3896 Ipse
837 3821 975 3877 enim
995 3818 1140 3874 solus
1159 3827 1256 3885 est,
1285 3827 1332 3873 et
1344 3833 1496 3874 nemo
1515 3826 1742 3873 avertere
1764 3825 1928 3887 potest
1949 3817 2221 3885 cogitatio-

629 3934 748 3975 nem
777 3919 913 3988 ejus,
945 3923 996 3970 et
1014 3915 1191 3969 anima
1219 3916 1332 3986 ejus
1349 3913 1712 3985 quodcumque
1741 3914 1902 3967 voluit
1951 3913 2049 3967 hoc
2076 3913 2218 3982 fecit.

627 4009 742 4068 Hoc
768 4015 874 4072 est,
923 4005 1052 4077 quia
1085 4005 1459 4062 inscrutabilia
1485 4015 1614 4062 sunt
1655 4004 1854 4076 judicia
1885 4005 2028 4074 ejus,
2055 4016 2109 4061 et
2141 4003 2224 4060 in-

631 4099 987 4173 vestigabiles
1010 4100 1117 4156 vim
1154 4101 1294 4170 ejus.

705 4196 938 4269 Cumque
967 4195 1244 4264 expleverit
1293 4195 1348 4247 in
1385 4209 1466 4247 tne
1504 4192 1820 4246 voluntatem
1852 4206 2018 4255 suam,
2049 4200 2095 4244 et
2122 4192 2228 4247 alia

632 4289 800 4348 multa
828 4289 1023 4344 similia
1049 4297 1238 4359 prtesto
1259 4294 1380 4342 sunt
1407 4286 1474 4340 ei.
1499 4285 1636 4340 Cum
1649 4283 1761 4355 jam
1793 4299 1880 4340 me
1906 4284 2106 4355 quibus
2133 4303 2228 4341 vo-

628 4385 728 4442 luit
758 4383 1046 4439 tormentis
1073 4380 1339 4448 all'ecerit,
1372 4388 1428 4436 et
1456 4379 1561 4434 alia
1584 4378 1765 4434 adhuc
1789 4389 1987 4450 quanta
2037 4380 2227 4436 voluc-

632 4476 704 4534 rit
727 4473 864 4532 mihi
887 4473 1135 4545 inﬂigere
1165 4473 1380 4542 poterit,
1403 4488 1563 4543 quem
1581 4471 1916 4529 insensibilia
1942 4475 2083 4529 sicut
2103 4488 2227 4530 sen-

640 4567 820 4627 sibilia
846 4566 1300 4624 contremiscunt.

704 4659 774 4716 Et
793 4659 992 4715 idcirco
1022 4676 1056 4714 a
1081 4659 1214 4730 facie
1235 4659 1348 4724 eius
1378 4658 1610 4715 turbatus
1635 4676 1771 4716 sum.
1809 4659 1988 4718 Mente
2020 4661 2231 4718 scilicet

641 4754 908 4818 semiens.
945 4765 999 4809 et
1030 4769 1096 4810 ex
1130 4760 1286 4824 parte
1311 4752 1642 4823 intelligens.

705 4847 775 4904 Et
800 4845 1140 4903 considerans
1181 4863 1299 4901 eum
1322 4847 1505 4901 timore
1525 4845 1801 4902 sollicitor.
1834 4846 1890 4902 Id
1920 4857 2024 4914 est,
2056 4848 2234 4904 horri-

634 4942 895 5016 pilatione
919 4944 1256 5014 majestatem
1286 4944 1433 5000 illius
1456 4945 1802 5016 pertimesco.

710 5034 851 5090 Deus
880 5033 1103 5091 mollivit
1136 5052 1227 5090 cor
1247 5051 1442 5102 meum,
1475 5045 1523 5088 et
1548 5037 1866 5108 omnipotens
1913 5036 2235 5092 conturbavit

645 5143 745 5184 me.
773 5127 882 5184 Cor
907 5129 1209 5183 resolutum
1249 5143 1280 5182 a
1327 5143 1527 5198 pavore
1579 5129 1769 5194 nimio,
1802 5139 1858 5184 et
1885 5132 2102 5195 timore,
2135 5131 2237 5186 hoc

638 5219 765 5276 loco
791 5218 998 5276 dictum
1029 5219 1368 5283 noverimus,
1397 5234 1505 5275 non
1534 5219 1678 5291 quod
1701 5235 1729 5272 a
1767 5220 1965 5275 duritia
1984 5221 2240 5276 incredu-

635 5310 806 5368 litatis
832 5313 900 5366 ad
933 5312 1094 5368 tidem
1127 5312 1530 5382 suscipiendam
1556 5313 1819 5369 mollitum
1853 5315 1944 5378 sit,
1977 5329 2101 5370 cum
2124 5327 2239 5369 ma-

635 5401 721 5473 gis
753 5403 870 5474 ipse
891 5402 997 5459 Job
1025 5419 1120 5475 per
1151 5403 1313 5458 ﬁdem
1345 5405 1500 5460 fortis
1531 5402 1586 5459 in
1617 5405 1782 5460 Demu
1823 5407 2102 5462 manserit.
2127 5405 2238 5462 Un-

637 5493 710 5551 de
727 5497 976 5565 sequitur
1003 5515 1021 5552 :
1050 5496 1408 5567 Omnipotens
1425 5498 1773 5554 conturbavit
1805 5514 1890 5554 me
1921 5515 1936 5563 ;
1965 5498 2069 5554 hoc
2094 5499 2236 5571 quod

640 5599 829 5656 supra.

717 5675 770 5729 Ν
776 5693 841 5730 οη
861 5681 998 5733 enim
1021 5681 1154 5751 perii
1177 5691 1385 5752 propter
1403 5683 1724 5738 imminentes
1749 5684 2004 5751 tenebras,
2044 5703 2135 5741 nec
2157 5687 2238 5758 fa—

647 5764 775 5820 ciem
797 5783 962 5824 meant
989 5774 1188 5842 operuit
1209 5774 1395 5846 caligo.
1427 5775 1578 5846 lpsas
1615 5777 1944 5834 calamitatis
1973 5793 2086 5838 sua:
2135 5780 2238 5837 mi-

2319 3266 2480 3322 fident
2525 3264 2875 3334 portandum,
2909 3260 3152 3315 haeretici
3186 3259 3500 3330 praedonum
3532 3277 3688 3318 more
3730 3264 3812 3319 ab
3845 3261 3922 3317 eis

2318 3359 2566 3431 abigunt,
2596 3357 2726 3412 dum
2757 3369 2855 3412 eos
2898 3351 3132 3409 fallaciis
3175 3351 3313 3420 suis,
3346 3353 3547 3410 virtute
3576 3355 3748 3410 animi
3796 3372 3923 3428 spo-

2320 3453 2456 3508 liant
2501 3452 2616 3507 sive
2657 3447 2917 3520 gentilem
2968 3461 3212 3516 sensum,
3263 3447 3526 3504 immundi
3571 3449 3767 3521 utique
3800 3451 3922 3506 ani-

2322 3545 2481 3600 malis
2509 3540 2730 3597 nomine
2757 3540 2984 3607 dictum,
3013 3539 3083 3595 ab
3111 3540 3194 3595 eis
3223 3539 3442 3612 quidem
3473 3539 3757 3612 auferunt,
3791 3544 3918 3600 dum

2321 3635 2424 3692 sub
2445 3643 2719 3707 przetextu
2745 3648 2893 3689 vera:
2923 3631 3230 3703 religionis,
3269 3647 3364 3688 eos
3405 3633 3461 3688 in
3489 3633 3778 3702 perfidiam
3824 3634 3923 3689 du-

2323 3737 2477 3784 cunt.
2523 3727 2708 3782 Vidua;
2755 3727 2920 3782 etiam
2973 3727 3080 3781 illae
3125 3735 3256 3781 sunt
3298 3729 3518 3795 animae,
3565 3742 3688 3798 quae
3718 3729 3920 3792 virum,

2326 3821 2496 3876 Deum
2528 3833 2710 3887 suum,
2751 3828 2806 3875 et
2835 3819 3128 3874 Dominum
3153 3819 3454 3874 amiserunt
3485 3836 3499 3874 :
3530 3835 3559 3873 a
3591 3821 3793 3886 quibus
3816 3820 3922 3876 ha?-

2333 3915 2489 3972 rctici
2521 3929 2622 3985 pro
2650 3913 2873 3985 pignore
2903 3912 3168 3984 perfidiae,
3197 3913 3385 3983 utique
3405 3912 3796 3983 confessionis,
3832 3929 3922 3985 per

2327 4023 2490 4079 quam
2539 4007 2692 4062 falsis
2745 4021 2937 4062 eorum
2988 4005 3473 4062 adinventionibus
3519 4005 3831 4074 initiantur,
3872 4013 3924 4062 ct

2328 4100 2606 4156 debitores
2653 4114 2844 4156 eorum
2891 4097 3234 4164 efficiuntur,
3293 4109 3605 4154 sanctarum
3654 4098 3916 4155 virtutum

2330 4192 2674 4261 munditiam,
2709 4202 2764 4249 et
2789 4192 2946 4248 utilia
2980 4191 3149 4248 animi
3187 4207 3354 4262 opera
3376 4191 3592 4248 auferre
3627 4202 3912 4248 conantur.

2331 4288 2612 4358 Pauperes
2633 4301 2851 4357 quoque
2880 4285 2934 4342 in
2981 4285 3085 4341 hoc
3133 4284 3256 4340 loco
3298 4285 3371 4340 illi
3401 4283 3749 4356 intelligendi
3776 4291 3913 4348 sunt,

2331 4382 2423 4453 qui
2445 4382 2759 4436 testimonio
2788 4380 2915 4437 lidei
2942 4379 3188 4436 destituti
3218 4389 3363 4434 sunt.
3383 4377 3628 4433 Aliisunt
3648 4378 3849 4436 divites
3870 4378 3916 4431 in

2335 4475 2478 4533 lide:
2508 4474 2700 4531 borum
2722 4474 2999 4546 religionis
3021 4475 3186 4539 viam,
3205 4487 3310 4544 qua
3331 4471 3399 4528 ad
3425 4473 3593 4528 Deum
3631 4471 3814 4529 redire
3835 4486 3919 4541 po-

2252 4536 2308 4598 D
2337 4576 2539 4638 terant,
2587 4569 2702 4625 suis
2729 4536 3014 4624 erroribus
3057 4536 3302 4622 haeretici
3334 4566 3744 4624 subverterunt.
3779 4536 3920 4623 blan-

2338 4673 2525 4720 suetos
2547 4673 2729 4719 autem
2761 4662 2849 4717 hic
2891 4659 3017 4717 illos
3043 4674 3167 4718 esse
3203 4659 3523 4726 sentiamus,
3555 4659 3646 4731 qui
3674 4668 3921 4716 constan—

2341 4755 2470 4810 tiam
2499 4751 2739 4809 inimicis
2766 4752 2883 4808 suis
2911 4767 3016 4806 non
3050 4751 3253 4808 habent
3281 4751 3593 4818 resistendi,
3624 4761 3681 4809 et
3707 4758 3922 4822 prOpter

2343 4847 2610 4916 ignaviam
2641 4846 2810 4900 animi
2841 4845 2927 4900 sui
2959 4843 3118 4901 facile
3142 4845 3501 4902 seducunlur.
3531 4844 3596 4900 Hi
3633 4860 3767 4918 ergo
3792 4843 3919 4900 mul—

2343 4941 2411 4993 tis
2441 4953 2694 4994 errorum
2725 4937 3092 5010 dogmatibus.
3119 4947 3174 4994 et
3201 4937 3434 4994 diversis
3454 4953 3704 4994 errorum
3736 4952 3918 5010 super—

2339 5033 2655 5089 stitionibus
2683 5033 3096 5105 opprimuntur.
3123 5031 3182 5088 In
3211 5034 3409 5090 bonam
3435 5047 3570 5090 vero
3612 5042 3826 5104 partem
3847 5030 3916 5085 vi-

2339 5127 2460 5183 duae
2491 5138 2638 5194 sunt,
2663 5127 2756 5198 qui
2797 5141 2858 5183 se
2894 5125 3228 5182 mortificant
3257 5141 3380 5183 cum
3408 5128 3558 5184 vitiis
3589 5145 3602 5182 :
3632 5139 3912 5200 pauperes,

2339 5219 2572 5290 apostoli
2611 5228 2761 5274 sunt.
2794 5218 2872 5275 De
2915 5217 3022 5274 isto
3062 5234 3292 5276 numero
3318 5219 3562 5277 haeretici
3593 5220 3807 5278 auferre
3831 5235 3916 5276 oo-

2340 5321 2539 5368 nantur
2572 5330 2585 5367 :
2631 5313 2760 5368 dum
2809 5328 3076 5384 pauperes
3117 5324 3432 5371 sanctorum
3463 5315 3679 5386 aliquos
3705 5330 3916 5386 persua-

2341 5405 2494 5474 dent,
2512 5405 2598 5462 vel
2622 5416 2935 5464 mansuetos
2955 5407 3418 5474 circumveniunt,
3448 5409 3543 5481 qui
3567 5409 3646 5464 eis
3673 5409 3918 5466 resistere

2343 5515 2450 5554 non
2497 5511 2745 5570 possunt,
2775 5501 2870 5556 sed
2899 5510 2956 5557 et
3001 5503 3269 5571 patienter
3297 5517 3396 5572 pro
3443 5501 3793 5573 simplicitate
3829 5515 3913 5556 au-

2341 5593 2497 5650 diunt
2532 5612 2545 5648 :
2575 5595 2654 5650 illi
2686 5610 2818 5651 vero
2847 5611 2944 5652 eos
2972 5597 3221 5652 nituntur
3242 5597 3615 5670 exstinguere.

2412 5687 2517 5740 Alii
2565 5688 2715 5758 quasi
2751 5689 2935 5760 onagri
2967 5689 3020 5743 in
3065 5689 3266 5745 deserto
3304 5690 3639 5763 egrediuntur
3680 5693 3752 5746 ad
3800 5705 3915 5764 opus

2340 5799 2514 5850 suum,
2564 5781 2939 5855 vigilantesque
2998 5787 3068 5841 ad
3116 5785 3350 5856 pradam
3400 5795 3700 5857 praeparant
3746 5802 3920 5861 partem
