4026 6310
218 202 323 261 681

1123 204 1594 265 COMMENTARII
1635 207 1700 264 IN
1740 207 1998 264 LIBRUM
2038 208 2178 264 JOB.
2221 207 2374 264 CAP.
2420 210 2611 267 XXIV.

3419 229 3524 282 682

225 318 420 372 liberis.
454 319 698 374 Violenti
730 330 877 386 sunt,
904 323 994 391 qui
1019 322 1240 392 publice
1274 325 1822 389 rapiunt.Pr:edones
1850 326 1899 386 Α
1928 325 2195 379 cularibns
2214 327 2420 380 sitiunt.
2449 328 2559 381 lloc
2588 330 2785 384 malum
2815 343 2894 387 cst
2918 349 3192 405 magnum,
3218 347 3271 392 et
3298 339 3522 409 iniquis-

223 417 284 463 et
333 411 624 465 latrunculi
683 423 834 479 sunt,
887 414 978 483 qui
1025 415 1091 469 de
1127 415 1380 470 occultis
1410 418 1476 470 ad
1511 433 1676 486 opera
1725 431 1819 470 sua

226 512 449 566 exeunt,
486 502 678 570 utique
701 519 809 559 non
838 506 950 561 Dei.

299 597 495 666 Agrum
525 613 629 650 non
658 615 810 652 suum
834 599 1119 668 demetunt,
1146 612 1192 655 et
1223 603 1424 656 vineam
1455 603 1568 668 ejus
1595 619 1745 674 quem
1774 603 1823 655 vi

224 699 616 757 Oppresserunt,
639 689 979 742 vindemiant.
1005 692 1172 762 Ager,
1205 693 1323 748 sive
1349 695 1528 755 vinea,
1561 693 1822 747 uniuscu-

217 777 423 850 jusque
445 779 680 834 hominis
707 780 932 850 quidam
953 782 1147 838 modus
1170 785 1294 839 vitae
1323 795 1426 850 est,
1455 801 1576 855 qua:
1597 785 1666 840 ab
1690 800 1823 840 uno-

224 885 445 942 quoque
481 873 716 941 colitur,
755 875 971 944 quando
1006 876 1200 933 sordes
1241 887 1297 932 et
1336 878 1555 946 quidam
1598 879 1823 934 frutices

227 968 486 1024 vitiorum
527 969 885 1036 mundantur,
916 971 1000 1027 vel
1043 973 1208 1027 etiam
1257 973 1650 1045 exstirpantur.
1683 972 1822 1040 Quia

227 1077 362 1133 ergo
427 1063 587 1133 hujus
642 1064 874 1120 culturae
920 1065 1207 1136 diligentia
1274 1064 1496 1122 minime
1551 1066 1822 1137 prodest,

232 1156 452 1226 quando
498 1173 663 1213 omne
705 1157 904 1212 bonum
957 1169 1173 1213 naturae
1205 1174 1312 1213 non
1357 1158 1424 1212 ad
1461 1158 1618 1213 fidem
1653 1158 1826 1213 refer-

237 1256 360 1302 tur:
385 1249 509 1319 quia
523 1249 703 1319 justus
730 1266 796 1303 ea;
834 1250 938 1316 ﬁde
959 1251 1104 1307 ri:it:
1134 1250 1377 1320 praedicti
1409 1250 1678 1305 idolorum
1712 1249 1825 1305 cul-

235 1351 385 1399 tores
432 1346 806 1414 opprimentes
853 1343 1128 1407 fidelium,
1179 1343 1428 1414 quamvis
1476 1343 1702 1398 h0neste
1749 1343 1828 1395 vi-

236 1438 496 1502 ventium,
528 1437 694 1492 corda
715 1452 810 1494 eos
833 1438 977 1492 velut
999 1437 1232 1508 quadam
1258 1437 1468 1492 ratione
1496 1436 1828 1492 seductionis

236 1533 290 1588 in
323 1548 567 1588 errorem
595 1533 858 1589 inducunt
884 1534 1046 1588 :dum
1071 1533 1225 1604 quasi
1249 1549 1442 1604 agrum
1465 1547 1681 1596 eorum,
1714 1533 1828 1587 sive

235 1626 470 1692 vineam,
520 1626 838 1698 dissipando
882 1626 1065 1698 fruges
1110 1641 1322 1694 eorum,
1365 1626 1638 1682 violenter
1679 1625 1827 1680 abri-

239 1720 412 1790 piunt.

312 1811 368 1866 Ν
372 1812 499 1868 udos
520 1814 676 1867 etiam
697 1814 960 1868 dimittunt
977 1813 1230 1880 homines,
1251 1814 1553 1868 indumenta
1573 1811 1827 1866 tollentes.

238 1907 377 1962 Dum
409 1923 506 1963 eos
536 1907 802 1977 operibus
827 1907 987 1962 bonis
1014 1907 1344 1976 exspoliant.

315 2001 514 2068 Quibus
543 2019 642 2056 non
667 2011 741 2056 est
771 2003 1148 2072 operimentum
1179 2002 1230 2055 in
1253 2001 1471 2075 frigore.
1497 2000 1626 2056 Illos
1645 1999 1832 2069 utique

239 2095 571 2165 exspoliant,
603 2095 692 2165 qui
721 2094 1004 2149 charitatis
1037 2095 1136 2150 Dei
1167 2111 1271 2148 non
1305 2093 1509 2149 habent
1537 2093 1832 2146 vestimen-

243 2195 382 2250 tum,
415 2197 468 2241 et
507 2185 711 2241 idcirco
740 2189 794 2241 in
825 2186 1149 2241 infidelitate
1193 2187 1376 2256 algent
1404 2201 1417 2237 :
1465 2185 1588 2254 quia
1611 2185 1833 2254 spiritus

237 2279 505 2336 ferventis
529 2281 710 2336 tunica
741 2280 891 2335 indui
923 2296 1032 2335 non
1056 2289 1354 2336 merentur.

315 2373 458 2440 Quos
499 2375 687 2430 imbres
716 2375 966 2429 montium
1000 2375 1195 2448 rigant.
1223 2373 1335 2429 Hos
1360 2388 1493 2442 ergo
1535 2386 1629 2437 per
1671 2371 1835 2426 mise-

241 2466 380 2522 riam
408 2467 705 2522 destitutos
726 2467 981 2522 domibus
1012 2467 1126 2520 suis
1165 2465 1297 2520 dicit
1343 2483 1354 2518 :
1395 2463 1832 2534 quandoquidem

239 2573 340 2615 eos
353 2558 614 2613 montium
630 2560 897 2628 cavernis,
917 2567 971 2614 et
985 2558 1314 2614 umbraculis
1327 2557 1559 2628 operiet,
1573 2564 1835 2627 etquanta

239 2651 313 2706 sit
363 2651 444 2706 eis
487 2655 540 2707 in
587 2653 718 2722 ipsis
775 2653 1053 2709 montibus
1097 2657 1395 2708 necessitas
1439 2651 1833 2717 commorandi,

239 2743 524 2801 describit.
547 2745 694 2813 Quos
718 2745 922 2800 imbres
943 2747 1211 2802 montium
1234 2747 1436 2816 rigant,
1472 2744 1524 2799 id
1551 2752 1658 2809 est,
1681 2743 1836 2813 aquis

238 2839 312 2895 de
361 2840 494 2908 ipsis
545 2839 824 2896 montibus
856 2841 1078 2910 copiose
1132 2840 1430 2896 fluentibus
1476 2838 1827 2893 mandantur.

237 2931 392 3000 Quos
414 2932 617 2988 imbres
643 2933 914 2987 montium
943 2933 1142 3002 rigant.
1167 2931 1284 2987 Non
1315 2930 1582 2986 imbribus
1610 2930 1734 2985 coeli
1765 2929 1836 2983 ri-

237 3036 478 3098 gantur,
529 3025 624 3082 sed
672 3024 936 3081 montium
987 3025 1374 3080 extollentium
1420 3038 1483 3078 se
1541 3022 1834 3078 adversum

236 3117 524 3174 scientiam
556 3118 674 3182 Dei,
705 3135 827 3188 qua:
858 3119 927 3173 de
954 3117 1096 3175 calo
1122 3126 1228 3173 est.

315 3207 383 3262 Et
422 3227 526 3264 non
577 3209 820 3265 habentes
867 3211 1133 3276 velamen,
1179 3210 1551 3278 amplexantur
1606 3206 1829 3276 lapides.

237 3301 587 3360 Manifestius
617 3302 709 3358 alii
737 3303 1038 3359 dixerunt:
1072 3305 1315 3373 Quicum
1350 3313 1549 3374 tegmen
1589 3319 1692 3356 non
1736 3301 1833 3355 Ita-

237 3394 394 3449 beant
426 3407 569 3467 petra
591 3398 998 3465 adoperiuntur.
1041 3397 1109 3451 Et
1133 3412 1239 3451 non
1269 3396 1532 3452 habentes
1561 3395 1830 3463 velamen,

234 3489 624 3558 amplexantur
662 3489 894 3562 lapides.
929 3489 1045 3545 Hoc
1071 3498 1179 3553 est,
1221 3489 1342 3545 sine
1369 3489 1698 3543 vestimento
1725 3489 1836 3541 vir-

239 3588 421 3636 tutum
449 3582 693 3651 peccatis
721 3584 857 3649 suis,
880 3591 938 3638 et
963 3582 1249 3637 erroribus
1279 3581 1643 3636 delectantur.

319 3675 438 3730 Vim
459 3677 691 3746 fecerunt
721 3676 1074 3748 depraedantcs
1099 3675 1352 3748 pupillos.
1380 3674 1482 3731 Ubi
1517 3673 1834 3742 intelligitur

234 3768 367 3839 quid
412 3768 745 3825 habentibus
793 3769 1056 3835 fecerint,
1093 3769 1535 3842 quandoquidem
1578 3767 1833 3822 facultate

235 3861 576 3916 tenuissimis
605 3877 715 3916 non
747 3860 968 3917 fuerunt
1013 3861 1244 3917 miserti.
1295 3860 1416 3916 Vim
1463 3860 1710 3915 fecerunt
1738 3857 1834 3914 de-

233 3952 548 4023 praedantes
589 3953 841 4024 pupillos.
903 3953 1030 4008 lllos
1082 3954 1245 4008 etiam
1289 3953 1380 4024 qui
1425 3953 1676 4007 notitiam
1727 3949 1830 4004 ali-

231 4060 396 4116 quam
427 4045 730 4102 secundum
762 4053 972 4101 naturae
1018 4046 1218 4102 bonum
1268 4046 1490 4112 habent,
1539 4058 1700 4115 quam
1739 4041 1834 4097 de-

233 4135 464 4194 fendere
515 4153 628 4194 non
683 4149 982 4209 poterant;
1039 4138 1221 4210 fragili
1273 4141 1458 4194 animo
1523 4146 1578 4192 et
1640 4136 1830 4207 puerili

234 4229 490 4286 viventes
527 4249 540 4284 :
593 4231 941 4288 suasionibus
975 4233 1179 4302 pravis,
1213 4231 1318 4285 vim
1360 4231 1660 4286 inferentes
1690 4243 1831 4298 pra:-

231 4319 348 4378 dati
367 4331 513 4378 sunt.
728 4378 741 4389 ,

308 4414 378 4469 Et
428 4417 636 4487 vulgum
687 4433 966 4489 pauperem
1014 4419 1368 4489 spoliarerint.
1426 4414 1826 4472 Multitudinem

231 4522 452 4579 quoque
477 4509 662 4579 populi
693 4510 859 4564 vilem
887 4510 1124 4577 actibus,
1153 4520 1207 4564 et
1231 4509 1448 4564 inscitia
1481 4522 1775 4577 pauperem
1812 4525 1825 4561 :

229 4603 280 4659 si
328 4604 462 4674 quid
507 4603 760 4660 fuitassis
802 4604 1034 4660 habebat
1077 4603 1327 4674 justitize,
1356 4612 1454 4657 aut
1477 4603 1642 4657 etiam
1673 4601 1830 4655 inno-

230 4695 435 4751 centiae
483 4698 770 4762 naturalis,
798 4696 928 4750 dum
969 4697 1022 4750 in
1068 4695 1246 4764 majus
1285 4696 1493 4749 erroris
1514 4693 1599 4748 sui
1626 4694 1826 4747 malum

230 4789 588 4859 pertrahunt,
626 4788 902 4858 pra‘dictis
930 4787 1085 4842 bonis
1111 4787 1504 4856 spoliaverunt.

308 4882 488 4938 Nudis
517 4893 564 4936 et
590 4882 942 4937 incedentibus
967 4881 1154 4950 absque
1179 4881 1380 4949 vestitu,
1409 4889 1456 4933 et
1483 4877 1831 4934 esurientibus

231 4975 466 5030 tulerunt
496 4975 690 5046 spicas.
724 4975 892 5030 Nudis
927 4974 1054 5040 fide,
1081 4973 1288 5044 Deique
1324 4972 1570 5028 custodia
1601 4972 1832 5026 destitu—

230 5067 329 5133 tis,
369 5067 696 5122 vestimenta
742 5081 960 5137 quoque
990 5065 1132 5136 spei,
1181 5072 1239 5120 et
1276 5063 1561 5118 charitatis
1607 5062 1828 5128 divinat,

229 5169 670 5232 ceterarumque
720 5160 985 5215 virtutum
1030 5157 1290 5215 excubias
1331 5173 1440 5212 non
1483 5155 1830 5221 habentibus,

232 5250 437 5321 quibus
465 5253 664 5307 animae
691 5261 1030 5308 exornantur
1058 5269 1072 5305 :
1112 5252 1276 5306 etiam
1315 5250 1520 5320 spicas,
1554 5249 1607 5302 in
1635 5248 1835 5319 quibus

236 5342 483 5398 divinam
528 5344 778 5399 notitiam
821 5345 1140 5415 adopertam
1174 5343 1406 5405 habent,
1439 5341 1777 5396 abstulerunt
1817 5358 1832 5394 :

239 5449 312 5490 ne
345 5437 650 5492 esurientes
671 5439 959 5493 scientiam
986 5437 1080 5492 Dei
1108 5479 1122 5504 ,
1147 5433 1474 5507 quandoque
1501 5443 1708 5488 reteCto
1745 5447 1840 5487 ve-

241 5526 472 5598 lamine,
504 5541 728 5601 possent
771 5532 942 5602 ipsam
988 5532 1187 5586 nudam
1242 5529 1523 5584 veritatem
1568 5537 1837 5597 tamquam

245 5632 446 5689 panem
465 5621 736 5678 alimoniae
760 5623 947 5677 vitalis
973 5623 1246 5694 accipere.

328 5710 474 5768 Inter
497 5731 702 5771 acervos
730 5733 907 5772 eamut
936 5716 1190 5770 meridiali
1211 5723 1351 5780 sunt,
1385 5715 1474 5784 qui
1498 5712 1706 5766 calcatis
1735 5725 1837 5766 tor-

652 5810 924 5872 ΡΑτιιοι.
975 5809 1210 5873 XXVI.

1924 419 2144 482 simum,
2194 427 2248 471 ut
2286 419 2387 472 sub
2429 418 2640 484 labore,
2701 433 2755 477 et
2801 426 2978 480 fructu
3009 428 3240 482 aliorum
3295 431 3385 484 alii
3440 447 3523 486 re-

1923 509 2230 578 quiescant,
2265 521 2320 566 et
2370 511 2712 569 inebrientnr
2745 518 2875 571 vino
2914 534 3103 574 eorum
3133 523 3246 591 qui,
3272 525 3519 579 collectis

1922 603 2215 659 vindemiis
2255 606 2390 670 suis,
2431 606 2640 662 sitiunt.
2677 608 2820 665 Inter
2849 626 3076 667 acervos
3125 629 3313 670 eorum
3353 617 3520 672 meri-

1923 694 2058 749 diali
2084 705 2212 750 sunt
2240 697 2356 766 qui,
2379 696 2608 753 calcatis
2632 700 3019 768 torcularibus,
3040 705 3250 759 sitiunt.
3281 707 3522 764 Sublatis

1924 788 2086 858 igitur
2115 791 2296 860 spicis,
2333 806 2429 861 per
2459 793 2687 863 figuram
2721 795 2859 850 intra
2890 813 2949 852 se
2974 798 3138 852 divini
3169 801 3406 856 nominis
3428 817 3522 857 no-

1926 880 2098 935 titiam
2125 883 2559 950 continentibus,
2589 887 2807 956 quando
2833 904 2897 943 ex
2931 891 3008 944 eis
3039 889 3094 944 hi
3125 893 3214 961 qui
3248 892 3527 951 habebant

1925 988 2020 1029 eas
2054 976 2214 1045 plena
2245 978 2596 1047 cogitatione,
2641 981 2872 1036 solidum
2910 984 3089 1039 cibum
3129 974 3462 1044 conficerent
3511 1009 3520 1041 :

1925 1065 2246 1123 seductores
2293 1071 2517 1125 violenti
2559 1071 2700 1126 inter
2743 1073 2882 1128 bona
2927 1091 3118 1130 eorum
3162 1094 3326 1147 opera
3371 1081 3523 1150 quasi

1928 1159 2071 1214 inter
2122 1176 2347 1217 acervos
2399 1164 2698 1233 gloriantes
2743 1166 3118 1234 requiescunt,
3169 1171 3381 1237 sibique
3425 1173 3524 1226 tri-

1927 1253 2121 1308 buunt.
2155 1256 2211 1310 Si
2235 1258 2354 1324 quis
2381 1259 2664 1327 gentilium
2710 1259 2939 1314 virtutes
2978 1269 3198 1316 Secutus
3231 1265 3392 1318 fuerit
3435 1281 3529 1318 na-

1929 1347 2156 1412 turales,
2189 1349 2256 1403 de
2288 1351 2487 1419 quibus
2533 1360 2807 1420 tamquam
2853 1353 3178 1418 seminibus,
3216 1359 3268 1410 in
3300 1373 3360 1411 se
3396 1375 3529 1426 0pc-

1930 1454 2048 1492 rnm
2082 1455 2316 1495 acervos
2344 1443 2642 1496 constituat
2677 1460 2690 1498 :
2722 1443 2824 1514 ipsi
2854 1454 3031 1498 tamen
3054 1446 3291 1511 seducti,
3321 1450 3528 1503 calcata

1933 1530 2190 1588 virtutum
2221 1533 2517 1601 vindemia,
2552 1546 2607 1591 et
2638 1553 2920 1607 expressa,
2967 1539 3158 1594 sitiunt
3188 1558 3200 1593 :
3231 1542 3358 1608 quia
3388 1544 3532 1596 veri-

1935 1625 2060 1679 tatis
2077 1628 2332 1694 poculum
2365 1628 2509 1698 apud
2541 1644 2656 1699 eos,
2687 1647 2717 1686 a
2746 1633 2946 1702 quibus
2969 1633 3022 1688 in
3052 1649 3245 1688 errore
3274 1634 3534 1690 abstracti

1857 1707 1905 1766 B
1935 1731 2082 1784 sunt,
2113 1736 2219 1774 non
2256 1722 2602 1779 invenerunt.

2003 1808 2084 1865 De
2133 1813 2429 1869 civitatibus
2476 1815 2706 1884 fecerunt
2753 1821 2886 1873 viros
2917 1837 3136 1890 gemere.
3180 1823 3297 1879 Non
3327 1825 3530 1887 solum,

1933 1904 2128 1974 inquit,
2163 1906 2290 1960 illos
2315 1908 2406 1977 qni
2436 1908 2557 1963 sine
2589 1911 2884 1966 munimine
2922 1912 3166 1970 habitant
3189 1919 3449 1985 spoliant,
3481 1929 3536 1972 ct

1932 1995 2210 2052 dominatu
2240 1998 2391 2054 dura:
2417 2002 2818 2068 superstitionis
2844 2003 3128 2078 affligunt:
3153 2023 3337 2062 verum
3371 2011 3533 2064 etiam

1932 2101 1986 2144 et
2017 2105 2114 2145 eos
2143 2091 2234 2160 qui
2265 2092 2512 2147 civitates
2549 2094 2814 2150 mentium
2841 2112 3062 2152 suarum
3100 2100 3256 2154 bonis
3289 2103 3535 2156 moribus

1935 2188 2171 2238 munitas
2192 2182 2515 2251 inhabitant,
2548 2187 3097 2256 pugnandoerrorum
3130 2193 3389 2248 arietibus
3407 2196 3536 2248 sub-

1931 2285 2117 2332 ruunt.
2161 2277 2319 2345 Quod
2348 2289 2404 2335 et
2431 2281 2618 2334 multis
2649 2281 2987 2350 philosotihis
3029 2288 3323 2355 contigisse
3367 2289 3538 2343 inani-

1935 2369 2135 2425 festum
2163 2381 2248 2426 est
2275 2384 2291 2424 :
2321 2373 2410 2443 qui
2438 2389 2561 2428 cum
2591 2375 2773 2444 magni
2809 2387 2863 2430 et
2894 2377 3025 2431 clari
3074 2378 3214 2433 circa
3246 2395 3536 2451 corporum

1935 2478 2162 2520 suorum
2198 2465 2402 2522 fuerint
2430 2469 2844 2535 continentiam,
2890 2485 3012 2524 cum
3036 2473 3242 2542 gemitu
3272 2485 3453 2530 tamen
3483 2489 3542 2532 et

1939 2555 2134 2611 labore
2187 2557 2356 2612 nimio
2411 2558 2476 2612 ad
2519 2560 2767 2616 veritatis
2809 2563 3057 2617 notitiam
3106 2564 3386 2632 pervenire
3435 2584 3541 2623 non

1939 2659 2251 2718 potuerunt.

2010 2741 2078 2795 Et
2119 2743 2301 2796 anima
2338 2744 2724 2799 vulneratorum
2767 2749 3028 2815 clamavit,
3063 2761 3111 2804 et
3154 2751 3291 2806 Deus
3317 2755 3542 2809 inultum

1937 2834 2080 2888 abire
2103 2851 2206 2889 non
2239 2837 2457 2902 patitur.
2492 2837 2637 2892 Deus
2666 2854 2853 2894 vocem
2877 2841 3281 2910 implorantium
3315 2845 3538 2902 inultam

1939 2927 2092 2983 abire
2121 2944 2226 2983 non
2258 2931 2484 2999 patitur,
2530 2931 2662 3000 quin
2709 2931 2971 2988 ultionem
3004 2936 3206 2990 tribuat
3245 2937 3315 2990 de
3341 2941 3546 2994 errori-

1939 3019 2042 3076 bus
2071 3037 2087 3072 :
2121 3031 2179 3075 ut
2204 3021 2334 3075 dum
2363 3022 2429 3077 ad
2455 3023 2742 3078 veritatem
2776 3026 2941 3079 saucii
2974 3038 3316 3093 peccatorum
3348 3033 3542 3087 vulne—

1861 3087 1906 3149 c
1942 3113 2094 3170 ribus
2123 3124 2541 3181 convertuntur,
2570 3117 2817 3172 convicta
2851 3118 3057 3174 falsitas
3082 3122 3356 3188 puniatur.
3379 3123 3546 3178 Punit

1939 3207 2110 3276 enim,
2144 3208 2361 3279 quando
2382 3225 2572 3264 eorum
2599 3209 2688 3280 qui
2723 3209 2929 3265 seducti
2972 3211 3184 3266 fuerant
3215 3215 3537 3270 conversio-

1942 3316 2064 3356 nem
2095 3301 2361 3357 destituit.
2395 3301 2550 3370 Quod
2597 3312 2778 3356 autem
2829 3304 2905 3355 ait
2946 3319 2958 3355 :
2992 3303 3187 3357 Anima
3221 3308 3538 3360 vulnerato-

1940 3409 2059 3448 rum
2112 3412 2125 3448 :
2167 3411 2264 3464 pro
2304 3409 2574 3450 consensu
2616 3396 2680 3448 ad
2732 3395 2898 3450 Deum
2944 3395 3292 3452 clamantium
3341 3400 3542 3453 intelli-

1937 3499 2149 3556 gamus.
2194 3487 2542 3542 Vastatorum
2584 3494 2771 3541 autem
2815 3487 3098 3541 tribulatio
3142 3504 3312 3558 usque
3353 3491 3420 3543 ad
3452 3509 3541 3562 ge-

1938 3579 2130 3633 mitum
2161 3580 2436 3635 civitatem
2468 3579 2831 3635 habitantium
2863 3581 3536 3648 pervenit-baLVulnerati

1937 3686 2068 3729 vero
2100 3689 2205 3728 non
2239 3673 2417 3728 solum
2464 3673 2805 3742 intelligendi
2835 3683 2964 3728 sunt
2993 3691 3006 3726 :
3035 3691 3267 3744 quarunt
3298 3691 3532 3747 corpora

1937 3766 2005 3822 ab
2050 3766 2171 3821 aliis
2217 3766 2692 3832 transfodiuntur,
2734 3783 2919 3820 verum
2969 3768 3136 3822 etiam
3179 3769 3252 3822 illi
3303 3787 3532 3838 qnortnn

1934 3859 2134 3914 animae
2169 3858 2408 3914 hostium
2449 3859 2645 3915 timore
2687 3859 2890 3926 nimio,
2925 3860 3076 3915 velut
3109 3860 3291 3930 gladio
3333 3862 3535 3918 feriun-

1939 3958 2046 4004 llll'.

2005 4043 2121 4115 Ipsi
2149 4047 2360 4116 fuerunt
2398 4045 2616 4100 rebelles
2659 4046 2864 4110 lumini.
2909 4048 3202 4102 nescierunt
3236 4051 3340 4104 vias
3376 4055 3486 4123 ejus
3515 4068 3532 4105 :

1936 4154 2028 4192 nec
2064 4140 2254 4192 reversi
2303 4148 2424 4194 sunt
2447 4155 2539 4211 per
2568 4139 2776 4193 semitas
2815 4156 2947 4210 ejus.
2999 4141 3309 4208 Dmmoues,
3359 4141 3531 4198 hat-rc-

1937 4229 2048 4293 tici,
2083 4229 2418 4299 philosophi,
2451 4231 2567 4286 sive
2595 4232 2764 4285 etiam
2791 4246 2980 4286 omnes
3012 4232 3163 4302 impii
3192 4232 3532 4305 intelligendi

1934 4330 2092 4388 sunt,
2149 4324 2239 4392 qui
2278 4333 2466 4378 contra
2509 4323 2811 4379 doctrinam
2853 4325 2944 4380 Dei
2987 4331 3168 4382 venire
3222 4341 3530 4397 conantur,

1936 4415 2060 4482 quia
2091 4415 2402 4472 mandatum
2431 4415 2555 4471 vitae
2587 4417 2676 4472 lux
2712 4429 2817 4486 est,
2851 4419 2973 4488 quia
3007 4419 3060 4474 in
3093 4431 3282 4477 natura
3326 4424 3547 4491 lumen,’

1939 4507 2124 4562 lumen
2168 4516 2254 4564 est
2295 4508 2441 4579 quod
2471 4524 2568 4580 per
2608 4524 2669 4564 se
2709 4520 2791 4565 est
2826 4527 2838 4562 :
2881 4511 3119 4565 tenebrm
3155 4528 3285 4568 vero
3314 4517 3531 4571 caecitas

1933 4599 2137 4656 cordis.
2171 4600 2237 4656 Et.
2266 4601 2494 4670 proinde
2533 4605 2580 4654 si
2611 4602 2826 4657 caecitas
2853 4602 3051 4670 cordis,
3090 4606 3327 4660 tenebras
3378 4620 3527 4670 sunt.

1935 4703 2086 4747 recte
2137 4694 2440 4749 exteriores
2489 4693 2750 4757 tenebrtu,
2799 4708 2974 4763 plenae
3024 4694 3417 4765 intelliguntur.
3462 4700 3528 4754 Ut

1933 4783 2104 4854 iniqui
2146 4784 2214 4840 de
2255 4795 2601 4853 peccatorum
2633 4800 2851 4838 suorum
2885 4787 3146 4852 tenebris,
3179 4790 3242 4840 ad
3293 4798 3532 4845 tormen-

1934 4888 2109 4934 torum
2141 4879 2395 4935 tenebras
2421 4877 2784 4948 projiciuntur
2814 4895 2827 4932 :
2875 4881 2953 4934 sic
2996 4879 3142 4934 intus
3183 4889 3238 4934 et
3270 4880 3403 4934 foris
3434 4883 3528 4938 Dei

1934 4973 2202 5027 sententia
2232 4980 2610 5027 COItSllmlllﬂla
2635 4987 2818 5025 coram
2847 4973 3056 5040 angelis
3088 4973 3204 5033 Dei.
3232 4974 3527 5031 induuntur

1936 5065 2077 5119 sicut
2109 5065 2352 5134 diploide
2373 5063 2691 5121 confusione
2716 5065 3089 5134 sua.0nagros
3115 5083 3240 5121 vero
3270 5067 3362 5136 qui
3381 5083 3529 5124 com-

1939 5170 2220 5214 morantur
2247 5161 2300 5214 in
2325 5160 2546 5215 deserto
2577 5175 2592 5215 :
2629 5174 2866 5230 paganos
2898 5175 3144 5230 quosque
3173 5176 3360 5216 errore
3392 5178 3523 5232 gen-

1942 5250 2176 5318 tilitatis,
2206 5250 2296 5321 qui
2327 5251 2377 5304 in
2409 5251 2628 5306 deserto
2655 5267 2801 5306 verte
2833 5250 3112 5322 religionis
3139 5265 3288 5320 sunt,
3324 5257 3530 5314 intelli-

1941 5358 2070 5414 gere
2102 5357 2417 5411 possumus,
2449 5358 2514 5397 eo
2560 5343 2702 5414 quod
2747 5344 2876 5414 jngo
2907 5355 3074 5400 certae
3116 5347 3394 5419 religionis
3426 5369 3532 5407 non

1944 5433 2356 5489 contineantur.
2387 5433 2450 5488 lli
2484 5434 2647 5504 igitur
2673 5434 3031 5504 egrediuntur
3061 5439 3125 5492 ad
3169 5455 3305 5510 opus
3350 5458 3528 5498 suum.

1949 5524 2143 5596 Egredi
2193 5539 2426 5594 namque
2459 5524 2730 5590 dicuntur,
2765 5526 2982 5595 quando
3021 5528 3246 5586 aﬂecuis
3284 5549 3411 5588 suos
3445 5551 3540 5602 per

1949 5619 2228 5675 doctrinas
2260 5633 2453 5690 pravas
2477 5619 2529 5674 in
2557 5635 2650 5675 eos
2677 5635 2810 5690 quos
2838 5619 3104 5676 seducunt
3125 5625 3440 5680 ostendunt.
3465 5629 3537 5683 lta

1954 5713 2099 5770 enim
2141 5711 2288 5768 omni
2322 5713 2543 5771 solertia
2573 5713 2954 5785 depraedantur
2997 5730 3158 5784 vagas
3202 5733 3388 5774 errore
3434 5725 3550 5778 ani-

3029 5807 3108 5867 2‘2
