4026 6326
521 225 627 285 685
1338 209 1684 275 APPEBIDIX
1721 209 1815 270 AD
1853 205 2099 268 TOMUM
2139 201 2492 266 SEPTIMUS!
2532 204 2591 264 S.
2637 197 3046 267 HIERONYMI.
3733 194 3847 258 σει

524 357 644 398 mas
663 348 723 396 ut
742 337 845 410 ipsi
863 331 1188 396 multitudini
1212 329 1435 400 perdita:
1462 327 1797 402 posteritatis
1820 341 1957 392 suaz,
1973 322 2125 381 velut
2151 323 2199 389 Α
2229 320 2534 382 intenebris
2565 319 2713 388 quasi
2744 319 2798 374 in
2826 317 2947 376 luce
2967 309 3338 376 ambulant.Si
3358 307 3625 410 quispiam
3649 305 3849 376 dispu-

526 401 849 491 alimentitm
872 429 1026 504 panis
1051 425 1262 484 letbalis
1277 401 1563 488 doctrinae,
1591 419 1947 491 pertinaciam
1965 415 2124 472 dere-
2227 423 2369 471 tator
2379 411 2668 476 exstiterit,
2685 412 2774 482 qui
2790 419 2977 466 contra
2995 423 3090 464 eos
3114 406 3289 466 lucem
3314 401 3620 467 manifesne
3636 403 3848 458 verita-

528 527 799 599 linquant.
873 495 886 504 ’
2229 509 2300 564 tis
2315 516 2569 574 enarret,
2589 505 2828 562 convicti
2850 504 3185 558 arbitrantur
3197 517 3257 558 se
3279 498 3572 558 incurrisse
3586 495 3847 560 umbram

603 589 763 677 lianc
792 619 961 691 primo
995 618 1268 684 consurget
1296 608 1560 665 homicida
1585 622 1603 662 :
1631 605 1876 677 interﬁcit
1905 618 2124 674 egenum

2231 606 2440 675 mortis,
2463 613 2520 660 et
2545 601 2901 660 nihilominus
2922 600 2980 660 in
3003 597 3249 655 stultitiae
3273 610 3391 653 suae
3416 592 3657 652 tenebris
3675 632 3691 658 ,
3719 589 3844 646 vel-

527 727 578 772 et
608 683 902 786 pauperem.
935 709 1136 766 lterum
1167 683 1330 762 mane
1370 703 1578 759 dictum
1604 710 1710 767 est,
1743 713 1843 769 pro
1882 713 1951 753 eo
1979 694 2122 763 quod
2228 709 2286 754 ut
2332 698 2387 754 in
2429 698 2548 752 luce
2589 694 2873 768 sapientia!
2916 691 3242 764 gloriantur.
3278 688 3466 744 Potest
3499 695 3555 743 et
3586 683 3848 740 diabolus

526 777 765 879 publica.
819 812 877 861 at
923 801 1069 858 clara
1115 799 1238 854 luce
1283 797 1490 852 malum
1533 791 1921 860 committitur,
1954 798 2012 844 ut
2054 790 2127 844 sit
2229 792 2535 858 homicida,
2587 790 2708 859 fur,
2755 800 2813 845 et
2848 787 3063 844 adulter
3091 783 3367 854 intelligi:
3417 781 3544 852 quia
3586 778 3655 835 ad
3691 777 3847 836 deci-

2229 886 2488 959 piendum
2522 884 2802 940 hominem
2831 882 3007 937 fsetus
3046 889 3132 936 est
3164 875 3435 942 homicida
3465 915 3482 943 ,
3517 882 3576 929 ut
3616 874 3694 930 ait
3728 871 3844 928 Do-

2229 982 2411 1042 minus
2452 998 2466 1034 :
2524 977 2629 1042 Ille
2680 975 2945 1035 homicida
2999 975 3100 1048 fuit
3153 974 3218 1028 ab
3267 973 3442 1028 utilia.
3485 969 3844 1025 Divinitatem

2230 1089 2444 1146 quoque
2490 1073 2595 1130 sibi
2640 1087 2738 1142 per
2767 1069 3082 1140 superbiam
3124 1063 3436 1136 arrogando
3458 1105 3474 1129 ,
3506 1078 3668 1136 quam
3703 1077 3849 1132 prmo

2230 1167 2545 1236 sumptione
2596 1163 2765 1220 animi
2813 1163 2895 1218 sui
2948 1160 3181 1216 tentavit
3239 1158 3541 1222 invadere,
3579 1155 3848 1212 velutfur

2233 1259 2488 1317 inventus
2517 1267 2603 1314 est
2626 1300 2640 1324 ,
2672 1258 2762 1326 qui
2793 1257 2975 1312 aliena
3001 1261 3236 1310 conatur
3261 1251 3504 1307 auferre.
3539 1250 3642 1316 Qui
3671 1251 3845 1304 etiarn

2232 1351 2556 1424 virginalem
2599 1351 2768 1416 illam,
2807 1360 2863 1404 et
2893 1359 3098 1404 castam
3119 1346 3471 1402 dilectionem
3496 1343 3593 1399 Dei
3626 1340 3843 1406 amisit,

2230 1448 2362 1504 dum
2408 1446 2748 1502 adulterinos
2776 1452 3012 1499 conatus
3033 1453 3224 1498 contra
3265 1439 3359 1496 Dei
3389 1438 3473 1494 sui
3495 1481 3511 1506 ,
3539 1447 3593 1496 et
3624 1436 3843 1492 Domini

2231 1557 2476 1598 amorem
2531 1539 2780 1606 faciens,
2833 1536 3052 1609 propria
3097 1535 3382 1591 voluntate
3424 1530 3699 1601 quasivit.
3743 1528 3848 1586 llic

2232 1637 2398 1709 igitur
2429 1651 2590 1691 mane
2633 1634 2812 1704 primo
2837 1672 2853 1697 ,
2888 1631 2942 1688 id
2971 1640 3091 1696 est,
3119 1630 3262 1686 circa
3292 1629 3465 1699 ipsam
3495 1626 3844 1684 nativitatem

528 898 683 970 quasi
709 896 882 968 gloria
910 895 1119 950 facinus
1135 889 1516 963 operantibus,
1540 897 1596 944 et
1619 884 1920 944 secundum
1950 881 2122 940 Sodo~

527 992 783 1048 mitaruni
825 988 1169 1058 exemplum,
1221 995 1506 1056 peccatum
1549 996 1708 1037 suum
1746 995 1856 1035 non
1895 977 2127 1038 abscon-

520 1085 740 1147 derunt,
765 1083 860 1139 sed
893 1081 1353 1153 praedicaverunt.
1383 1077 1571 1133 Potuit
1596 1083 1652 1132 et
1672 1074 1743 1130 de
1765 1073 1965 1144 iniquis
1983 1068 2127 1140 judie

526 1177 686 1234 cibus
717 1176 823 1232 hoc
845 1174 1076 1238 dixisse,
1121 1173 1216 1243 qui
1251 1172 1317 1226 ad
1347 1174 1451 1225 hoc
1484 1167 1750 1223 maturius
1790 1170 2039 1234 surgunt,
2069 1171 2130 1217 ut

529 1284 750 1326 causam
780 1266 964 1339 egeni,
995 1276 1052 1321 et
1081 1262 1333 1336 pauperis
1365 1261 1686 1317 muneribus
1715 1258 1956 1327 corrupti
1986 1271 2126 1326 pra:-

524 1363 865 1419 varicentur.
899 1358 1030 1415 Sive
1062 1357 1221 1412 aliter
1255 1375 1266 1410 :
1314 1355 1415 1410 Hic
1446 1354 1606 1424 igitur
1647 1349 1940 1418 homicida,
1980 1357 2129 1404 recte

525 1452 828 1509 haereticus
865 1451 1098 1522 quisque
1131 1448 1386 1514 sentitur,
1431 1462 1497 1501 es
1541 1460 1738 1502 eorum
1780 1456 2007 1499 numero
2035 1440 2129 1510 qui

523 1546 738 1601 animas
768 1543 1051 1599 hominum
1084 1541 1288 1606 noxiis,
1319 1551 1376 1598 et
1414 1538 1717 1598 lethalibus
1761 1535 2015 1593 sensibus
2043 1533 2127 1589 in-

525 1639 825 1696 terficiunt.
859 1637 1014 1703 Quod
1056 1646 1239 1691 autem
1287 1632 1441 1695 dicit,
1485 1647 1647 1688 mane
1686 1630 1862 1699 primo
1898 1643 2126 1686 consur-

529 1733 611 1804 git
639 1750 653 1786 :
681 1730 815 1786 illud
847 1740 931 1785 cst
959 1747 972 1782 :
1007 1728 1131 1799 quia
1173 1741 1298 1782 cum
1324 1725 1378 1779 lii
1411 1724 1502 1796 qui
1527 1740 1652 1781 cum
1693 1738 1868 1792 nuper
1897 1722 2002 1776 lide
2029 1720 2129 1774 ini—
2155 1707 2209 1774 Β
2239 1707 2556 1800 p'rotoplasti
2590 1725 2825 1780 hominis
2852 1765 2865 1788 ,
2916 1723 2982 1778 ad
3031 1720 3402 1779 seducendum
3443 1735 3566 1775 cum
3602 1735 3699 1790 per
3727 1719 3847 1790 ejus

529 1825 649 1881 tiati
677 1831 827 1888 sunt,
855 1821 1184 1878 matutinum
1217 1818 1480 1886 habeant,
1514 1817 1569 1872 id
1599 1825 1706 1883 est,
1738 1815 1892 1885 quasi
1925 1813 2128 1884 princi-

522 1919 676 1989 pium
730 1924 974 1972 sanctam
1013 1913 1333 1984 religionem
1394 1927 1406 1963 :
1455 1911 1577 1965 sive
1632 1909 1737 1979 ipsi
1796 1905 2126 1963 matutinum

522 2009 703 2069 ellecti
730 2011 861 2077 sint,
891 2022 1016 2062 cum
1048 2005 1116 2066 de
1143 2004 1386 2061 tenebris
1417 2011 1473 2058 et
1496 2002 1623 2058 filiis
1644 2001 1821 2057 noctis
1842 1998 1972 2055 facti
1999 2008 2130 2056 sunt

522 2103 578 2160 in
611 2101 844 2158 Domino
875 2098 968 2154 lilii
1000 2098 1127 2162 Dei;
1177 2097 1231 2152 hi
1270 2094 1516 2168 perfidia:
1547 2108 1664 2149 sua:
1697 2107 1972 2149 venenum
2003 2107 2127 2161 pro-

523 2199 718 2266 pinare
739 2191 1020 2257 festinant,
1052 2197 1111 2246 ut
1141 2204 1236 2243 cos
1266 2187 1563 2258 decipiant.
1598 2185 1727 2242 Sive
1760 2185 1928 2240 aliter
1959 2199 1974 2237 :
2016 2182 2128 2238 Mae-

527 2304 617 2354 nc,
656 2286 907 2341 Christus
939 2281 1328 2352 intelligendus
1365 2288 1486 2346 est,
1523 2279 1594 2336 ad
1635 2277 1790 2347 cujus
1841 2291 2125 2332 resurrec-

525 2383 729 2438 tionem
754 2379 995 2436 ltiereses
1023 2377 1075 2431 in
1110 2374 1356 2432 Ecclesia
1381 2387 1508 2428 esse
1533 2380 1838 2442 ceperunt.

600 2473 703 2529 Per
732 2481 933 2527 noctem
979 2485 1096 2526 erro
1121 2469 1216 2524 erit
1242 2465 1391 2537 quasi
1419 2466 1525 2534 lar.
1559 2464 1765 2521 Omnes
1793 2477 1989 2521 sensus
2017 2462 2128 2518 bte-

523 2567 849 2628 reticorum,
883 2561 1030 2617 nocti
1056 2568 1114 2616 et
1157 2557 1403 2615 tenebris
1428 2555 1784 2627 comparandi
1815 2563 1968 2622 sunt,
1999 2555 2124 2622 quia

522 2660 707 2716 lumen
736 2674 842 2712 non
868 2655 1072 2710 habent
1094 2652 1360 2708 veritatis.
1386 2650 1495 2722 Ipsi
1521 2650 1684 2706 etiam
1715 2657 1846 2705 sunt
1867 2647 2123 2710 adulteri,

524 2752 656 2822 quia
703 2748 922 2818 eloquia
962 2746 1054 2804 Dei
1111 2752 1263 2802 casta
1318 2741 1622 2801 adulterina
1673 2739 2128 2811 interpretatione

524 2848 904 2910 corrumpunt.
946 2837 1172 2894 Noctem
1224 2851 1357 2892 vero
1403 2835 1527 2894 ideo
1562 2833 1766 2891 dictam
1816 2841 1968 2901 puto,
1997 2831 2126 2903 quia

526 2933 984 3006 prtevaricatores
1010 2929 1357 2999 negotiorum
1381 2938 1654 2986 secretum
1672 2925 1944 2996 quoddam
1966 2925 2126 2996 quasi

526 3036 745 3096 tempus
771 3031 1120 3086 nocturnum,
1161 3021 1469 3092 requirunt,
1500 3018 1723 3090 quando
1756 3031 1986 3077 munera
2027 3031 2128 3086 pro

526 3119 708 3177 causis
733 3117 1109 3189 prtevaricatis
1139 3114 1430 3185 accipiunt.

601 3210 800 3268 Oculus
822 3210 1048 3266 adulteri
1069 3208 1301 3266 observat
1331 3206 1629 3280 caliginem,
1663 3206 1862 3272 dicens.
1899 3204 2020 3262 Non
2051 3221 2130 3261 inc

527 3307 714 3362 ridebit
756 3304 958 3370 oculus,
1000 3313 1046 3362 et
1095 3301 1292 3371 aperiet
1322 3302 1522 3358 cultant
1572 3316 1744 3358 suum.
1781 3299 1914 3358 Sive
1953 3307 2011 3356 tit
2038 3298 2129 3353 alii

528 3399 783 3456 dixerunt
812 3415 827 3451 :
877 3397 942 3454 Et
975 3396 1255 3454 latibulum
1297 3394 1448 3465 [aciei
1483 3395 1674 3462 posuit.
1709 3393 1768 3452 ιιι
1810 3402 1916 3458 est,
1943 3391 2130 3449 cordis

526 3493 652 3562 ejus
681 3490 894 3555 oculus,
924 3487 1201 3545 oblivione
1228 3493 1538 3542 crematus
1571 3495 1679 3550 est,
1707 3483 1841 3542 utin
1869 3483 1987 3553 ejus
2016 3497 2131 3539 me-

531 3584 761 3643 moriam
792 3596 900 3638 non
933 3579 1426 3646 ascenderet,quia
1450 3577 1692 3634 omnium
1712 3577 2128 3646 cogitationum,

527 3692 586 3739 et
610 3694 838 3752 operum
871 3679 1235 3732 humanorum
1270 3671 1538 3728 malorum
1573 3671 1714 3726 Deus
1736 3680 1820 3725 est
1852 3671 2132 3740 inspector

529 3783 582 3832 et
622 3773 894 3843 cognitor.

605 3865 842 3937 Perfodit
893 3864 946 3918 in
1005 3860 1224 3916 tenebris
1285 3858 1463 3914 domos
1501 3898 1515 3922 ,
1572 3858 1703 3911 sicut
1762 3857 1818 3910 in
1875 3856 1960 3913 dic
2009 3872 2127 3911 ron-

533 3958 771 4012 dixerant
828 3953 973 4018 sibi,
1030 3961 1078 4005 et
1122 3952 1489 4023 ignoravrrunt
1540 3948 1726 4002 larem.
1788 3945 2129 4004 Manifestum

533 4058 642 4112 est.
692 4047 836 4118 quod
886 4059 979 4113 per
1022 4043 1166 4100 diem
1197 4041 1337 4100 hanc
1375 4040 1620 4110 rapinam
1663 4055 1760 4097 sua
1805 4041 2133 4115 cogitatione

537 4141 836 4211 disponunt
870 4180 884 4202 .
945 4145 1234 4205 antequam
1290 4133 1357 4189 ad
1414 4134 1558 4202 ipsas
1618 4130 1920 4190 facinorum
1985 4141 2134 4190 lenos-

545 4233 674 4288 bras
724 4232 963 4286 veniant.
1025 4226 1267 4284 Perfodit
1308 4227 1361 4284 itt
1411 4225 1647 4280 tenebris
1691 4225 1886 4280 domos
1918 4268 1932 4292 ,
1994 4224 2135 4282 sicut

536 4333 590 4385 in
635 4328 727 4383 die
765 4324 1126 4381 condixerant
1164 4321 1289 4376 sibi.
1335 4319 1720 4390 Unusquisque
1759 4319 2049 4376 ltmt‘eticus
2077 4320 2132 4376 in

2231 1821 2517 1876 mulierem
2565 1817 2951 1884 consurrexit,
3009 1825 3066 1870 et
3108 1829 3233 1872 eum
3279 1827 3554 1885 tamquam
3585 1821 3844 1883 egentem

2230 1913 2494 1978 consilio,
2520 1922 2575 1968 et
2603 1926 2898 1982 pauperem
2920 1952 2934 1977 ,
2961 1909 3050 1981 qui
3079 1908 3421 1980 experientia
3445 1907 3629 1963 minus
3652 1913 3849 1962 cautus

2226 2017 2408 2073 esset,
2459 2005 2791 2076 deceptione
2841 2003 3120 2060 insidiosae
3176 1999 3552 2074 persuasionis
3608 1999 3840 2058 occidit.

2230 2100 2454 2156 Noctem
2487 2114 2620 2155 vero
2651 2098 2860 2170 peccati
2888 2099 3008 2168 ipse
3033 2096 3142 2153 sibi
3168 2103 3435 2166 operatus
3463 2106 3547 2152 est
3577 2113 3592 2150 :
3620 2094 3847 2165 quando

2228 2193 2297 2249 ad
2342 2193 2686 2250 divinitatem
2735 2190 3098 2248 invadendam
3127 2231 3145 2255 ,
3178 2190 3329 2245 velut
3353 2187 3443 2244 fur
3473 2188 3718 2259 irrepere
3749 2203 3845 2243 vo-

2231 2285 2448 2353 luerat,
2499 2285 2692 2342 dicens
2735 2300 2751 2344 :
2789 2284 2963 2356 Super
2997 2284 3174 2340 sidera
3209 2281 3324 2338 cuili-
3363 2299 3557 2354 ponatn
3597 2281 3845 2337 thronum

2229 2394 2429 2441 meum,
2461 2387 2510 2434 et
2536 2395 2626 2434 ero
2670 2379 2859 2433 similis
2880 2377 3155 2434 Altissimo
3186 2392 3206 2432 :
3235 2387 3287 2432 et
3311 2373 3511 2431 exinde
3538 2390 3662 2431 cum
3692 2375 3843 2442 suis,

2228 2486 2372 2542 quos
2411 2472 2537 2528 cali
2583 2469 2763 2525 sidera
2792 2469 3090 2539 appellavit
3112 2510 3129 2532 .
3164 2484 3272 2524 nox
3299 2480 3353 2524 et
3380 2466 3620 2524 tenebrae
3647 2508 3661 2529 ,
3698 2467 3841 2537 prin-

2227 2580 2472 2636 oepsque
2505 2563 2855 2620 tenebrarum
2889 2573 2973 2617 est
3001 2559 3340 2632 appellatus.
3387 2560 3456 2616 Et
3497 2569 3646 2616 recte
3675 2604 3688 2626 ,
3717 2558 3842 2629 quia

2235 2657 2448 2712 Domini
2481 2657 2664 2712 lumen
2693 2656 2976 2711 amiserat.
3010 2652 3238 2723 Hicjam
3265 2653 3316 2710 in
3344 2662 3692 2720 peccatorum
3718 2668 3845 2708 sun-

2232 2767 2353 2808 rum
2391 2749 2632 2808 tenebris
2655 2749 2985 2804 constitutus
3009 2789 3024 2812 ,
3068 2745 3274 2803 vultum
3309 2746 3466 2804 mala
3493 2744 3843 2801 conscientiae

2231 2858 2346 2898 suat
2369 2842 2731 2898 obduratione
2752 2841 3013 2910 operuit,
3045 2837 3419 2910 paenitentiam
3451 2854 3556 2892 non
3586 2848 3841 2892 acturus:

2230 2945 2288 2989 et
2319 2932 2523 2989 idcirco
2546 2932 2738 2988 divino
2769 2932 2976 2990 lumine
3006 2930 3252 3002 privatus
3276 2972 3292 2996 ,
3331 2928 3516 2990 studet
3555 2939 3716 2998 atque
3744 2929 3844 2990 ob-

2229 3036 2414 3081 servat
2442 3068 2456 3090 ,
2489 3035 2548 3080 ut
2588 3041 2651 3081 ea
2683 3042 2805 3094 qua:
2836 3023 3077 3084 tenebris
3101 3066 3115 3088 ,
3161 3030 3221 3082 et
3258 3022 3496 3092 caligine
3525 3030 3651 3078 sunt
3681 3021 3841 3092 digna

2153 3096 2203 3162 ο
2234 3120 2558 3176 committat.
2596 3119 2748 3176 Unde
2776 3119 2828 3174 in
2861 3118 2946 3175 his
2976 3117 3238 3189 operibus
3262 3117 3426 3174 vitam
3457 3131 3644 3188 egens,
3677 3115 3844 3172 fodict

2228 3211 2336 3267 sibi
2383 3211 2578 3266 domos
2631 3210 3035 3270 habitationum
3077 3209 3132 3266 itt
3163 3209 3360 3266 inferis
3383 3250 3400 3275 ,
3431 3225 3555 3264 cum
3593 3209 3702 3264 illis
3727 3209 3841 3264 suis

2233 3302 2500 3359 ministris
2523 3345 2539 3368 ,
2570 3320 2698 3366 cum
2727 3303 2924 3373 quibus
2966 3318 3029 3360 se
3066 3301 3334 3360 adversus
3368 3302 3531 3360 Deum
3560 3343 3574 3365 ,
3605 3312 3655 3359 et
3689 3316 3844 3358 cres-

2237 3403 2409 3451 torent
2438 3395 2651 3464 erigere
2695 3396 2940 3454 tentavit.
2975 3394 3037 3451 lli
3083 3409 3220 3464 ergo
3263 3393 3494 3454 ministri
3513 3393 3632 3463 ejus
3656 3435 3673 3459 .
3713 3409 3840 3449 cum

2234 3488 2414 3543 adhuc
2455 3487 2600 3544 beati
2649 3499 2833 3546 essent
2882 3488 2935 3546 in
2979 3487 3072 3544 illa
3103 3497 3308 3548 aeterna
3341 3486 3594 3545 felicitate
3620 3532 3636 3555 ,
3670 3488 3724 3542 in
3750 3487 3840 3543 die

2235 3578 2333 3633 illo
2360 3580 2546 3650 utique
2573 3579 2942 3650 sempiterno,
2967 3579 3063 3649 qui
3091 3596 3199 3636 non
3229 3579 3392 3639 habet
3421 3579 3633 3639 initium
3663 3595 3839 3650 neque

2234 3670 2437 3738 liuent.
2484 3673 2538 3729 in
2585 3674 2688 3734 hoc
2719 3673 3063 3744 sacrilegium
3096 3671 3406 3743 tyrannidis
3430 3681 3559 3732 sunt
3585 3687 3708 3732 cum
3739 3688 3837 3725 suo

2237 3763 2487 3833 principe
2508 3764 2790 3829 collocuti.
2820 3774 2876 3822 ct
2905 3773 3238 3834 putaverunt
3265 3805 3280 3830 ,
3303 3764 3450 3834 quod
3473 3764 3618 3825 Deus
3637 3764 3730 3834 qui
3757 3772 3838 3820 est

2237 3855 2328 3912 lux
2363 3872 2490 3916 vera
2514 3899 2530 3923 .
2571 3857 2792 3928 sapiens
2821 3866 2875 3916 et
2905 3857 3270 3927 intelligibilis
3295 3899 3310 3923 .
3341 3858 3444 3918 hoc
3477 3859 3677 3918 malum
3707 3874 3831 3914 con-

2239 3953 2490 4008 tumaciae
2514 3967 2702 4008 eorum
2735 3951 3061 4022 impunitum
3106 3952 3445 4022 relinqueret
3468 3993 3482 4018 ,
3517 3961 3577 4008 ut
3604 3967 3710 4008 non
3743 3964 3832 4006 eos

2237 4043 2309 4100 de
2340 4044 2432 4100 illa
2473 4044 2637 4101 beata
2666 4053 2832 4114 atque
2860 4045 3101 4114 gloriosa
3126 4044 3255 4102 sede
3284 4044 3574 4114 deﬁceret.
3602 4043 3666 4100 Et
3699 4044 3831 4097 hanc

2238 4147 2371 4208 puto
2399 4136 2574 4203 dixit,
2612 4138 3011 4208 ignoraverunt
3053 4138 3225 4196 lucent
3267 4155 3282 4192 :
3317 4136 3460 4208 quod
3490 4139 3830 4195 existimave-

2241 4239 2364 4284 runt
2393 4227 2560 4284 Deutn
2604 4227 2711 4283 hoc
2731 4229 2812 4285 eis
2841 4229 3067 4286 minime
3100 4228 3372 4288 facturum
3392 4271 3406 4294 ,
3441 4236 3665 4299 propter
3691 4230 3829 4300 quod

2239 4322 2531 4377 excaecatis
2562 4323 2837 4377 mentibus
2861 4363 2876 4386 ,
2918 4324 3208 4378 mternales
3238 4324 3481 4379 tenebrae
3503 4323 3635 4380 facti
3662 4333 3789 4379 sunt
3817 4343 3829 4377 ε

536 4419 807 4493 pravitate
852 4415 1120 4472 doctrinae
1151 4411 1486 4475 c0nsistcns,
1534 4425 1642 4472 non
1698 4411 1843 4468 dulci
1885 4421 1940 4468 et
1981 4409 2136 4468 suavi
2159 4485 2206 4493 _
2238 4414 2330 4485 qui
2360 4425 2414 4468 et
2437 4423 2741 4484 potestates
2765 4415 2898 4472 dicti
2926 4423 3059 4473 sunt
3086 4415 3435 4480 tenebrarum
3467 4435 3478 4470 :
3511 4416 3562 4472 id
3586 4425 3668 4471 est
3692 4458 3707 4480 ,
3741 4418 3833 4471 ho-

535 4528 799 4573 sermone
844 4509 1145 4580 Evangelii,
1195 4509 1336 4565 sicut
1368 4507 1542 4564 imber
1582 4505 1848 4577 placidus,
1896 4515 1955 4565 et
1992 4507 2132 4562 sicut
2159 4485 2444 4562 l)minum
2495 4518 2867 4576 peccatorum.
2923 4507 2987 4562 Et
3033 4507 3158 4563 hinc
3197 4517 3286 4565 est
3311 4507 3454 4578 quod
3479 4523 3607 4564 eum
3639 4524 3830 4564 nomen

533 4622 627 4663 ros
655 4621 780 4661 cum
811 4603 1032 4659 silentio
1072 4602 1124 4658 in
1173 4603 1385 4660 animus
1413 4600 1699 4658 descendit
1727 4601 1999 4664 ﬁdelium;
2031 4598 2127 4655 sed

533 4715 730 4772 aspero
764 4699 962 4770 potius,
1006 4706 1058 4751 et
1101 4695 1168 4750 ad
1216 4693 1610 4750 vulnerandum
1647 4705 1904 4764 pet-acuto
1940 4695 2131 4750 domos

531 4793 770 4867 perfodit
812 4792 1142 4847 animorum.
1179 4787 1291 4843 Hoc
1330 4788 1476 4843 enim
1499 4786 1653 4842 velut.
1679 4787 1731 4843 in
1761 4787 1852 4842 die
1874 4786 2129 4843 condisc-

529 4887 772 4944 runtsibi
791 4882 1060 4947 haeretici,
1082 4894 1140 4938 ttt
1167 4897 1358 4938 omnes
1380 4880 1636 4936 mortales
1656 4879 1854 4948 iaculis
1866 4880 2130 4935 doctrinae

527 4980 707 5036 noxia:
754 4975 1130 5048 perfoderent,
1173 4972 1390 5044 quando
1428 4971 1483 5026 in
1514 4970 1760 5028 Ecclesia
1791 4970 1986 5037 adhuc,
2023 4970 2127 5027 hoc

528 5083 636 5142 est,
653 5074 706 5127 in
730 5070 820 5127 die
842 5069 1086 5126 veritatis
1099 5066 1263 5137 pesiti
1283 5067 1522 5124 haereses
1543 5063 1725 5122 facere
1739 5064 2120 5122 condisernnt.

598 5166 659 5222 Si
697 5163 868 5222 subito
907 5161 1210 5235 apparuerit
1240 5175 1435 5217 aurora
1485 5174 1502 5211 :
1531 5158 1853 5214 arbitrantur
1888 5158 2124 5217 umbraut

525 5260 730 5326 mortis,
763 5267 809 5312 et
837 5257 910 5312 sic
945 5256 996 5310 iu
1039 5254 1263 5310 tenebris
1291 5255 1440 5322 quasi
1471 5255 1523 5307 in
1551 5253 1664 5309 luce
1683 5254 1969 5312 artibulant.
1999 5255 2122 5311 Mox

525 5351 831 5422 utjttstitiae
851 5349 979 5412 sibi,
1021 5358 1075 5404 et
1104 5347 1411 5403 honestatis
1437 5345 1661 5404 aliunde
1681 5347 1868 5403 lumen
1887 5346 2126 5416 cmprrit

519 5448 869 5511 apparere.et
885 5438 1055 5507 ingeri
1070 5437 1427 5494 conscientia:
1441 5451 1552 5492 suae
1564 5437 1766 5492 malum
1782 5438 1916 5508 :jam
1934 5453 2123 5508 poenas

521 5533 716 5588 mortis
728 5545 790 5585 se
803 5527 1042 5589 testium.
1054 5541 1067 5581 t
1081 5529 1354 5585 sustinere
1373 5545 1385 5581 :
1401 5529 1527 5598 quia
1540 5528 1746 5595 iustitia
1765 5539 1819 5584 et
1835 5547 1890 5585 sa
1900 5532 2006 5585 neti
2015 5538 2116 5597 tas,

524 5636 577 5678 ut
618 5622 694 5676 ait
731 5620 1014 5688 Scriptura
1047 5622 1256 5682 divina.
1289 5620 1478 5676 odiosa
1500 5631 1580 5673 est
1606 5622 1808 5691 iniquo.
1848 5624 1904 5678 Si
1935 5623 2120 5680 subito

514 5709 835 5780 apparuerit
852 5723 1076 5774 aurora,
1098 5712 1431 5767 arbitrantur
1455 5711 1706 5768 umbraut
1731 5713 1946 5781 mortis,
1962 5724 2017 5770 et
2039 5717 2120 5771 sic

2236 4599 2334 4655 Dei
2365 4597 2669 4662 audierint,
2715 4597 3150 4660 contremiscunt
3188 4615 3201 4652 :
3249 4597 3396 4667 quod
3438 4597 3700 4655 vocabulo
3737 4614 3831 4654 au-

2235 4707 2379 4750 rora:
2401 4691 2694 4763 signiﬁcari
2734 4700 3008 4760 putamus.
3031 4689 3303 4760 Cogitatio
3330 4706 3460 4761 ergo
3483 4690 3622 4760 ejus,
3649 4691 3701 4750 id
3728 4699 3830 4759 est,

2235 4782 2442 4839 diaboli
2470 4823 2486 4848 ,
2520 4798 2690 4852 usque
2721 4785 2787 4838 ad
2818 4796 3126 4840 sermonem
3174 4789 3386 4841 tantum
3417 4783 3710 4856 pervenire
3739 4797 3831 4852 po-

2235 4879 2375 4943 tuit.
2403 4891 2513 4933 non
2536 4876 2698 4932 etiam
2727 4876 2792 4932 ad
2816 4874 3068 4934 ell'cctunt
3107 4893 3120 4930 :
3169 4891 3277 4932 non
3317 4876 3466 4936 enim
3495 4877 3742 4946 regnavit
3768 4877 3829 4930 il-

2230 4971 2302 5026 lic
2328 5015 2341 5038 ,
2388 4979 2445 5026 et
2493 4969 2574 5026 sic
2605 4969 2852 5039 deiectus
2879 4978 2965 5030 est
2991 4969 3172 5024 statim
3200 5013 3214 5037 ,
3259 4969 3351 5024 ttbi
3386 4983 3522 5028 voce
3566 4971 3829 5038 prompsit

2230 5064 2372 5132 quod
2421 5063 2776 5133 cogitaverat,
2831 5073 2887 5117 et
2935 5061 3194 5120 deorsum
3236 5075 3478 5131 pra-cepa
3523 5072 3676 5119 actus
3723 5070 3824 5126 est,

2230 5155 2385 5214 Unde
2406 5169 2751 5224 consequens
2774 5151 2930 5220 vidit,
2960 5162 3024 5216 ut
3051 5153 3491 5214 machinamenta
3513 5153 3695 5210 sordis
3721 5155 3823 5219 sui,

2227 5249 2425 5319 quibus
2464 5257 2653 5305 contra
2681 5247 2853 5306 Deum
2887 5247 3216 5308 moliebatur
3240 5288 3254 5310 .
3289 5247 3358 5308 ad
3389 5246 3822 5318 persuadendum

2227 5343 2446 5399 cancris
2492 5342 2698 5411 angelis
2747 5342 2815 5400 sit
2845 5340 3102 5408 loeutus,
3147 5351 3202 5397 et
3247 5343 3317 5397 ita
3357 5341 3826 5397 consentientibus

2223 5437 2413 5493 multis
2441 5479 2456 5504 ,
2507 5452 2614 5492 una
2650 5435 3055 5507 quodammodo
3083 5435 3424 5502 conspiratio
3453 5436 3613 5492 ﬁeret
3635 5445 3822 5492 contra

2229 5531 2397 5587 Deum
2424 5571 2440 5596 ,
2493 5538 2552 5585 ut
2589 5529 2634 5588 si
2669 5529 2740 5585 ita
2768 5527 3071 5584 videretur.
3099 5527 3236 5583 illud
3264 5536 3447 5584 tamen
3475 5528 3824 5584 immobiliter

2227 5628 2522 5681 tenendum
2550 5667 2563 5688 ,
2622 5625 2771 5680 nullo
2815 5623 2979 5679 modo
3018 5622 3068 5676 in
3109 5622 3328 5678 silentio
3359 5621 3444 5693 agi
3478 5621 3686 5676 milititu
3715 5640 3825 5680 cu:-

2226 5718 2377 5773 Iostis
2425 5716 2609 5772 ofﬁcia
2638 5758 2652 5783 ,
2711 5731 2832 5770 cum
2890 5714 3128 5786 legamus
3178 5713 3456 5784 angelicas
3487 5721 3821 5784 potestates,
