4026 6300
266 175 379 237 685

1176 186 1660 251 COMMENTARII
1698 190 1765 250 IN
1804 191 2064 263 ιιιιβυιι
2106 200 2247 265 JOB.
2290 199 2446 269 CAP,
2490 204 2682 274 XXIV.

3472 221 3579 277 l8‘l

264 306 396 347 ante
425 294 613 352 sedem
647 296 858 357 Domini
888 299 942 357 in
975 298 1189 361 laudem
1213 305 1404 376 glorim
1430 309 1552 385 ejus
1581 309 1872 367 indefessis
1897 314 1948 377 Α
2049 316 2395 381 Obliviseatsr
2443 323 2561 391 ejus
2614 326 2996 384 inimentio.
3050 330 3109 387 Id
3158 341 3303 401 est,‘
3324 334 3421 405 qui
3467 353 3575 393 non

158 430 165 435 .
262 388 496 445 vocibus
524 406 845 465 personare,
874 411 1052 475 neque
1079 398 1195 456 ullo
1213 402 1378 461 modo
1397 403 1692 476 Apostolus
1708 407 1880 465 dixis-

263 486 393 536 set:
430 479 494 537 Si
515 482 709 559 linguis
734 487 1007 545 hominum
1028 491 1212 562 loquar
1239 505 1286 549 et
1315 499 1640 569 angelorum,
1672 500 1777 559 nisi
1800 502 1882 557 sic

264 581 493 639 essent,
548 583 603 630 et
664 579 992 647 angelorum
1060 582 1264 657 lingua:
1328 588 1471 645 sicut
1524 590 1809 655 hominum
1859 610 1872 647 :

261 665 520 733 quamvis
552 670 816 741 angelica:
843 671 1144 733 dissimiles
1174 678 1287 735 sint
1314 679 1587 739 humanis.
1620 682 1719 743 Est
1746 699 1879 756 ergo

260 756 487 849 aliquod
512 773 674 835 atque
700 764 874 839 ipsum
907 768 1064 826 valde
1090 786 1346 849 magnum
1370 791 1536 848 super
1555 777 1878 843 diversitate

261 846 573 922 linguarum
626 855 769 913 inter
821 860 1131 937 terrigenas
1157 846 1201 935 ,Τ
1222 877 1275 925 et
1305 846 1616 935 ministeria
1642 884 1878 940 superna

259 940 589 1000 discrimen.
635 945 816 1020 Super
846 967 950 1027 qua
1003 969 1063 1009 re
1090 970 1191 1010 nos
1235 958 1533 1016 canonicos
1578 959 1720 1019 liber
1748 959 1875 1021 novi

258 1029 602 1091 Testamenti
633 1080 648 1105 ,
701 1040 794 1123 qui
851 1045 1152 1115 apostolica
1202 1048 1456 1107 continet
1494 1064 1692 1127 gesta,
1720 1052 1877 1109 sulti-

258 1130 474 1193 cienter
501 1132 786 1193 instruxit.

333 1222 482 1280 Levis
527 1236 603 1287 est
657 1246 811 1304 super
865 1232 1057 1297 [aciem
1105 1254 1277 1311 aqum.
1325 1240 1465 1313 Quia
1514 1260 1621 1305 non
1653 1257 1778 1303 sunt
1806 1246 1874 1302 de

254 1314 505 1375 Ecclesia
529 1337 723 1401 magna
751 1365 766 1392 ,
797 1325 849 1383 id
876 1335 965 1382 est
992 1369 1009 1397 ,
1040 1331 1241 1405 populo
1268 1337 1427 1407 gravi
1455 1346 1510 1399 et
1534 1350 1749 1405 sancto,
1781 1339 1872 1409 qui

254 1408 446 1479 granis
486 1410 703 1469 fecundi
737 1424 791 1471 et
821 1418 1013 1493 Optimi
1049 1422 1215 1478 tritici
1246 1438 1637 1497 comparatur,
1684 1438 1741 1489 et
1778 1408 1872 1502 qui

250 1499 311 1557 in
373 1503 580 1562 horreo
635 1518 966 1570 :cternarum
1023 1517 1368 1575 mansionum
1394 1520 1714 1583 condeudus
1742 1535 1869 1591 est.

250 1592 413 1648 velut
436 1595 571 1651 levis
602 1598 758 1669 palea
793 1601 1045 1679 nihilque
1076 1607 1338 1678 ponderis
1368 1610 1603 1684 habens,
1630 1615 1776 1685 quod
1801 1616 1869 1673 ad

1978 408 2156 471 solum
2191 413 2506 474 misericors
2525 460 2543 484 ,
2572 417 2672 476 sed
2694 428 2751 475 et
2780 420 3155 481 misericordia
3178 424 3378 491 dicitur
3409 444 3423 483 ι
3453 430 3582 500 quis

1978 504 2296 567 misericors
2324 523 2357 567 a
2383 508 2762 569 misericordia
2782 558 2797 582 ,
2828 522 2886 572 et
2912 515 3038 574 ideo
3060 518 3221 586 quasi
3250 529 3577 592 prototypon

1978 612 2176 654 nomen
2195 641 2210 667 ,
2236 601 2411 672 majus
2450 612 2566 669 est,
2600 620 2762 676 quam
2794 607 3052 667 deductio
3080 623 3420 685 nuncupata.
3449 614 3583 684 Qui-

1976 705 2210 765 aumque
2239 710 2372 766 ergo
2406 708 2725 759 sanctorum
2756 711 2939 772 potest
2964 705 3069 762 dici
3102 707 3455 775 misericors,
3484 726 3579 767 ve-

1977 798 2077 842 rax
2099 825 2115 848 ,
2166 795 2227 845 et
2268 786 2453 857 iustus
2502 807 2517 848 :
2568 808 2735 850 nemo
2761 803 2947 854 tamen
2975 813 3168 862 eorum
3202 811 3353 860 recte
3377 803 3583 861 dicitur

1977 877 2359 938 misericordis
2381 927 2394 947 ,
2422 892 2483 939 et
2507 886 2713 951 veritas
2734 928 2753 957 ,
2783 898 2839 945 et
2855 889 3091 961 iustitia.

2048 969 2290 1039 Dukedo
2336 976 2485 1033 illius
2524 995 2745 1037 veruta.
2789 982 2894 1040 Per
2942 987 3309 1059 antiphrasin»
3335 991 3536 1049 dictum
3562 1036 3577 1059 ,

1974 1063 2125 1133 quod
2159 1076 2248 1123 est
2271 1108 2287 1132 ,
2317 1077 2541 1127 sestem
2565 1074 2853 1137 vermibus
2881 1080 3171 1138 moristur.
3200 1082 3271 1139 Et
3305 1085 3361 1140 in
3400 1085 3580 1142 Evan-

1975 1158 2123 1231 gelia
2155 1178 2169 1213 :
2206 1158 2411 1218 Ventris
2433 1178 2613 1219 eorum
2642 1182 2750 1222 non
2768 1170 3040 1226 morietur.
3079 1172 3229 1233 Talis
3264 1177 3431 1247 igitur
3456 1179 3582 1234 dul-

1977 1250 2114 1307 cedo
2144 1252 2246 1309 erit
2279 1253 2483 1325 iniquis
2503 1296 2521 1321 ,
2549 1268 2608 1313 et
2630 1258 2949 1318 adientibus
2976 1260 3170 1320 Deum.

2049 1343 2172 1399 Non
2199 1346 2269 1400 sit
2294 1348 2350 1402 in
2378 1350 2757 1411 recordatione.
2789 1352 2849 1416 id
2878 1362 2963 1411 est
2988 1395 3004 1422 ,
3044 1357 3112 1413 ad
3153 1360 3370 1416 veniam
3409 1361 3579 1419 mise-

1976 1437 2229 1497 ricordiae
2273 1456 2379 1495 non
2426 1444 2715 1512 perveniat
2740 1489 2759 1513 ,
2789 1447 2933 1518 quod
2966 1448 3218 1519 diabolo,
3245 1463 3300 1510 et
3330 1458 3446 1517 suis
3475 1456 3585 1512 ha:-

1976 1527 2163 1584 reticis
2208 1540 2264 1587 et
2306 1533 2490 1606 impiis
2522 1534 2765 1603 futurum
2794 1583 2810 1608 ,
2843 1543 2909 1599 de
2941 1542 3245 1617 Scripturis
3277 1551 3482 1609 sanctis
3507 1552 3581 1607 ita

1973 1618 2286 1681 didicimus.

253 1688 685 1761 prmgravandos
718 1694 978 1752 virtutum
1009 1698 1250 1773 pertinet
1280 1701 1491 1760 fructus
1517 1749 1532 1777 ,
1566 1722 1723 1777 aqua).
1753 1710 1866 1771 ele-
1898 1699 1948 1763 Β
2046 1715 2154 1773 Sed
2174 1732 2472 1779 conteratur
2500 1726 2649 1803 quasi
2679 1727 2877 1803 lignum
2913 1731 3318 1805 infructuosum.
3367 1736 3577 1793 Secun-

246 1787 444 1834 mento
495 1788 880 1852 supernatabit
922 1805 933 1840 :
978 1800 1036 1843 ut
1077 1806 1217 1846 aura:
1252 1792 1381 1850 flatu
1416 1796 1565 1853 tenui
1598 1799 1859 1871 rapiatur.

245 1870 380 1928 Sive
406 1874 565 1932 aliter
595 1895 608 1930 :
647 1880 810 1951 Aqua:
834 1881 952 1936 istac
982 1882 1263 1941 hominum
1296 1890 1592 1947 amantium
1627 1890 1731 1947 hoc
1759 1907 1861 1949 sa:-

245 1964 436 2021 culum
469 1965 673 2024 habent
703 1969 926 2044 ﬁglll'atll
957 1992 971 2031 :
1003 1990 1070 2032 eo
1098 1978 1246 2049 quod
1269 1994 1490 2055 semper
1506 1982 1573 2039 ad
1603 1983 1861 2045 inferiora

245 2055 365 2111 sint
423 2060 690 2129 proclives
723 2109 737 2130 ,
785 2067 1012 2123 multum
1046 2083 1228 2127 secum
1265 2072 1379 2129 limi
1412 2076 1739 2145 trahentes,
1768 2080 1857 2147 cui

243 2148 309 2206 in
343 2150 514 2208 chaos
539 2155 839 2214 inferorum
865 2202 879 2227 ,
916 2163 1133 2219 turbido
1164 2168 1406 2237 pondere
1436 2169 1768 2242 deponatur.

326 2243 612 2301 illa/edicta
640 2250 705 2302 sit
740 2268 864 2319 pars
892 2256 1004 2326 ejus
1034 2256 1086 2316 in
1131 2265 1290 2313 terra.
1318 2259 1421 2326 Qui
1453 2262 1597 2315 enim
1629 2263 1683 2316 in
1717 2272 1858 2319 terra

245 2346 577 2394 sanctorum
606 2381 622 2408 ,
667 2358 789 2413 quae
834 2356 917 2399 est
947 2347 1248 2403 viventium
1286 2360 1429 2405 terta
1460 2392 1476 2419 ,
1510 2368 1618 2408 non
1649 2351 1812 2411 fuerit
1842 2396 1856 2419 ,

243 2433 576 2489 maledictus
601 2435 707 2489 erit
736 2454 748 2489 :
780 2439 897 2493 sive
929 2440 1218 2497 maledicta
1243 2444 1313 2499 sit
1338 2446 1663 2517 parsejusin
1691 2458 1859 2514 terra,

241 2523 302 2582 id
333 2534 418 2581 est
443 2568 458 2593 ,
489 2528 545 2581 in
574 2544 750 2585 massa
782 2535 1007 2603 generis
1042 2536 1286 2593 humani.

321 2617 435 2674 Nec
464 2620 691 2678 ambulet
723 2641 816 2695 per
861 2626 995 2681 riam
1030 2628 1316 2685 vinearum.
1349 2630 1408 2691 Id
1434 2640 1520 2687 est
1545 2675 1562 2703 ,
1593 2631 1666 2689 ita
1694 2632 1863 2689 male-

246 2712 400 2769 dicta
431 2716 503 2771 sit
528 2715 647 2786 ejus
677 2720 1028 2777 conversatio
1058 2722 1278 2781 interra
1307 2724 1433 2791 hac,
1461 2733 1522 2781 ut
1551 2726 1742 2797 plebes
1769 2727 1859 2783 Dei

242 2808 366 2864 sive
404 2809 616 2865 animas
649 2823 873 2869 sanctas
898 2855 914 2880 ,
946 2831 1065 2886 quae
1097 2819 1238 2873 sicut
1270 2817 1439 2874 vineae
1466 2818 1641 2891 plenae
1667 2819 1847 2875 fructi-

243 2901 353 2958 bus
382 2901 676 2960 fructiferze
707 2914 872 2974 sunt,
906 2923 1021 2964 non
1054 2909 1298 2967 imitetur
1328 2928 1343 2966 :
1380 2926 1558 2982 neque
1591 2928 1689 2982 per
1720 2914 1863 2983 ipsas

241 2996 511 3054 ambulet.
532 2997 639 3054 llas
657 3000 801 3055 enim
820 2999 1009 3064 vineas
1031 3002 1287 3058 doctores
1311 3013 1584 3074 tamquam
1598 3007 1860 3070 cultores,

243 3087 519 3147 doctrinis
547 3090 691 3146 velut
727 3092 1000 3164 ligonibus
1039 3094 1232 3150 colunt
1260 3136 1277 3163 ,
1323 3105 1383 3151 ut
1413 3096 1598 3152 viuum
1629 3111 1859 3167 cperunt

243 3179 527 3238 bonorum
560 3183 896 3239 vindemicnt
920 3228 934 3251 ,
965 3186 1107 3255 quod
1133 3187 1187 3241 in
1219 3186 1356 3254 fide,
1385 3189 1439 3243 id
1462 3197 1570 3259 est,
1606 3188 1862 3255 torculari

244 3273 518 3331 Ecclesia:
564 3278 805 3346 pondere
844 3279 1215 3338 tribulationis
1240 3297 1590 3354 expressum,
1623 3282 1863 3355 ﬂagrans

244 3383 350 3440 per
382 3371 615 3440 gratiam
656 3371 861 3429 Christi
887 3415 903 3441 ,
954 3374 1127 3432 odore
1154 3376 1485 3433 suavissimo
1512 3393 1636 3432 cum
1660 3377 1861 3434 virtute

245 3464 571 3520 meritorum
604 3465 660 3522 in
687 3467 983 3537 apothecas
1011 3468 1307 3526 domorum
1340 3470 1649 3539 ctelestium
1672 3486 1863 3531 recou-

248 3558 439 3617 datur.

324 3653 405 3707 Διὶ
437 3654 659 3708 nimium
687 3654 914 3711 calorem
940 3663 1171 3712 transeat
1198 3657 1263 3711 ab
1290 3660 1440 3729 aquis
1460 3658 1679 3715 nivium.
1696 3657 1859 3726 Quasi

249 3747 388 3805 duas
432 3748 714 3819 gehennas
758 3756 987 3806 sanctus
1041 3750 1144 3807 Job
1190 3750 1375 3808 dicere
1418 3751 1549 3806 mihi
1604 3751 1859 3818 videtur,

251 3839 400 3910 ignis
429 3851 482 3894 et
520 3838 746 3913 frigoris
774 3882 790 3904 ,
826 3856 921 3912 per
951 3857 1090 3914 quas
1120 3843 1375 3899 diabolus
1394 3882 1414 3912 ,
1444 3844 1738 3900 haereticus
1760 3888 1779 3911 ,
1808 3853 1864 3901 et

253 3930 424 3989 homo
473 3933 671 4001 impius
711 3942 1105 3990 commutetur.
1159 3932 1323 3989 Forte
1370 3935 1423 3988 in
1467 3934 1585 4003 ipsa
1610 3933 1861 4005 gehenna

253 4026 379 4083 talis
424 4041 687 4085 sensuum
726 4027 1003 4084 cruciatus
1038 4027 1133 4082 fiet
1174 4029 1285 4099 illis
1306 4068 1323 4095 ,
1354 4027 1446 4097 qui
1476 4027 1533 4083 in
1551 4043 1613 4083 ea
1643 4037 1861 4099 torque-

254 4120 500 4189 huntur,
552 4127 614 4175 ut
658 4134 804 4176 nunc
850 4119 1007 4190 quasi
1052 4119 1233 4193 ignem
1262 4119 1548 4176 ardentem
1581 4122 1860 4187 sentiant,

257 4229 405 4271 nunc.
449 4213 675 4271 nimium
715 4213 919 4285 algoris
969 4212 1276 4271 incendium
1301 4255 1316 4279 ,
1355 4222 1408 4269 et
1453 4213 1688 4285 poenalis
1714 4227 1862 4270 cout-

254 4306 521 4373 mutatio,
552 4320 696 4363 nunc
728 4304 899 4377 frigus
927 4305 1291 4362 sentientibus
1312 4347 1328 4373 ,
1382 4322 1523 4361 nunc
1567 4306 1720 4363 calor
1748 4307 1859 4370 sit,

256 4408 318 4454 ut
367 4398 526 4468 quasi
578 4398 646 4453 de
694 4397 819 4453 loco
844 4397 911 4452 ad
940 4398 1122 4454 locum
1152 4398 1416 4454 transitus
1453 4397 1752 4458 aestiment.
1797 4399 1863 4455 Et

249 4491 505 4547 fortassis
546 4489 673 4547 inde
724 4490 988 4546 Dominus
1043 4490 1123 4546 ait
1166 4490 1221 4547 in
1266 4489 1567 4562 Evangelia
1615 4508 1630 4544 :
1668 4489 1862 4545 Mittite

252 4602 376 4642 eum
423 4585 474 4641 in
522 4584 754 4640 tenebras
800 4585 1079 4640 exteriores
1112 4601 1130 4640 :
1160 4585 1227 4640 ibi
1258 4584 1354 4639 erit
1390 4586 1546 4655 ﬂetus
1588 4594 1635 4640 et
1666 4586 1864 4647 stridor

251 4678 509 4735 dentium.
549 4677 622 4733 Ut
666 4675 754 4732 hic.
802 4675 1009 4735 stridor
1046 4676 1297 4734 dentium
1338 4676 1410 4732 de
1435 4677 1624 4749 rigore
1646 4676 1863 4748 frigoris

251 4772 486 4829 oriatur.
520 4769 623 4829 Ubi
667 4778 725 4826 et
752 4770 1167 4826 similitudinem
1201 4768 1491 4843 quamdam
1529 4787 1598 4826 ex
1656 4772 1860 4829 nostris

251 4863 589 4938 corporibus
612 4862 1169 4932 possumusinvenire
1203 4879 1218 4917 :
1249 4863 1305 4918 in
1331 4862 1531 4932 quibus
1551 4861 1653 4918 rufi
1684 4863 1857 4918 abun-

250 4956 477 5022 dantia,
524 4954 671 5029 quod
714 4962 800 5010 est
839 4953 1233 5012 calidissimum
1260 4993 1279 5021 ,
1312 4954 1367 5009 in
1398 4955 1592 5026 typicis
1616 4955 1855 5011 motibus

249 5048 619 5111 intolerabilis
666 5049 815 5121 rigor
859 5046 1119 5119 praecedit
1169 5046 1354 5118 ignem
1392 5046 1630 5103 febrium
1656 5047 1853 5106 arden-

250 5143 533 5197 tissimum
560 5124 880 5197 secuturum
899 5181 915 5206 ,
938 5149 996 5195 et
1020 5136 1273 5195 dicuntur
1299 5154 1333 5194 a
1359 5138 1590 5197 medicis
1609 5140 1726 5205 haec
1749 5141 1856 5196 duo

250 5248 380 5309 quas
431 5232 539 5289 sibi
578 5232 857 5289 contraria
888 5230 1313 5305 dignoscantur,
1345 5247 1414 5288 ex
1444 5247 1550 5288 una
1572 5231 1714 5290 fellis
1744 5249 1858 5290 ma-

251 5327 395 5384 teria
426 5326 485 5383 in
517 5326 741 5382 homine
772 5326 1074 5395 procreari.

329 5418 401 5477 Et
440 5436 607 5494 usque
635 5420 705 5475 ad
729 5420 923 5493 inferos
950 5427 1221 5497 peccatum
1248 5420 1415 5478 illius.
1442 5420 1736 5483 Peccatum
1760 5422 1862 5483 itu-

253 5513 339 5587 pii
384 5522 440 5572 et
482 5511 651 5583 iniqui
709 5522 821 5568 tam
872 5525 1128 5584 magnum
1172 5520 1303 5587 est,
1347 5519 1407 5568 et
1447 5520 1555 5568 tam
1584 5528 1777 5584 grave,
1807 5524 1865 5575 ut

256 5620 387 5671 eum
428 5605 704 5676 deprimat
748 5605 819 5660 ad
869 5603 1141 5662 infernum
1184 5617 1462 5679 tamquam
1497 5605 1782 5677 plumbum
1810 5607 1864 5664 in

262 5713 403 5770 aqua
435 5699 804 5758 validissima.

1971 1809 2099 1865 dum
2136 1812 2268 1870 illud
2304 1832 2318 1869 :
2353 1816 2535 1874 Omnis
2575 1821 2732 1879 arbor
2766 1838 2884 1895 quer:
2922 1841 3026 1881 non
3066 1827 3194 1895 facit
3222 1831 3451 1909 fructum
3494 1831 3580 1886 bo-

1968 1917 2112 1972 num,
2132 1905 2417 1977 excidetur,
2452 1919 2499 1964 el
2521 1912 2573 1964 in
2589 1911 2759 1987 ignem
2780 1915 3039 1973 mittetur.
3068 1917 3165 1975 Vel
3196 1905 3425 1993 lignum,
3456 1939 3580 1993 pec-

1964 2004 2146 2051 catum
2194 1996 2563 2073 intelligamus
2594 2004 2740 2075 quod
2787 2019 2887 2075 per
2940 2006 3149 2078 lignum
3195 1998 3391 2066 accidit
3433 2030 3448 2068 :
3485 2030 3579 2082 per

1964 2086 2109 2159 quod
2145 2088 2354 2161 lignum
2380 2091 2629 2151 diabolus
2652 2095 2867 2153 addidit
2895 2098 2961 2153 ad
2991 2101 3272 2160 euruulum
3303 2104 3580 2170 criminis,

1965 2179 2111 2255 quod
2151 2180 2445 2237 adversum
2495 2182 2663 2240 Deutn
2710 2187 2934 2243 rebellis
2966 2192 3233 2249 exstiterit
3261 2234 3276 2258 ,
3309 2203 3365 2249 ιιι
3393 2204 3448 2251 (ιι
3480 2197 3579 2251 lto-

1967 2271 2168 2327 minem
2219 2275 2587 2343 prtccipitaret
2644 2279 2697 2332 in
2749 2289 2982 2336 mortem
3032 2300 3048 2337 :
3090 2285 3236 2339 unde
3277 2286 3387 2355 jam
3428 2298 3483 2344 et
3525 2289 3577 2344 in

1966 2373 2231 2420 internum
2266 2366 2547 2424 interitum
2577 2369 2980 2430 condemnatus
3010 2388 3093 2430 est
3130 2395 3141 2430 :
3179 2391 3405 2451 propter
3434 2383 3576 2452 quod

1966 2455 2084 2526 ipse
2126 2456 2378 2515 diabolus
2435 2461 2642 2532 lignum
2689 2462 3034 2534 insanabile,
3075 2478 3130 2522 et
3175 2469 3576 2529 infructuosum

1966 2558 2152 2620 potest
2191 2550 2297 2609 dici
2351 2569 2364 2605 :
2403 2555 2527 2625 quia
2566 2570 2868 2629 numquam
2899 2560 3006 2612 erit
3040 2563 3375 2633 pmnitentiee
3409 2566 3577 2623 turdi-

1967 2642 2184 2698 eatione
2206 2641 2506 2700 sanandus.
2537 2644 2611 2703 De
2634 2646 2785 2723 ligno
2810 2658 2989 2705 autem
3012 2653 3134 2706 vita:
3161 2694 3176 2719 ,
3206 2652 3259 2710 id
3282 2666 3366 2711 est
3392 2673 3574 2723 cruce.

1969 2734 2052 2790 vel
2108 2734 2176 2791 de
2215 2734 2441 2792 Christo
2488 2736 2687 2795 dicitur
2722 2760 2735 2795 :
2766 2740 3066 2799 Secundum
3096 2746 3206 2801 dies
3237 2746 3396 2821 ligni,
3429 2761 3577 2806 erunt

1968 2826 2079 2881 dies
2119 2829 2302 2898 populi
2330 2830 2447 2883 mei.

2044 2914 2195 2973 Parit
2237 2918 2374 2974 enim
2419 2920 2662 2977 sterilem.
2696 2920 2752 2978 Id
2783 2934 2867 2979 est
2894 2968 2907 2991 ,
2940 2929 3166 2985 nutrivit
3195 2938 3251 2989 et
3286 2931 3418 2989 f0vit
3450 2939 3573 2992 ani-

1969 3024 2086 3066 mas
2114 3012 2365 3080 steriles,
2408 3023 2463 3069 et
2494 3011 2862 3071 infructuosus
2896 3017 3206 3078 virtutibus.

2044 3099 2109 3155 Et
2136 3119 2253 3172 qua:
2279 3118 2379 3157 non
2410 3104 2569 3173 parit.
2606 3105 2710 3161 Eas
2731 3123 2951 3177 queque
2990 3112 3200 3167 animas
3240 3121 3575 3176 assensionis

1965 3208 2080 3248 sua:
2108 3194 2577 3252 delectationibus
2603 3199 2779 3268 pavit,
2799 3216 2921 3270 «illa:
2939 3217 3064 3257 cum
3086 3204 3295 3275 passim
3328 3205 3395 3264 dc
3421 3220 3576 3267 utero

1962 3286 2151 3342 cordis
2197 3288 2336 3342 bona
2375 3289 2688 3358 parturire,
2734 3292 3064 3362 noluerunt,
3107 3297 3249 3351 sicut
3277 3298 3347 3356 de
3388 3300 3575 3373 lzujus-

1964 3377 2111 3433 modi
2143 3379 2218 3434 ait
2252 3378 2421 3435 David
2468 3397 2479 3433 :
2530 3378 2717 3436 Noluit
2757 3383 3079 3461 intelligere,
3118 3399 3171 3441 nt
3210 3388 3339 3444 bene
3376 3405 3568 3465 ngeret.

2035 3468 2107 3524 Et
2132 3470 2303 3524 vidum
2330 3470 2451 3525 bene
2472 3489 2576 3526 non
2605 3472 2746 3543 fecit.
2783 3471 3011 3531 Viduam
3040 3519 3054 3543 ,
3095 3478 3332 3535 animant
3373 3488 3572 3541 sancti-

1966 3561 2091 3618 tatis
2114 3561 2312 3618 viribue
2337 3561 2652 3620 destitutam
2671 3607 2686 3632 ,
2721 3583 2840 3635 qua:
2873 3565 3043 3624 Deum
3076 3570 3251 3628 virum
3276 3570 3569 3643 habuerat,

1963 3668 2090 3711 cum
2145 3654 2532 3711 exhortatione
2582 3658 2756 3713 noluit
2796 3661 3074 3719 consolari
3105 3706 3119 3732 ,
3168 3679 3223 3721 ut
3254 3668 3306 3723 id
3337 3682 3565 3740 ageret.

1963 3748 2423 3820 quemadmodum
2470 3762 2653 3823 posset
2694 3756 2898 3811 reverti
2927 3755 2993 3812 ad
3028 3759 3203 3816 virum
3236 3778 3391 3831 suum
3424 3767 3569 3835 prio-

1964 3858 2103 3899 rem.

2040 3933 2275 3992 Detraxit
2296 3937 2457 4008 fortes
2505 3940 2559 3992 in
2582 3938 2892 4012 fortitudine
2917 3960 3035 3998 sua.
3063 3944 3168 4001 Alii
3191 3946 3465 4008 dixerunt.
3499 3945 3571 4006 Et

1963 4027 2017 4083 in
2050 4029 2128 4081 ira
2170 4031 2347 4084 evertit
2374 4029 2651 4100 inﬁrmos:
2685 4031 2735 4087 id
2767 4043 2848 4088 est
2872 4077 2887 4103 ,
2922 4033 3090 4093 fortes
3112 4048 3273 4111 atque
3304 4043 3567 4102 virtutum

1965 4117 2113 4174 viros
2145 4120 2436 4190 prostravit
2459 4130 2514 4177 et
2545 4120 2808 4177 detraxit.

2038 4211 2105 4266 Et
2135 4230 2254 4268 cum
2279 4215 2505 4284 steterit,
2536 4231 2638 4272 non
2676 4219 2843 4272 credet
2879 4219 2997 4276 vitm
3015 4238 3144 4279 sure.
3176 4220 3335 4281 Dedit
3353 4228 3400 4282 ei
3420 4221 3566 4287 Deus

1962 4304 2134 4359 locum
2188 4307 2534 4378 pecuitentiar,
2591 4317 2642 4363 et
2696 4308 2783 4363 ille
2821 4310 3054 4367 abutitur
3084 4330 3142 4370 eo
3172 4317 3224 4370 in
3267 4320 3512 4390 superbia
3544 4339 3563 4378 :

1965 4397 2101 4450 oculi
2148 4407 2321 4452 autem
2365 4402 2477 4472 ejus
2520 4408 2639 4453 sunt
2665 4400 2719 4454 in
2750 4401 2845 4456 uiis
2876 4401 3038 4457 illius.
3073 4402 3144 4461 Et
3170 4422 3288 4465 cum
3329 4410 3385 4466 in
3439 4429 3563 4481 pru~

1964 4488 2139 4559 spei-is
2164 4493 2231 4544 sit
2251 4532 2267 4560 ,
2301 4506 2401 4547 nec
2427 4491 2506 4548 sic
2529 4506 2749 4565 quoque
2781 4496 3066 4553 mordente
3094 4503 3432 4560 conscientia
3465 4523 3563 4576 pu-

1966 4590 2044 4637 tat
2070 4624 2084 4647 ,
2135 4583 2278 4647 quod
2331 4585 2520 4640 eadem
2561 4583 2821 4642 felicitate
2844 4600 3102 4660 perpetuo
3128 4597 3366 4662 potiatur
3387 4638 3404 4665 ,
3432 4614 3556 4655 cuni

1965 4675 2277 4747 huiusmodi
2328 4677 2660 4749 pertinacis,
2718 4689 2773 4735 et
2824 4681 2944 4738 duri
2988 4684 3158 4741 animi
3200 4691 3560 4756 sit,credens

1962 4772 2111 4842 quod
2141 4772 2194 4825 in
2230 4768 2317 4824 illa
2354 4769 2470 4824 vita
2500 4786 2595 4825 sua
2625 4780 2733 4826 tam
2771 4774 2977 4844 perdita
3008 4786 3156 4835 stare
3187 4784 3375 4850 possit.

2034 4860 2241 4917 Elevati
2258 4871 2379 4917 sunt
2407 4862 2476 4915 at
2504 4861 2764 4918 modicum
2789 4905 2802 4930 ,
2834 4876 2881 4918 et
2911 4882 3016 4923 non
3037 4868 3314 4925 subsistent
3333 4913 3350 4938 ,
3387 4884 3435 4929 et
3460 4875 3555 4933 hu.

1962 4956 2300 5010 miliabuntur
2330 4956 2460 5011 sicut
2493 4955 2668 5011 omnia
2691 4997 2706 5023 ,
2739 4968 2785 5011 et
2813 4961 3133 5029 auferenlur.
3168 4962 3250 5017 Ad
3284 4965 3555 5025 modicum

1962 5061 2143 5106 autem
2173 5051 2401 5117 dicitur,
2434 5065 2530 5120 pro
2566 5050 2833 5108 brevitate
2862 5051 2989 5108 vitae
3012 5056 3299 5125 prtrsentis
3321 5098 3335 5122 ,
3365 5059 3420 5114 in
3450 5078 3557 5131 qua

1965 5160 2062 5217 pro
2086 5152 2333 5215 tempore
2357 5145 2671 5200 exaltantur
2698 5145 2886 5217 iniqui.
2927 5147 3250 5217 Auterentur
3272 5153 3416 5209 sicut
3445 5170 3560 5212 om.

1965 5237 2052 5293 nia
2080 5279 2096 5303 ,
2153 5236 2206 5293 id
2260 5246 2342 5293 cst
2365 5278 2379 5302 ,
2426 5232 2563 5291 sicut
2603 5237 2693 5291 illa
2722 5253 3079 5312 quarcumque
3109 5253 3236 5298 sunt
3266 5247 3435 5314 partis
3464 5248 3553 5304 ad-

1965 5344 2138 5385 versae
2164 5375 2178 5399 ,
2222 5330 2337 5385 sive
2363 5345 2487 5384 cum
2519 5329 2572 5383 in
2600 5330 2708 5386 line
2739 5330 2924 5387 saeculi
2950 5328 3127 5389 ablata
3154 5332 3357 5397 furrint
3381 5342 3563 5397 omnia

1968 5422 2302 5495 leMpttraiia.

2045 5515 2113 5571 Et
2157 5518 2289 5572 sicut
2323 5517 2645 5570 summitates
2676 5518 2935 5587 spicarum
2973 5529 3322 5578 conterentur.
3361 5523 3563 5592 Quem-

1971 5610 2261 5667 admodum
2312 5610 2458 5666 enim
2502 5608 2849 5667 suum-itane
2891 5612 3167 5683 spicarum
3198 5655 3213 5679 ,
3251 5631 3340 5672 res
3379 5618 3563 5690 utique

1976 5704 2211 5763 ninnium
2253 5702 2499 5776 l‘sagiles,
2528 5703 2955 5764 tants-facilitate
2988 5710 3462 5783 contemnuntur,
3504 5721 3562 5771 ut
