4032 6300
508 212 614 269 687

1315 204 1663 263 APPENDIX
1700 204 1794 259 AD
1832 202 2079 260 TOMUM
2121 203 2482 262 SEPTIMUM
2521 203 2581 261 S.
2624 203 3033 270 HlEllONYMI.

3708 198 3821 256 688

509 319 580 375 ad
621 318 854 374 nihilum
903 316 1242 373 deducantur
1277 334 1289 371 :
1321 315 1395 370 ita
1429 324 1482 372 et
1512 315 1569 371 hi
1614 314 1683 371 de
1721 315 1919 385 quibus
1962 317 2115 371 locu-
2140 329 2192 389 Α
2219 319 2473 386 numquid
2521 318 2817 383 imbecillis,
2859 330 2906 373 et
2959 326 3218 373 sustentes
3260 316 3532 371 brachium
3572 317 3691 382 eius
3726 314 3827 384 qui

513 405 602 469 tus
629 428 751 468 sum
776 423 835 466 ιιι
863 411 1041 481 pulvis
1074 409 1430 465 tenuissimus
1455 452 1469 476 ,
1498 410 1616 465 sive
1646 419 1701 463 ut
1733 407 1933 463 favillae
1961 409 2115 463 lanu-

510 522 583 578 go
618 516 776 563 erunt
819 516 945 560 ante
990 504 1186 559 faciem
1228 502 1364 572 Dei,
1393 517 1514 557 cum
1556 502 1758 557 iuerint
1784 502 2117 557 contumelia

513 596 855 654 confusionis
896 594 1089 650 attriti.

590 689 741 755 Quod
789 690 834 742 si
880 704 983 742 non
1022 695 1095 742 est
1138 687 1211 741 ita
1255 703 1273 741 :
1318 688 1434 759 quis
1462 703 1543 741 me
1573 697 1736 758 potest
1764 703 1982 758 arguere
2010 702 2119 740 esse

517 781 789 835 mentitum
806 820 821 843 ,
846 787 893 832 et
914 794 1104 847 ponere
1131 788 1251 832 ante
1273 774 1445 832 Deum
1473 778 1625 832 verba
1654 779 1797 833 mea?
1814 777 1948 847 Quis
1973 777 2119 831 enim

517 888 587 927 ex
634 870 797 926 vobis
840 884 1069 941 arguere
1098 885 1186 924 me
1213 869 1415 940 poterit
1445 885 1458 923 :
1491 870 1616 940 quia
1642 886 1746 925 non
1776 869 1848 924 ita
1876 868 1946 923 sit
1977 867 2126 923 futu-

514 980 637 1020 rum
666 973 726 1019 ut
747 964 869 1019 dixi
901 982 913 1016 :
947 978 1148 1033 meque
1176 963 1433 1018 falsitatis
1461 964 1820 1032 convincere,
1853 963 1944 1034 qui
1969 977 2121 1018 asse-

511 1057 638 1113 ritis
667 1058 811 1128 quod
843 1059 1027 1114 omnia
1070 1057 1125 1112 in
1169 1056 1273 1112 hoc
1320 1066 1570 1127 tempore
1596 1056 1794 1112 reddat
1820 1057 1966 1112 Deus
1994 1070 2123 1127 pec-

513 1154 792 1211 catoribus
818 1168 942 1224 quae
970 1160 1249 1207 merentur
1269 1195 1284 1219 ,
1326 1153 1471 1222 quod
1504 1152 1557 1207 in
1588 1167 1764 1206 meam
1796 1150 1973 1221 potius
1997 1164 2125 1220 sug-

515 1248 856 1318 gillationem
890 1245 959 1301 de
984 1243 1170 1300 studio
1197 1243 1568 1300 contentionis
1597 1242 1870 1313 ingeritis.

1105 1375 1339 1433 CAPUT
1370 1376 1542 1432 XXV.

594 1474 933 1547 Respondeas
961 1482 1132 1527 autem
1168 1470 1375 1526 Baldad
1407 1470 1581 1526 Suites
1608 1512 1624 1538 ,
1654 1472 1788 1525 dixit
1828 1487 1846 1525 :
1887 1469 2124 1525 Potestas

519 1577 568 1622 et
599 1578 767 1622 terror
793 1566 933 1635 apud
968 1581 1083 1619 eum
1109 1574 1214 1631 est,
1244 1564 1331 1631 qui
1369 1563 1495 1633 facit
1519 1563 1848 1617 concordiam
1870 1563 1927 1616 in
1961 1561 2127 1615 subli-

521 1663 690 1717 mibus
721 1661 846 1715 suis.
883 1656 1156 1729 Numquid
1182 1666 1257 1711 est
1286 1672 1535 1711 numerus
1564 1654 1783 1710 militum
1807 1654 1963 1726 eius?
1987 1652 2125 1709 Con-

521 1755 704 1809 victus
734 1751 938 1807 Baldad
979 1767 1007 1803 a
1048 1750 1208 1806 beato
1238 1748 1342 1803 Job
1368 1748 1587 1804 dicente
1611 1788 1626 1813 ,
1663 1749 1714 1803 in
1742 1748 1923 1802 futuro
1952 1745 2125 1818 magis

528 1848 623 1903 Dei
668 1861 806 1917 esse
818 1844 1079 1916 judicium
1106 1884 1122 1909 ,
1153 1844 1221 1897 ad
1257 1842 1373 1896 haec
1399 1856 1459 1896 se
1484 1841 1755 1897 convertit
1782 1849 1841 1894 ut
1875 1838 2124 1905 diceret,

516 1938 666 2009 apud
710 1953 834 1993 eum
882 1944 970 1991 est
1018 1943 1262 2006 potestas
1301 1944 1357 1989 et
1391 1941 1604 2001 terror,
1640 1934 1691 1986 id
1723 1940 1847 1997 est,
1880 1946 1986 1986 non
2011 1929 2124 2000 jam

518 2039 745 2087 exercet
786 2028 1055 2099 judicium
1081 2068 1097 2094 ,
1140 2024 1237 2081 sed
1276 2027 1421 2095 apud
1466 2041 1524 2080 se
1556 2024 1859 2095 repositum
1893 2032 2040 2080 tenet
2062 2037 2128 2078 ac

517 2131 767 2181 reservat
790 2123 845 2176 in
880 2131 1178 2190 posterum.
1210 2118 1333 2188 Ipse
1362 2128 1541 2173 tamen
1566 2117 1688 2173 facit
1720 2126 1997 2188 perpetua:
2026 2131 2126 2187 pa-

520 2216 602 2272 cis
628 2213 981 2270 concordiam
1014 2211 1068 2266 in
1096 2210 1421 2267 sublimibus
1450 2250 1465 2276 ,
1497 2209 1551 2265 id
1582 2219 1696 2276 est,
1730 2210 1940 2282 angelis
1966 2256 1980 2281 ,
2013 2211 2130 2266 sive

516 2308 839 2365 hominibus
890 2305 1095 2361 sanctis
1144 2304 1288 2373 suis,
1340 2303 1703 2359 custodiendo
1734 2319 1869 2371 eos,
1923 2320 1991 2359 ne
2033 2319 2130 2375 per

512 2402 751 2472 aliquem
784 2399 1000 2470 lapsum
1044 2397 1254 2469 peccati
1290 2396 1609 2452 inimicitias
1638 2395 1859 2452 offensa:
1888 2396 2130 2453 caelestis

524 2495 830 2551 incurrant.

595 2586 666 2642 Et
714 2601 872 2655 super
896 2600 1048 2656 quem
1078 2600 1179 2638 non
1208 2591 1383 2653 surget
1411 2580 1594 2635 lumen
1611 2581 1761 2637 illius
1785 2586 1809 2636 ?
1836 2580 1955 2653 Ipse
1985 2581 2129 2637 enim

523 2681 797 2738 illuminat
826 2693 1043 2734 omnem
1076 2676 1353 2732 hominem
1387 2675 1696 2731 venientem
1723 2675 1777 2730 in
1804 2674 1947 2730 hunc
1969 2690 2128 2730 mun-

523 2775 673 2829 dum.

596 2865 871 2937 Numquid
903 2862 1196 2937 justi/icuri
1238 2870 1403 2933 potest
1435 2864 1590 2917 homo
1618 2870 1953 2932 comparatus
1987 2859 2131 2927 Deo,

525 2969 616 3015 aut
653 2974 905 3032 apparere
954 2955 1183 3010 mundus
1218 2967 1371 3010 natus
1410 2954 1475 3010 de
1504 2953 2133 3010 muliere?Manifestum

525 3061 611 3108 est
638 3094 652 3119 ,
680 3050 823 3122 quod
854 3050 1037 3119 in0pia
1066 3047 1467 3118 respondendi,
1498 3047 1689 3102 eadem
1714 3063 1834 3117 qua:
1855 3046 2133 3113 dixerant,

530 3144 874 3216 frequentius
901 3151 1172 3214 repetant.

599 3236 734 3292 Ecce
780 3237 907 3291 luna
948 3234 1106 3288 etiam
1152 3248 1256 3287 non
1286 3232 1560 3302 splendet,
1608 3241 1656 3284 et
1684 3231 1851 3285 stella:
1882 3247 1986 3285 non
2016 3238 2137 3285 sunt

525 3328 736 3385 munda:
778 3329 832 3382 in
883 3334 1173 3397 conspectu
1217 3328 1349 3398 ejus.
1404 3324 1517 3380 Sub
1557 3323 1779 3378 nomine
1814 3322 1993 3388 lunae,
2022 3325 2139 3378 sive

526 3423 838 3489 stellarum,
874 3419 1102 3490 angelos
1126 3426 1185 3474 et
1206 3432 1475 3488 supernas
1501 3424 1809 3485 potestates
1836 3415 2140 3486 intelligere

526 3528 850 3586 possumus,
879 3512 971 3581 qui
993 3510 1062 3565 ad
1087 3507 1770 3578 comparationemdivina:
1792 3508 2135 3574 reveretttim,

524 3605 800 3662 immundi
832 3614 886 3659 et
914 3600 1154 3657 tenebrae
1186 3607 1416 3668 possunt
1460 3598 1636 3654 videri
1670 3617 1683 3653 :
1716 3614 1783 3655 ex
1826 3614 1893 3655 eo
1918 3602 2133 3671 utique,

526 3697 782 3768 quoniam
807 3702 998 3749 natura
1021 3689 1258 3746 conditm
1272 3700 1563 3759 creaturae,
1588 3690 1717 3745 licet
1740 3706 1845 3745 non
1871 3701 2135 3761 peccent:

529 3805 761 3862 capaces
818 3796 1003 3842 tamen
1054 3783 1266 3855 peccati
1314 3793 1441 3838 sunt
1485 3801 1500 3838 :
1543 3793 1603 3839 ut
1642 3785 1895 3854 apparuit
1923 3786 1976 3839 in
2016 3784 2137 3841 aliis

534 3883 747 3953 angelis
804 3878 1049 3950 ejusdem
1098 3884 1307 3932 naturae
1348 3877 1724 3947 peccantibus.
1758 3876 1866 3934 Sed
1894 3887 2014 3948 post
2042 3894 2137 3936 eos

530 3975 748 4033 nullum
797 3970 1118 4041 angelorum
1151 3985 1406 4040 peccasse
1433 4011 1450 4038 ,
1478 3970 1813 4027 credendum
1859 3982 1945 4027 est
1970 4013 1988 4041 ,
2011 3974 2134 4043 quia

534 4082 703 4125 omne
743 4065 975 4121 liberum
1024 4078 1182 4119 suum
1224 4064 1511 4120 arbitrium
1544 4064 1596 4120 in
1628 4065 1794 4121 solius
1826 4065 1922 4122 Dei
1953 4066 2135 4122 chari—

526 4170 700 4216 tatem
731 4166 1014 4212 verterunt
1048 4175 1063 4211 :
1094 4157 1281 4227 sicque
1321 4156 1629 4213 immobiles
1662 4159 1786 4213 lacti
1816 4169 1943 4214 sunt
1970 4200 1987 4227 ,
2016 4175 2138 4230 per-

536 4253 796 4308 sistentes
825 4251 880 4304 in
910 4249 1145 4303 veritate
1170 4294 1183 4318 ,
1230 4249 1283 4303 in
1312 4264 1417 4318 qua
1445 4248 1735 4318 praedictus
1764 4252 1987 4322 angelus
2013 4267 2134 4308 cum

544 4350 662 4401 suis
707 4352 853 4398 stare
880 4341 1080 4397 noluit.
1134 4340 1373 4397 Proinde
1402 4343 1718 4414 angelorum
1753 4346 1999 4402 voluntas
2041 4363 2136 4418 per

536 4451 785 4495 amorem
837 4435 934 4490 Dei
984 4433 1123 4489 facta
1172 4442 1257 4489 est
1302 4434 1773 4504 inconvertibilis,
1803 4441 1995 4509 quinia
2022 4439 2134 4496 Deo

2219 424 2324 463 non
2353 410 2619 480 estfortis.
2647 409 2745 466 Cui
2775 411 2963 467 dedisti
2987 412 3312 467 consilium?
3331 408 3587 465 Forsitan
3615 406 3701 462 illi
3729 407 3827 477 qui

2221 518 2325 556 non
2355 502 2505 557 habet
2533 504 2871 574 sapientiam,
2904 515 2953 558 et
2984 505 3326 576 prudentiam
3359 515 3502 560 tuam
3542 501 3826 558 ostendisti

2221 594 2517 664 plurimam.
2566 596 2728 662 Quem
2776 597 2964 653 docere
3011 597 3268 653 voluisti?
3323 598 3516 653 Nonne
3562 613 3684 653 eum
3732 597 3825 664 qui

2219 685 2342 755 fecit
2372 688 2796 755 spiramentum?
2840 689 3042 747 Videns
3069 691 3181 746 Deo
3230 690 3482 761 injuriam
3510 689 3652 755 ﬁeri,
3673 690 3827 758 justa

2222 778 2595 849 indignatione
2623 794 2948 852 commotus,
2983 784 3035 839 in
3074 785 3195 855 ipso
3230 784 3385 839 initio
3418 781 3697 839 sermOnis
3737 781 3828 838 sui

2226 870 2432 927 Baldad
2465 873 2655 930 Suiten
2680 874 2994 931 durioribus
3033 877 3214 947 arguit
3244 875 3445 942 verbis,
3476 890 3544 931 eo
3570 873 3717 945 quod
3749 875 3823 928 ita

2223 965 2563 1035 loqueretur,
2585 976 2863 1038 tamquam
2888 969 2935 1024 si
2959 970 3103 1025 Deus
3126 969 3374 1025 infirmus
3396 984 3463 1024 ac
3488 983 3598 1023 non
3618 966 3830 1023 habens

2224 1059 2391 1115 ullam
2423 1061 2633 1117 brachii
2660 1061 3064 1131 fortitudinem,
3093 1063 3213 1133 ejus
3239 1073 3426 1134 egeret
3454 1061 3683 1118 auxilio.
3713 1059 3831 1116 Ad-

2227 1164 2452 1211 vertens
2476 1155 2640 1227 igitur
2660 1155 2786 1226 quia
2818 1156 2999 1212 minor
3023 1165 3107 1213 est
3140 1154 3485 1224 participatio
3509 1154 3579 1210 ad
3606 1165 3781 1210 totum
3807 1172 3827 1210 :

2225 1254 2376 1317 gutta
2421 1248 2604 1315 stillae,
2646 1249 2874 1320 perenni
2911 1249 3104 1304 fonte:
3145 1249 3384 1306 scintilla
3429 1249 3606 1305 latens
3647 1249 3704 1303 in
3746 1249 3831 1305 ci-

2228 1354 2384 1404 nere,
2415 1339 2527 1410 igni
2548 1339 2756 1409 divino,
2785 1356 2894 1412 quo
2924 1340 3107 1397 omnia
3136 1341 3527 1399 concalescunt
3559 1355 3574 1396 :
3602 1341 3829 1397 lucerna

2227 1434 2521 1503 corporis,
2579 1435 2685 1489 soli
2727 1435 2955 1506 justitia:
3011 1450 3028 1492 :
3080 1446 3251 1505 testa,
3308 1435 3476 1507 tigqu
3531 1454 3547 1490 :
3598 1436 3825 1504 anima,

2228 1525 2342 1581 Deo
2378 1541 2393 1581 :
2432 1526 2576 1582 unde
2602 1526 2808 1583 mirans
2835 1528 2940 1584 Job
2962 1527 3225 1599 loquitur,
3251 1544 3421 1600 quare
3446 1542 3614 1584 ausus
3635 1526 3826 1596 fuerit,

2230 1628 2289 1673 ut
2307 1634 2433 1673 eum
2465 1634 2495 1674 a
2522 1634 2632 1689 quo
2660 1620 2737 1675 illi
2764 1630 2849 1675 est
2878 1635 3022 1688 esse,
3055 1621 3253 1678 docere
3278 1620 3534 1678 voluerit.

2153 1725 2203 1787 Β
2300 1707 2438 1765 Ecce
2477 1713 2712 1784 gigantes
2752 1720 2964 1784 gemunt
3012 1713 3107 1768 sub
3151 1713 3319 1783 aquis,
3369 1721 3418 1770 et
3456 1718 3550 1786 qui
3590 1714 3831 1770 habitant

2227 1822 2345 1860 cum
2374 1807 2470 1861 eis.
2521 1806 2785 1880 Gigantes
2825 1817 3007 1866 autem
3035 1811 3275 1881 appellat
3321 1809 3609 1881 Scriptura
3640 1808 3829 1866 divina

2227 1898 2479 1955 homines
2498 1900 2786 1973 superbos,
2821 1902 3058 1959 rebelles
3083 1913 3139 1960 et
3160 1913 3533 1959 contumaces.
3568 1902 3832 1959 Diabolus

2227 2005 2470 2062 quoque,
2502 1992 2682 2060 etsui,
2711 2005 2938 2063 propter
2953 1995 3265 2066 superbiam
3291 1995 3555 2052 translato
3582 1995 3829 2062 nomine,

2227 2083 2475 2153 gigantes
2518 2096 2921 2154 nuncupantur.
2967 2086 3121 2155 Quod
3162 2096 3341 2143 autem
3388 2088 3487 2153 ait,
3523 2087 3631 2143 sub
3670 2087 3833 2158 aquis

2226 2175 2478 2247 gigantes
2514 2193 2776 2250 gemere:
2818 2180 2895 2235 ita
2938 2181 3117 2251 inquit
3155 2182 3313 2238 velut
3337 2182 3383 2238 si
3424 2181 3687 2251 dixisset,
3726 2182 3830 2239 sub

2230 2278 2375 2324 terra
2412 2286 2427 2324 :
2463 2271 2514 2326 id
2546 2280 2652 2340 est,
2689 2272 2741 2327 in
2776 2273 3134 2332 inferioribus
3159 2284 3321 2333 terra:
3349 2293 3368 2331 :
3402 2277 3492 2333 ubi
3517 2276 3680 2334 inferi
3707 2291 3836 2334 esse

2232 2364 2617 2436 perhibentur,
2673 2369 2819 2423 unde
2879 2382 2933 2425 et
2987 2370 3089 2440 ipsi
3144 2371 3306 2428 inferi
3354 2372 3617 2428 nominati
3680 2381 3832 2429 sunt.

2234 2457 2407 2527 Aqua:
2445 2458 2592 2514 enim
2621 2460 2743 2530 ejus
2781 2468 2994 2518 natura:
3038 2472 3188 2534 sunt,
3227 2475 3284 2520 ut
3320 2464 3442 2522 sine
3503 2475 3651 2522 terra
3707 2479 3839 2522 esse

2233 2566 2344 2607 non
2385 2553 2620 2623 possint.
2660 2552 2808 2610 Ecce
2849 2553 3100 2627 gigantes
3133 2566 3358 2628 gemunt
3395 2558 3497 2613 sub
3518 2557 3694 2630 aquis.
3729 2555 3837 2623 Qui

2233 2644 2471 2713 gemitus
2502 2646 2687 2717 utique
2729 2645 2797 2703 de
2845 2647 3148 2719 doloribus,
3182 2658 3240 2706 et
3283 2649 3540 2721 squalore
3569 2659 3837 2708 tartarea:

2237 2735 2590 2793 habitationis
2617 2738 2697 2794 eis
2721 2740 3108 2797 nascebantur.

2309 2826 2511 2884 Nudus
2531 2840 2604 2884 est
2634 2831 2868 2902 infernus
2890 2848 3067 2888 coram
3091 2834 3207 2903 illo,
3247 2842 3296 2889 et
3326 2836 3529 2891 nullum
3556 2845 3631 2892 est
3658 2836 3839 2909 operi-

2235 2929 2467 2974 mentum
2488 2923 2791 2992 perditioni.
2815 2923 2930 2981 Hoc
2951 2924 3107 2995 dicit,
3137 2926 3281 2998 quod
3304 2927 3595 2984 scientiam
3627 2929 3724 2985 Dei
3755 2928 3844 2985 ni-

2238 3009 2313 3065 hil
2370 3012 2545 3069 latere
2594 3016 2788 3086 possit.
2831 3016 2899 3072 Et
2946 3018 3090 3089 quod
3135 3019 3403 3089 perditio,
3446 3020 3541 3092 qui
3589 3020 3842 3077 diabolus

2155 3127 2204 3191 C
2238 3104 2396 3160 nobis
2420 3122 2526 3161 non
2550 3107 2786 3165 absurde
2808 3112 3068 3179 sentitur,
3097 3126 3159 3169 se
3180 3128 3289 3170 non
3313 3115 3609 3186 praevaleat
3633 3113 3841 3171 abom-

2244 3199 2547 3269 uipoteutia
2575 3203 2694 3273 ejus
2725 3203 3087 3263 abscondere.

2316 3290 2421 3358 Qui
2450 3292 2685 3348 extendit
2707 3294 3016 3363 Aquilonem
3043 3315 3198 3371 super
3225 3316 3473 3371 vacuum,
3508 3312 3558 3357 et
3589 3303 3843 3375 appendit

2241 3391 2433 3437 terram
2461 3402 2619 3456 super
2664 3388 2912 3446 nihilum.
2961 3391 3077 3447 Hoc
3126 3394 3205 3449 sic
3247 3394 3663 3466 intelligendum
3712 3406 3837 3454 est:

2240 3474 2355 3530 sive
2392 3478 2536 3547 quod
2567 3488 2706 3535 terra
2737 3496 2807 3536 ex
2838 3482 3006 3540 nihilo
3042 3482 3183 3541 facta
3224 3485 3321 3558 sit,
3374 3487 3492 3543 sive
3528 3486 3665 3544 nihil
3696 3487 3842 3545 infra

2243 3572 2449 3621 terram
2466 3574 2559 3638 sit,
2590 3586 2698 3641 quo
2725 3578 2873 3628 terra
2902 3573 3260 3644 sustineatur,
3281 3592 3405 3632 cum
3434 3577 3550 3648 ipsa
3580 3579 3842 3636 universa

2240 3657 2527 3727 sustineat,
2558 3672 2614 3717 et
2645 3662 2761 3733 ipsa
2794 3664 3276 3725 innumerabiliter
3302 3669 3399 3725 Dei
3425 3670 3629 3728 virtute
3669 3671 3841 3728 libre-

2242 3758 2352 3817 tur,
2383 3755 2510 3823 quia
2554 3753 2609 3810 in
2656 3756 2776 3827 ipso
2804 3769 2933 3815 sunt
2966 3761 3246 3829 universa,
3294 3774 3350 3820 et
3387 3764 3458 3821 ab
3508 3766 3608 3821 illo
3655 3765 3841 3822 omnia

2240 3846 2618 3905 continentur.
2650 3850 2727 3907 De
2754 3867 2863 3924 quo
2892 3852 3191 3924 Apostolus
3212 3855 3383 3913 dicit:
3408 3855 3642 3914 Portans
3663 3859 3840 3913 omnia

2240 3940 2442 3995 uirtutis
2462 3958 2573 3997 sua:
2594 3943 2769 3998 verba.
2797 3945 2866 4001 Et
2882 3947 3006 4017 quia
3026 3948 3324 4020 aliquando
3346 3950 3401 4006 in
3420 3950 3728 4023 Scripturis
3746 3967 3842 4023 per

2240 4031 2466 4102 ﬁgurant
2500 4036 2698 4106 Aquilo
2735 4049 2955 4108 ventus,
2986 4040 3238 4099 diabolus
3280 4058 3405 4101 esse
3447 4044 3791 4116 significatur
3821 4059 3837 4101 :

2238 4124 2512 4194 siquidem
2541 4143 2568 4181 a
2594 4128 2892 4186 Salomone
2928 4134 3127 4204 Aquilo
3162 4134 3335 4191 durus
3362 4145 3562 4193 ventus
3587 4137 3794 4194 dicitur
3820 4154 3835 4194 :

2241 4217 2465 4273 nomine
2482 4229 2663 4276 autem
2688 4221 2885 4281 dexter
2916 4235 3162 4283 vocatur.
3195 4229 3237 4284 Δ
3264 4229 3380 4285 suis
3407 4231 3610 4301 quippe
3639 4229 3839 4288 dexter

2236 4307 2456 4378 quidem
2489 4311 2713 4381 dicitur,
2745 4316 2847 4372 sed
2885 4326 3031 4374 totus
3060 4320 3274 4378 sinistri
3305 4323 3487 4393 operis
3510 4332 3707 4380 auctor
3729 4331 3839 4381 est.

2239 4399 2339 4456 Hic
2365 4402 2527 4474 igitur
2554 4421 2719 4475 super
2741 4424 2970 4467 vacuum
2991 4410 3276 4482 dilatatur,
3308 4413 3363 4470 id
3397 4425 3515 4485 est,
3545 4430 3715 4487 super
3739 4415 3837 4472 fri-

535 4494 623 4585 est.
656 4544 753 4599 per
781 4535 1058 4583 naturam.
1090 4525 1219 4581 Ideo
1247 4525 1325 4582 illi
1354 4528 1459 4583 soli
1492 4494 2015 4600 incorrupto-honor
2037 4574 2052 4600 ,
2080 4494 2133 4590 et
2158 4523 2214 4584 D
2239 4494 2394 4566 suos
2424 4497 2724 4600 θξξθξδίίιυθ
2753 4501 3101 4573 incredulos,
3134 4507 3278 4577 (Ιυθά
3309 4517 3396 4563 θθί
3428 4523 3598 4580 super
3638 4509 3836 4566 ί⁰³¹¹¹θ⁸

535 4621 732 4694 gloria.
770 4619 960 4675 Potest
979 4626 1033 4673 et
1052 4617 1122 4674 de
1155 4618 1239 4674 his
1269 4620 1558 4676 elementis
1584 4621 1771 4678 dicere
1796 4667 1810 4693 ,
1841 4624 1986 4695 quod
2014 4625 2138 4682 ideo

537 4711 818 4770 immunda
868 4710 1120 4767 dicantur
1140 4755 1155 4780 ,
1207 4711 1334 4782 quia
1380 4727 1486 4767 non
1516 4728 1733 4785 semper
1764 4717 2020 4787 luceant,
2050 4718 2137 4775 vel

531 4804 679 4876 quod
724 4817 956 4874 corpora
1005 4811 1217 4857 tantum
1269 4803 1615 4875 illuminent,
1664 4815 1852 4865 etnon
1881 4820 2134 4879 mentes,

531 4899 675 4956 sicut
698 4899 836 4953 Deus
858 4938 874 4963 ,
903 4895 993 4966 qui
1017 4903 1311 4968 utrumque
1333 4897 1513 4954 facere
1546 4904 1846 4958 consuevit.

604 4992 810 5061 Quanto
845 4988 1008 5059 magis
1041 4990 1196 5044 homo
1238 4991 1482 5061 putredo,
1518 5000 1566 5045 et
1595 4993 1738 5063 ﬁlius
1769 4994 1997 5053 hominis
2024 5014 2132 5054 ver-

525 5086 624 5139 mis
649 5086 673 5139 ?
700 5084 757 5140 Si
778 5083 923 5138 enim
954 5082 1153 5154 angeli,
1187 5081 1388 5154 inquit,
1421 5095 1476 5139 et
1505 5085 1770 5143 caelorum
1808 5090 1976 5147 etiam
2005 5109 2129 5149 cur"

522 5194 660 5251 pora
707 5177 777 5233 ad
823 5176 1291 5247 comparationem
1341 5178 1475 5245 Dei,
1538 5180 1818 5238 immunda
1874 5202 2002 5243 esse
2051 5189 2134 5244 di-

528 5270 931 5342 cuntur,,quid
986 5279 1165 5341 putas,
1211 5270 1373 5325 homo
1417 5274 1815 5333 existimandus
1859 5288 1963 5345 est,
2006 5298 2128 5338 cum

522 5364 601 5423 sit
630 5368 747 5435 ipse
771 5361 1012 5434 putredo
1041 5377 1057 5415 :
1102 5362 1249 5418 [ilius
1278 5379 1496 5437 quoque
1526 5365 1769 5425 hominis
1796 5374 2030 5441 vermis,
2063 5391 2130 5432 ex

522 5456 719 5516 eadem
748 5454 939 5525 utique
965 5469 1197 5511 nascens
1222 5460 1582 5529 corruptione
1611 5478 1716 5533 qua
1758 5465 1997 5521 vermis?

529 5668 533 5677 .
1102 5587 1337 5645 CAPUT
1377 5589 1569 5648 XXVI.

527 5737 532 5745 _
604 5677 942 5749 Respondent:
982 5689 1152 5736 autem
1175 5679 1300 5752 Job,
1345 5683 1522 5741 dixit:
1564 5686 1728 5761 Cujus
1770 5691 1987 5764 adjutor
2030 5694 2128 5749 es?

2238 4602 2370 4645 vera
2398 4590 2694 4663 religione,
2719 4605 2773 4650 et
2793 4610 3027 4665 vacuos;
3055 4607 3222 4669 atque
3250 4611 3308 4655 ut
3333 4600 3415 4656 eis
3442 4601 3595 4657 velut
3612 4615 3709 4657 rex
3737 4600 3836 4657 do-

2239 4683 2496 4753 minetur,
2526 4690 3032 4758 superextenditur.
3056 4691 3293 4749 Rursum
3313 4693 3395 4749 illi
3413 4693 3519 4765 ipsi
3543 4693 3833 4765 increduli,

2239 4790 2377 4844 quos
2415 4789 2638 4835 sanctus
2677 4781 2780 4836 Job
2822 4791 2985 4839 terra:
3028 4784 3248 4843 nomine
3288 4787 3587 4859 appellavtt
3619 4806 3633 4842 :
3667 4800 3836 4857 super

2238 4867 2514 4924 diabolum
2534 4916 2548 4941 ,
2580 4872 2726 4942 quia
2758 4873 2872 4931 Deo
2906 4875 3039 4932 nihil
3074 4878 3250 4935 lactus
3276 4889 3396 4951 est,
3423 4879 3831 4952 appenduntur,

2240 4969 2299 5013 ut
2340 4960 2534 5018 incerti
2579 4979 2799 5037 semper
2845 4967 2978 5037 sint,
3036 4977 3093 5025 et
3132 4970 3415 5028 imitentur
3462 4982 3630 5045 caput
3672 4988 3831 5029 suum

2241 5051 2485 5108 membra
2508 5094 2524 5118 ,
2557 5066 2613 5109 ut
2646 5069 2923 5130 tamquam
2950 5070 3120 5132 caput
3148 5062 3293 5133 quod
3321 5062 3453 5118 nihil
3482 5065 3689 5121 dictum
3725 5075 3830 5133 est,

2237 5158 2381 5213 esse,
2411 5160 2575 5218 super
2599 5163 2828 5206 vacuum
2854 5160 2912 5208 et
2943 5152 3171 5208 nihilum
3211 5154 3615 5227 appendantur.

2316 5236 2421 5305 Qui
2447 5240 2576 5312 ligat
2606 5259 2772 5310 aquas
2804 5246 2859 5299 in
2906 5245 3127 5302 nubibus
3152 5248 3261 5303 suis
3284 5289 3302 5316 ,
3342 5258 3399 5303 ut
3424 5266 3528 5305 non
3555 5260 3831 5324 erumpant

2238 5331 2436 5397 pariter
2473 5334 2739 5391 deorsum.
2792 5337 2896 5393 Per
2938 5339 3036 5395 has
3082 5340 3256 5398 nubes
3298 5342 3352 5398 in
3386 5343 3677 5401 altitudine
3712 5346 3828 5417 ipsa

2237 5423 2464 5494 spatiosi
2489 5432 2636 5484 aeris
2655 5431 2985 5503 colligantur
3010 5449 3189 5504 aquae,
3220 5435 3366 5493 sicut
3391 5447 3447 5494 et
3470 5438 3581 5494 alio
3607 5438 3734 5496 loco
3764 5440 3830 5497 de

2234 5516 2346 5572 Deo
2374 5520 2445 5574 ita
2476 5520 2743 5593 legimus:
2766 5522 3013 5582 Cribrans
3043 5546 3207 5601 aquas
3232 5531 3295 5585 de
3316 5531 3539 5588 nubibus
3559 5534 3693 5589 suis.
3718 5534 3830 5590 lloc

2230 5609 2398 5681 igitur
2425 5614 2589 5671 modo
2616 5616 2795 5688 ligatae
2826 5619 3103 5689 dicuntur,
3134 5622 3389 5693 quoniam
3421 5641 3530 5682 non
3560 5624 3724 5683 simul
3751 5624 3828 5683 ef-

2229 5701 2533 5764 funduntur
2574 5707 2632 5763 in
2680 5718 2905 5784 terram,
2944 5716 3086 5769 sicut
3124 5712 3182 5770 in
3226 5714 3433 5775 diluvio
3466 5719 3666 5777 laetum
3695 5716 3828 5790 legi-
