4032 6326
192 361 298 422 689

1080 358 1562 421 COMMENTARII
1601 363 1670 421 IN
1708 362 1974 423 LIBRUM
2009 365 2158 425 JOB.
2194 366 2351 425 CAP.
2394 370 2588 427 XXVI.

3389 377 3493 435 690

189 488 333 531 mus.
371 470 688 544 Spiritnalis
731 482 911 530 autem
954 475 1058 532 iste
1095 486 1179 533 est
1210 478 1555 548 intellectus,
1588 490 1648 539 ut
1685 499 1785 539 nu-
1808 482 1864 547 Α
1887 493 2048 550 sunt,
2075 485 2166 556 qui
2202 494 2422 556 portant
2451 501 2515 541 ac
2541 485 2815 542 sustinent
2850 487 3190 545 diversarum
3234 504 3494 563 persecu-

188 565 286 623 bes
324 573 545 622 sanctos
606 565 867 624 doctores
906 569 1331 642 interpretemur
1379 575 1660 645 Ecclesiae,
1698 578 1790 648 qui

186 672 359 729 aquas
407 656 691 730 Evangelii
750 669 970 731 portant
1032 665 1244 735 populis
1302 665 1684 737 effundendas,
1738 679 1792 727 et

187 750 570 820 gubernandas
608 766 638 806 a
679 751 890 823 Spiritu
930 763 1123 811 sancto
1187 756 1489 817 deferunt:
1541 771 1598 817 ut
1656 763 1785 817 irri-

186 854 382 914 gentur
414 852 573 900 terrae
600 846 927 916 populorum
961 865 974 903 :
1008 858 1062 904 et
1090 850 1161 907 de
1191 850 1294 908 hac
1322 853 1537 911 caelesti
1565 854 1747 926 pluvia
1771 898 1787 925 ,

187 935 452 991 virtutum
477 934 662 1007 fruges
682 936 955 1008 spirituali
978 944 1297 1011 operatione
1327 946 1788 1017 multiplicentur.

191 1027 340 1094 Quas
366 1042 533 1099 aquas
562 1028 631 1084 de
654 1042 891 1100 superna
919 1031 1250 1091 abundantia
1280 1036 1589 1094 detinentes
1608 1080 1623 1105 ,
1659 1040 1792 1112 ligat

195 1119 339 1175 Deus
379 1119 432 1174 in
461 1120 693 1178 nubibus
720 1125 835 1179 suis
865 1141 878 1178 :
904 1135 963 1180 ut
988 1127 1279 1199 unicuique
1304 1131 1603 1186 secundum
1628 1148 1790 1204 capa-

192 1212 415 1269 citatem
471 1214 652 1270 cordis
705 1214 819 1283 sui,
882 1226 1093 1275 tantum
1151 1221 1449 1290 doctrinm,
1513 1235 1787 1297 tamquam

190 1317 385 1373 aquam
421 1302 695 1376 eﬁ'undat,
739 1318 1005 1379 quantum
1048 1314 1400 1384 suscipientis
1451 1318 1788 1387 possibilitas

190 1394 393 1464 patitur
424 1414 437 1451 :
465 1411 536 1454 ne
563 1398 725 1453 simul
756 1398 1005 1457 fortassis
1033 1402 1252 1470 eﬂ‘nsze,
1276 1405 1461 1462 obsint
1488 1408 1749 1465 cordibus
1769 1451 1787 1477 ,

188 1488 364 1545 minus
378 1490 689 1548 valentibus
704 1492 1154 1553 abundantiorem
1168 1501 1449 1571 suscipere
1459 1501 1784 1560 doctrinam.

194 1648 195 1651 η
259 1582 360 1649 Qui
384 1590 524 1639 tenet
546 1586 743 1641 vultum
764 1588 886 1643 solii
919 1589 1025 1644 sui.
1072 1589 1414 1649 Sententiam
1461 1595 1654 1666 judicii
1703 1599 1785 1654 sui

187 1683 433 1731 reservat
453 1676 510 1731 in
541 1686 841 1746 posterum.
862 1678 1096 1752 iustitia:
1122 1698 1257 1753 suae,
1281 1693 1337 1742 et
1358 1686 1578 1755 pietatis
1598 1688 1782 1746 sedem

187 1765 240 1823 in
297 1769 447 1824 omni
518 1781 770 1828 creatura
826 1789 962 1842 sua,
1015 1776 1263 1835 veritatis
1310 1780 1487 1852 gloria
1537 1783 1786 1851 reSplen-

1898 578 2103 633 tionum
2130 578 2435 649 ingruentia
2467 579 2567 633 sibi
2595 580 2854 650 pericula.
2887 580 2957 635 Et
2978 581 3177 639 animm
3207 582 3489 639 hominum

1895 669 2190 741 aliquando
2206 671 2335 726 coeli
2367 670 2766 743 intelliguntur.
2793 673 2998 728 Harum
3028 674 3331 731 animarum
3354 692 3492 747 quas

1898 777 1994 831 per
2024 761 2398 831 metaphoram
2430 762 2601 818 cmlos
2628 763 2871 820 diximus
2902 780 2916 820 :
2949 765 3220 821 columna:
3245 776 3375 823 sunt
3402 783 3493 824 co-

1895 853 2188 924 gitationes
2211 868 2368 909 suae:
2412 854 2544 923 ipsis
2588 855 2807 937 quippe,
2834 856 3016 911 anima
3059 861 3384 924 sustinetur,
3441 869 3498 915 et

1844 984 1847 987 λ
1897 945 2105 1015 regitur
2135 964 2146 999 :
2180 955 2234 1000 et
2257 960 2323 1000 ne
2351 946 2591 1016 aerugine
2620 947 2828 1015 peccati
2860 957 3093 1004 nutetac
3115 950 3332 1017 titubet,
3358 966 3495 1007 con-

1898 1038 2005 1093 silii
2030 1037 2332 1092 stabilitate
2378 1038 2648 1092 firmatur.
2674 1038 2810 1105 Quia
2854 1039 2959 1095 hoc
2996 1040 3196 1110 saepius
3225 1044 3497 1114 contingit

1899 1132 2152 1186 humana:
2180 1130 2490 1202 fragilitati,
2519 1140 2579 1188 ut
2620 1133 2707 1189 ubi
2738 1135 2919 1190 cautio
2949 1137 3131 1191 minor
3160 1137 3491 1193 intuentium

1896 1232 2003 1289 est,
2036 1223 2275 1292 impulsu
2320 1224 2534 1294 peccati
2560 1223 2854 1293 columna»,
2887 1225 2942 1281 id
2966 1236 3073 1292 est,
3105 1228 3261 1284 bonae
3286 1231 3500 1300 cogita-

1898 1315 2075 1372 tiones
2099 1317 2152 1370 in
2185 1325 2339 1387 parte
2362 1316 2529 1373 altera
2562 1318 2889 1389 deligantur.
2922 1319 2991 1374 Et
3030 1319 3233 1376 idcirco
3257 1332 3497 1379 tremunt

1895 1424 1961 1466 ac
1987 1420 2189 1480 pavent
2213 1410 2279 1466 ad
2308 1421 2500 1467 nutum
2524 1411 2781 1469 minantis
2807 1412 2899 1468 Dei
2923 1430 2936 1467 :
2968 1429 3126 1469 suum
3158 1414 3492 1472 horrendum

1892 1504 2153 1575 judicium
2194 1504 2562 1576 praedicantis.
2581 1505 2701 1562 Non
2733 1508 2876 1563 enim
2908 1509 3272 1578 cogitationes
3295 1511 3495 1566 animm

1895 1597 2014 1652 ista:
2062 1606 2190 1652 sunt
2221 1599 2481 1668 propriae,
2535 1609 2812 1670 tamquam
2847 1600 2949 1654 sibi
3001 1608 3192 1656 natura
3221 1601 3492 1667 inessent,

1893 1704 2014 1760 quae
2041 1690 2229 1759 utique
2269 1690 2320 1744 in
2351 1698 2550 1745 natura
2573 1691 2844 1748 existente
2872 1700 3022 1759 sunt,
3056 1700 3111 1747 et
3136 1700 3347 1748 natura;
3387 1695 3502 1749 exi-

1892 1782 2088 1838 stentis
2110 1781 2502 1849 ministerium,
2518 1783 2637 1838 sine
2658 1783 2856 1853 quibus
2880 1795 3070 1838 natura
3084 1785 3367 1840 rationalis
3389 1801 3496 1840 non

186 1858 401 1917 dentem
434 1861 585 1918 Deus
614 1871 799 1920 tenere
833 1865 1052 1937 dicitur,
1095 1869 1239 1939 quod
1267 1881 1349 1925 est
1382 1871 1782 1929 manifestatio-
1814 1880 1863 1940 Β
1905 1882 2027 1930 est:
2069 1873 2325 1945 quoniam
2383 1881 2441 1928 ut
2482 1874 2619 1943 dixi,
2653 1875 2784 1945 ipsae
2817 1890 2912 1945 per
2962 1891 3024 1932 se
3072 1890 3181 1931 non
3213 1886 3359 1945 sunt,
3393 1878 3488 1933 sed

186 1969 307 2010 nem
338 1965 684 2013 secretorum
707 1957 1042 2028 jndiciorum
1073 1976 1298 2018 suorum
1328 1964 1603 2023 obvailare
1623 1977 1788 2039 atque

185 2047 548 2118 abscondere,
579 2062 639 2106 ut
668 2051 1022 2125 Evangelium
1053 2053 1257 2112 Christi
1306 2057 1360 2113 in
1403 2058 1487 2115 bis
1528 2061 1619 2131 qui
1666 2077 1789 2134 per-

188 2154 339 2200 eunt.

259 2240 327 2294 Et
351 2241 612 2308 expandit
633 2258 791 2316 super
817 2244 953 2300 illud
988 2248 1233 2305 nebulam
1264 2265 1437 2306 suam.
1473 2253 1786 2311 Secundum

190 2331 318 2389 illud
355 2334 501 2406 quod
563 2335 823 2394 Dominus
875 2340 950 2395 ait
1005 2340 1292 2413 discipulis
1343 2345 1395 2400 in
1443 2344 1784 2415 Evangelia:

198 2431 347 2489 Vobis
393 2434 582 2489 datum
637 2445 712 2490 est
766 2453 918 2493 nosse
967 2441 1270 2512 mysterium
1321 2442 1469 2517 regni
1511 2444 1783 2499 cmlorum.

187 2523 244 2582 In
267 2527 639 2586 obtectionem
663 2545 881 2602 quoque
908 2531 1106 2589 divinae
1128 2535 1393 2591 custodiae
1416 2553 1550 2603 suae,
1583 2553 1787 2608 expan-

189 2619 265 2677 dit
284 2637 449 2691 super
474 2624 658 2692 ipsum
675 2623 876 2680 bonum
907 2627 1155 2683 nuntium
1178 2628 1479 2701 Evangelii,
1501 2630 1557 2685 in
1590 2633 1786 2688 nubem

191 2710 525 2772 defensionis
553 2729 688 2785 suae,
720 2728 780 2770 ut
812 2716 996 2773 nullus
1040 2730 1228 2790 posset
1253 2721 1305 2776 ei
1343 2723 1600 2792 quamvis
1628 2739 1785 2779 acer-

190 2807 350 2863 rimus
378 2808 740 2865 adversarius
769 2811 1069 2880 praevalere
1099 2829 1113 2867 :
1137 2813 1207 2869 de
1233 2829 1338 2885 qua
1369 2816 1664 2884 Apostolus
1681 2816 1784 2872 ait:

190 2895 369 2956 Patres
412 2903 586 2957 nostri
628 2918 809 2960 omnes
847 2904 940 2960 sub
990 2907 1127 2962 nube
1168 2909 1401 2979 fuerunt.

259 2991 565 3050 Terminum
588 2996 933 3053 circumdedit
960 3001 1110 3070 aquis
1142 3017 1159 3054 :
1190 3018 1355 3074 usque
1377 3001 1503 3057 dum
1526 3002 1788 3071 ﬁniantur

188 3081 278 3139 lux
297 3096 343 3143 et
364 3088 616 3144 tenebris.
640 3088 755 3147 Sub
770 3090 988 3147 nomine
1008 3107 1274 3165 aquarum
1298 3097 1427 3152 κατὰ
1442 3097 1785 3170 συνεκδοχήν,

189 3181 326 3250 quod
352 3191 436 3239 est
465 3199 498 3238 a
539 3191 698 3255 parte
723 3184 790 3241 ad
818 3195 990 3244 totum
1017 3233 1032 3258 ,
1062 3190 1250 3246 mundi
1282 3191 1444 3246 ﬁnem
1476 3194 1609 3250 mihi
1636 3196 1784 3252 vide—

1890 1976 2071 2024 motus
2105 1966 2407 2022 invisibiles
2452 1975 2581 2023 sunt
2609 1968 2963 2024 subsistentis
2991 1978 3221 2025 natura).

1959 2058 2027 2114 In
2056 2059 2359 2130 fortitudine
2383 2059 2529 2114 illius
2564 2070 2773 2128 repente
2802 2062 2972 2115 maria
2993 2072 3312 2135 congregata
3338 2075 3485 2120 sunt.

1889 2152 2047 2222 Quod
2078 2153 2131 2207 in
2163 2152 2442 2222 principio
2467 2151 2699 2209 Genesis
2728 2153 2929 2210 factum
2962 2154 3217 2226 legimus.

1964 2245 2032 2300 Et
2060 2244 2340 2316 prudentia
2370 2249 2486 2317 ejus
2509 2247 2763 2311 percussit
2791 2248 3094 2319 superbum.
3133 2249 3231 2305 Cui
3261 2249 3490 2306 dubium

1891 2347 1996 2403 est,
2039 2340 2168 2412 quin
2211 2339 2593 2409 principaliter
2632 2340 2887 2395 diabolus
2939 2340 3011 2396 sit
3042 2341 3132 2398 hic
3171 2344 3489 2412 superbus:

1891 2434 1985 2506 qui
2024 2443 2151 2490 tunc
2180 2433 2415 2505 primum
2442 2449 2471 2487 a
2508 2434 2620 2489 Deo
2656 2448 2957 2503 percussus
2986 2446 3093 2505 est,
3120 2435 3339 2507 quando
3370 2452 3493 2493 eum

1890 2528 1960 2585 de
1990 2528 2121 2584 sede
2142 2528 2231 2584 illa
2261 2527 2526 2583 cnelorum
2559 2528 2720 2584 beata
2753 2537 2918 2599 atque
2948 2530 3170 2585 sublimi
3209 2529 3459 2602 deposuit
3480 2575 3495 2599 ,

1891 2622 1960 2679 de
1987 2637 2089 2711 (ωε
2117 2623 2386 2693 propheta
2408 2624 2487 2678 ait
2515 2640 2528 2677 :
2563 2622 2646 2677 Tu
2671 2624 2962 2681 humiliasti
2998 2628 3133 2682 sicut
3168 2628 3493 2681 vulneratum

1891 2715 2195 2788 superbum.
2213 2714 2612 2785 Spiritualiter,
2639 2725 2789 2773 recte
2810 2720 2984 2773 maria
3001 2720 3139 2786 haec,
3155 2720 3491 2787 Iudaeorum,

1891 2819 1948 2866 et
1977 2810 2257 2864 nationum
2294 2811 2531 2881 populos
2577 2825 2701 2866 esse
2738 2812 3029 2877 sentimus,
3082 2812 3288 2884 quibus
3318 2814 3495 2869 domi-

1891 2910 2145 2958 naturum
2200 2919 2389 2960 verum
2440 2905 2816 2973 Salomonem,
2874 2905 3042 2962 David
3097 2907 3366 2978 propheta
3418 2910 3491 2963 ita

1890 2998 2232 3065 pronuntiat,
2264 2995 2455 3051 dicens
2486 3013 2506 3053 :
2538 2997 2605 3051 Et
2636 2995 2993 3051 dominabitur
3018 3016 3051 3052 a
3078 3001 3211 3052 mari
3240 3016 3401 3070 usque
3422 2999 3491 3053 ad

1890 3104 2052 3143 mare.
2096 3088 2176 3143 De
2226 3089 2362 3142 mari
2408 3090 2577 3153 enim,
2629 3088 2682 3143 id
2729 3099 2840 3156 est,
2890 3088 2958 3144 de
2985 3099 3149 3159 gente
3177 3089 3491 3146 Judaeorum

1891 3183 2060 3253 coepit
2084 3181 2441 3253 Evangelinm
2472 3182 2709 3249 Christi,
2735 3186 2863 3252 quia
2888 3182 2956 3237 de
2986 3182 3119 3239 Sion
3142 3184 3277 3239 exiit
3305 3184 3412 3247 lex,
3438 3193 3494 3237 et

189 3281 275 3330 tur
299 3276 539 3345 dixisse,
567 3279 692 3348 quia
726 3281 898 3337 noctis
931 3296 996 3337 ac
1031 3283 1137 3339 diei
1179 3284 1500 3342 vicissitudo
1541 3289 1787 3357 praeteri-

1901 3278 2145 3347 pervenit
2169 3275 2237 3331 ad
2265 3291 2419 3332 mare
2440 3275 2710 3347 gentium.
2746 3276 3040 3347 ﬂuensque
3068 3291 3200 3347 ergo
3231 3278 3346 3332 haec
3369 3293 3491 3333 ma-

193 3374 304 3424 tura
347 3372 441 3427 sit.
481 3371 623 3429 Sive
653 3372 723 3428 de
751 3372 1053 3444 impiorum
1084 3377 1323 3447 populis,
1348 3379 1435 3435 vel
1466 3380 1533 3435 de
1563 3391 1787 3437 sancto-

189 3476 302 3519 rum
328 3465 799 3535 tribulationibus,
828 3484 950 3540 quaa
979 3485 1245 3540 aquarum
1272 3473 1497 3529 nomine
1532 3475 1584 3529 in
1609 3474 1787 3545 Scrip-

192 3558 321 3613 turis
342 3570 488 3630 saepe
524 3557 801 3614 dicuntur.
818 3559 913 3617 Ηιε
941 3561 1103 3632 igitur
1120 3578 1278 3635 aqum
1295 3579 1323 3618 a
1354 3564 1467 3621 Deo
1494 3568 1783 3623 terminum

189 3659 546 3722 acceperunt,
587 3651 704 3707 sive
753 3662 812 3708 ut
861 3668 1081 3723 semper
1129 3657 1319 3729 iniqui,
1371 3667 1427 3715 et
1471 3672 1787 3730 peccatores

190 3739 313 3805 sint,
345 3742 461 3798 sive
512 3749 704 3797 utnon
726 3743 869 3798 sinat
889 3742 1063 3799 fidelis
1094 3746 1239 3802 Deus
1261 3747 1645 3805 tribulationes
1676 3753 1784 3820 pati

194 3843 407 3891 sanctos
428 3849 576 3892 suos
600 3851 762 3908 supra
806 3852 969 3908 quam
1021 3840 1298 3897 sustinere
1347 3852 1604 3911 possunt.
1655 3846 1784 3901 Haec

195 3941 320 3999 ergo
346 3930 476 3986 [ient
524 3928 700 3986 donec
745 3931 1098 4001 prosperitas,
1150 3941 1203 3988 et
1248 3935 1505 4006 iniquitas
1544 3949 1787 3996 transeat

195 4017 502 4090 impiorum,
528 4036 655 4093 qua:
682 4022 786 4078 hoc
804 4023 928 4079 loco
947 4024 1083 4080 lucis
1109 4034 1167 4082 et
1194 4029 1545 4085 tenebrarum
1569 4033 1789 4089 nomine

199 4112 494 4185 significata
515 4126 667 4172 sunt.
1040 4107 1045 4111 ’

266 4206 532 4266 Columna
570 4210 686 4265 caeli
719 4214 1157 4281 contremiscunt,
1193 4224 1241 4269 et
1274 4228 1463 4288 pavent
1490 4217 1561 4271 ad
1603 4229 1789 4274 nutum

203 4302 333 4372 ejus.
360 4302 726 4360 Stabilitatem
754 4320 889 4375 ergo
914 4305 1264 4362 solummodo
1290 4322 1707 4379 permanentem
1732 4313 1790 4368 in

205 4401 387 4449 natura
418 4395 770 4468 angelorum,
800 4398 1173 4454 columnarum
1204 4402 1430 4457 nomine
1458 4405 1787 4472 sentiamus,

203 4485 322 4554 quia
355 4502 459 4543 non
499 4489 680 4544 solum
724 4491 1078 4547 immobiliter
1121 4492 1175 4547 in
1219 4495 1510 4551 sanctitate
1537 4512 1794 4566 perseve-

206 4586 379 4634 rantes
415 4589 589 4637 sunt:
623 4581 721 4638 sed
754 4583 916 4638 etiam
963 4592 1182 4640 mternm
1224 4586 1575 4642 beatitudinis
1614 4589 1787 4659 gloria

1889 3369 1969 3425 ria
2019 3369 2341 3440 populorum
2394 3368 2714 3424 fortitudine
2756 3385 2819 3423 ac
2850 3369 3053 3425 virtute
3071 3370 3491 3425 resurrectionis

1887 3459 2113 3527 Christi,
2155 3461 2529 3531 apostolorum
2566 3460 3147 3533 Evangelistarumque
3185 3463 3493 3519 ministerio

1889 3563 2325 3624 caeterorumque
2348 3554 2633 3624 praedicta,
2666 3564 2891 3626 repente
2936 3556 2991 3610 in
3025 3570 3191 3610 unum
3226 3555 3489 3611 Ecclesiae

1890 3659 2091 3714 corpus
2133 3655 2486 3716 congregata,
2530 3654 2698 3716 atque
2748 3647 2805 3701 in
2853 3661 3017 3701 unam
3066 3646 3315 3717 copulam
3364 3647 3491 3702 fidei

1890 3747 2019 3794 sunt
2070 3737 2272 3795 Christi
2299 3739 2567 3795 eharitate
2595 3754 2861 3796 connexa.

1966 3829 2197 3901 Spiritus
2227 3833 2339 3903 ejus
2380 3832 2580 3886 ornavit
2624 3831 2800 3887 cielos.
2843 3833 3104 3905 Legimus
3136 3834 3188 3889 in
3222 3834 3493 3906 principio

1891 3924 2193 3993 Geneseos,
2232 3936 2429 3996 quarto
2460 3927 2553 3983 die
2584 3943 2613 3983 a
2660 3928 2770 3985 Deo
2811 3926 3000 3985 διθηῆ
3043 3930 3247 4001 positas
3275 3946 3400 3987 esse
3438 3934 3491 3987 in

1892 4018 2059 4081 coelo,
2089 4027 2184 4072 ant
2220 4018 2273 4072 in
2312 4018 2679 4074 firmamento.
2722 4019 2931 4090 Spiritu
2961 4022 3125 4077 etiam
3157 4034 3371 4087 sancto,
3406 4038 3494 4079 ra-

1894 4112 2193 4169 timiabiles
2233 4113 2404 4169 caelos
2439 4113 2657 4168 ornavit
2688 4132 2702 4169 :
2736 4129 2873 4185 quos
2909 4116 3192 4185 apostolos
3216 4158 3230 4179 ,
3266 4124 3322 4171 et
3357 4131 3494 4185 apo-

1894 4207 2122 4263 stolicos
2153 4205 2306 4262 viros
2338 4206 2695 4279 intelligimus
2718 4224 2733 4261 :
2753 4208 2847 4278 qui
2870 4206 3058 4263 multis
3085 4207 3494 4279 Scripturarum
3556 4273 3559 4275 ἓ

1894 4297 2054 4365 locis,
2101 4298 2371 4356 ctelorum
2412 4300 2876 4371 nuncupationem
2929 4312 3360 4371 consequuntur,
3410 4317 3501 4356 se-

1894 4393 2133 4448 cundum
2164 4394 2293 4449 illud
2323 4394 2604 4465 propheta:
2633 4413 2644 4449 :
2676 4393 2898 4465 Operuit
2929 4396 3087 4450 cados
3112 4396 3273 4449 virtus
3291 4397 3429 4468 ejus,
3453 4404 3500 4449 et

1897 4486 2177 4555 prudentia
2194 4487 2308 4557 ejus
2323 4487 2575 4559 percussit
2591 4488 2891 4554 superbum.
2916 4484 3169 4542 Christus
3187 4487 3280 4541 Dei
3303 4488 3501 4552 virtus,

1897 4587 1952 4632 et
1980 4578 2074 4632 Dei
2106 4579 2372 4648 sapientia
2420 4581 2698 4645 percussit
2737 4583 3037 4647 superbum
3083 4581 3387 4638 diabolum.
3432 4582 3498 4636 lli

206 4672 456 4740 speciosi.
484 4673 617 4729 Nam
642 4674 712 4729 de
735 4674 911 4730 futura
938 4676 1322 4734 immobilitate
1351 4652 1643 4734 hominum
1666 4721 1682 4749 ,
1715 4682 1790 4738 ita

1901 4685 2030 4741 ergo
2056 4671 2253 4733 sancti,
2287 4687 2317 4725 a
2359 4671 2562 4741 Spiritu
2595 4681 2786 4728 saneto
2826 4674 2898 4728 ita
2941 4674 3188 4730 distincti
3219 4685 3345 4729 sunt
3372 4690 3497 4744 gra-

206 4761 281 4815 ait
306 4762 474 4819 Filius
502 4766 596 4822 Dei
619 4784 633 4819 :
670 4766 773 4831 Qui
799 4767 1001 4833 vicerit,
1025 4769 1216 4838 faciam
1236 4769 1392 4824 illum
1423 4771 1722 4826 columnam
1741 4773 1796 4828 in

210 4859 394 4926 tempto
424 4858 523 4913 Dei
549 4861 666 4916 mei.
696 4861 803 4916 Sed
841 4869 895 4915 et
938 4861 1053 4929 ipsa
1086 4860 1356 4930 Ecclesia,
1389 4879 1512 4934 quae
1540 4875 1623 4920 est
1672 4880 1800 4920 san-

207 4955 413 5004 ctorum
440 4954 685 5007 omnium
712 4953 1095 5023 congregatio,
1124 4969 1222 5025 pro
1251 4963 1454 5012 aeterna
1481 4957 1586 5013 sibi
1611 4959 1663 5012 in
1688 4959 1796 5012 Do-

212 5041 357 5098 mino
389 5045 686 5101 stabilitate
710 5088 726 5113 ,
748 5046 1003 5104 columna
1033 5056 1091 5104 et
1136 5047 1550 5105 fundamentum
1595 5052 1801 5109 dicitur

209 5135 466 5191 veritatis.
501 5136 690 5195 Potest
724 5148 781 5195 et
817 5139 886 5194 de
920 5140 1126 5196 sanctis
1155 5143 1363 5211 angelis
1392 5144 1464 5197 ita
1513 5144 1742 5216 intelligi
1780 5166 1794 5202 :

211 5231 271 5278 ut
288 5240 384 5293 pro
409 5226 694 5286 cbaritatis
714 5247 826 5288 sine
852 5246 915 5287 ac
943 5232 1255 5288 dilectionis
1285 5233 1505 5303 intuitu,
1529 5236 1796 5292 columnae

210 5311 476 5381 dicantur,
499 5334 569 5376 eo
591 5322 735 5392 quod
761 5337 858 5393 pro
879 5321 1057 5377 salute
1076 5311 1356 5380 hominum
1380 5339 1564 5380 curam
1584 5338 1795 5397 gerant,

212 5419 305 5475 pro
330 5407 524 5477 quibus
560 5424 688 5469 sunt
721 5415 811 5484 pio
840 5413 1042 5470 affectu
1072 5416 1328 5485 solliciti,
1355 5417 1499 5487 quod
1527 5420 1609 5474 eis
1644 5419 1798 5489 quasi

210 5496 277 5551 ad
304 5502 507 5567 Pondus
531 5506 936 5578 cogitationum
966 5509 1230 5564 accedere
1250 5509 1484 5565 videtur.
1515 5510 1582 5565 Et
1608 5526 1801 5566 secun-

209 5589 333 5644 dum
379 5595 628 5663 "opicus
679 5599 1015 5668 intellectus,
1071 5602 1193 5657 coeli
1249 5603 1468 5658 nomine
1509 5602 1805 5673 signiﬁcari

214 5679 514 5740 Ecclesiam
557 5691 898 5756 noverimus,
932 5693 985 5748 in
1013 5708 1117 5762 qua
1143 5693 1405 5749 ('(Blorum
1434 5696 1691 5765 mysteria
1715 5709 1806 5751 ce-

216 5772 506 5833 lebrantur.
564 5781 733 5853 Hujus
773 5784 958 5856 itaque
1002 5785 1151 5850 eteli,
1194 5785 1247 5841 id
1290 5793 1377 5841 est
1404 5787 1682 5854 Ecclesiae,
1717 5802 1811 5842 co-

233 5864 428 5925 lumna
466 5883 603 5928 sum
646 5877 902 5943 apostoli,
952 5887 1008 5933 et
1060 5881 1248 5933 caeteri
1289 5879 1381 5947 qui
1428 5880 1603 5949 gratia
1645 5879 1808 5936 simili

1905 4766 2100 4819 tiarum
2125 4764 2307 4831 donis,
2343 4773 2615 4835 tamquam
2645 4766 2882 4823 sidereis
2904 4769 3284 4829 luminaribus.

1980 4854 2046 4908 Et
2084 4855 2446 4909 obstetriraute
2482 4870 2641 4909 manu
2687 4860 2833 4927 eius,
2883 4858 3141 4913 adductus
3184 4870 3258 4915 est
3293 4861 3501 4919 coluber

1906 4957 2188 5002 tortuosus.
2218 4946 2402 5002 Sancti
2434 4962 2565 5016 ergo
2595 4948 3039 5003 adornativerbo
3068 4949 3195 5019 Dei,
3231 4962 3500 5023 tamquam

1906 5054 2092 5093 semen
2135 5038 2349 5108 populis
2382 5049 2667 5109 spargunt.
2700 5038 2856 5095 Unde
2883 5055 2911 5093 a
2946 5040 3143 5098 timore
3189 5042 3403 5098 Domini
3453 5046 3507 5101 in

1904 5143 2062 5188 utero
2087 5131 2337 5202 spiritum
2363 5133 2557 5187 salutis
2582 5109 2975 5203 conceperuin.
3007 5142 3063 5188 et
3086 5135 3155 5189 ita
3197 5150 3417 5203 manus,
3450 5147 3508 5191 et

1900 5228 2166 5299 sapientia
2188 5226 2391 5290 Patris,
2415 5225 2575 5282 Jesus
2598 5226 2870 5295 Christus,
2896 5227 3185 5283 animabus
3216 5229 3506 5298 multiplici

1902 5320 2104 5375 virtute
2144 5318 2412 5382 fecundis,
2436 5319 2753 5389 dignatione
2775 5335 2872 5375 sua
2908 5336 2937 5374 a
2970 5330 3161 5376 sancto
3190 5319 3294 5375 Job
3324 5330 3508 5377 astare

1904 5416 2254 5487 perhibetur,
2303 5422 2364 5469 ut
2394 5415 2827 5485 parturientibus
2865 5414 3008 5471 ﬁlios
3036 5416 3252 5471 venturi
3292 5416 3505 5480 sa-culi,

1909 5509 2228 5579 obsequium
2251 5508 2523 5579 quoddam
2546 5507 2802 5564 adhibeat
2822 5524 2935 5563 sua:
2962 5509 3203 5579 pietatis,
3227 5524 3431 5580 easque
3452 5509 3507 5565 in

1910 5605 2357 5678 persecutionem
2405 5602 2690 5658 doloribus
2741 5603 2948 5672 positas
2987 5603 3307 5658 consoletur
3351 5619 3364 5656 :
3411 5603 3515 5658 mi-

1918 5698 2146 5753 nisterio
2189 5713 2406 5769 quoque
2449 5713 2551 5752 suo
2609 5695 2959 5752 invisibiliter
3006 5696 3336 5752 intrinsecus
3384 5710 3515 5766 ope-
3586 5717 3592 5721 ·

1919 5798 2115 5855 rante,
2165 5789 2382 5859 adiuvet
2414 5789 2809 5861 parturientes.
2851 5789 2985 5858 Ouia
3026 5788 3144 5845 sine
3176 5789 3301 5856 illo,
3336 5789 3519 5845 nullus

1921 5897 2018 5937 eos
2042 5882 2310 5937 bonorum
2334 5896 2588 5952 operum,
2612 5896 2735 5952 qum
2757 5881 2990 5938 ﬁliorum
3013 5879 3237 5938 nomine
3262 5880 3516 5953 superius
