4032 6304
245 353 364 406 695

1092 405 1104 421 ,
1149 337 1634 403 111111111111111111
1674 341 1740 403 tu
1781 339 2040 404 LIBRUM
2080 343 2224 405 tos.
2255 347 2409 404 «ιλιι.
2444 346 2658 406 xxvii.

3449 353 3554 410 694

247 467 529 539 prtedicit,
557 473 612 522 et
641 464 946 522 secundum
993 465 1246 520 meritum
1285 463 1529 534 loquitur
1567 461 1854 518 hominum
1882 461 1933 521 Δ
1959 477 2205 534 quosque
2247 472 2303 519 et
2343 462 2522 519 claros
2559 466 2728 531 viros,
2759 473 2820 520 ut
2861 475 3061 522 terrain
3093 476 3149 522 et
3199 467 3371 523 lutum
3414 466 3552 526 viles

245 570 606 632 peccatorum
651 558 997 630 :prtedicens
1043 557 1172 628 quid
1220 557 1594 627 unusquisque
1643 567 1855 626 perma-t

241 660 392 710 nens
423 653 477 708 in
501 653 744 723 peccatis
774 660 1092 723 recepturus
1125 650 1194 706 ab
1224 661 1294 706 eo
1319 650 1412 704 sit.
1443 649 1598 705 Nune
1625 649 1697 704 ad
1725 663 1851 706 eum

241 741 437 801 locum
463 751 809 801 revertamur
834 762 846 798 :

325 841 457 910 Quis
482 851 558 895 est
584 840 722 894 enim
747 846 863 907 spes
889 837 1178 910 hypocrita!
1207 838 1254 892 si
1272 847 1430 893 auore
1451 837 1650 907 rapiat,
1679 843 1726 891 et
1746 849 1854 892 nats

241 933 434 990 liberet
464 931 604 988 Deus
631 935 858 986 animum
901 932 1059 1004 ejus?
1090 929 1407 1002 Hypocrita,
1433 927 1591 985 ﬁctus
1630 929 1685 984 in
1715 922 1850 983 ami-

242 1026 403 1093 citia,
432 1025 517 1080 vel
545 1024 771 1079 dolosus
797 1022 1141 1092 intelligitur.
1166 1023 1435 1090 Quantam
1461 1032 1555 1076 vos
1579 1019 1852 1092 cupiditas

247 1122 464 1183 tetn,ct
489 1117 637 1187 quasi
661 1115 906 1170 avaritlte
935 1116 1087 1170 sitim
1110 1113 1382 1186 patimini,
1405 1115 1601 1185 inquit,
1632 1114 1686 1168 in
1711 1114 1850 1169 inte-

243 1213 361 1268 ritu
412 1219 562 1276 meo,
594 1213 652 1264 tit
709 1217 796 1264 nte
851 1209 996 1264 votis
1036 1208 1148 1278 jam
1187 1208 1242 1262 in
1278 1213 1542 1262 tartarum
1583 1206 1850 1276 rapiatis?

237 1303 430 1374 Super
475 1302 580 1360 bac
624 1300 789 1375 igitur
836 1302 1069 1358 nefanda
1109 1303 1390 1357 voluntate
1435 1317 1446 1356 :
1492 1313 1654 1372 quam
1693 1309 1845 1371 spem

239 1399 426 1454 venia:
448 1406 577 1453 ante
606 1398 772 1453 Deum
803 1396 1098 1463 habebitis,
1119 1397 1165 1450 si
1189 1411 1293 1451 non
1323 1394 1686 1466 acquiescetis
1708 1394 1844 1460 Deo,

238 1501 305 1546 Itt
326 1505 426 1546 vos
457 1491 510 1545 in
547 1491 647 1546 hac
677 1490 785 1544 vita
814 1488 1111 1545 emendare
1135 1487 1364 1545 curetis.

317 1582 594 1654 Numquid
623 1581 759 1636 Deus
799 1581 979 1646 audiet
1011 1585 1292 1636 clamorem
1318 1583 1472 1654 ejus:
1503 1591 1619 1634 cum
1655 1582 1844 1635 tenero

233 1689 398 1747 super
432 1689 548 1730 eum
571 1675 835 1746 angustia.
864 1676 919 1730 In
949 1679 1195 1744 tempore
1227 1675 1407 1745 itaque
1440 1673 1840 1742 retributionis,

233 1769 465 1839 quando
486 1769 656 1839 impio
681 1777 908 1824 ventura
943 1781 1026 1824 est
1051 1763 1324 1840 angustia,
1361 1769 1568 1824 uultum
1607 1770 1716 1826 erit
1756 1773 1842 1824 re-

1957 555 2266 621 constituit,
2296 571 2325 610 a
2361 558 2563 627 quibus
2592 559 2760 612 etiam
2789 558 3046 621 virtutes.
3076 567 3132 614 ct
3163 558 3306 614 bona
3337 567 3547 621 natura

1957 649 2104 704 Velut
2134 650 2460 704 vestimenta
2493 650 2752 716 detraxit,
2785 662 2839 707 et
2866 665 3058 707 eorum
3089 666 3305 717 aurum,
3333 665 3444 719 quo
3467 650 3557 710 di-

1956 739 2100 797 vitia:
2132 742 2334 798 mentis
2357 743 2763 813 signiﬁcantur.
2794 744 2861 799 ili
2899 747 3046 801 enim
3078 745 3291 801 divitiis
3319 745 3389 800 ad
3417 745 3556 800 ima-

1953 834 2135 905 ginem
2179 845 2236 891 et
2263 834 2674 891 similitudinem
2718 834 2998 892 Creatoris
3040 838 3128 893 sui
3176 837 3390 908 pulchri
3422 836 3553 892 lacti

1954 923 2192 994 fuerant,
2220 937 2275 983 et
2305 928 2601 996 compositi
2629 946 2641 982 :
2671 929 2764 999 qui
2795 943 2890 984 eas
2917 928 3219 986 auferendo
3251 930 3320 984 ab
3348 931 3452 995 eis,
3475 929 3548 985 ad

1953 1033 2221 1075 summam
2250 1033 2348 1076 eos
2374 1019 2731 1092 indigentiam
2760 1023 3138 1095 vilitatemque
3161 1023 3553 1094 perduxitdiis

1952 1118 2114 1188 igitur
2139 1117 2302 1173 rebus
2328 1117 2582 1176 homines
2603 1120 3082 1190 comparautur,in
3101 1119 3296 1184 Adam.
3325 1129 3388 1176 ut
3409 1120 3550 1186 disi,

1950 1209 2164 1266 seducti
2193 1223 2234 1264 ο.
2266 1210 2516 1277 diabolo,
2553 1225 2676 1281 qua:
2717 1211 2771 1265 in
2813 1221 3065 1268 creatura
3112 1213 3299 1268 mundi
3349 1211 3548 1270 viliora

1950 1302 2233 1359 videntur.
2267 1303 2376 1360 Sed
2410 1304 2594 1372 justus
2635 1305 2919 1370 Dominus,
2951 1315 3008 1361 et
3033 1306 3178 1362 Deus
3208 1316 3421 1375 noster,
3445 1319 3548 1363 au-

1951 1394 2183 1451 ferendo
2227 1407 2258 1450 tt
2306 1395 2531 1451 diabolo
2590 1396 2851 1466 prtedicta
2912 1397 3083 1466 spolia
3150 1399 3538 1468 captivorum:

1948 1487 2102 1557 ipsos
2142 1501 2360 1558 quoque
2403 1488 2650 1558 captivos
2697 1487 2960 1554 liberans,
2996 1503 3132 1560 quos
3178 1490 3434 1546 inimicus
3487 1492 3541 1546 ir.

1950 1581 2230 1637 interitum
2280 1590 2725 1653 praeparaverat,
2774 1581 3079 1637 Ecclesium
3149 1593 3394 1639 sanctam
3443 1581 3548 1640 sibi

1945 1673 2192 1730 exhibuit
2217 1688 2285 1729 ex
2310 1673 2392 1730 eis
2423 1692 2434 1728 :
2462 1674 2734 1730 inundans
2760 1688 2881 1729 eam
2904 1675 3126 1731 lavacro
3156 1683 3313 1746 aqua:
3343 1675 3399 1731 in
3425 1690 3549 1732 ver-

1946 1767 2038 1833 bo,
2065 1775 2228 1838 atque
2245 1777 2364 1822 eam
2389 1766 2511 1822 sine
2533 1766 2772 1833 mcula,
2792 1775 2848 1823 et
2877 1782 3012 1838 ruga
3041 1767 3291 1824 efﬁciens
3325 1786 3336 1820 :
3365 1768 3420 1824 id
3443 1775 3548 1834 est,

234 1861 489 1916 medium
518 1859 904 1933 peccatoribus
940 1863 1102 1932 :quia
1125 1867 1319 1932 preces
1345 1870 1535 1918 eorum
1577 1861 1842 1919 Dominus
1871 1848 1920 1915 Β
1948 1871 2138 1930 puram
2189 1874 2220 1913 a
2268 1870 2515 1929 peccato,
2542 1871 2600 1932 ει
2641 1858 2996 1915 confessione
3038 1858 3163 1914 ﬁdei
3211 1860 3545 1929 simplicem,

233 1954 293 2008 in
327 1953 418 2010 die
444 1955 668 2010 ultionis
695 1967 801 2009 non
832 1954 1114 2024 suscipiet.

314 2048 416 2102 Aut
451 2049 637 2118 poterit
694 2049 748 2102 in
797 2047 1143 2120 omnipotente
1194 2048 1463 2113 delectari,
1507 2053 1556 2104 el
1598 2049 1841 2107 invocare

236 2139 306 2193 Di
326 2153 410 2194 unt
451 2141 589 2195 omni
617 2143 880 2212 tempore?
910 2141 958 2196 is
992 2142 1045 2195 in
1086 2141 1199 2196 Deo
1225 2141 1488 2197 delectari
1540 2144 1758 2212 poterit,
1785 2145 1840 2198 et

231 2232 496 2288 invocare
508 2243 656 2299 eum,
673 2235 762 2303 qui
789 2233 894 2290 sibi
915 2233 1056 2288 bene
1077 2234 1332 2289 conscius
1354 2241 1504 2290 recte
1530 2235 1835 2304 praesumit,

230 2333 289 2380 et
319 2319 413 2395 qui
441 2341 502 2382 se
525 2325 688 2383 talem
721 2325 1053 2394 exhibuerit,
1085 2330 1142 2382 tit
1168 2326 1412 2398 quolibet
1440 2332 1686 2398 tempore
1719 2330 1834 2386 itte-

231 2424 425 2475 reatur
452 2419 654 2474 audiri.-
981 2471 986 2475 .

306 2509 512 2565 Docebo
533 2521 622 2565 tios
651 2523 742 2582 per
770 2521 979 2566 manum
1018 2510 1118 2567 Dei
1142 2520 1256 2581 quin
1282 2513 1598 2584 omnipotens
1625 2514 1832 2582 habent,

231 2617 326 2659 nec
357 2603 693 2659 abscondam.
728 2603 860 2660 Ecce
907 2619 996 2660 vos
1039 2615 1214 2662 omnes
1254 2601 1439 2677 nouis,
1473 2617 1520 2662 et
1559 2608 1684 2678 quid
1725 2606 1838 2662 sine

231 2711 393 2754 causa
441 2708 575 2753 vana
614 2701 921 2771 loquimini?
970 2701 1098 2756 Ηώς
1142 2710 1217 2755 est
1250 2709 1371 2774 pars
1417 2701 1639 2756 heminis
1687 2701 1836 2772 impii

229 2790 376 2862 apud
404 2788 592 2854 Deum,
627 2800 676 2845 et
705 2787 983 2846 hwredilas
1003 2791 1364 2859 uiolenlorum,
1394 2800 1546 2863 quam
1574 2793 1639 2845 ab
1668 2794 1836 2846 omni-

227 2891 434 2956 potente
463 2885 762 2952 suscipienl.
798 2885 891 2939 illa
918 2885 1051 2940 dicit
1080 2895 1204 2954 qua:
1232 2884 1396 2939 habet
1422 2884 1564 2940 Deus
1588 2885 1642 2940 in
1669 2894 1833 2940 manu

225 2986 294 3032 ac
321 2985 618 3046 potestate,
644 2984 701 3032 et
731 2978 784 3032 in
817 2976 1050 3033 secretis
1076 2975 1298 3048 judiciis
1327 2977 1461 3033 suis.

303 3066 364 3123 Si
387 3066 724 3137 multiplicati
747 3064 942 3137 fuerint
971 3068 1072 3138 ﬁlii
1111 3071 1242 3140 ejus,
1275 3069 1330 3122 in
1373 3068 1552 3140 gladio
1594 3077 1748 3124 erunt
1781 3079 1830 3125 et

227 3167 442 3230 nepotes
465 3162 580 3230 ejus
609 3173 709 3212 non
740 3159 1113 3213 saturabuntttr
1140 3171 1291 3229 pune.
1329 3155 1388 3212 in
1417 3158 1541 3213 ﬁliis
1579 3171 1630 3214 et
1662 3172 1832 3230 nepo-

1945 1952 2190 2022 pretioso
2237 1951 2417 2008 induit
2455 1954 2810 2008 vestimento.
2854 1954 3162 2024 Argentum
3207 1954 3379 2010 etiam
3433 1968 3546 2024 quo

1943 2046 2214 2116 perspicui
2237 2047 2463 2117 quique,
2493 2055 2551 2101 ut
2569 2045 2681 2116 jam
2698 2045 2918 2102 locutus
2942 2060 3088 2111 sum,
3113 2055 3170 2102 et
3197 2045 3331 2102 clari
3356 2047 3546 2103 mundi

1942 2142 2101 2211 hujus
2136 2141 2516 2211 intelliguntur
2549 2160 2559 2193 :
2598 2141 2863 2196 innocens
2904 2142 3091 2210 Agnus
3117 2139 3318 2207 Dei,et
3346 2141 3544 2196 imma-

1939 2234 2156 2289 culatus
2179 2231 2408 2299 dividit,
2442 2243 2567 2287 cum
2609 2232 2902 2288 credentes
2931 2231 2990 2286 in
3032 2233 3249 2288 beatam
3279 2233 3448 2288 vitam
3487 2242 3544 2289 et

1939 2335 2204 2382 eternam
2250 2323 2484 2393 gloriam
2535 2324 2730 2388 mittit,
2762 2322 3241 2378 etincreduiosin
3274 2323 3540 2394 perditio-

1941 2429 2064 2474 nem
2095 2417 2281 2472 mittit.
2306 2415 2435 2473 Siva
2481 2425 2768 2487 argentum
2823 2416 2971 2471 clara
3017 2427 3072 2471 et
3097 2417 3398 2487 splendens
3425 2420 3539 2472 elo-

1940 2512 2160 2581 quentia
2188 2510 2490 2575 saecularis,
2515 2515 2544 2563 ι
2581 2509 2788 2565 mundo
2818 2523 2913 2580 per
2939 2507 3224 2564 Christum
3252 2509 3501 2566 aufertur
3529 2530 3538 2565 :

1939 2612 1999 2660 ut
2041 2602 2382 2659 credentium
2437 2601 2712 2666 facundia,
2765 2601 2957 2656 nitenti
3010 2608 3066 2656 et
3117 2615 3253 2671 puro
3291 2601 3539 2672 eloquio,

1937 2698 2060 2764 ejus
2110 2695 2467 2766 Evangelium
2521 2693 2829 2760 vestiatur;
2889 2693 3017 2764 quia
3071 2694 3536 2764 quemadmodum

1936 2789 2135 2849 anitum
2177 2792 2456 2846 hominum
2499 2789 2767 2846 virtutum
2796 2789 3040 2844 vestibus
3083 2788 3384 2845 induuntur
3415 2809 3426 2844 :
3462 2790 3539 2846 ita

1935 2895 1992 2942 et
2022 2898 2215 2942 sensus
2241 2884 2370 2939 dum
2396 2883 2793 2954 praedicatione
2825 2882 3330 2953 Evangeliaantium
3357 2893 3537 2939 enun-

1938 2977 2164 3041 tientur,
2196 2974 2602 3045 quodammodo
2631 2973 2980 3029 sermonibus
3002 2975 3341 3030 vestiuntur.
3375 2973 3537 3031 [Eth

1935 3067 2120 3124 iicavit
2149 3070 2294 3123 sicut
2325 3067 2472 3122 tinea
2495 3065 2716 3121 domum
2742 3080 2921 3131 suam,
2947 3073 3002 3122 et
3025 3066 3171 3122 sicut
3198 3075 3385 3122 custos
3404 3065 3536 3124 fecit

1935 3161 2336 3216 umbracuium.
2373 3159 2443 3216 Ut
2471 3161 2615 3214 tinea
2646 3158 2945 3226 consumit,
2975 3165 3032 3214 et
3057 3157 3354 3214 demolitur
3383 3159 3537 3215 ltubio

227 3252 378 3307 tibus
424 3251 692 3322 reliquam
725 3263 942 3308 omnem
983 3253 1361 3322 posteritatem
1411 3253 1570 3308 m‘aite
1598 3265 1827 3324 generei
1852 3230 1903 3298 ο
1935 3254 2171 3309 iaculum
2199 3266 2388 3308 suum:
2412 3253 2485 3307 ita
2514 3261 2570 3306 et
2594 3249 2848 3306 diabolus
2870 3251 3092 3306 domum
3121 3250 3322 3317 perditi
3343 3252 3535 3322 populi

226 3345 402 3401 lintris
432 3345 695 3416 signavit.
731 3346 1040 3417 Aliquando
1073 3347 1126 3401 in
1157 3345 1481 3417 Scripturis,
1512 3359 1620 3402 tton
1651 3349 1828 3404 solum

224 3437 435 3494 carnali
464 3438 724 3508 progenie
758 3453 771 3492 ε
800 3447 990 3494 verum
1018 3439 1183 3494 etiam
1219 3449 1434 3495 morum
1467 3435 1829 3497 similitudine

227 3530 329 3586 ﬁlii
358 3531 724 3600 appellantur.

305 3615 408 3691 Qui
429 3624 615 3696 reliqui
646 3625 837 3694 fuerint
868 3637 931 3680 ea:
955 3633 1038 3692 eo,
1061 3626 1377 3696 sepelienntr
1418 3627 1471 3680 in
1520 3622 1750 3694 inierint,
1779 3628 1830 3681 et

226 3717 399 3772 uidua:
419 3715 562 3771 illius
587 3731 690 3772 non
725 3718 1142 3787 plorabuntdioe
1169 3717 1484 3788 signiﬁcare
1515 3717 1650 3772 mihi
1678 3718 1830 3774 vide-

231 3817 340 3875 tur”,
371 3809 519 3879 quod
547 3821 649 3879 per
690 3814 941 3878 tetnpora
972 3807 1036 3863 ad
1061 3818 1329 3864 summam
1351 3817 1650 3880 egestatem
1670 3848 1685 3878 ,
1715 3810 1829 3866 sive

229 3902 536 3968 miseriam,
573 3902 754 3972 proles
792 3900 940 3970 impii
980 3901 1243 3968 nominis,
1274 3903 1388 3957 sive
1416 3901 1704 3972 generatio
1733 3902 1830 3959 tie-

228 3994 482 4051 ducenda
532 3995 625 4062 sit,
655 4002 710 4051 et
749 3995 925 4051 Vidua:
970 4003 1157 4051 eorum
1210 4001 1324 4066 prae
1373 3997 1544 4053 nimio
1586 3997 1828 4053 instante

230 4089 333 4144 sibi
359 4087 523 4155 malo,
554 4086 689 4143 ﬁere
719 4103 827 4142 non
862 4092 1138 4157 poterunt.

305 4182 368 4237 Si
388 4182 781 4250 romportdveril
804 4180 954 4252 quasi
984 4187 1177 4235 terrent
1205 4189 1497 4252 argentum,
1528 4187 1579 4237 et
1596 4183 1730 4236 sicut
1745 4179 1829 4237 lit.

232 4286 342 4328 tum
379 4272 749 4345 properaverit
798 4273 1114 4327 ttrstimenla.
1153 4273 1520 4330 Insatiabilem
1561 4274 1829 4345 cupiditas

234 4378 342 4424 tem
375 4384 438 4423 ac
462 4367 782 4438 voraginem
810 4367 1099 4438 quamdam
1122 4365 1467 4436 inexplebilis
1491 4365 1652 4437 hujus
1674 4367 1826 4438 impii

230 4457 633 4623 dlci’twparavit
663 4551 894 4621 quidem,
926 4550 1017 4606 sed
1044 4552 1221 4623 justus
1240 4544 1484 4606 vestietur
1514 4550 1641 4619 illis,
1667 4559 1714 4605 el
1737 4569 1822 4608 ure

1933 3346 2018 3403 sui
2049 3346 2100 3401 in
2137 3344 2417 3400 interitum
2438 3345 2555 3414 ejus
2583 3343 2818 3398 ludiﬁcat
2849 3361 2864 3400 :
2891 3342 2983 3414 qui
3007 3342 3404 3398 habitationem
3424 3345 3532 3400 sibi

1935 3439 2347 3509 temporariam,
2389 3448 2445 3491 et
2501 3437 2765 3507 paulatim
2819 3436 3112 3491 solubilem
3175 3437 3533 3506 praeparavit,

1934 3546 2292 3601 possessorus
2320 3538 2523 3586 :eterna
2555 3527 2845 3598 supplicia.
2884 3529 2987 3583 llic
3015 3537 3102 3584 cst
3135 3543 3267 3599 ergo
3309 3528 3535 3585 111111111-

1935 3625 2057 3694 pius
2089 3621 2376 3694 hypocrita
2404 3622 2496 3692 qui
2545 3637 2714 3676 avare
2743 3621 2904 3691 rapit.
2934 3620 2993 3674 in
3023 3637 3131 3675 non
3175 3628 3532 3677 convertente

1935 3717 2084 3770 nulla
2117 3729 2248 3784 spes
2294 3715 2470 3769 venies
2499 3714 2626 3779 erit,
2651 3729 2776 3768 cum
2819 3714 2981 3768 etiam
3029 3725 3196 3783 super
3226 3711 3366 3779 hinc,
3395 3728 3530 3783 qua-

1933 3809 2054 3863 dum
2079 3808 2308 3863 avaritia
2342 3808 2604 3863 smviente
2623 3807 2798 3877 rapiat
2825 3806 3074 3862 homines
3112 3805 3179 3861 ad
3222 3806 3528 3862 interitum.

1931 3902 2032 3970 Qui
2078 3901 2282 3956 idcirco
2327 3901 2615 3972 hypocrita
2654 3900 2895 3956 dicitur:
2929 3898 3053 3970 quia
3082 3914 3143 3955 se
3181 3898 3532 3970 transﬁgurat

1933 3995 1984 4048 in
2015 3994 2268 4064 angelum
2300 3993 2442 4048 lucis
2475 4011 2485 4044 :
2515 3992 2672 4060 cujus
2715 3992 2880 4048 etiam
2922 3991 3223 4046 clamorem
3254 4006 3391 4046 serae
3434 3992 3531 4047 de-

1933 4087 2264 4157 precationis
2295 4099 2404 4141 tion
2449 4091 2536 4141 est
2569 4085 2836 4140 Dominus
2881 4083 3170 4139 auditurus
3197 4101 3209 4136 :
3235 4099 3358 4138 cum
3387 4083 3528 4138 intra

1931 4197 2217 4253 pinnarum
2244 4179 2522 4251 angustias
2545 4177 2713 4234 inerit
2737 4186 3071 4233 coarctatus.
3095 4175 3150 4231 ltt
3175 4177 3287 4232 Deo
3306 4192 3530 4247 quoque

1932 4291 2041 4329 non
2071 4275 2178 4329 erit
2209 4273 2258 4329 ei
2284 4273 2351 4328 de
2384 4273 2531 4328 bono
2564 4269 2922 4326 conscientiae
2945 4269 3121 4340 aliqua
3145 4269 3530 4327 delectationis

1931 4367 2124 4423 ﬁducia
2163 4387 2175 4420 :
2203 4367 2301 4422 sed
2332 4381 2433 4422 nec
2474 4368 2527 4422 in
2558 4365 2779 4421 laudem
2809 4365 3178 4421 confessionis
3210 4381 3338 4422 eum
3367 4375 3526 4436 pote-

1931 4461 1998 4516 rit
2029 4474 2356 4530 provocare,
2387 4460 2477 4529 qui
2511 4458 2565 4513 in
2593 4457 3014 4513 similitudinem
3048 4457 3526 4516 innumerabilium

1933 4556 2167 4610 ﬁliorum
2195 4568 2418 4608 suorum
2440 4553 2627 4608 divina
2652 4552 2922 4607 sententia
2947 4551 3043 4606 Dei
3066 4551 3252 4622 gladio
3277 4552 3529 4608 ferietur.

231 4619 444 4717 centeni
485 4619 736 4698 innocens
779 4643 992 4699 dividet.
1031 4619 1097 4698 lit
1131 4644 1392 4700 Salomon
1424 4643 1537 4699 uit:
1573 4644 1677 4712 Qui
1705 4659 1821 4699 am-
1852 4619 1907 4680 D
1931 4647 2173 4715 Nepotes
2215 4645 2407 4711 etiam,
2444 4644 2494 4697 in
2540 4641 2739 4713 quibus
2787 4643 2867 4697 illi
2908 4619 3294 4714 intelliguntur
3331 4645 3425 4714 qui
3457 4644 3531 4699 ab

231 4735 431 4809 pii/irai
461 4737 671 4792 diuitias
696 4751 814 4792 suas
845 4749 962 4790 cum
984 4739 1158 4791 usuris
1179 4737 1466 4792 abundanti
1497 4751 1515 4792 :
1541 4739 1634 4810 qui
1663 4739 1828 4796 mise~
1928 4737 2037 4793 illis
2066 4735 2408 4791 seducttntur
2435 4749 2574 4803 quos
2601 4736 2754 4802 prius
2771 4732 3026 4788 diabolus
3049 4735 3165 4803 ipse
3195 4735 3524 4804 deceperat:

230 4833 386 4886 retur
412 4835 716 4901 pauperum
745 4836 1046 4903 congregat
1074 4841 1189 4886 eas.

303 4921 613 4991 zEdiﬁcnttit
641 4924 776 4976 sicut
818 4924 956 4977 tinea
980 4923 1194 4977 dantuiri
1224 4933 1395 4988 suam,
1418 4930 1470 4978 et
1495 4925 1628 4979 sicut
1657 4933 1828 4981 custos

232 5018 352 5088 fecit
407 5016 787 5071 umbrticulum.
819 5016 914 5072 His
963 5010 1148 5073 verbis
1197 5017 1300 5073 hoc
1351 5020 1447 5085 ait,
1476 5020 1617 5089 qttud
1667 5021 1829 5075 homo

233 5107 433 5178 impius
462 5107 664 5162 frustra
697 5099 1031 5164 laboraverit
1061 5123 1075 5160 :
1108 5107 1572 5179 quandoquidem,
1597 5110 1681 5164 vel
1711 5109 1824 5166 cito

235 5198 642 5255 transeuntibus
663 5198 850 5267 rebus,
881 5200 965 5255 vel
994 5199 1159 5255 tineis
1181 5195 1624 5262 demolientlbus.
1650 5207 1824 5257 status

236 5292 380 5348 illius
412 5291 610 5346 domus
639 5299 1018 5360 comparatur.
1054 5291 1228 5347 Aliter
1260 5310 1274 5343 :
1301 5288 1361 5348 Si
1396 5289 1828 5363 comportavorit

233 5387 381 5456 (liilSi
417 5389 619 5439 terram
648 5388 958 5454 argentum,
991 5393 1047 5438 et
1072 5384 1212 5438 sicut
1239 5383 1409 5440 lutum
1442 5381 1834 5455 praeparaverit

235 5479 623 5532 vestitttent‘um
657 5488 671 5529 2
702 5473 1035 5546 prteparabit
1071 5473 1317 5546 quidem,
1350 5478 1444 5534 sed
1484 5480 1662 5548 Justus
1705 5486 1828 5535 vas.

241 5572 405 5625 tietur
426 5569 558 5634 illis,
579 5576 635 5625 et
657 5577 947 5638 argentum
980 5569 1246 5624 innocens
1267 5569 1497 5627 dixtdei.
1519 5571 1832 5628 Elimeam

241 5664 381 5719 sicut
415 5663 555 5715 tinea
587 5661 806 5716 domum
841 5676 1019 5728 suam,
1053 5670 1109 5716 et
1137 5661 1278 5715 sicut
1309 5673 1498 5718 custos
1544 5662 1672 5718 fecit
1706 5678 1830 5717 utun-

241 5754 542 5810 iiracuium.
592 5753 691 5808 ilio.
740 5765 875 5822 ergo
921 5752 1148 5821 impius,
1184 5768 1343 5822 quem
1383 5755 1663 5811 diabolum
1711 5765 1834 5812 esse

239 5847 496 5921 superius
521 5846 783 5912 diximus,
817 5845 872 5898 111
904 5841 1354 5916 praevaricatione
1386 5850 1518 5908 Atla:
1563 5851 1834 5922 pretiosos

1929 4840 2182 4901 nepotes,
2217 4829 2458 4898 inquam,
2486 4826 2603 4896 ejus
2633 4841 2741 4881 non
2773 4827 3170 4880 saturabuntur
3201 4841 3340 4896 pane
3367 4828 3530 4883 visio-

1933 4925 2014 4980 nis
2070 4924 2196 4988 Dei,
2231 4923 2417 4992 utique
2458 4921 2655 4975 famem
2711 4919 3061 4990 inopiamque
3101 4921 3339 4990 passuri.
3385 4921 3523 4990 Quia

1931 5030 2122 5070 omnes
2147 5013 2320 5068 sancti
2351 5009 2788 5080 contemplantes
2817 5009 3014 5076 Deum,
3046 5009 3332 5065 reliciendi
3361 5011 3433 5066 ab
3462 5025 3530 5067 eo

1930 5115 2078 5168 sunt,
2113 5113 2168 5159 et
2199 5103 2456 5175 pascendi
2489 5121 2499 5155 :
2533 5116 2641 5173 quo
2672 5116 2816 5158 nunc
2844 5101 3022 5171 angeli
3055 5110 3391 5157 saturantur.
3421 5102 3530 5157 Re-

1928 5196 2122 5267 liquias
2154 5208 2370 5265 quoque
2399 5187 2624 5259 diaboli,
2651 5202 2954 5248 extremam
2976 5191 3386 5265 generationem
3409 5193 3527 5264 ejus

1932 5287 2241 5362 intelligere
2272 5306 2588 5363 possumus,
2622 5306 2742 5362 qum
2776 5285 3053 5358 similiter,
3089 5302 3147 5344 ut
3189 5287 3305 5362 ipse
3335 5286 3531 5344 diabo-

1931 5384 2037 5448 lus,
2069 5393 2124 5438 et
2156 5383 2252 5436 ﬁlii
2301 5398 2364 5437 ac
2409 5389 2640 5450 nepotes
2675 5381 2816 5452 ejus,
2850 5395 2972 5436 cum
3010 5389 3125 5436 toto
3165 5391 3398 5452 corpore
3435 5399 3533 5454 pu-

1935 5477 2042 5547 puli
2069 5469 2153 5532 sui
2184 5476 2236 5532 in
2265 5469 2549 5530 interitum
2580 5470 2932 5546 sepeliuntur.
2961 5466 3071 5530 illac
3095 5487 3310 5546 quoque
3329 5467 3527 5543 viduae,

1932 5565 1987 5625 id
2018 5571 2122 5634 est,
2148 5567 2344 5624 anima:
2375 5571 2509 5638 tilias
2547 5565 2694 5623 vitiis
2719 5569 2856 5636 suis,
2889 5568 2945 5624 et
2977 5565 3251 5624 illecebris
3279 5569 3535 5639 velupta‘

1932 5673 2050 5722 tttm
2075 5663 2324 5721 diabolus
2353 5669 2740 5730 enervaverat,
2775 5661 3082 5733 mollesque
3109 5661 3448 5731 reddiderat,
3478 5671 3537 5721 111

1935 5765 2154 5817 omnem
2207 5753 2608 5828 lenitudinem,
2669 5765 2724 5814 et
2770 5758 3092 5814 virilitatem
3157 5759 3527 5814 eminerent:

1938 5854 2088 5910 nulla
2119 5849 2462 5910 correctione
2487 5864 2552 5908 ac
2590 5851 2972 5911 satisfactione
2999 5848 3301 5922 deﬁebunt,
3329 5861 3389 5908 ut
3418 5851 3532 5907 sul~
