4026 6314
506 312 612 370 6⁸5

1294 309 1644 368 APPENDIX
1683 311 1777 366 AD
1815 308 2059 367 TOMUM
2099 306 2451 368 SEPTIMUM
2491 309 2548 367 S.
2588 308 2996 395 HIERONYM}.

3684 306 3800 366 696

496 441 607 487 tem
641 431 934 502 aliquando
951 431 1270 500 resipiscant
1297 430 1362 483 ad
1378 429 1573 494 Deum,
1602 445 1762 500 quem
1801 439 2076 501 tamquam
2108 431 2161 491 Α
2191 445 2487 498 numquam
2515 429 2589 484 sit
2615 428 2956 484 revocandus
2983 428 3052 484 ad
3083 428 3248 483 vitam
3269 470 3285 494 ,
3317 439 3371 485 et
3398 429 3506 484 illic
3531 427 3582 485 ei
3613 428 3796 497 poeni-

493 526 668 579 virnm
703 527 1027 589 amiserant,
1062 524 1210 578 vitiis
1247 522 1402 577 velut
1429 522 1696 578 adulteris
1733 522 2085 578 coluercndo.

566 616 722 670 Dives
754 633 868 670 eum
903 615 1191 678 dormierit,
1224 613 1356 668 nihil
1382 631 1553 668 secum
1600 616 1801 686 auferet
1833 631 1852 670 :
1891 615 2087 686 aperiet

497 708 676 763 oeulos
710 724 851 774 suos,
881 717 927 759 et
954 706 1083 760 nihil
1112 707 1354 762 inveniet.
1386 706 1571 762 Multis
1607 707 1787 762 modis
1815 706 1971 762 dives
2001 708 2088 762 in-

495 799 761 868 telligitur
784 798 835 852 in
857 798 1156 868 Seripturis
1187 796 1409 852 divinis.
1437 799 1530 853 Est
1553 798 1709 854 dives
1737 798 2090 854 facultatibus

497 893 728 947 terrenis
764 911 774 944 :
818 891 913 946 sed
945 892 990 946 si
1021 891 1251 946 confidit
1281 893 1334 946 in
1368 892 1502 963 ipsis
1522 892 1753 961 divitiis,
1780 893 1956 950 cadet.
1991 893 2091 950 llic

490 1000 618 1055 ergo
641 984 798 1039 dives
825 1000 949 1039 eum
979 986 1030 1039 in
1055 1000 1250 1040 somno
1278 986 1470 1040 mortis
1495 985 1684 1052 fuerit,
1716 987 1850 1041 nihil
1877 987 1946 1041 de
1976 987 2091 1042 suis

490 1076 841 1132 facultatibus
868 1092 1052 1132 secum
1086 1076 1227 1132 feret
1259 1097 1270 1130 :
1302 1078 1562 1149 quoniam
1587 1079 1766 1134 nudus
1791 1081 1940 1135 venit
1968 1095 2092 1135 nas-

493 1169 713 1224 cendo:
747 1169 927 1223 nudus
970 1168 1267 1225 revertitur
1308 1172 1361 1225 in
1405 1179 1606 1226 terram
1650 1172 1958 1226 moriendo.
1996 1173 2091 1228 llic

487 1257 544 1312 in
581 1261 984 1314 resurrectione
1011 1259 1221 1330 aperiet
1252 1260 1440 1315 oculos
1465 1276 1618 1326 suos,
1651 1268 1707 1315 et
1737 1261 1948 1316 nullum
1982 1278 2090 1317 me~

490 1350 656 1405 ritum
697 1352 821 1406 boui
869 1353 1057 1421 operis
1093 1353 1352 1407 inveniet.
1382 1351 1695 1407 Jud:eorum
1741 1370 1958 1424 quoque
1993 1371 2090 1424 po-

492 1444 672 1511 pulus,
702 1455 928 1513 propter
961 1444 1374 1500 innumerabilia
1411 1445 1596 1500 divina
1627 1446 1888 1502 beneficia
1915 1467 1925 1500 :
1961 1463 2086 1518 pro-

494 1539 779 1607 phetarum
821 1553 1044 1608 quoilue
1081 1543 1324 1606 oracula,
1353 1540 1468 1594 sive
1501 1539 1893 1610 promissiones
1921 1541 2090 1610 pluri-

495 1647 638 1700 mas,
667 1644 722 1686 et
768 1631 866 1686 Dei
912 1634 1082 1702 ipsius
1130 1632 1383 1704 frequens
1432 1633 1752 1703 alloquium,
1804 1635 1954 1689 dives
2003 1644 2089 1690 est

493 1725 692 1781 dictus.
729 1725 883 1780 Unde
919 1725 1126 1780 eisdem
1167 1725 1373 1780 Judceis
1409 1725 1482 1779 ait
1520 1727 1779 1781 Dominus
1819 1727 1872 1781 in
1906 1727 2086 1781 Evan-

2195 523 2379 578 tentiae
2404 525 2554 578 locus
2585 539 2695 577 non
2723 523 2847 578 erit.

2265 617 2498 689 Stringet
2527 633 2681 687 super
2723 633 2838 671 eum
2869 632 3056 671 manus
3098 633 3252 686 suas,
3278 626 3327 671 et
3365 617 3595 672 sibilabit
3634 635 3800 686 super

2189 707 2376 776 illum,
2423 709 2626 761 intuens
2677 707 2848 761 locum
2903 710 3045 777 eius.
3082 706 3192 761 Alii
3233 707 3514 775 dixerunt,
3570 705 3802 779 Planget

2190 817 2348 870 super
2377 817 2492 855 eum
2519 800 2753 854 manibus
2781 801 2922 868 suis,
2957 809 3006 854 et
3053 799 3222 855 trahet
3255 818 3372 855 eum
3414 803 3478 856 de
3517 801 3633 856 loco
3672 819 3798 857 suo.

2192 891 2420 948 Nutibus
2449 892 2775 962 quibusdam
2817 907 3108 962 corporum
3155 895 3518 949 lmmanorum
3543 936 3557 960 ,
3590 910 3803 950 censu-

2193 998 2306 1040 ram
2337 983 2675 1055 indiguantis
2706 984 2841 1053 Dei,
2866 995 2922 1040 et
2963 999 3152 1041 contra
3188 995 3534 1056 peccatorem
3567 988 3807 1044 divitem

2193 1075 2518 1142 irascentis,
2551 1076 2660 1131 hoc
2683 1090 2932 1130 sermone
2963 1075 3228 1132 describit
3263 1096 3274 1131 :
3300 1079 3390 1132 ubi
3424 1087 3479 1133 et
3502 1080 3612 1147 jam
3638 1078 3803 1149 quasi

2192 1166 2418 1222 sibilans
2472 1167 2676 1222 indicet
2729 1183 2892 1238 quam
2945 1180 3098 1226 atrox
3151 1170 3230 1225 illi
3285 1185 3575 1242 poenarum
3638 1172 3802 1228 locus

2192 1269 2518 1316 reservetur.
2581 1260 2686 1316 Ad-
2721 1261 2888 1316 talem
2949 1261 3130 1318 locum
3191 1273 3248 1319 et
3305 1263 3474 1320 ludas
3533 1264 3802 1321 lscarioth

2192 1349 2346 1406 abiit.

2730 1422 2958 1480 CAPUT
2998 1425 3237 1482 XXVIII.

2264 1535 2436 1590 Habet
2487 1546 2762 1610 argentum
2809 1555 3055 1594 venarum
3105 1557 3323 1596 suarum
3379 1543 3678 1615 principia,
3749 1555 3804 1600 et

2193 1645 2324 1683 auro
2369 1631 2516 1684 locus
2543 1640 2653 1695 est,
2701 1631 2756 1685 in
2785 1648 2884 1699 quo
2929 1636 3209 1704 conflatur.
3260 1632 3488 1688 Ferrum
3539 1636 3604 1690 de
3652 1646 3804 1691 terra

2195 1723 2423 1792 tollitur,
2455 1734 2499 1778 et
2530 1726 2691 1794 lapis,
2713 1724 2913 1780 solutus
2943 1728 3150 1794 calore,
3175 1729 3228 1782 in
3258 1745 3328 1783 res
3360 1732 3598 1786 vertitur.
3627 1732 3804 1790 Vide-

495 1820 638 1890 gelio
673 1837 685 1872 :
724 1818 816 1874 νω
852 1820 991 1874 rubis
1021 1820 1284 1874 divitibus.
1321 1817 1551 1889 Superbi
1595 1836 1813 1890 quoque
1851 1837 1959 1875 non
1992 1820 2086 1874 ha-
2122 1813 2167 1875 Β
2197 1827 2283 1872 tttr
2313 1817 2449 1872 mihi
2473 1819 2614 1888 quod
2642 1835 2738 1888 per
2761 1820 2991 1890 aenigma
3015 1832 3068 1876 et
3096 1822 3412 1892 parabolam
3432 1865 3447 1890 ,
3479 1825 3580 1880 sub
3604 1825 3806 1884 horum

492 1913 686 1967 bentes
740 1911 964 1980 spiritus
1021 1919 1431 1982 paupertatem,
1479 1910 1676 1968 divites
1720 1913 2088 1982 appellantur.

495 2003 817 2074 PIIIIUSUpr
846 2004 1034 2069 etiam,
1061 2005 1326 2060 habentes
1357 2003 1692 2071 facundiam,
1719 2015 1774 2061 et
1800 2007 2089 2062 scientiam

491 2097 849 2162 mundialem,
891 2098 1086 2154 divites
1133 2109 1535 2166 nuncupantur.
1589 2097 1654 2151 Hi
1711 2111 1832 2151 cum
1895 2099 1948 2152 in
2003 2098 2093 2152 die

491 2191 913 2246 resurrectionis
962 2190 1166 2245 fuerint
1204 2189 1486 2259 suscitati,
1533 2187 1668 2244 nihil
1715 2188 1942 2244 remedii
1982 2205 2093 2259 quo

494 2287 778 2341 solventur
803 2285 1102 2340 invenient.
1141 2284 1440 2340 llaereticus
1473 2283 1638 2338 etiam
1671 2284 1900 2354 quisque
1936 2283 2092 2339 dives

495 2379 601 2434 dici
631 2389 811 2449 potest
843 2398 854 2432 :
887 2379 1143 2449 quoniam
1172 2378 1342 2433 multa
1374 2379 1541 2434 immo
1577 2378 1761 2432 omnia
1788 2378 1857 2432 de
1889 2390 2093 2433 sanctae

499 2471 760 2529 Ecclesiae
809 2470 1348 2527 reunmerationibus
1399 2486 1459 2526 se
1504 2469 1706 2525 habere
1766 2470 2088 2540 praesumit:

492 2567 876 2624 remissioitem
911 2574 1298 2636 peccatorum,
1347 2565 1807 2636 significationem
1843 2564 2091 2634 spiritus,

492 2664 687 2734 pignus
703 2663 866 2718 etiam
888 2660 1158 2717 Dominici
1187 2659 1458 2728 corporis,
1483 2669 1543 2713 et
1569 2659 1946 2714 litereditatem
1970 2673 2091 2713 cum

494 2755 704 2811 sanctis
748 2755 956 2825 angelis
998 2753 1152 2824 regni
1188 2751 1451 2808 caelestis.
1485 2751 1548 2806 lli
1589 2767 1721 2821 ergo
1753 2768 1943 2806 omnes
1981 2753 2096 2808 sive

495 2848 624 2920 quia
653 2847 835 2902 crucis
858 2847 1174 2902 scandalum
1210 2845 1509 2915 patiuntur,
1531 2845 1644 2900 sive
1670 2845 2094 2915 praesumptione

497 2942 683 2999 eordis
721 2942 831 3006 sui,
869 2951 928 2995 ut
963 2940 1016 2995 in
1057 2955 1247 2996 errore
1287 2939 1591 3005 ambulent,
1623 2941 1875 2995 veritatis
1907 2940 2096 2996 trami-

501 3045 608 3092 tem
639 3035 1001 3106 reliquerunt.
1030 3034 1156 3089 Sive
1177 3034 1300 3104 quia
1330 3033 1684 3088 obscuratum
1721 3035 1986 3089 habentes
2016 3035 2096 3088 in.

500 3129 801 3195 tellectum,
835 3129 1115 3200 proprium
1146 3128 1332 3182 libera:
1359 3128 1654 3183 voluntatis
1680 3127 1972 3182 arbitrium
2001 3145 2011 3180 :
2043 3129 2093 3183 in

2196 1909 2511 1964 nominibus
2537 1911 2914 1980 metallorum,
2941 1927 3122 1967 mores
3146 1913 3428 1969 hominum
3447 1956 3462 1981 ,
3487 1927 3539 1971 et
3565 1918 3806 1974 virtutes

2194 2004 2494 2058 animorum
2527 2003 2837 2068 describat,
2869 2007 3100 2062 minime
3122 2006 3332 2062 ordinis
3361 2009 3801 2082 observantiam,

2194 2097 2588 2166 prophetarum
2637 2112 2823 2163 more,
2875 2097 3208 2154 cuswdiens.
3269 2100 3496 2171 Argenti
3529 2118 3696 2169 vero,
3743 2113 3812 2160 et

2195 2190 2314 2244 auri
2343 2190 2666 2244 vocabulum
2695 2232 2710 2256 ,
2757 2189 3059 2246 secundum
3104 2193 3495 2248 auctoritatem
3548 2195 3813 2266 Scriptu-

2197 2296 2416 2347 rarum,
2471 2284 2628 2338 verbi
2675 2283 2954 2354 eloquium
3001 2293 3056 2340 et
3103 2300 3300 2340 sensus
3353 2286 3519 2341 animi
3553 2285 3810 2345 indicare

2198 2378 2390 2432 voluit.
2427 2376 2556 2434 Haec
2582 2378 2915 2434 disserentes
2941 2395 3038 2435 uos
3066 2380 3136 2435 ita
3179 2379 3470 2438 dicamus:
3505 2383 3680 2439 Habet
3705 2399 3810 2438 ar-

2196 2479 2418 2540 gentum
2461 2485 2722 2524 venarum
2769 2485 2991 2526 suarum
3044 2473 3317 2544 principia
3341 2516 3358 2542 ,
3397 2485 3452 2530 et
3482 2490 3615 2530 auro
3646 2476 3811 2531 locus

2197 2573 2282 2619 est
2313 2564 2368 2619 in
2398 2579 2505 2633 quo
2533 2563 2824 2620 conflatur.
2859 2563 3024 2619 Venm
3055 2567 3268 2636 argenti
3302 2583 3315 2620 ε
3352 2568 3402 2621 id
3432 2578 3515 2623 est
3535 2611 3550 2635 ,
3584 2569 3808 2624 initium

2198 2657 2400 2728 eloquii
2447 2659 2515 2713 al)
2563 2657 2761 2713 anima:
2791 2659 3044 2714 sensibus
3071 2665 3246 2714 oritur
3273 2679 3283 2713 :
3310 2676 3506 2715 sensus
3548 2676 3677 2717 vero
3706 2678 3812 2716 att-

2198 2767 2327 2808 reus
2349 2794 2362 2817 ,
2395 2753 2627 2807 rationis
2668 2767 2732 2808 ac
2764 2753 3048 2824 sapientia:
3071 2752 3280 2823 judicio
3309 2753 3632 2820 fabricatur,
3663 2763 3718 2808 et
3741 2765 3814 2810 ut

2200 2847 2273 2902 sit
2305 2847 2547 2917 Optimus
2570 2887 2583 2908 .
2637 2846 2706 2900 ab
2737 2847 2860 2918 igne
2887 2847 3088 2903 divinae
3131 2849 3552 2904 examinationis
3596 2849 3810 2920 proba-

2201 2938 2350 2993 tione
2389 2939 2685 2992 conflatur.
2734 2937 3021 2995 Fortitudo
3063 2955 3194 2995 vero
3217 2985 3231 3006 ,
3265 2955 3388 3010 qua:
3416 2939 3546 2996 ferri
3578 2943 3812 2998 nomine

2201 3032 2530 3102 appellatur,
2579 3040 2662 3087 est
2709 3047 2814 3102 qua
2849 3043 3086 3099 terram,
3117 3033 3169 3088 id
3203 3042 3323 3100 est,
3371 3035 3554 3090 carnis
3595 3043 3810 3090 nostra:

2202 3125 2467 3179 malitiam
2514 3127 2566 3179 in
2602 3123 2759 3181 nobis
2803 3125 3051 3180 tollimus
3085 3144 3096 3178 :
3131 3126 3420 3182 adversum
3449 3143 3568 3184 eam
3607 3139 3812 3185 contra

499 3224 822 3280 infidelitate
853 3223 1175 3294 perdurant.
1208 3222 1304 3278 Vel
1351 3223 1472 3292 quia
1527 3221 1923 3277 abominabiles
1970 3223 2091 3278 facti

2205 3231 2302 3270 nos
2353 3217 2708 3284 militantem,
2742 3226 2800 3271 et
2832 3228 3022 3272 contra
3076 3219 3248 3288 legem
3302 3221 3530 3288 Spiritus
3567 3235 3814 3276 conver-

497 3328 670 3373 sunt:
711 3319 1018 3373 exaltantes
1060 3333 1156 3371 cor
1196 3331 1356 3370 suum
1396 3325 1523 3385 post
1561 3315 1837 3369 somnium
1880 3317 2093 3384 mortis,

495 3412 552 3467 in
583 3411 990 3467 resurrectione
1028 3409 1276 3480 aperient
1322 3407 1512 3462 oculos
1551 3421 1704 3473 suos,
1743 3419 1796 3462 et
1836 3407 1970 3462 nihil
2014 3407 2096 3463 in-

498 3505 744 3561 venient.

574 3597 935 3672 Apprehendet
963 3612 1081 3651 eum
1107 3594 1257 3664 quasi
1302 3609 1453 3663 aqua’
1480 3593 1656 3663 inepia
1685 3609 1705 3646 :
1734 3601 1882 3646 nocte
1912 3593 2101 3662 appri-t

497 3701 599 3747 met
623 3707 743 3745 eum
772 3695 1066 3760 tempestas.
1098 3683 1348 3739 Subitam
1391 3692 1688 3751 egestatem
1715 3681 1987 3751 praedictis
2013 3682 2098 3735 di-

495 3786 700 3841 vitibus
720 3827 735 3846 .
765 3785 916 3839 velut
945 3795 1138 3849 aquam
1170 3787 1624 3850 superventuram
1659 3778 1968 3849 significat,
2001 3778 2094 3848 qui

497 3878 716 3934 miseria
738 3922 752 3946 ,
776 3885 832 3931 et
864 3876 1140 3943 inopinata
1173 3873 1274 3926 sibi
1305 3873 1548 3942 angustia
1570 3911 1585 3936 ,
1607 3886 1729 3942 quae
1761 3874 2096 3939 tempestatis

500 3971 723 4025 nomine
775 3968 918 4021 dicta
953 3973 1068 4029 est,
1116 3974 1307 4030 nocte,
1344 3963 1394 4018 id
1425 3973 1542 4026 est,
1576 3973 1802 4032 repente
1830 3961 1960 4016 dum
1993 3978 2094 4016 nc-

501 4060 680 4115 sciunt
706 4056 1086 4127 opprimentur
1114 4071 1126 4108 :
1147 4053 1306 4124 juxta
1329 4053 1459 4107 illud
1486 4051 1732 4123 Apostoli
1760 4070 1772 4106 :
1803 4051 1930 4105 Cum
1949 4053 2097 4108 dixe-

499 4154 604 4207 rint
633 4168 739 4225 paa:
781 4160 830 4204 et
854 4148 1123 4213 securitas,
1157 4158 1278 4201 tunc
1323 4147 1624 4216 repentinus
1665 4147 1738 4201 eis
1776 4149 2095 4216 superveniet

501 4246 765 4298 interitus.

567 4334 738 4390 Tollet
761 4350 874 4388 eum
901 4343 1080 4387 ventus
1101 4349 1261 4386 urens
1280 4375 1293 4395 ,
1319 4342 1366 4385 et
1402 4333 1637 4402 auferet,
1685 4340 1732 4386 et
1763 4333 1901 4386 velut
1947 4334 2096 4388 turbo

497 4428 667 4498 rapiet
715 4442 829 4481 eum
877 4425 940 4478 de
984 4426 1100 4477 loco
1126 4440 1240 4480 sua.
1272 4423 1432 4479 Venti
1477 4424 1729 4490 nomine,
1762 4426 2093 4482 sententiam

497 4523 669 4589 dixit,
701 4536 808 4592 qua
837 4518 983 4574 velut
1025 4517 1205 4588 pulvis
1237 4517 1466 4588 quisque
1491 4531 1682 4571 eorum
1714 4517 2036 4587 projicietur
2062 4537 2093 4574 a

497 4615 636 4671 facie
682 4623 863 4669 teme.
891 4611 956 4666 Et
1003 4619 1196 4664 ventus
1225 4606 1315 4662 hic
1343 4607 1540 4662 divina:
1586 4609 1878 4664 sententiae
1928 4626 2092 4666 urens

497 4710 717 4777 dicitur,
751 4723 818 4764 eo
862 4705 1009 4778 quod
1038 4705 1106 4760 ad
1140 4701 1400 4774 gehennae
1431 4703 1708 4759 uredinem
1751 4703 1931 4767 ducit,
1979 4705 2092 4761 sive

498 4800 795 4871 compellit.

570 4902 782 4958 Eminet
835 4917 991 4973 super
1034 4918 1181 4968 eum,
1213 4910 1259 4954 et
1310 4917 1414 4954 non
1443 4909 1636 4970 parcet.
1669 4901 1874 4956 Ventus
1906 4903 2093 4971 utique

497 5003 786 5060 sententiae
818 5000 948 5065 Dei.
983 5002 1098 5056 sive
1143 5001 1260 5069 ipse
1307 5000 1452 5056 Deus
1495 5016 1592 5070 per
1620 5003 1947 5057 sententiam
1977 5003 2093 5072 jus-

491 5107 632 5163 tilite
661 5121 807 5170 sure,
841 5105 1020 5158 mittet
1047 5117 1214 5172 super
1244 5117 1367 5156 eum
1401 5117 1592 5170 pcettas
1625 5121 1638 5156 :
1669 5104 1720 5158 id
1767 5115 1881 5171 est,
1919 5109 2088 5160 meri-

503 5222 617 5267 tum
660 5207 956 5263 facinorum
990 5199 1210 5260 suorum
1238 5204 1518 5274 suscipiet.
1554 5205 1667 5259 Non
1697 5209 1840 5262 enim
1872 5219 2090 5278 parcet,

501 5328 623 5368 cmn
657 5309 850 5366 reddet
878 5308 926 5362 ei
960 5306 1258 5363 secundum
1291 5321 1457 5376 opera
1484 5322 1600 5361 sua.

571 5413 648 5468 De
674 5429 834 5467 manu
865 5414 977 5484 ejus
1002 5409 1206 5480 fugiens
1235 5409 1422 5481 fugiet.
1455 5405 1522 5463 Et
1549 5425 1654 5465 non
1685 5411 1981 5475 tenebitur.
2019 5413 2100 5468 in-

491 5517 640 5587 quit.
666 5530 826 5569 manu
851 5513 948 5568 Dei
973 5520 1032 5566 ut
1055 5511 1319 5574 salvetur,
1345 5510 1414 5565 de
1436 5527 1539 5579 qua
1564 5511 1709 5568 velut
1732 5511 1871 5583 fugae
1903 5514 2086 5584 modo,

492 5615 663 5668 veloci
697 5615 853 5684 lapsu
886 5614 937 5665 in
984 5611 1138 5664 ruina
1170 5609 1406 5665 decidet.
1453 5610 1610 5678 Quod
1656 5620 1839 5668 autem
1868 5612 1975 5677 ait,
2010 5615 2092 5668 fu-

497 5714 651 5784 giens
683 5712 869 5784 fugiet,
900 5710 1016 5766 sive
1045 5720 1103 5765 ut
1132 5711 1221 5764 alii
1251 5709 1536 5772 dixerunt.
1568 5713 1694 5785 fuga
1721 5715 1887 5784 fugiet
1912 5731 1932 5770 :
1961 5731 2087 5787 per.

494 5824 713 5871 euntem
762 5815 816 5867 in
863 5819 1182 5882 perpetuum
1227 5821 1564 5881 peceatorem
1602 5814 1880 5897 significat
1915 5863 1926 5878 .
1960 5820 2086 5889 quia

2200 3318 2444 3374 saniem,
2475 3308 2655 3378 rigore
2707 3308 2906 3372 animi,
2939 3318 2995 3364 et
3029 3310 3232 3364 virtute
3261 3326 3647 3380 repugnemus.
3698 3310 3810 3364 La—

2200 3400 2344 3471 pidis
2372 3415 2591 3471 quoque
2621 3399 2842 3454 nomine
2873 3399 3056 3454 cordis
3086 3400 3353 3470 figuratur
3383 3401 3614 3458 durities
3637 3443 3651 3465 .
3677 3417 3807 3470 qua:

2201 3509 2299 3565 per
2326 3495 2567 3549 calorem
2601 3504 2656 3548 et
2705 3492 2974 3548 fervorem
3021 3493 3146 3548 fidei
3197 3493 3441 3548 resoluta
3475 3495 3748 3550 mollescit
3785 3513 3801 3550 :

2199 3595 2258 3640 ut
2288 3587 2524 3655 primum
2558 3585 2728 3654 possit
2769 3585 2821 3638 in
2873 3599 2934 3639 se
2973 3584 3138 3639 verba
3179 3583 3472 3638 scribentis
3523 3586 3804 3654 recipere.

2202 3677 2409 3732 Deinde
2436 3675 2657 3732 velutin
2689 3690 2767 3730 tes
2799 3675 2942 3746 quod
2973 3690 3233 3730 canorum
3267 3684 3351 3728 est
3372 3715 3387 3739 ,
3416 3675 3613 3729 merito
3639 3690 3809 3732 sanc-

2201 3768 2374 3824 titatis
2419 3768 2740 3837 proficiens,
2773 3768 2840 3822 ad
2874 3767 3062 3823 laudes
3088 3778 3144 3824 et
3168 3767 3372 3837 gratias
3419 3767 3530 3825 Deo
3561 3768 3804 3826 olleren~

2199 3859 2296 3915 das
2318 3901 2333 3924 ,
2367 3859 2489 3914 fidei
2517 3859 2793 3915 soliditate
2823 3861 3126 3929 perveniet.

2275 3952 2502 4021 Tempus
2528 3953 2701 4024 posuit
2727 3951 2999 4018 tenebris,
3030 3961 3077 4005 et
3109 3951 3462 4006 universorum
3505 3952 3659 4019 ﬁnem
3688 3953 3802 4025 ipse

2201 4045 2521 4100 considerat.
2573 4045 2629 4098 In
2670 4043 2972 4115 Scripturis
3023 4043 3264 4111 divinis,
3327 4053 3646 4113 peceatores
3701 4046 3801 4100 ItO-

2201 4139 2378 4194 mines
2396 4179 2412 4204 ,
2439 4136 2719 4193 daemones
2747 4146 2803 4192 et
2832 4137 3150 4206 ignorantia:
3182 4145 3347 4207 atque
3376 4137 3757 4193 tribulationes
3779 4181 3794 4201 ,

2201 4231 2316 4286 sive
2370 4238 2620 4301 peccata,
2678 4245 2778 4302 pro
2828 4231 3024 4296 modo,
3057 4240 3111 4285 et
3139 4229 3278 4285 locis
3305 4229 3555 4286 tenebrae
3583 4244 3797 4284 nuncu-

2200 4334 2418 4395 pantur.

2263 4417 2517 4488 Lapidem
2545 4425 2745 4488 quoque
2772 4416 3011 4489 caliginis
3035 4458 3050 4483 ,
3085 4425 3131 4470 et
3153 4414 3387 4469 umbram
3417 4415 3618 4470 mortis.
3644 4413 3800 4473 Hunc

2201 4512 2434 4583 lapidem
2473 4511 2844 4582 metaphorice
2871 4510 3146 4564 diabolum
3190 4510 3290 4564 hoc
3335 4509 3460 4563 loco
3492 4508 3797 4576 intelligere

2122 4589 2174 4649 ι)
2201 4620 2492 4677 possumus
2525 4623 2538 4658 :
2568 4606 2658 4675 qui
2705 4613 2928 4674 pr0pter
2955 4617 3173 4658 errores
3217 4616 3348 4657 sttos
3377 4601 3574 4670 quibus
3620 4609 3794 4655 totum

2202 4699 2464 4754 mundum
2493 4698 2825 4762 involverat,
2863 4696 3002 4768 lapis
3031 4695 3279 4763 caliginis
3322 4693 3500 4748 dictus
3541 4701 3642 4748 est.
3689 4693 3793 4759 Qui

2199 4807 2323 4846 cum
2358 4791 2511 4845 fortis
2541 4799 2597 4844 et
2621 4797 2813 4858 potens
2836 4789 2944 4855 sit,
2973 4803 3068 4856 per
3097 4795 3348 4842 naturam
3375 4802 3478 4857 qua
3505 4793 3592 4841 est
3618 4800 3647 4839 a
3680 4785 3796 4841 Deo

2197 4883 2454 4940 conditus
2505 4881 2824 4937 :confidens
2856 4896 2962 4951 per
2985 4881 3296 4950 superbiam
3325 4881 3378 4936 in
3410 4880 3616 4935 virtute
3655 4893 3750 4933 sua
3777 4921 3792 4945 ,

2203 4984 2260 5031 et
2290 4989 2396 5029 non
2452 4975 2504 5028 in
2554 4972 2823 5040 Domino,
2853 4980 2908 5028 et
2939 4973 3049 5027 Deo
3078 4982 3334 5028 creatore
3387 4988 3519 5038 suo,
3549 4971 3796 5028 amiserit

2202 5068 2487 5138 sapientia:
2511 5067 2715 5134 lumen,
2733 5079 3036 5122 conversus
3058 5065 3110 5120 in
3135 5065 3416 5121 stultitiam
3439 5073 3495 5120 et
3518 5065 3795 5132 tenebras,

2203 5172 2258 5218 et
2282 5161 2485 5216 idcirco
2511 5159 2648 5228 lapis
2668 5159 2918 5229 caliginis
2939 5157 3048 5214 dici
3074 5160 3252 5228 potuit
3279 5178 3292 5215 :
3315 5158 3612 5214 secundum
3636 5158 3792 5225 illud,

2207 5255 2412 5310 Stultus
2433 5254 2485 5307 in
2515 5252 2737 5308 tenebris
2757 5250 3011 5306 ambulat.
3039 5251 3194 5308 Sicut
3223 5267 3356 5322 ergo
3387 5253 3522 5321 lapis
3547 5250 3794 5322 caliginis

2205 5345 2455 5400 diabolus
2508 5343 2816 5398 nominatur
2853 5361 2864 5397 :
2901 5343 2972 5396 ita
3018 5353 3071 5397 et
3121 5341 3312 5396 umbra
3346 5341 3537 5396 mortis
3564 5339 3788 5396 dicitur.

2204 5443 2469 5510 Quoniam
2503 5442 2552 5496 lti
2580 5440 2670 5513 qui
2699 5455 2760 5496 se
2788 5439 2856 5494 ab
2881 5453 2946 5493 eo
2973 5437 3189 5494 defendi
3222 5452 3285 5492 ac
3316 5437 3525 5508 protegi
3561 5444 3752 5506 putant
3777 5453 3791 5490 :

2199 5537 2418 5593 aeternis
2447 5545 2507 5590 ut
2554 5533 2671 5605 ipse
2719 5531 2978 5588 diabolus
3021 5529 3288 5602 gehennae
3340 5530 3554 5601 ignibus
3585 5529 3794 5585 manci-

2201 5630 2359 5702 pandi
2389 5639 2536 5685 sunt.

2271 5723 2464 5778 Dividit
2523 5731 2718 5776 torrens
2761 5739 2795 5775 a
2837 5722 3028 5794 papula
3071 5718 3431 5794 peregrinante
3482 5733 3568 5771 eos
3594 5757 3610 5784 ,
3661 5735 3790 5786 quos

2199 5817 2384 5872 oblitus
2431 5824 2503 5870 est
2535 5831 2624 5882 pes
2651 5813 2846 5882 egentis
2887 5811 3131 5878 hominis,
3163 5821 3212 5865 et
3243 5810 3429 5866 invios.
3465 5809 3575 5863 Hoc
3603 5812 3731 5868 dit-it
3773 5826 3784 5858 :
