4026 6292
137 340 244 397 697

1023 339 1502 399 COMMENTARII
1543 340 1610 396 IN
1652 339 1915 398 LIBRUM
1953 344 2094 404 JOB.
2136 345 2292 404 CAP.
2337 345 2580 405 XXVIII.

3339 343 3443 402 693

137 456 348 523 invios,
379 455 430 511 id
459 464 574 522 est,
604 467 853 514 errantes
874 499 889 523 ,
915 466 973 514 et
1002 458 1123 513 illos
1148 473 1285 528 quos
1305 457 1510 512 oblitus
1531 468 1616 512 est
1638 471 1732 527 pes
1758 459 1814 518 Α
1837 461 1989 517 venis
2033 472 2311 535 tamquam
2345 463 2653 520 animarum
2681 461 3006 532 seminibus,
3039 476 3233 519 sensus
3263 464 3443 534 magni

135 549 349 620 egentis
381 549 650 617 hominis,
681 550 960 618 separabit
997 559 1222 607 torrens
1266 565 1296 604 a
1328 549 1529 620 pepqu
1568 564 1730 620 pere-

136 644 422 716 grinante,
455 659 523 699 eo
571 643 715 714 quod
765 645 970 700 oblitus
1017 661 1205 700 eorum
1234 646 1308 699 sit
1335 658 1575 714 gressus.
1607 643 1733 700 Sive

139 752 382 808 prasaens
435 739 781 794 conversatio
809 738 1019 808 egentis
1052 738 1286 794 hominis
1329 739 1480 809 pedis
1515 739 1736 795 nomine

137 831 443 902 significata
475 841 580 886 est.
616 832 829 887 Oblitus
857 842 940 888 est
967 833 1136 895 dixit.
1174 849 1271 904 pro
1317 847 1384 888 eo
1413 833 1555 903 quod
1587 848 1734 902 pra:-

138 927 338 982 missus
375 941 575 996 egens,
607 940 715 980 non
747 935 832 980 est
859 926 1024 981 Deum
1057 942 1154 995 pro
1183 926 1489 996 hujusmodi
1540 927 1737 998 depre-

139 1031 330 1085 eatus,
363 1035 486 1073 cum
541 1029 722 1075 tamen
752 1019 1099 1092 eleemosyna
1147 1020 1314 1075 Deum
1366 1033 1638 1092 precetur,
1682 1021 1733 1076 id

140 1121 230 1168 est
253 1154 268 1177 ,
298 1113 474 1182 ipsum
503 1126 640 1181 opus
663 1111 864 1167 bonum
888 1112 1030 1182 quod
1061 1111 1226 1168 homo
1245 1111 1434 1168 fecerit
1454 1155 1469 1179 ,
1501 1113 1732 1184 quadam

140 1206 584 1262 manifestatione
607 1205 694 1261 sui
722 1206 973 1278 loquatur
995 1207 1062 1262 ad
1095 1207 1281 1262 Deum.
1313 1208 1425 1261 Iloc
1447 1222 1580 1276 ergo
1603 1207 1738 1263 dicit

142 1313 365 1356 sanctus
414 1301 553 1364 .lob,
585 1301 728 1371 quod
781 1301 956 1356 invios
984 1302 1105 1356 sine
1135 1303 1219 1356 via
1252 1318 1402 1358 verae
1455 1303 1737 1374 religionis

141 1394 422 1461 viventes,
475 1405 525 1449 et
557 1397 645 1465 qui
700 1395 1129 1450 misericordiam
1188 1394 1557 1466 pauperibus,
1589 1398 1731 1465 quod

143 1498 227 1544 est
263 1487 467 1543 Christi
501 1489 759 1543 lratribus
791 1504 898 1543 non
929 1490 1202 1556 fecerunt,
1237 1501 1449 1545 torrens
1483 1489 1620 1560 ignis
1653 1505 1739 1546 se-

139 1592 325 1653 paret,
358 1582 516 1636 simul
545 1591 600 1636 et
626 1599 654 1637 a
685 1592 995 1638 sanctorum
1037 1584 1315 1638 consortio
1345 1584 1569 1639 dividet.
1605 1585 1738 1639 Sive

140 1672 232 1728 hic
257 1687 462 1744 egenus
507 1673 725 1744 preprie
752 1673 1011 1729 Salvator
1048 1682 1240 1729 noster
1271 1675 1616 1745 intelligitur,
1644 1675 1737 1745 qui

138 1775 367 1836 propter
393 1780 492 1820 nos
519 1780 722 1836 egenus
745 1807 761 1832 ,
792 1778 850 1820 et
889 1781 1093 1836 pauper
1123 1765 1296 1821 factus
1322 1777 1403 1820 est
1429 1782 1551 1821 cum
1581 1766 1736 1822 dives

1838 556 2171 627 pretiosique
2209 567 2522 614 nascantur.

1910 652 2168 707 Semitam
2193 653 2454 725 ignoravit
2484 654 2615 708 auis.
2643 652 2838 708 Exitus
2869 651 3133 723 plurimos
3162 651 3216 705 in
3247 649 3440 707 eadem

1836 749 2062 819 regione
2094 748 2388 804 multitudo
2418 749 2782 803 habitatorum
2812 749 3049 814 fecerat,
3086 754 3142 801 et
3170 745 3294 800 ideo
3324 743 3438 800 for-

1838 855 1936 896 san
1965 841 2132 907 dixit,
2159 842 2307 912 quod
2332 843 2523 897 avibus
2543 857 2652 910 pra:
2676 841 2944 912 frequenti
2972 840 3256 896 hominum
3283 838 3440 908 cepia

1838 935 2062 990 semitas
2091 935 2364 999 intuendi,
2400 936 2485 991 vel
2511 935 2740 992 facultas
2767 935 2881 990 illic
2903 932 3270 1006 respondendi
3293 933 3441 988 inceo

1839 1028 2073 1083 dendive
2108 1044 2216 1082 non
2249 1026 2434 1083 fuerit.

1913 1119 2026 1175 Nec
2046 1122 2264 1174 intuitus
2290 1130 2365 1175 est
2391 1137 2505 1174 eam
2537 1121 2724 1176 oculus
2746 1121 2986 1176 vulturis.
3011 1119 3146 1188 Quia
3173 1129 3281 1174 tam
3307 1135 3441 1176 con-

1839 1212 2024 1268 densis
2057 1212 2293 1277 frutetis,
2323 1224 2378 1270 et
2401 1214 2674 1283 contiguis
2703 1214 2995 1269 arboribus
3022 1214 3239 1270 consita
3271 1223 3387 1269 erat
3421 1231 3434 1268 :

1839 1315 1898 1360 ut
1920 1319 2039 1360 eam
2063 1320 2191 1361 aves
2209 1305 2446 1376 desuper
2466 1306 2712 1361 volantes
2730 1305 3031 1375 depascere
3055 1321 3162 1362 non
3186 1314 3432 1372 possent.

1839 1399 2103 1454 Semitam
2137 1399 2409 1469 ignoravit
2439 1399 2556 1453 avis
2592 1418 2604 1453 :
2651 1414 2752 1455 nec
2783 1399 3015 1454 intuitus
3043 1407 3127 1454 est
3153 1413 3272 1454 eam
3303 1413 3438 1453 ocu-

1841 1491 1925 1546 lus
1947 1493 2202 1547 vulturis.
2228 1492 2394 1547 Avem
2419 1503 2472 1548 et
2495 1493 2790 1557 vulturem,
2816 1494 2992 1564 ipsum
3015 1492 3292 1548 diabolum
3317 1507 3437 1547 cum

1841 1585 1954 1640 suis
1985 1598 2274 1656 possumus
2300 1585 2488 1640 dicere
2510 1631 2525 1654 ,
2549 1586 2639 1656 qui
2665 1585 2915 1641 semitam
2939 1584 3238 1656 spiritualis
3269 1583 3435 1640 intel-

1843 1679 2079 1750 ligentize
2101 1679 2155 1734 in
2189 1679 2354 1750 Lege,
2389 1689 2444 1734 et
2474 1678 2756 1749 prophetis
2783 1695 2796 1733 :
2830 1678 2934 1733 hoc
2965 1688 3050 1734 est
3075 1721 3088 1745 ,
3117 1694 3237 1750 qua:
3267 1678 3320 1732 in
3347 1679 3443 1734 Ju-

1841 1772 2012 1826 dmum
2046 1773 2260 1828 occulte
2301 1773 2754 1843 przedicebantur,
2791 1787 2954 1828 nosse
2987 1773 3212 1828 minime
3244 1780 3434 1843 potue-

135 1871 314 1917 esset.
348 1861 402 1916 lu
455 1861 594 1932 pede
648 1878 862 1932 quoque
909 1862 1063 1932 ejus,
1116 1862 1582 1934 dispensationem
1603 1907 1617 1929 ,
1651 1865 1734 1919 vel
1763 1851 1814 1914 Β
1842 1877 1986 1922 ηιιιι.
2013 1866 2122 1922 Nec
2149 1866 2346 1923 intueri
2377 1866 2560 1938 aliquo
2590 1865 2820 1938 vestigio
2845 1865 3092 1922 scientia:
3115 1866 3435 1934 valuerunt,

135 1954 472 2010 assumentis
502 1955 798 2018 hominem,
842 1957 926 2011 vel
960 1955 1221 2010 mundum
1253 1957 1609 2027 ingredientis
1639 1958 1735 2012 ad-

130 2059 310 2105 verte.
331 2047 485 2105 Unde
500 2051 766 2121 propheta
786 2052 862 2105 ait
889 2069 902 2106 :
931 2049 1105 2106 Emisti
1119 2053 1170 2106 in
1185 2053 1408 2107 salutem
1429 2056 1612 2127 populi
1636 2060 1731 2112 tul.

136 2144 204 2200 lli
229 2160 366 2215 ergo
387 2146 480 2216 qui
507 2145 967 2216 dispensationem
991 2149 1186 2204 salutis
1212 2165 1325 2204 suae
1356 2151 1406 2204 in
1443 2151 1736 2221 Evangelio

137 2252 247 2292 non
279 2249 631 2308 receperunt,
665 2239 926 2295 oblivioni
951 2241 1060 2296 dati
1085 2252 1242 2310 sunt,
1268 2245 1360 2314 qui
1389 2245 1616 2301 credere
1639 2261 1737 2316 per

139 2331 394 2386 duritiam
444 2333 677 2402 propria:
723 2333 1019 2390 voluntatis
1067 2339 1378 2392 noluerunt.
1413 2339 1482 2394 Et
1530 2339 1735 2395 idcirco

141 2425 276 2481 invii
325 2425 452 2482 dicti
485 2434 650 2495 sunt,
679 2427 802 2498 quia
848 2429 1159 2498 Christum,
1207 2433 1300 2502 qui
1344 2444 1427 2488 est
1469 2435 1590 2502 via,
1627 2450 1732 2491 non

140 2529 494 2588 receperunt.

211 2610 374 2666 Terra
418 2613 482 2667 de
526 2630 628 2684 qua
678 2614 941 2670 oriebatur
971 2617 1154 2685 panis,
1207 2619 1406 2674 inloco
1452 2636 1580 2684 suo,
1628 2622 1736 2691 igni

140 2710 383 2762 subversa
414 2719 504 2766 est.
541 2709 793 2765 Diversas
833 2726 922 2766 res
961 2721 1014 2766 et
1041 2713 1303 2768 obscuras
1330 2717 1644 2782 connectit,
1679 2726 1735 2772 ut

138 2816 265 2856 eum
319 2802 692 2870 superioribus
735 2804 990 2860 inferiora
1042 2823 1149 2862 non
1182 2808 1451 2864 luereant.
1501 2808 1735 2866 Proinde

139 2893 278 2950 mihi
323 2894 557 2962 videtur,
609 2897 733 2969 quia
792 2899 895 2954 hoc
945 2899 1067 2954 loco
1117 2909 1322 2955 terram
1373 2901 1732 2958 Sodomorum

139 2988 450 3053 describat,
480 2990 640 3061 cujus
669 2991 1096 3061 abundantiam,
1129 3004 1180 3049 et
1211 2996 1580 3049 ammnitatcm
1611 3011 1734 3050 cum

136 3082 506 3137 admiratione
531 3083 828 3140 collaudet.
851 3083 1021 3140 Terra
1043 3085 1111 3141 de
1136 3102 1239 3156 qua
1271 3087 1552 3142 oriebatur
1584 3088 1736 3156 panis

137 3175 194 3230 in
229 3174 350 3229 loco
393 3189 524 3243 suo,
561 3176 668 3245 igni
698 3178 959 3233 subversa
990 3189 1094 3233 est.
1126 3179 1258 3234 Hmc
1290 3190 1434 3234 terra
1469 3190 1650 3251 potest
1681 3189 1738 3237 et

1839 1975 1869 2014 a
1918 1959 2132 2015 smculis
2178 1959 2602 2030 dispensatiOnis
2643 1959 2842 2015 futurae
2883 1957 3204 2014 abscondita
3247 1973 3436 2014 sacra-

1841 2061 2044 2106 menta.
2091 2050 2169 2106 De
2217 2052 2414 2122 quibus
2449 2053 2527 2106 ait
2577 2052 2874 2122 Apostolus
2921 2069 2933 2106 :
2981 2050 3073 2105 Dei
3119 2050 3435 2122 sapientiora

1840 2146 2100 2218 loquimur
2145 2148 2200 2200 in
2253 2147 2535 2217 mysterio,
2584 2162 2704 2216 qua!
2759 2145 3062 2200 abscondita
3109 2155 3182 2200 est
3231 2161 3249 2198 :
3278 2159 3436 2218 quam

1840 2217 1987 2295 uento
2012 2240 2306 2312 principum
2329 2238 2488 2309 hujus
2501 2239 2680 2294 sa'culi
2705 2239 2962 2310 cognovit.
2988 2237 3252 2294 Semitam
3283 2217 3440 2306 igno-

1838 2337 1980 2392 ravit
2028 2336 2146 2389 avis
2180 2352 2191 2387 :
2220 2348 2323 2390 nec
2353 2334 2579 2388 intuitus
2626 2343 2711 2388 est
2762 2348 2884 2388 eam
2930 2332 3124 2387 oculus
3175 2332 3434 2387 vulturis.

1839 2427 2073 2484 Possunt
2091 2427 2176 2483 hic
2203 2427 2314 2483 duo
2343 2427 2525 2496 populi
2552 2425 2781 2496 intelligi
2811 2439 2918 2479 non
2945 2423 3182 2478 absurde
3208 2465 3224 2488 ,
3249 2422 3302 2478 id
3329 2431 3434 2492 est,

1837 2521 2146 2578 Judarorum
2198 2532 2252 2577 et
2282 2521 2544 2592 gentium.
2579 2519 2833 2574 Carnalis
2882 2532 3013 2590 ergo
3041 2516 3231 2574 Iudaea
3274 2517 3434 2573 fidem

1839 2617 1894 2672 in
1943 2617 2158 2672 Christo
2212 2632 2318 2670 non
2353 2615 2563 2670 habens
2595 2632 2607 2667 :
2643 2614 2738 2668 sed
2771 2613 2957 2683 potius
2988 2611 3125 2682 legis
3178 2611 3438 2682 operibus

1837 2713 2064 2776 vivens,
2095 2710 2347 2766 eumdem
2391 2707 2668 2764 Christum
2697 2721 2801 2777 pro
2833 2705 2990 2761 nobis
3023 2705 3222 2762 factum
3267 2705 3437 2760 semi-

1840 2818 1946 2862 tam
1969 2807 2085 2861 sive
2109 2807 2270 2869 viam,
2304 2820 2407 2876 qua
2443 2803 2653 2859 reditur
2681 2801 2748 2856 ad
2776 2802 3030 2872 patriam,
3064 2810 3123 2855 ut
3153 2798 3434 2855 incredula

1839 2899 2151 2970 ignoravit:
2198 2906 2423 2967 propter
2467 2897 2758 2952 elationem
2790 2910 2964 2959 suam,
2991 2909 3093 2964 qua
3125 2908 3186 2950 se
3213 2892 3438 2964 putabat

1842 2990 1976 3062 legis
2007 2989 2262 3060 Operibus
2296 3004 2462 3061 posse
2487 2987 2797 3059 justilicari.
2827 2987 2958 3041 Avis
2987 2984 3130 3040 dicta
3166 2997 3270 3053 ρει,
3302 2985 3439 3041 levis

1840 3088 2044 3153 utique,
2075 3090 2132 3138 et
2153 3096 2287 3152 vaga
2323 3095 2336 3131 :
2363 3091 2526 3151 atque
2557 3080 2608 3134 in
2643 3079 2778 3150 ipsis
2807 3078 3067 3148 eperibus
3101 3077 3233 3146 legis
3263 3077 3438 3131 insta-

1840 3175 1984 3230 bilis.
2013 3173 2224 3229 Vulturi
2255 3188 2389 3229 vero
2430 3173 2670 3244 gentium
2714 3172 2945 3244 populus
2976 3171 3100 3225 ideo
3149 3169 3437 3225 assimilari

137 3267 327 3323 Iudaea
357 3268 608 3340 intelligi,
639 3270 692 3324 in
719 3286 822 3340 qua
867 3273 1028 3340 panis
1056 3272 1190 3342 legis
1238 3273 1370 3338 Dei,
1405 3239 1499 3343 per
1530 3274 1734 3329 doctri.
1764 3239 1810 3302 Ο
1841 3269 2055 3323 videtur
2084 3287 2098 3323 :
2123 3267 2378 3340 quoniam
2403 3281 2500 3336 per
2529 3279 2749 3320 errores
2783 3272 3121 3319 mortuorum
3155 3262 3434 3318 hominum

139 3376 266 3415 nam
298 3361 695 3432 prophetarum
749 3365 966 3433 populis
999 3365 1348 3432 nascebatur,
1403 3382 1507 3436 qua
1551 3367 1748 3423 amore

140 3454 239 3510 Dei
300 3469 397 3525 per
450 3455 610 3512 fidem
650 3456 858 3512 Christi
898 3459 1134 3514 carnalis
1176 3461 1316 3530 legis
1371 3461 1735 3532 intelligentia

135 3547 409 3604 subversa
443 3557 559 3616 est,
591 3557 647 3604 et
698 3550 751 3604 in
801 3561 980 3606 rectos
1013 3553 1292 3617 tramites,
1323 3563 1380 3607 et
1423 3555 1736 3622 spirituales

135 3654 332 3696 sensus
361 3641 656 3696 constituta
677 3685 692 3709 ,
725 3651 782 3696 ut
821 3643 931 3712 jam
963 3645 1304 3700 occidentem
1337 3646 1576 3702 litteram
1626 3664 1734 3703 non

134 3739 424 3800 sequatur.

209 3819 380 3876 Locus
420 3823 660 3894 sapphiri
686 3824 889 3893 lapides
919 3828 1031 3897 ejus
1055 3868 1068 3891 ,
1099 3836 1143 3879 et
1171 3825 1332 3896 gleba:
1358 3827 1496 3880 illius
1526 3844 1732 3881 nurum.

130 3910 242 3967 Per
269 3912 646 3976 metaphoram
678 3914 846 3981 dicit,
881 3916 1024 3985 quod
1059 3917 1112 3970 in
1156 3917 1412 3972 Sodomis
1459 3919 1735 3973 uberrima

134 4003 344 4058 fuerint
387 4004 567 4058 omnia
600 4013 656 4060 et
703 4006 906 4074 optima
928 4048 942 4070 ,
975 4024 1094 4076 qua!
1141 4009 1303 4062 etiam
1333 4025 1468 4063 auro
1497 4020 1553 4064 et
1606 4027 1734 4078 pre-

132 4096 294 4151 tiosis
323 4096 594 4166 lapidibus
623 4109 1038 4169 comparentur.
1063 4102 1240 4155 Locus
1257 4104 1499 4173 sapphiri
1529 4104 1738 4174 lapides

131 4187 282 4257 ejus.
312 4187 405 4244 Sic
435 4188 567 4244 dicit
595 4189 647 4244 ei
677 4190 936 4246 Dominus
968 4207 1065 4261 per
1089 4192 1409 4263 prophetam
1443 4213 1456 4248 :
1483 4195 1619 4248 Ecce
1643 4213 1737 4267 ego

129 4290 370 4334 sternam
414 4297 508 4350 per
535 4283 768 4336 ordinem
815 4282 1019 4355 lapides
1062 4294 1209 4347 tuos.
1252 4296 1302 4340 et
1327 4288 1560 4356 [undabo
1588 4299 1636 4342 te
1683 4292 1734 4342 in

127 4374 428 4443 sapphiris,
469 4384 524 4430 et
553 4375 783 4445 reliqua.
818 4376 930 4432 lloc
958 4377 1108 4432 enim
1136 4379 1334 4434 decore
1367 4382 1734 4450 pretiosorum

129 4465 382 4535 lapidum
407 4510 421 4533 ,
477 4467 528 4521 id
577 4477 700 4532 est,
748 4469 991 4524 omnium
1021 4470 1238 4526 Christo
1267 4474 1608 4528 credentium
1641 4492 1737 4546 per

131 4560 311 4614 Deum
341 4558 594 4627 Patrem,
651 4570 780 4616 tunc
813 4561 1072 4617 adornata
1113 4574 1199 4619 est
1241 4564 1464 4633 Iudaea,
1520 4568 1736 4635 quando

1841 3362 2224 3430 discurrebat,
2255 3371 2311 3417 et
2339 3362 2504 3417 rebus
2533 3360 2765 3414 mortuis
2813 3358 3160 3429 pascebatur.
3196 3357 3258 3411 Hi
3304 3372 3436 3426 ergo

1839 3455 2116 3511 Cbrismm
2170 3455 2305 3525 legis
2338 3453 2518 3509 littera
2562 3451 2876 3518 obtectum,
2919 3459 2976 3506 et
3005 3460 3206 3504 terram
3240 3462 3436 3514 repro-

1840 3548 2118 3602 missionis
2141 3562 2238 3618 per
2264 3544 2542 3600 Christum
2591 3545 2825 3598 futuram
2851 3584 2866 3608 ,
2899 3541 3185 3613 opacitatis
3223 3541 3434 3610 signili-

1840 3643 2116 3697 cationum
2146 3638 2480 3695 umbraculis
2513 3651 2619 3691 non
2654 3644 2950 3706 potuerunt
2980 3634 3204 3689 omnino
3231 3632 3439 3701 perspi-

1839 3751 1986 3792 cere.
2019 3734 2278 3791 Semitam
2313 3731 2579 3801 ignoravit
2609 3730 2726 3783 avis
2758 3747 2771 3782 :
2802 3744 2901 3782 nec
2933 3727 3162 3782 intuitus
3193 3736 3276 3782 est
3313 3741 3432 3778 eam

1839 3828 2030 3884 oculus
2075 3826 2325 3880 vulturis.
2373 3824 2486 3881 Sub
2518 3822 2604 3876 bis
2637 3821 2968 3886 nominibus,
2999 3819 3113 3874 avis
3141 3817 3253 3889 (At.
3293 3815 3438 3888 auri)

1840 3931 1894 3975 et
1949 3917 2216 3984 vulturis,
2271 3917 2522 3970 inimicus
2578 3913 2836 3968 Ecclesia:
2891 3910 3298 3976 intelligamus,
3347 3909 3439 3976 qui

1843 4012 2082 4068 tenebris
2126 4012 2476 4064 obscuratum
2510 4008 2776 4062 habentes
2823 4005 3194 4068 intellectum,
3229 4002 3440 4057 nesric-

1842 4114 1967 4160 runt
2008 4105 2261 4158 semitam
2292 4100 2594 4157 vocationis
2623 4099 2741 4168 ejus
2768 4144 2781 4166 ,
2813 4113 2916 4168 qua
2945 4097 3010 4150 ad
3045 4096 3215 4150 Deum
3244 4093 3440 4148 ambu-

1843 4198 1960 4253 lans
1989 4214 2085 4268 per
2115 4197 2277 4251 fidem
2310 4194 2630 4250 revertitur.
2658 4193 2870 4264 Quique
2901 4190 3132 4244 diversis
3163 4188 3443 4243 erroribus

1843 4301 2184 4348 mortuorttm
2216 4291 2498 4348 hominum
2531 4288 2699 4360 rapti,
2737 4287 2893 4360 quasi
2927 4286 3114 4339 volare
3142 4281 3441 4338 arbitrandi

1841 4395 1990 4441 sunt.

1916 4477 2041 4531 Non
2064 4478 2386 4531 calcaverunt
2408 4492 2522 4530 eam
2545 4476 2642 4545 ﬁlii
2669 4477 2990 4529 institorum.
3021 4474 3138 4529 Hoc
3162 4473 3270 4536 ait,
3295 4470 3442 4543 quod

1844 4571 1916 4625 ita
1947 4569 2108 4623 fuerit
2137 4579 2285 4622 terra
2310 4568 2672 4624 Sodomorum
2705 4568 2957 4622 omnibus
3003 4567 3162 4621 bonis
3189 4565 3389 4621 referta
3426 4585 3439 4620 :

128 4651 387 4722 gentium
420 4653 657 4722 papulus
681 4653 732 4708 ei
765 4669 859 4724 per
889 4655 1051 4710 iidem
1081 4656 1280 4712 Christi
1305 4668 1390 4713 est
1427 4660 1734 4729 capulatus.
1768 4629 1820 4689 ι)
1845 4675 1902 4718 nt
1933 4663 2135 4716 nullius
2160 4662 2353 4732 patria:
2379 4662 2596 4730 eguerit
2622 4661 3018 4716 mercimoniis.
3047 4660 3168 4715 Non
3197 4664 3442 4715 calcave-

129 4746 320 4802 Locus
349 4747 600 4817 sapphiri
633 4747 841 4817 lapides
863 4751 984 4815 ejus
1005 4793 1019 4811 .
1054 4762 1108 4806 et
1128 4752 1306 4820 gleba:
1336 4753 1480 4808 illius
1524 4770 1735 4809 aurum.

129 4839 374 4910 Lapides
406 4841 671 4908 pretiosi,
695 4850 750 4894 et
777 4857 968 4896 aurum
999 4859 1106 4897 non
1140 4843 1195 4898 in
1225 4847 1427 4916 optima
1458 4856 1620 4910 terra,
1643 4849 1737 4903 sed

131 4933 188 4987 in
247 4936 504 5002 remotis,
561 4945 617 4990 et
647 4936 910 5005 squalidis
962 4937 1190 4994 inveniri
1243 4939 1527 4994 dicuntur.
1573 4940 1741 5011 Igitur

128 5028 433 5082 secundum
467 5027 614 5082 hunc
651 5028 867 5084 modum
899 5029 1084 5085 Judiea
1117 5032 1324 5086 sterilis
1353 5032 1477 5097 fide,
1513 5046 1565 5087 et
1598 5033 1737 5089 infe-

130 5119 312 5173 cunda
337 5119 658 5185 virtutibus,
689 5119 878 5175 habuit
901 5121 954 5174 in
976 5137 1036 5176 se
1066 5123 1166 5176 bos
1193 5124 1401 5192 lapides
1427 5125 1697 5193 pretiosos
1723 5141 1736 5177 :

135 5213 190 5266 id
233 5223 340 5273 est.
374 5213 717 5283 patriarchas
747 5222 805 5268 et
832 5213 1144 5284 prophetas,
1179 5224 1236 5270 et
1277 5231 1493 5270 omnem
1522 5226 1741 5271 sancto-

135 5322 260 5362 rum
297 5306 726 5362 multitudinem.
769 5306 946 5362 Locus
972 5307 1214 5378 sapphiri
1265 5308 1472 5378 lapides
1501 5309 1654 5379 ejus,
1687 5321 1745 5366 et

135 5401 313 5472 gleba:
343 5401 460 5472 ejus
493 5416 717 5456 aurum.
761 5401 962 5457 Glebas
1010 5413 1217 5457 sanctae
1246 5412 1405 5457 terrm
1450 5405 1741 5472 Ecclesitn,

134 5506 362 5552 sanctos
389 5496 512 5566 ejus
548 5504 770 5565 propter
805 5495 1192 5552 fecunditatem
1217 5497 1483 5553 bonorum
1514 5512 1740 5568 operum

134 5589 468 5659 appellavit.
519 5603 662 5658 quos
710 5587 876 5644 etiam
910 5597 964 5644 et
993 5601 1220 5661 propter
1265 5591 1563 5659 gratiarum
1598 5591 1740 5646 divi-

129 5684 352 5748 siones,
405 5682 599 5754 glebas
627 5690 850 5736 sanctus
896 5679 1138 5751 Spiritus
1168 5684 1343 5739 voluit
1372 5698 1689 5753 nuncupare
1727 5702 1738 5737 :

125 5791 243 5848 quo
298 5775 416 5831 auri
468 5774 670 5831 merito
706 5784 1086 5845 censerentur,
1141 5777 1194 5831 in
1227 5792 1459 5846 quarum
1506 5778 1736 5834 occultis

1843 4766 1970 4812 runt
1989 4771 2108 4811 eam
2135 4753 2230 4808 filii
2259 4754 2589 4808 institorum.
2619 4754 2905 4807 lustitores
2933 4753 3046 4808 sive
3075 4753 3444 4822 negotiatores

1844 4849 2089 4921 praedicti
2142 4847 2539 4915 intelligttntur.
2569 4845 2702 4899 Nam
2750 4847 3122 4915 negetiatores
3149 4853 3274 4897 sunt
3314 4842 3440 4896 mali

1843 4957 1896 5000 et
1924 4943 2143 5014 superbi
2170 4960 2183 4995 :
2207 4940 2353 5011 quod
2379 4942 2538 4994 etiam
2564 4939 2628 4992 ad
2657 4939 2834 5008 ipsum
2859 4937 3137 4992 diabolum
3159 4935 3398 5005 pertinet
3427 4956 3438 4990 :

1843 5037 1930 5108 qui
1989 5033 2304 5104 superbiam
2359 5032 2622 5087 delictum
2680 5031 2972 5084 niaximum
3015 5029 3315 5082 adinvenit.
3375 5027 3443 5081 Et

1847 5128 2152 5198 negotiator
2184 5134 2407 5195 propter
2437 5123 2837 5178 multitudinem
2871 5129 3218 5191 peccatorum
3250 5118 3439 5187 appel-

1846 5223 1989 5277 latus
2012 5229 2124 5282 est,
2147 5235 2268 5290 qua:
2297 5220 2412 5273 sixe
2439 5218 2504 5270 ad
2534 5231 2593 5272 se
2624 5217 2834 5286 ipsum,
2865 5215 2981 5270 sive
3009 5215 3075 5268 ad
3105 5210 3442 5283 perdendum

1847 5315 2128 5369 hominem
2159 5313 2470 5383 exquisivit.
2502 5311 2593 5365 lsti
2626 5311 2790 5380 igitur
2820 5309 3200 5379 promissionis
3240 5315 3443 5360 terram

1845 5421 1966 5476 quae
1999 5404 2300 5458 mansuetis
2324 5443 2339 5469 ,
2371 5414 2423 5457 et
2455 5401 2622 5456 corde
2669 5400 2966 5454 humilibus
3013 5409 3353 5462 reservatur,
3386 5404 3448 5451 ut

1847 5500 1900 5554 in
1923 5514 1987 5554 ea
2013 5499 2252 5553 habitent
2274 5539 2288 5560 ,
2319 5497 2536 5550 calcare
2560 5509 2666 5548 non
2696 5503 2983 5564 poterunt,
3008 5495 3132 5562 quia
3162 5506 3263 5547 nec
3289 5489 3443 5562 quasi

1847 5593 2076 5656 incolae,
2131 5608 2224 5662 per
2269 5605 2388 5646 eam
2441 5587 2759 5644 transeundi
2809 5587 3094 5642 habebunt
3141 5584 3443 5642 licentiam.

1847 5687 1978 5742 Item
2024 5687 2186 5742 aliter
2217 5704 2229 5740 :
2263 5685 2390 5741 Hmc
2422 5685 2588 5756 igitur
2614 5683 2802 5740 Judsea
2826 5725 2840 5748 ,
2874 5683 2964 5739 cui
2997 5683 3084 5738 hic
3113 5682 3266 5753 panis
3313 5680 3447 5736 doc-

1847 5780 2003 5834 trinae
2049 5778 2485 5836 ministrantibus
2535 5776 2852 5849 prophetis,
2908 5782 2965 5831 et
3010 5772 3428 5841 sacerdotibus,
