4026 6306
591 318 695 374 69‘.)

1383 313 1728 371 APPENDIX
1770 315 1861 370 AD
1902 314 2145 370 TOMUM
2183 312 2537 372 SEPTIMUM
2577 315 2635 372 S.
2681 313 3079 372 HIERONYMI.
3803 317 3895 371 700

589 439 931 506 praebebatur
969 439 1022 492 in
1075 438 1195 491 ineo
1225 445 1367 489 uno:
1420 449 1523 490 suo
1553 435 1773 504 utique,
1803 442 1861 488 et
1890 449 1999 488 nun
2043 432 2140 487 Dei
2168 448 2184 486 :
2215 429 2267 492 Δ
2294 431 2556 487 liditatetn
2585 441 2762 503 suam,
2809 442 2866 488 et
2914 432 3311 499 fortitudinem,
3354 433 3641 488 Christum
3697 446 3891 488 secun-
3977 448 3979 472 ι

592 533 643 587 id
677 543 792 596 est,
841 532 1045 586 inloco
1077 529 1459 584 delectationis
1487 544 1636 591 suae,
1682 527 1772 582 ubi
1821 526 2191 598 voluptatibus
2293 525 2420 581 dum
2447 526 2746 592 itotuinem,
2785 543 2947 598 quem
2977 529 3294 598 assumpsit,
3349 527 3561 582 silicem
3614 539 3793 598 posse
3834 529 3895 584 sio

591 636 757 695 atque
788 623 1064 678 illecebris
1088 621 1462 690 contingi-nbat
1481 663 1494 681 ,
1523 621 1645 692 igne
1669 621 1923 676 vitiorum
1965 631 2190 676 suorum
2293 619 2561 690 gniﬁcari,
2584 621 2674 691 qui
2708 622 2874 676 etiam
2900 630 3052 692 petra
3078 632 3129 676 et
3161 621 3325 691 lapis,
3358 621 3646 691 prophetis
3674 631 3736 676 et
3766 635 3891 690 apo-

592 718 790 772 ardens
821 717 1083 771 subversa
1127 723 1214 769 cst
1245 715 1388 770 sicut
1435 713 1570 768 dicit
1609 713 1883 785 Propheta
1927 732 1943 772 :
2002 715 2194 769 Omnes

591 809 952 864 adulterantes
972 841 990 874 ,
1017 811 1148 861 sicut
1179 807 1414 860 clibanus
1436 806 1602 859 corda
1631 823 1844 872 eorum;
1875 813 1933 862 et
1965 807 2016 861 in
2044 805 2194 877 psal—

599 919 687 958 nto
741 902 810 958 de
865 914 928 956 ea
983 901 1186 957 dicitur
1234 917 1248 955 :
1296 901 1521 955 Incensa
1562 900 1670 972 igni
1700 912 1751 954 et
1778 899 2003 969 stt/fossa
2030 915 2195 956 manu

591 997 772 1065 operis
819 995 906 1050 sui
955 994 1256 1063 exstirpata
1288 994 1546 1059 omnino,
1582 1001 1636 1047 ct
1661 992 1860 1048 eilossa
1907 1004 2013 1050 est.
2043 994 2197 1051 Licet

595 1089 768 1160 possit
806 1089 944 1160 ignis
975 1089 1077 1145 iste
1107 1091 1272 1144 etiam
1321 1105 1484 1158 super
1508 1089 1716 1143 ultione
1741 1099 2090 1158 peccatorum
2115 1089 2195 1144 in-

595 1184 766 1254 telligi
790 1225 805 1249 ,
839 1184 983 1239 sicut
1003 1183 1138 1238 dicit
1167 1183 1461 1253 Apostolus
1499 1197 1512 1237 ε
1551 1181 1714 1238 I‘errs
1745 1194 1867 1252 quae
1895 1183 2113 1253 splnas,
2140 1192 2198 1239 et

597 1275 828 1330 tribulos
863 1274 1114 1344 profert,
1160 1275 1392 1343 reproba
1422 1283 1543 1338 est,
1588 1283 1641 1328 et
1671 1273 1965 1330 maledicto
2010 1275 2196 1344 proxi-

593 1383 681 1423 ma
725 1385 739 1423 :
774 1369 932 1438 cujus
961 1369 1364 1423 consummatio
1394 1369 1446 1422 in
1487 1369 1949 1424 combustiouem.
1989 1370 2062 1424 De
2087 1383 2196 1440 quo

597 1465 720 1533 igne
751 1464 846 1519 ira:
897 1463 972 1518 ait
1020 1463 1188 1517 David
1224 1479 1239 1518 :
1271 1461 1495 1518 Iuvenes
1541 1479 1721 1517 eorum
1770 1464 1990 1519 comedit
2037 1464 2195 1536 ignis.

599 1557 718 1612 Non
767 1557 1123 1612 calcaverunt
1152 1572 1275 1611 eam
1308 1557 1400 1611 lilii
1435 1557 1771 1611 institorutn.
1820 1557 1942 1611 Filii
1976 1557 2197 1612 instito—

594 1667 716 1704 rum
740 1691 754 1716 ,
790 1651 1166 1720 apostolorum
1188 1649 1476 1719 discipuli,
1508 1658 1564 1704 et
1592 1649 1874 1716 apostolici
1896 1649 2000 1704 viri
2040 1649 2198 1705 intel-

597 1742 800 1813 ligendi
831 1753 990 1808 sunt,
1023 1742 1115 1813 qui
1156 1742 1415 1813 gentibus
1444 1742 1809 1813 Evangeiium
1864 1743 2199 1812 prauiicave-

2296 712 2449 767 stolis
2470 713 2647 768 dictus
2673 724 2779 769 est.
2810 715 2953 770 Deus
2981 727 3119 785 ergo
3139 715 3301 770 Pater
3327 713 3667 769 extenditsd
3686 713 3891 772 silicem

2298 821 2515 861 manum
2551 823 2727 872 suum,
2760 807 2811 862 Id
2841 815 2943 873 est,
2975 807 3169 863 Filium
3211 819 3366 862 suum
3407 825 3419 862 :
3453 823 3550 878 per
3578 821 3754 878 quem
3783 809 3895 863 uni-

2298 914 2455 954 versa
2485 899 2727 954 condidit
2755 917 2767 953 :
2795 911 2956 970 quem
2983 901 3151 955 etiam
3183 901 3492 966 dexteram,
3535 916 3587 956 et
3613 901 3899 956 brachium

2300 1001 2476 1057 vocat,
2503 1005 2557 1048 et
2587 995 2653 1048 ad
2682 994 3087 1063 suscipiendum
3125 994 3400 1049 hominem
3447 992 3621 1059 misit,
3672 1002 3737 1048 ut
3769 995 3903 1062 Apo-

2299 1087 2472 1142 stolus
2496 1086 2635 1141 dixit
2667 1104 2680 1140 :
2707 1085 2848 1142 Dens
2883 1085 3083 1140 Filium
3114 1102 3265 1142 suam
3301 1086 3442 1140 misit
3468 1088 3521 1140 in
3551 1086 3905 1140 similitudine

2300 1180 2471 1234 carnis
2501 1180 2714 1250 peccati.
2759 1181 2827 1234 Et
2854 1179 3062 1236 idcirco
3091 1180 3146 1235 in
3175 1180 3501 1236 extensione
3544 1191 3780 1246 manus,
3816 1179 3904 1235 Dei

2301 1271 2508 1340 Patris,
2536 1281 2596 1329 et
2616 1272 2736 1328 Filii
2759 1273 2878 1341 ejus
2907 1274 2972 1328 ad
3005 1288 3104 1329 nos
3132 1273 3432 1329 adventum
3461 1273 3773 1345 signiﬁcari
3813 1289 3906 1328 no-

2301 1365 2562 1431 verimus,
2593 1377 2658 1419 ac
2689 1380 2786 1435 per
2810 1382 2933 1420 eum
2966 1366 3109 1420 sicut
3143 1367 3427 1437 sequitur:

2372 1455 2633 1512 διιόντι-ρει
2661 1474 2694 1511 a
2715 1457 2978 1512 radicibus
3001 1468 3216 1514 montes.
3246 1457 3398 1526 Quos
3410 1475 3506 1529 per
3520 1457 3910 1528 metaphoer

2301 1552 2579 1608 daemones
2610 1553 2726 1608 sive
2775 1552 3028 1608 homines
3067 1553 3336 1623 superbos
3380 1568 3504 1609 esse
3546 1562 3705 1610 recte
3737 1555 3909 1610 senti-

2302 1657 2422 1700 mus
2456 1663 2470 1700 :
2515 1645 2641 1716 quia
2672 1643 3026 1716 principatus,
3060 1655 3114 1700 et
3159 1653 3463 1716 potestates
3496 1646 3680 1716 palam
3720 1647 3910 1702 trium-

2305 1739 2490 1809 phavit
2528 1739 2582 1794 in
2610 1740 2930 1808 semetipso.

593 1846 739 1892 runt.
799 1837 860 1891 Hi
909 1837 1080 1906 igitur
1106 1835 1392 1903 Judaeum,
1430 1847 1634 1892 terram
1683 1837 1940 1892 videlicet
1989 1823 2272 1894 inﬁde-3
2370 1829 2438 1887 In
2463 1831 2617 1902 petris
2655 1828 2802 1886 rivos
2849 1831 3062 1886 excidit.
3112 1829 3274 1886 Duris
3319 1831 3534 1887 scilicet
3584 1832 3913 1903 praecordiis

595 1928 726 1982 lium
752 1975 762 1994 ,
793 1936 852 1982 ut
880 1928 930 1983 el
960 1921 1353 1983 annuntiarent
1379 1927 1738 1998 Evangelium
1759 1970 1773 1996 ,
1811 1938 1918 1984 non
1947 1929 2200 1985 calcaveo

593 2029 740 2075 runt.
778 2020 854 2076 De
897 2021 1094 2091 quibus
1142 2021 1344 2077 dicitur
1397 2023 1448 2077 itt
1499 2023 1722 2079 Actibus
1771 2022 2194 2092 apostolorum:

602 2113 757 2168 Vobis
785 2123 1084 2183 aportnerat
1115 2116 1346 2184 primum
1388 2116 1596 2170 verbum
1629 2115 1723 2170 Dei
1749 2116 1925 2186 loqui,
1955 2117 2046 2170 sed
2073 2119 2198 2186 quia

595 2208 835 2278 indignos
860 2219 950 2261 vos
969 2207 1255 2279 judirastis
1281 2219 1490 2263 (eterna
1514 2209 1633 2262 uiue
1651 2247 1666 2274 ,
1700 2225 1817 2262 ecca
1845 2210 2198 2264 convertimur

595 2301 666 2354 ad
707 2309 905 2370 gentes.
937 2299 1031 2355 Sic
1059 2300 1241 2368 itaque
1293 2300 1486 2354 factum
1519 2309 1605 2354 est
1655 2299 1774 2354 iSIis
1805 2299 2200 2370 Evangelizan-

598 2392 744 2446 tibus
775 2389 1030 2458 verbum,
1066 2400 1126 2444 ut
1155 2404 1314 2445 mons
1366 2389 1622 2445 Christus
1671 2392 1722 2445 iu
1776 2405 1927 2448 mare
1952 2394 2195 2463 gentium

597 2486 1116 2554 transplantarctur.
1153 2484 1310 2540 Unde
1339 2496 1389 2538 et
1426 2485 1480 2538 in
1514 2487 1723 2556 psalmo
1754 2487 1827 2541 ait
1880 2500 1894 2540 :
1928 2487 1996 2542 Et
2023 2499 2198 2544 (ωηο-ι

596 2580 830 2648 ferentur
858 2585 1055 2631 montes
1105 2578 1159 2630 in
1188 2594 1278 2631 cor
1303 2579 1500 2633 maris:
1551 2577 1602 2633 id
1633 2588 1716 2633 est
1740 2622 1753 2648 ,
1787 2581 1870 2635 vel
1901 2582 2198 2652 prOpheta-

597 2683 751 2733 rum,
803 2667 893 2722 vel
939 2671 1406 2740 evangelistarum
1457 2672 1712 2738 oracula,
1767 2673 1835 2728 ad
1891 2675 2199 2734 credituros

595 2759 841 2830 gl-ntium
914 2760 1142 2829 papnlos
1213 2761 1632 2818 transferentur.
1687 2763 1806 2819 Non
1846 2765 2199 2824 calcaverunt

593 2867 714 2908 eam
749 2851 847 2908 ﬁlii
879 2853 1214 2908 institorum.
1268 2853 1329 2907 lli
1363 2855 1645 2910 institores
1673 2856 1793 2912 sive
1822 2858 2198 2927 negotiatores

596 2943 818 3014 reprobi
846 2953 995 3013 sunt,
1019 2953 1074 2999 et
1106 2943 1265 2999 laude
1287 2945 1526 3018 indigni,
1557 2948 1651 3018 qui
1681 2960 1902 3019 peccata
1932 2953 2194 3022 peccatis,

599 3037 748 3093 velut
778 3036 997 3093 divitias
1027 3037 1131 3092 sibi
1159 3049 1499 3110 congregant
1525 3057 1539 3094 :
1571 3040 1640 3096 de
1661 3041 1860 3112 quibus
1885 3044 1964 3100 ait
1985 3043 2199 3115 Apoca-

591 3129 764 3202 lypsis
795 3147 808 3185 :
843 3129 1034 3185 Omnia
1063 3131 1208 3186 clara
1236 3141 1284 3186 ct
1335 3134 1556 3206 pinguia
1603 3136 1869 3202 perierant
1917 3152 1950 3188 a
2001 3146 2069 3194 te.
2129 3136 2195 3192 Hi

2303 1924 2569 1993 gentium,
2597 1931 2654 1977 ct
2675 1923 2840 1978 nimia
2867 1922 3188 1978 inﬁdelitate
3217 1924 3530 1980 constrictis
3565 1943 3580 1980 :
3621 1925 3914 1981 abundam

2306 2017 2430 2071 tiam
2474 2017 2775 2088 gratiarum
2817 2033 3040 2073 suarum
3085 2018 3313 2089 largitus
3340 2030 3446 2087 eet,
3481 2029 3535 2075 et
3579 2021 3736 2075 velut
3770 2020 3913 2076 rivos

2302 2123 2456 2177 aqua:
2485 2106 2741 2176 ﬂuentes,
2774 2109 2999 2164 uberem
3039 2110 3254 2179 copiam
3287 2110 3665 2167 doctrinarum
3694 2112 3908 2168 tribuit.

2305 2202 2417 2256 lloc
2445 2200 2622 2271 ipsum
2676 2201 3024 2258 distribuisse
3068 2203 3417 2272 intelligitur,
3476 2205 3620 2275 quod
3673 2207 3913 2262 scidisse

2302 2303 2658 2362 memoratur,
2688 2295 2829 2350 sicut
2856 2297 2933 2350 ait
2960 2296 3255 2366 Apostolus
3289 2316 3302 2350 :
3333 2297 3435 2353 Alii
3465 2300 3602 2355 enim
3633 2318 3734 2367 per
3754 2301 3910 2371 spiri-

2302 2396 2410 2442 tum
2450 2387 2606 2441 datnr
2635 2404 2801 2442 sermo
2829 2390 3122 2458 sapientim,
3169 2391 3262 2444 alii
3301 2408 3470 2446 sermo
3497 2393 3761 2450 scientia.
3814 2395 3911 2449 Alii

2302 2481 2560 2536 dixerunt
2585 2499 2598 2534 :
2633 2481 2800 2552 Ilipas
2826 2484 3102 2552 fluminum
3130 2484 3353 2556 disrupit
3387 2501 3406 2538 .°
3435 2496 3491 2539 ut
3518 2486 3668 2542 illum
3694 2488 3907 2543 doctri-

2303 2589 2426 2628 nam
2452 2574 2789 2645 spirilualcnt
2811 2575 2994 2643 Legis,
3023 2586 3072 2630 et
3103 2577 3490 2646 prophetarum
3519 2577 3718 2648 dequa
3743 2579 3912 2635 Isaias

2300 2666 2372 2721 ait
2407 2683 2420 2734 ;
2456 2665 2561 2733 Qui
2585 2668 2762 2732 sititis,
2787 2669 2858 2723 ite
2883 2669 2952 2721 ad
2979 2684 3187 2738 aquam,
3213 2684 3335 2738 quae
3364 2669 3418 2724 in
3447 2685 3550 2723 una
3575 2679 3747 2740 gente
3775 2681 3910 2724 tam-

2301 2775 2462 2829 quam
2491 2760 2635 2814 intra
2669 2760 2930 2829 quasdam
2964 2762 3244 2833 angustias
3273 2762 3569 2830 deﬂuebat,
3593 2779 3719 2833 quae
3745 2765 3910 2818 etiam

2303 2851 2552 2908 Mosaicae
2580 2852 2712 2922 legis
2738 2853 3048 2924 praeceptis,
3079 2855 3229 2908 velut
3257 2855 3580 2924 quibusdam
3622 2857 3792 2926 quasi
3837 2855 3910 2910 ri-

2303 2962 2488 3016 parum
2517 2947 2764 3003 obicibus
2801 2947 3176 3003 claudebatur.
3213 2949 3602 3019 llujuscemodi
3633 2949 3910 3017 disruptis

2301 3041 2619 3107 obstaculis,
2666 3042 2820 3113 quasi
2850 3041 2919 3098 de
2965 3042 3124 3099 alveo
3166 3043 3299 3115 legis
3335 3059 3502 3114 super
3527 3060 3756 3100 omnem
3801 3053 3912 3099 ter-

2302 3151 2416 3189 ram
2448 3133 2742 3207 Evangelia
2773 3136 3088 3190 abundante
3117 3137 3358 3193 diﬂ‘udit.
3392 3139 3568 3194 Aliter
3611 3152 3912 3208 possumus

597 3225 758 3293 igitur
809 3227 1178 3296 negotiatores
1229 3227 1374 3282 circa
1404 3227 1624 3284 divitias
1671 3238 2056 3299 peccatorum,
2090 3247 2198 3286 non
2224 3217 2274 3284 Ο
2307 3225 2444 3282 hanc
2468 3236 2666 3283 terram
2711 3227 3006 3282 ECCICSiam
3034 3228 3245 3282 dicere.
3290 3228 3446 3286 Unde
3474 3231 3549 3286 ait
3591 3231 3865 3302 propheta
3895 3245 3911 3287 :

596 3317 885 3374 calcabunt
916 3319 1252 3385 Ecclesium,
1286 3319 1336 3374 id
1367 3331 1478 3388 cst,
1515 3336 1625 3376 non
1659 3321 1977 3377 habitabant
2009 3325 2061 3380 in
2089 3339 2197 3381 ea:

601 3411 726 3482 quia
770 3423 1014 3466 sanctam
1067 3427 1221 3480 eam,
1255 3423 1311 3468 et
1339 3413 1743 3468 immaculatam
1774 3413 2037 3471 Dominus
2070 3431 2198 3487 posa

598 3502 820 3558 sidebit.

667 3594 778 3651 Nec
827 3596 1155 3666 pertransivit
1197 3613 1285 3663 per
1324 3614 1434 3650 eam
1482 3598 1664 3653 lewna.
1712 3598 1794 3654 ου
1834 3601 2197 3668 frequentiam

593 3689 1069 3744 innumerabilium
1098 3690 1418 3758 populorum
1451 3690 1501 3744 in
1525 3690 1781 3748 Sodomis
1811 3691 2197 3764 habitantium,

592 3783 779 3838 bestia:
813 3797 910 3849 per
935 3782 1175 3837 medium
1207 3782 1448 3852 regionis
1478 3784 1622 3839 illius
1653 3789 1886 3842 transire
1917 3803 2025 3845 non
2048 3800 2201 3860 pote-

593 3887 730 3930 rant.
765 3875 874 3930 Nec
905 3875 1258 3945 pertransivit
1289 3891 1386 3946 per
1413 3894 1534 3932 eam
1564 3879 1755 3936 learns.
1791 3881 1988 3938 Leana
2023 3893 2200 3953 potest

591 3968 794 4024 diaboli
821 3969 1127 4024 dominatio
1159 3972 1387 4037 sentiri,
1421 3973 1538 4029 sive
1568 3976 1824 4044 superbia
1859 3975 2196 4034 Judmorum.

589 4060 745 4128 Quod
761 4069 944 4116 autum
975 4062 1130 4131 dicit,
1162 4079 1268 4118 non
1293 4066 1669 4133 pertransivitt
1697 4066 1803 4123 hoc
1824 4069 1901 4123 ait
1933 4086 1947 4122 :
1979 4085 2090 4125 non
2115 4086 2199 4126 re-

593 4152 802 4207 cessita
817 4151 1128 4220 Judma,sed
1147 4155 1344 4210 ibidem
1360 4156 1596 4212 inlidelis
1607 4159 1866 4226 superbia
1881 4163 2196 4229 permansit.

587 4245 760 4302 Aliter
789 4254 992 4315 potest,
1034 4255 1091 4301 et
1116 4247 1186 4304 de
1232 4248 1476 4303 Ecclesia
1511 4249 1759 4320 intelligi.
1795 4251 1852 4306 ln
1886 4253 1980 4307 illa
2015 4252 2201 4324 utique

586 4337 755 4409 gloria
785 4339 1042 4394 virtutum
1079 4355 1302 4396 suarum
1339 4342 1390 4396 itt
1440 4341 1560 4397 loco
1606 4345 1926 4400 necessario
1979 4345 2200 4401 redem-

590 4433 794 4504 ptionis
824 4448 960 4499 suae,
1007 4435 1059 4489 in
1091 4450 1200 4503 quo
1244 4450 1344 4504 pcr
1375 4436 1536 4492 iidem
1583 4446 1712 4504 stat,
1762 4437 1890 4510 igne
1937 4439 2200 4494 subversa

589 4535 719 4580 est:
753 4525 852 4580 illo
900 4526 1086 4594 utique
1129 4527 1274 4597 igne,
1304 4527 1375 4583 de
1425 4545 1532 4599 quo
1588 4529 1709 4599 ipse
1763 4529 2028 4587 Dominus
2079 4531 2197 4586 sit:

2309 3319 2630 3376 Fluminibus
2675 3319 2937 3373 scindetur
2971 3329 3132 3371 terra.
3179 3319 3366 3375 Scindi
3402 3339 3533 3378 vero
3580 3339 3703 3379 eam
3740 3334 3910 3393 atque

2303 3415 2562 3484 disrumpi
2591 3431 2657 3470 eo
2683 3412 2844 3468 tnodo
2882 3414 3228 3481 novetimus,
3272 3417 3494 3485 quando
3526 3433 3588 3474 se
3615 3420 3684 3474 ad
3731 3416 3911 3472 PIISCi‘

2303 3507 2554 3579 piendum
2587 3507 2808 3562 verbum
2834 3507 2952 3571 Dei,
2975 3507 3275 3578 capabiletn
3310 3509 3538 3578 praebet.
3572 3513 3732 3568 lianc
3768 3525 3909 3581 quo-

2302 3617 2406 3671 quc
2433 3599 2720 3669 quamdam
2751 3599 3161 3669 adapertionem
3189 3601 3525 3670 capacitatis,
3551 3619 3675 3669 qua:
3711 3603 3778 3658 lit
3807 3616 3898 3670 per

2302 3693 2668 3748 obedientiam
2703 3702 2863 3748 terra:
2917 3694 3184 3748 rationem
3244 3694 3509 3758 habentis,
3573 3696 3902 3751 eorumdetn

2304 3786 2582 3842 ﬂuminum
2615 3786 2848 3854 impetus
2876 3798 3192 3856 operantur.

2379 3878 2442 3932 Et
2469 3893 2616 3932 omne
2641 3879 2920 3949 pretiosum
2953 3879 3079 3932 uidit
3110 3879 3296 3933 oculus
3325 3880 3458 3950 ejus.
3489 3877 3714 3934 Edurtis
3744 3880 3907 3951 igitur

2304 3975 2434 4030 rivis
2458 3973 2752 4045 gratiarum
2796 3973 2918 4039 Dei,
2968 3974 3103 4028 vidit
3136 3974 3281 4030 Deus
3311 3989 3472 4044 quam
3519 3975 3818 4038 immensa,
3855 3979 3906 4029 et

2303 4067 2718 4125 innumerabilia
2769 4068 2985 4138 pietatis
3038 4084 3151 4122 suae
3206 4068 3494 4124 beneﬁcis.
3529 4067 3681 4123 Vidit
3719 4077 3902 4123 autem

2304 4160 2441 4217 dixit
2470 4178 2483 4214 :
2512 4172 2580 4216 eo
2632 4161 2776 4230 quod
2823 4173 2954 4216 ante
3001 4169 3360 4231 conspectum
3414 4160 3534 4231 ejus
3584 4161 3900 4232 adimpletio

2305 4256 2422 4311 sive
2446 4253 2678 4311 ell‘ectus
2707 4271 2818 4310 sua:
2853 4255 3174 4323 voluntatis,
3229 4254 3508 4310 exstiterit
3556 4255 3610 4309 in
3658 4252 3896 4311 Ecclesia

2381 4438 2658 4510 Profunda
2699 4456 2900 4512 quoque
2943 4440 3222 4510 ﬂuviorum
3255 4447 3522 4494 scrutatus
3568 4449 3667 4504 est,
3699 4449 3750 4493 et
3780 4437 3893 4492 abs-

2306 4536 2514 4590 randita
2546 4535 2790 4605 produxit
2819 4535 2873 4588 in
2903 4534 3092 4588 lucem.
3121 4532 3230 4588 Hos
3253 4533 3415 4604 igitur
3436 4531 3634 4587 ﬂuvios
3660 4539 3770 4587 itan
3803 4531 3892 4585 sh-

591 4618 774 4689 Ignem
802 4621 913 4674 ueni
939 4621 1140 4676 mittere
1177 4623 1232 4677 in
1271 4633 1482 4679 terram.
1520 4623 1630 4680 iloc
1659 4623 1825 4696 igitur
1850 4628 1975 4697 igua
2002 4626 2195 4684 Eccle-
2227 4600 2281 4663 υ
2301 4627 2467 4683 surde
2494 4600 2740 4697 singulos
2761 4627 2930 4681 libros
2959 4624 3163 4680 veteris
3191 4623 3540 4679 instrumenti
3582 4639 3708 4678 esse
3735 4620 3896 4677 senii-

589 4715 694 4780 sia,
727 4715 777 4769 id
817 4724 924 4779 est,
953 4725 1101 4772 terra
1134 4727 1476 4782 sanctorum,
1529 4719 1736 4775 amoris
1783 4719 1875 4775 Dei
1923 4721 2200 4778 desiderio
2304 4732 2458 4772 mus:
2489 4717 2540 4771 in
2569 4729 2804 4786 quorum
2837 4713 3046 4785 magnis
3069 4713 3309 4770 latibulis
3333 4724 3494 4769 erant
3523 4714 3783 4769 Ecclesia:
3809 4726 3892 4766 sas

588 4809 846 4880 ﬂagrans,
879 4809 1220 4867 subvertitur
1254 4828 1268 4866 :
1303 4819 1360 4865 ut
1384 4826 1503 4867 eam
1528 4811 1768 4867 carnalis
1791 4813 2197 4883 concupiscen-
2303 4821 2601 4875 cramonta,
2651 4825 2776 4880 qum
2821 4809 2876 4864 in
2933 4819 3175 4878 tempora
3221 4807 3523 4864 Salvatoris
3565 4808 3711 4862 Deus
3742 4806 3892 4862 Putet

590 4903 664 4957 tia
698 4919 804 4958 non
839 4902 1140 4973 possideat.
1191 4903 1305 4959 iloc
1332 4903 1501 4974 igitur
1547 4903 1709 4959 modo
1737 4905 2098 4970 subvertitur,
2144 4913 2201 4960 ut
2303 4912 2579 4959 scrutatus
2608 4904 2678 4956 sit
2720 4919 2734 4956 :
2774 4902 2840 4956 ad
2881 4901 3255 4971 impietionem
3306 4917 3496 4957 eorum
3543 4901 3724 4956 omnia
3780 4911 3891 4968 qua!

590 4995 643 5052 in
664 5008 808 5053 terra
832 5000 1019 5054 carnis
1046 5013 1158 5054 suos
1191 4999 1400 5064 vivens,
1425 4999 1610 5054 carnis
1632 4999 1688 5054 in
1713 5016 1775 5053 ea
1809 5001 1940 5054 vitia
1962 5001 2200 5055 morian-
2307 4993 2560 5064 prtedicta
2595 5003 2725 5048 sunt
2765 4993 3142 5049 manifestans.
3175 4992 3304 5047 Sive
3331 4995 3458 5062 quis
3484 4992 3771 5048 ﬂuviorum
3803 5003 3890 5042 nov

592 5100 700 5160 tur,
737 5101 796 5146 ut
831 5093 908 5146 ait
936 5091 1234 5162 Apostolus
1279 5109 1293 5145 :
1330 5091 1432 5158 Qui
1467 5091 1608 5145 enim
1647 5101 1779 5162 sunt,
1805 5092 2036 5156 Christi,
2077 5109 2198 5147 caro
2300 5090 2466 5155 mine,
2497 5087 2825 5158 populorum
2857 5085 3236 5142 multitudines
3261 5085 3554 5155 aliquando
3580 5085 3889 5153 intelligun-

593 5199 710 5237 nent
737 5201 883 5238 suam
906 5186 1283 5252 cruciﬁirerunt
1311 5201 1426 5237 cum
1461 5185 1621 5248 uitiis,
1652 5195 1702 5238 et
1743 5186 2194 5255 concupiscentiis.

593 5275 707 5332 Nec
729 5276 1087 5348 pertransivit
1116 5292 1211 5345 per
1253 5291 1373 5330 eam
1404 5276 1597 5333 lea-na.
1653 5277 1788 5333 Sive
1839 5281 1943 5345 leo,
1997 5289 2055 5332 ut
2102 5276 2196 5333 alii

584 5371 865 5427 dixerunt.
894 5369 1004 5426 Leo
1037 5370 1126 5424 hic
1157 5387 1264 5423 non
1289 5371 1530 5426 absurde
1556 5370 1816 5426 diabolus
1843 5371 2194 5441 intelligitur,

585 5463 677 5530 qui
713 5478 811 5532 per
833 5471 1042 5516 sanctae
1078 5462 1339 5518 Ecclesiae
1370 5473 1572 5520 terram
1599 5464 1835 5518 transire
1865 5477 1973 5518 non
1998 5463 2194 5533 potuit,

587 5572 652 5612 eo
679 5556 826 5626 quod
859 5556 1118 5626 gravibus
1168 5558 1650 5627 pctseoutioaibus
1690 5575 1812 5613 eam
1843 5556 2063 5612 vincere
2089 5571 2195 5614 non

589 5648 845 5704 valuerit.

658 5740 737 5791 Ad
785 5738 985 5792 silicem
1043 5741 1268 5793 extendit
1318 5756 1527 5796 ntanum
1571 5755 1742 5794 suam.
1781 5740 2007 5797 Videtur
2061 5740 2196 5798 mihi

616 5838 807 5882 ant-tus
839 5827 943 5882 Job
974 5828 1124 5883 aliud
1158 5832 1383 5902 aenigma
1421 5831 1738 5904 protulisse,
1769 5842 1825 5890 et
1858 5843 2079 5906 propter
2107 5851 2199 5892 so-

2302 5193 2431 5238 tur:
2472 5181 2936 5253 quemadmodum
3004 5179 3178 5236 Nsum
3235 5179 3501 5250 propheta
3557 5179 3674 5231 ait:
3731 5176 3892 5231 Porta

2300 5277 2578 5349 ﬂuviorum
2606 5289 2800 5346 «pet-ta:
2829 5284 2947 5331 sunt
2971 5290 2990 5330 :
3023 5272 3296 5329 Prolnnda
3325 5272 3611 5327 ﬂuviorum
3631 5271 3733 5325 hoc
3752 5271 3886 5329 loco,

2299 5379 2512 5426 secreta
2541 5368 2893 5426 conscientiae
2919 5367 3202 5423 hominum
3242 5364 3590 5420 advertamus
3619 5381 3632 5416 ι
3666 5370 3889 5432 quorum

2301 5471 2594 5525 scrutatur,
2631 5470 2685 5515 ct
2713 5461 2963 5532 cognitor
2998 5458 3145 5514 Deus
3177 5466 3286 5521 est,
3341 5456 3432 5526 qui
3485 5455 3538 5510 in
3583 5455 3676 5509 die
3711 5445 3888 5523 judicii

2301 5553 2650 5625 producendo
2678 5553 2860 5610 omnia
2905 5559 3116 5608 secreta
3159 5548 3428 5614 sordium,
3461 5547 3655 5603 reddet
3686 5543 3882 5600 unicui-

2299 5663 2405 5721 que
2431 5647 2731 5705 secundunt
2757 5661 2924 5716 opera
2945 5661 3068 5701 sua.

2373 5740 2648 5811 Sapientia
2676 5754 2796 5794 vero
2827 5737 2912 5792 ubi
2942 5736 3225 5800 invenitur,
3261 5742 3313 5788 at
3360 5733 3476 5805 quis
3518 5740 3591 5787 est
3636 5730 3782 5786 locus
3811 5731 3885 5782 in-

2305 5833 2605 5904 telligentia
2634 5831 2830 5898 ?Quod
2854 5829 2955 5886 hoc
2986 5828 3143 5901 quasi
3189 5828 3470 5899 inquirens
3498 5825 3595 5897 ait,
3624 5823 3888 5880 difﬁcilem
