4026 6290
160 341 270 399 ’101

1052 340 1523 433 «etiamtum
1562 339 1630 402 ut
1668 337 1927 406 station
1968 341 2107 405 ton.
2150 346 2306 408 car.
2351 344 2587 412 xxvut.

3374 355 3481 416 10‘!

167 472 392 532 rem,et
419 466 1153 538 quaevisinvcnitur,voluit
1182 466 1637 535 indicare,immo
1658 478 1780 539 quae
1804 466 1860 529 Α
1885 478 2009 524 vasa
2041 470 2162 527 auri
2187 515 2202 539 ,
2254 469 2481 543 pretiosi
2527 470 2746 548 quique,
2791 483 2845 532 et
2887 470 3022 533 clari
3053 468 3434 549 intelliguntur
3465 491 3479 532 :

167 559 279 615 nisi
312 574 343 614 a
377 559 494 616 Deo
517 560 954 628 demonstrante,
980 577 1081 618 nec
1109 561 1340 617 inveniri
1369 567 1553 631 posset
1582 561 1652 616 ab
1681 559 1782 615 bo-

167 653 349 719 mine,
388 639 491 709 nec
518 654 727 711 haberi.
758 656 913 723 Quod
943 664 999 712 et
1029 656 1143 727 ipse
1176 654 1282 713 Job
1307 657 1363 712 in
1394 657 1775 727 subsequenti-

168 744 279 801 bus
305 745 627 812 declaravit,
657 747 733 802 ita
768 744 959 804 dicens
990 764 1005 802 :
1036 747 1105 804 Et
1133 746 1272 804 dixit
1315 746 1548 814 homini,
1592 746 1778 819 utique

168 837 321 894 Dens
350 856 367 893 :
397 839 724 895 Eccetimor
744 840 959 895 Domini
1010 841 1125 912 ipsa
1170 849 1256 895 est
1284 839 1574 911 sapientia,
1607 850 1661 895 et
1690 852 1778 894 re-

166 934 374 989 cedere
403 952 435 990 a
470 934 614 990 main
645 934 1025 1008 intelligentia.

247 1026 429 1081 Nescit
455 1028 608 1081 homo
629 1029 854 1100 pretium
881 1032 1014 1101 ejus.
1044 1028 1172 1085 litec
1197 1026 1451 1095 dicendo,
1480 1030 1779 1086 inaestima-

168 1117 341 1174 bilem
369 1124 497 1175 esse
523 1119 849 1190 sapientiam
876 1120 1091 1176 timoris
1118 1121 1214 1178 Dei
1244 1121 1604 1192 signiﬁcavit.

250 1212 364 1268 Nec
384 1213 644 1268 invenitur
671 1216 726 1268 in
758 1225 895 1269 terra
923 1217 1150 1271 suaviter
1174 1216 1472 1271 virentium.
1500 1217 1654 1272 lianc
1676 1215 1777 1287 igi-

168 1314 265 1365 tur
316 1306 648 1377 sapientiam
692 1308 907 1364 timoris
961 1308 1050 1366 Dei
1100 1326 1206 1365 non
1258 1309 1423 1365 habet
1467 1312 1770 1382 quisquam,

171 1400 277 1456 nisi
306 1416 530 1457 carnem
557 1414 709 1456 suam
737 1400 1071 1459 cruciilxerit
1096 1418 1218 1458 cum
1244 1402 1391 1459 vitiis
1414 1411 1469 1459 et
1488 1403 1775 1473 concupis-

170 1492 393 1560 centiis,
430 1493 534 1547 nisi
572 1491 768 1549 vixerit
799 1503 859 1549 ut
905 1494 1104 1551 Paulus
1151 1498 1453 1568 apostolus,
1500 1507 1555 1553 et
1584 1512 1773 1555 omnes

166 1586 369 1650 sancti,
402 1584 455 1639 in
471 1586 942 1657 tribulationibus,
967 1593 1461 1661 persecutionibus,
1478 1590 1770 1663 angustiis,

164 1684 216 1733 cl
250 1678 558 1749 pressaris.
587 1680 657 1735 Et
684 1681 807 1737 ideo
836 1683 1079 1741 suaviter
1106 1682 1239 1740 dicti
1285 1694 1412 1741 sunt
1456 1685 1639 1743 vivere
1667 1684 1768 1757 illi,

165 1772 261 1842 qui
293 1772 447 1826 nullo
471 1772 601 1843 jugo
647 1773 953 1847 disciplina:
1001 1780 1275 1843 tenentur,
1321 1788 1375 1835 et
1423 1776 1659 1835 etl'renes
1708 1792 1771 1836 ac

165 1868 481 1940 praecipites
514 1869 568 1925 in
597 1869 774 1926 labem
808 1876 1169 1942 prorumpunt
1196 1869 1477 1927 vitiorum.

236 1958 470 2031 Abyssus
490 1962 645 2031 dicit,
680 1978 782 2016 non
822 1969 897 2018 est
920 1964 974 2017 in
1005 1980 1105 2027 nte,
1132 1974 1179 2018 et
1212 1981 1352 2019 mare
1382 1962 1635 2037 inquitur,
1667 1980 1769 2020 non

162 2063 491 2110 cumeram.
521 2055 793 2129 Abyssutn
840 2055 947 2112 hoc
996 2052 1121 2113 loco
1169 2054 1442 2112 internum
1497 2056 1771 2129 intelliga-

162 2160 317 2214 mus,
370 2149 511 2204 sicut
551 2148 688 2205 dicit
731 2148 1021 2219 Apostolus
1052 2165 1069 2205 :
1105 2150 1205 2204 Aut
1242 2148 1357 2221 quis
1404 2146 1670 2205 descendit
1714 2149 1769 2203 in

164 2238 460 2311 abyssum?
488 2232 559 2295 Et
581 2252 734 2297 mare
762 2241 864 2297 hoc
890 2241 1177 2307 smculum,
1223 2249 1281 2297 ut
1332 2241 1629 2297 Psalmista
1679 2254 1770 2296 ca-

168 2341 333 2388 nente
359 2334 715 2402 cognovimus
750 2352 764 2388 :
794 2333 910 2387 Hoc
933 2352 1071 2389 mare
1106 2351 1354 2407 magnum
1382 2343 1431 2390 et
1452 2336 1762 2405 spatiosum.

168 2422 426 2480 Infernae
456 2436 609 2495 ergo,
646 2431 703 2477 et
753 2424 839 2481 hic
893 2426 1125 2481 mundus
1171 2424 1498 2498 sapientiam
1558 2426 1769 2482 timoris

170 2517 267 2572 Dei
296 2532 357 2573 se
387 2530 496 2574 non
523 2517 730 2573 habere
754 2526 1042 2578 testantur.
1093 2520 1233 2577 Loca
1275 2518 1411 2577 dicit
1454 2518 1623 2593 loqui,
1670 2536 1769 2593 pro

169 2613 257 2669 bis
281 2614 372 2684 qui
402 2614 456 2669 in
489 2614 644 2681 locis,
672 2616 755 2671 vel
791 2614 1003 2683 mundi,
1037 2617 1119 2673 vel
1152 2614 1453 2673 inferorum
1486 2626 1634 2672 sunt.
1670 2614 1769 2673 Hic

168 2705 239 2760 de
269 2706 377 2761 illis
423 2707 690 2778 loquitur,
739 2706 832 2777 qui
858 2707 1063 2763 carnali
1113 2706 1531 2763 conversatione
1580 2708 1768 2765 mundi

163 2799 449 2856 illecebris
483 2802 830 2872 possidentur
860 2821 873 2857 :
907 2802 1021 2858 haec
1047 2802 1218 2863 dictio
1249 2800 1631 2873 ιιτοεομοῃσιίη
1674 2816 1771 2873 ap-

168 2893 424 2964 pellatur,
454 2894 545 2949 ubi
579 2908 809 2965 persona
843 2896 1119 2967 qunentis
1147 2912 1268 2950 cum
1316 2896 1462 2965 loqui
1502 2910 1606 2949 non
1641 2908 1767 2965 pos-

164 2985 264 3052 sit,
292 2986 611 3054 assumitur,
641 2995 694 3042 et
725 2985 867 3056 quod
897 2987 1168 3050 continet.
1204 3004 1303 3056 pro
1333 3003 1399 3043 eo
1427 2982 1571 3058 quod
1600 2988 1771 3042 conti-

166 3088 349 3135 netur.
379 3080 637 3135 Continet
665 3080 881 3151 quidem
914 3080 1002 3136 hic
1036 3080 1292 3148 mundus,
1342 3078 1426 3136 vel
1477 3080 1764 3135 infernus:

1884 562 1975 632 qui
2013 562 2066 617 in
2108 560 2212 620 hoc
2257 562 2457 621 stacqu
2489 567 2717 625 nomine
2744 562 3057 642 dignitatis,
3087 579 3142 626 et
3167 562 3481 625 divitiarum

1882 654 2057 724 gleria
2080 654 2368 722 splendent
2402 658 2497 714 :iti
2530 658 2716 731 utique
2738 676 2846 717 non
2880 662 3147 719 habentes
3176 674 3322 719 verte
3352 654 3484 719 rell5

1881 747 2352 817 glouistlmorem,
2380 764 2477 820 pro
2504 751 2676 809 nihilo
2704 750 3090 811 habebuntur:
3114 768 3179 812 eo
3205 755 3347 826 quod
3369 766 3479 811 non

1882 848 2107 908 possunt
2131 841 2278 896 velut
2307 852 2405 913 pro
2434 846 2630 900 merito
2656 844 2848 916 glorite
2886 860 3024 916 sum,
3072 841 3141 903 ad
3173 855 3478 903 commutas

1882 931 2083 985 tionem
2117 932 2402 1002 sapleutite
2431 936 2725 1007 singularis
2751 939 3036 995 accedere.

1954 1025 2176 1082 Excelsa
2201 1032 2250 1081 rt
2270 1029 2553 1084 minantia
2566 1042 2670 1085 non
2690 1028 3227 1087 commemorabuntur
3251 1032 3308 1087 in
3337 1047 3479 1088 cont-

1878 1123 2150 1194 paratione
2172 1122 2310 1192 ejus.
2335 1121 2513 1176 Etiam
2546 1125 2589 1177 si
2628 1125 2847 1180 excelsa
2896 1126 3030 1191 sint,
3080 1134 3136 1181 et
3182 1120 3481 1197 plurimum

1877 1212 2177 1268 ctnineotia
2207 1222 2571 1284 quacumque
2621 1212 2674 1269 in
2700 1215 2969 1270 creaturis
3021 1224 3192 1272 sunt:
3243 1224 3304 1271 ut
3352 1226 3483 1274 sunt

1879 1306 2039 1362 etiam
2063 1306 2324 1378 angelica:
2350 1311 2672 1378 potestates,
2699 1308 2919 1364 minima
2948 1306 3154 1377 omnia,
3177 1306 3347 1366 immo
3374 1323 3478 1383 po-

1879 1401 1986 1454 tius
2013 1398 2232 1470 indigna
2268 1400 2526 1454 memoria
2560 1403 2744 1468 erunt,
2774 1399 2829 1455 in
2872 1402 3281 1473 comparatione
3305 1398 3472 1469 illius,

1877 1502 1997 1563 qute
2018 1490 2145 1547 ﬁ-cit
2169 1502 2390 1547 Omnem
2419 1498 2727 1548 creaturam
2750 1493 3072 1549 rationalem
3108 1490 3218 1549 Deo
3238 1488 3491 1565 placere,

1876 1585 2035 1654 eique
2063 1593 2256 1639 sancto
2283 1593 2471 1640 amore
2499 1584 2780 1658 conjungi.
2815 1585 2884 1641 Et
2904 1583 3028 1641 ideo
3060 1584 3345 1657 praefertur
3369 1584 3477 1643 illis

1876 1675 2241 1731 eminentibus
2266 1676 2505 1733 excelsis
2537 1677 2753 1733 timoris
2796 1672 3107 1749 hujus‘tnodi
3155 1677 3427 1749 sapientia
3457 1690 3474 1732 :

1875 1769 1998 1840 quia
2027 1770 2145 1825 sine
2175 1770 2263 1824 illa
2298 1770 2432 1825 nihil
2466 1778 2590 1827 sunt
2642 1774 2772 1828 ante
2821 1769 3014 1836 Deum,
3057 1770 3199 1827 sicut
3249 1780 3304 1827 et
3358 1770 3474 1842 ipse

1797 1860 1845 1923 Β
1870 1861 2122 1916 diabolus
2150 1863 2242 1931 qui
2262 1863 2467 1918 amisso
2497 1864 2698 1920 timore
2723 1863 2921 1919 divinae
2964 1862 3319 1935 reverentiae,
3348 1878 3473 1936 per-

1874 1952 2014 2007 didit
2040 1953 2430 2023 semctipsntn.

1948 2043 2200 2100 Trahitur
2238 2054 2413 2101 autem
2443 2048 2700 2120 sapientia
2753 2047 2817 2102 de
2864 2044 3104 2104 occultis.
3139 2044 3267 2104 litae
3306 2046 3473 2121 igitur

1872 2136 2092 2195 aliunde
2122 2150 2227 2195 non
2260 2145 2443 2211 potest
2469 2142 2572 2197 nisi
2610 2137 2678 2199 de
2712 2141 2968 2214 supernis
2997 2140 3222 2213 aSeIIIDi,
3260 2140 3377 2199 sive
3403 2142 3473 2199 de

1874 2232 2075 2288 intimis
2103 2232 2284 2289 cordis
2310 2233 2619 2301 affectibus,
2650 2235 2801 2291 dono
2830 2236 3003 2291 sancti
3026 2234 3266 2306 Spiritus
3295 2232 3468 2290 trahi-

1873 2337 1979 2393 tttt‘,
2009 2336 2073 2383 ut
2104 2330 2375 2400 propheta
2417 2329 2534 2385 ait:
2569 2326 2644 2385 0s
2696 2336 2867 2385 meum
2907 2324 3110 2401 aperui,
3174 2339 3223 2385 et
3278 2329 3474 2385 attraxi

1870 2418 2110 2487 spiritum
2136 2460 2152 2485 ,
2189 2427 2250 2475 ut
2278 2419 2537 2476 videlicet
2560 2420 2740 2491 sapiat
2765 2419 2934 2477 homo
2964 2421 3129 2477 Deum
3161 2426 3218 2476 et
3256 2421 3466 2490 timeat,

1870 2529 1934 2569 ac
1965 2514 2225 2571 recedere
2254 2526 2283 2569 ι
2322 2516 2469 2571 malo
2495 2515 2783 2587 intelligat.

1947 2608 2070 2664 Non
2091 2610 2447 2677 adaquabltur
2473 2610 2522 2665 ei
2550 2610 2786 2675 tapazius
2807 2610 2872 2665 de
2902 2602 3182 2676 /Ethiopia
3200 2651 3215 2677 ,
3241 2622 3335 2665 nec
3359 2608 3466 2665 tin-

1870 2712 2030 2758 ctum
2064 2704 2425 2758 mundissimis
2455 2703 2873 2775 componentur?
2919 2700 3163 2758 Diversis
3192 2701 3390 2767 modis,
3422 2709 3478 2759 et

1867 2787 2102 2849 diversis
2142 2793 2457 2848 nominibus
2487 2793 2623 2859 auri,
2680 2806 2745 2850 ac
2785 2790 3144 2864 supellectilis
3188 2795 3468 2865 pretiosae,

1867 2898 2088 2944 sanctus
2117 2887 2221 2944 Job
2244 2886 2401 2952 dicit,
2434 2888 2578 2958 quod
2611 2885 2774 2943 timor
2804 2884 3016 2943 Domini
3048 2902 3154 2942 non
3189 2886 3360 2958 possit
3388 2882 3470 2944 eis

1869 2984 1980 3038 ullo
2012 2981 2176 3037 modo
2205 2981 2533 3051 comparari.

1942 3075 2094 3131 Unde
2131 3089 2253 3149 ergo
2282 3073 2540 3146 sapientia
2568 3074 2725 3141 venit,
2757 3082 2803 3129 et
2830 3075 2947 3144 quis
2978 3082 3053 3129 est
3085 3072 3229 3129 locus
3266 3066 3468 3131 intelli-

164 3172 486 3228 continetnr
515 3182 699 3228 autem
737 3173 917 3229 homo.
952 3172 1102 3229 lianc
1135 3187 1269 3243 ergo
1300 3168 1625 3243 sapientiam
1657 3188 1763 3227 non
1810 3241 1823 3243 _
1868 3166 2078 3239 gemitu.
2121 3164 2474 3237 interrogans
2505 3166 2760 3238 requirit,
2806 3172 2860 3221 et
2892 3163 3021 3221 dicit
3053 3182 3067 3220 :
3115 3165 3260 3237 quod
3291 3166 3473 3223 omnis

166 3265 332 3321 habet
363 3282 513 3322 mare
544 3266 727 3321 mundi
777 3268 955 3330 istius,
991 3241 1401 3337 praeter—solam
1437 3264 1763 3335 Ecclesium,
1791 3241 1836 3305 (ἶ
1870 3268 2118 3315 creatura
2144 3258 2231 3313 vt-l
2261 3258 2499 3313 maxime
2520 3254 2841 3328 sapientiam
2872 3257 3011 3312 hanc
3045 3256 3283 3327 ignoret.

164 3374 292 3431 qute
319 3368 546 3432 propter
572 3361 914 3417 saevientiUm
944 3360 1142 3417 ﬂuctus
1173 3356 1519 3415 inimicorum
1539 3402 1551 3423 ,
1586 3352 1762 3413 insula

163 3454 366 3510 dicitur
392 3455 446 3510 in
463 3455 781 3527 Scripturis,
815 3452 1278 3527 quemadmodum
1309 3464 1361 3510 et
1384 3454 1633 3509 navicula
1670 3468 1764 3523 per

166 3551 397 3621 figuram
430 3550 484 3604 in
515 3548 808 3620 Evangelia
833 3548 1167 3605 nominatur.

240 3639 362 3696 Non
387 3640 599 3696 dabitur
627 3658 813 3695 aurum
840 3640 1073 3696 obrizum
1102 3656 1198 3714 pro
1219 3657 1281 3697 ea
1314 3658 1332 3697 :
1362 3657 1454 3696 nec
1487 3640 1757 3714 appende-

162 3746 250 3790 tur
274 3745 545 3807 argentum
594 3720 659 3789 in.
700 3735 1101 3791 commutatione
1140 3736 1275 3806 ejus.
1326 3731 1439 3789 Hoc
1484 3734 1579 3797 ait,
1619 3728 1764 3801 quod

165 3828 314 3884 nulla
345 3842 431 3884 res
461 3828 717 3900 quamvis
750 3828 987 3897 pretiosn
1012 3824 1109 3894 sit,
1131 3824 1302 3897 pttSsit
1326 3823 1451 3882 huic
1478 3826 1765 3896 sapientiae

163 3920 492 3991 comparari.
526 3919 658 3975 Sive
688 3919 807 3990 quia
833 3928 1021 3973 aurum
1041 3917 1427 3990 inScripturis,
1452 3918 1540 3973 vel
1569 3933 1766 3989 argen-

165 4021 305 4079 tum,
335 4013 584 4084 tropicus
611 4027 829 4080 sensus,
859 4018 908 4067 et
942 4026 1132 4068 sermo
1174 4010 1516 4083 intelligitur,
1548 4010 1653 4068 hoc
1680 4012 1766 4068 di-

162 4105 260 4167 cit,
294 4104 614 4175 sapientiam
648 4104 808 4159 istam
838 4105 1016 4159 nullus
1045 4119 1143 4173 pro
1170 4105 1364 4159 merito
1395 4105 1599 4159 sentire
1629 4119 1760 4176 pos-

159 4204 270 4264 set,
300 4205 394 4253 aut
421 4197 628 4268 eloqui.

235 4287 359 4344 Non
386 4294 686 4361 conferetur
729 4289 900 4345 tinctis
932 4288 1107 4344 Indice
1136 4284 1417 4354 coloribus,
1461 4302 1554 4342 nec
1597 4288 1764 4362 lapidi

158 4383 891 4457 sardonishopretiosissimo,
916 4382 997 4439 vel
1019 4380 1289 4456 sapphiro.
1308 4382 1550 4438 Diversis
1576 4382 1760 4450 rebus,

159 4478 442 4549 pretiosis,
487 4478 605 4533 btec
633 4474 904 4549 sapientia
948 4472 1133 4532 divina
1174 4474 1484 4547 pra-fertur.
1534 4474 1650 4529 Hoc
1683 4481 1764 4529 la-

161 4584 287 4626 men
318 4569 623 4637 sciendum,
663 4570 809 4641 quod
838 4568 1074 4625 maxime
1102 4569 1155 4623 in
1204 4566 1514 4623 meridiano
1538 4564 1760 4623 climate

1943 3350 2254 3407 Abscondita
2283 3359 2358 3406 est
2390 3351 2455 3405 ab
2499 3350 2664 3405 oeulis
2704 3350 2935 3404 amnium
2966 3346 3287 3404 viventium:
3319 3347 3463 3404 vain.

1867 3463 1977 3501 cres
1999 3456 2201 3517 quoque
2224 3444 2343 3500 mli
2385 3444 2531 3499 latet.
2566 3442 2877 3499 Vlventium
2920 3441 3122 3498 mundo
3154 3436 3465 3513 intelligen-

1866 3540 1993 3595 dum
2022 3548 2126 3607 est,
2152 3539 2221 3594 de
2240 3538 2438 3609 quibus
2465 3537 2718 3609 superius
2748 3535 2847 3601 ait,
2873 3548 2995 3593 cum
3028 3530 3095 3591 de
3116 3532 3220 3590 hac
3247 3534 3467 3603 sapien-

1868 3633 1937 3688 tia
1972 3634 2310 3705 loqueretur,
2362 3640 2463 3687 nec
2511 3630 2788 3686 invenitur
2816 3630 2870 3685 lu
2923 3633 3071 3685 terra
3115 3629 3355 3685 suaviter
3387 3624 3468 3684 vi-

1870 3729 2132 3785 ventium.
2180 3727 2331 3796 Quod
2365 3734 2546 3781 autem
2591 3724 2747 3791 dixit,
2771 3723 2895 3796 quia
2927 3722 3043 3779 inec
3074 3721 3342 3794 sapientia
3374 3738 3469 3776 vo-

1866 3825 2049 3879 lucres
2077 3822 2200 3878 coeli
2231 3822 2449 3885 lateret,
2484 3818 2728 3892 superbi,
2760 3824 2815 3874 et
2845 3818 3014 3884 leves,
3039 3815 3155 3872 sive
3175 3817 3264 3886 qui
3294 3816 3465 3871 altum

1866 3914 2104 3988 sapiunt,
2138 3908 2287 3987 quod
2320 3913 2388 3968 ad
2415 3920 2684 3969 tumbretu
2714 3909 3044 3983 arrogantius
3070 3906 3333 3986 pertinet,
3380 3904 3466 3963 in-

1867 4008 2145 4081 telligendi
2173 4012 2320 4073 sunt,
2345 4007 2463 4063 sive
2492 4005 2720 4078 spiritus
2742 4004 2895 4074 mall,
2927 4000 3017 4075 qui
3045 4000 3347 4057 secundum
3373 4014 3468 4071 pa-

1864 4103 2111 4158 rabolam
2137 4099 2441 4173 EVangeiii,
2465 4094 2677 4169 iactum
2718 4106 2908 4152 semen
2943 4093 3283 4150 Domlnlcutt't
3311 4090 3467 4164 juxta

1768 4214 1771 4219 ’
1866 4198 2006 4252 viam
2034 4195 2352 4252 comedunt.
2387 4186 2496 4249 llos
2518 4193 2686 4264 igitur
2714 4192 2885 4248 latere
2911 4191 2987 4246 ait
3009 4189 3210 4245 bonum
3253 4187 3471 4245 timoris

1865 4290 2197 4451 Degerditio,
2228 4389 2278 4437 et
2300 4390 2443 4437 inore
2486 4378 2753 4449 dixerunt,
2796 4376 3010 4435 auribus
3037 4374 3231 4434 nostris
3259 4372 3465 4433 audivi-

1865 4492 1980 4530 mus
2009 4479 2201 4547 famam
2225 4479 2362 4549 ejus.
2396 4475 2582 4529 Potest
2629 4483 2862 4543 utroque
2892 4470 2996 4527 itoc
3030 4466 3250 4527 nomine
3280 4466 3469 4526 diabo-

1869 4571 1956 4625 lus
1980 4569 2114 4639 dici,
2148 4570 2263 4624 sive
2289 4570 2384 4625 ille
2410 4573 2565 4624 tum
2586 4567 2857 4638 appellari
2882 4576 3091 4637 pmest,
3117 4574 3174 4622 ut
3194 4565 3279 4621 sui
3310 4564 3469 4621 satel-

158 4662 280 4720 lttec
310 4662 532 4718 metalla
565 4630 799 4732 pretiosa
849 4670 1165 4718 nascantur.
1218 4658 1288 4716 Et
1334 4665 1464 4733 quia
1513 4656 1565 4716 in
1613 4658 1762 4718 India
1790 4630 1845 4697 Ῑ)
1870 4661 1996 4718 lites
2034 4630 2268 4732 perditio
2313 4668 2719 4733 nuncupentur.
2748 4658 2812 4713 ili
2844 4673 2976 4729 ergo
3003 4658 3277 4725 dixerunt,
3320 4657 3466 4729 quod

155 4770 350 4810 omnes
377 4754 647 4809 idolorum
693 4754 936 4810 cultores
967 4754 1347 4825 signiﬁcantur
1378 4770 1392 4809 :
1427 4752 1484 4809 in
1526 4769 1631 4825 qua
1665 4770 1758 4811 co-

154 4845 324 4914 lores,
356 4852 415 4901 ut
442 4845 577 4915 dixi,
618 4847 867 4917 pretiosi,
899 4845 986 4903 vel
1014 4854 1334 4913 nascuntur,
1369 4846 1455 4903 vel
1486 4845 1629 4902 llunt
1660 4861 1674 4901 :
1709 4847 1764 4904 id

156 4947 294 5009 puto
312 4950 479 5012 posse
500 4938 751 5012 intelligi,
777 4942 903 5012 quia
934 4938 993 4996 in
1019 4940 1279 5012 gentibus
1320 4938 1409 4996 ubi
1445 4942 1611 4997 timor
1645 4938 1763 4998 veri

156 5031 252 5087 Dei
274 5044 385 5087 non
413 5042 516 5098 est,
550 5033 727 5088 fucata
758 5042 813 5088 et
844 5033 1250 5105 quodammodo
1297 5042 1512 5090 terrena
1566 5034 1763 5107 religio

151 5125 222 5180 sit
257 5142 271 5181 :
306 5140 430 5196 qua:
456 5126 559 5181 sub
581 5128 1111 5197 prretcxtunominis
1139 5128 1230 5185 Dei
1252 5126 1303 5183 in
1340 5143 1587 5185 errorum
1608 5146 1760 5186 men-

154 5216 337 5284 dacio,
368 5218 593 5275 diverso
637 5235 700 5275 ac
728 5222 880 5275 vario
921 5236 1245 5278 sermonum
1280 5224 1465 5279 colore
1496 5224 1646 5279 velut
1676 5224 1759 5295 pi-

152 5321 311 5368 ctura
351 5313 727 5383 componitur,
760 5322 815 5371 et
857 5312 1014 5382 quasi
1056 5314 1197 5388 lapis
1237 5317 1511 5388 pretiosus
1541 5319 1760 5388 eloquio

149 5405 469 5475 splendeat,
492 5404 610 5462 sive
635 5406 862 5464 nomine
884 5405 1091 5479 fulgeat
1117 5408 1361 5475 deitatis,
1389 5418 1444 5465 et
1470 5409 1619 5465 ludia
1646 5413 1760 5468 sive

145 5496 317 5554 etiam
350 5496 659 5570 EthiOpia,
692 5500 1058 5570 nigredinem,
1109 5501 1192 5559 vel
1235 5502 1491 5559 tenebras
1521 5513 1763 5574 peccato-

149 5604 275 5642 rum
304 5589 619 5659 significant
651 5609 666 5647 :
709 5606 833 5663 quae
865 5590 1178 5664 specialiter
1207 5597 1258 5650 in
1290 5594 1556 5652 idolorum
1584 5596 1761 5651 cultu-

145 5685 230 5741 ris
261 5683 557 5741 habentur.

225 5775 359 5833 Non
382 5777 746 5846 adtequabitur
769 5780 818 5835 ei
838 5792 1046 5853 aurum,
1076 5783 1156 5837 vel
1173 5776 1381 5853 uitrum,
1407 5800 1498 5839 nec
1519 5796 1756 5839 commu-

138 5872 394 5938 tabuntur
407 5888 504 5945 pro
528 5888 586 5929 ea
608 5888 730 5930 vasa
753 5875 893 5931 auri.
921 5873 1127 5933 Aurum
1141 5875 1228 5934 vel
1252 5874 1479 5948 viuum,
1512 5886 1566 5936 et
1592 5874 1758 5936 etiam

1867 4759 2064 4813 famam
2096 4752 2303 4812 timoris
2325 4753 2419 4809 Dei
2452 4752 2725 4809 audierint
2754 4770 2768 4806 :
2803 4768 2909 4807 non
2938 4752 3082 4808 enim
3108 4767 3311 4821 negare
3337 4766 3464 4822 pos-

1867 4857 2017 4921 sunt,
2048 4847 2174 4921 quia
2202 4862 2312 4905 non
2351 4844 2625 4902 audierint
2657 4845 2833 4913 illam,
2856 4859 2979 4900 cum
3023 4845 3079 4899 in
3118 4853 3326 4899 natura:
3352 4857 3464 4900 sum

1865 4944 2010 4999 bono
2033 4941 2258 4999 inditam
2279 4939 2628 5015 perceperint
2662 4957 2677 4993 :
2702 4938 2798 4997 sed
2816 4953 2915 5010 per
2937 4937 3328 5019 inobcdientia:
3355 4952 3466 4995 ma-

1866 5039 1998 5106 lum,
2030 5052 2149 5093 eam
2171 5033 2375 5093 habere
2406 5035 2715 5092 noluerunt.

1940 5130 2078 5187 Deus
2108 5128 2348 5201 intelligit
2369 5129 2505 5184 aiam
2545 5134 2681 5199 ejus,
2719 5136 2767 5181 et
2788 5127 2901 5197 ipse
2932 5125 3070 5182 norit
3099 5123 3270 5179 locum
3296 5124 3466 5182 illius.

1870 5225 1972 5281 Pro
2003 5233 2156 5279 certo
2182 5224 2284 5277 scil
2313 5220 2479 5291 Dens,
2506 5219 2652 5293 quod
2677 5218 2793 5274 haec
2816 5216 3081 5288 sapientia
3116 5224 3376 5285 properet
3399 5214 3466 5273 ad

1866 5318 2043 5374 locum
2090 5316 2281 5387 utique
2327 5314 2554 5386 quietis,
2577 5325 2634 5371 et
2684 5323 2960 5384 perpetua:
2992 5313 3145 5383 pacis
3185 5329 3199 5365 ;
3250 5312 3339 5366 ubi
3371 5325 3469 5380 per

1869 5412 2200 5483 liancipsam
2234 5409 2559 5482 sapientiam
2611 5408 2825 5464 timoris
2854 5406 2961 5472 sui,
3008 5420 3175 5476 super
3217 5403 3464 5474 quietum

1868 5518 1923 5564 et
1976 5503 2234 5561 humilem
2257 5546 2273 5572 ,
2323 5511 2379 5558 et
2420 5508 2742 5557 trementem
2777 5512 3061 5555 sertnmtes
3090 5512 3217 5554 suos
3250 5496 3468 5569 requie-

1869 5612 2026 5654 scere
2050 5593 2380 5654 delectetur.
2435 5592 2563 5650 Sive
2616 5590 2760 5647 Deus
2821 5584 3079 5661 intelligit
3132 5589 3273 5644 viam
3323 5582 3464 5659 ejus,

1866 5707 1989 5765 qua:
2013 5686 2399 5763 praedicatione
2429 5684 2714 5758 Evangelii
2747 5699 2845 5755 per
2890 5697 3084 5741 omnes
3115 5692 3291 5737 terras
3320 5690 3465 5752 ‘pro-

1862 5784 1969 5840 lata
2000 5791 2103 5840 est.
2136 5774 2296 5841 Unde
2323 5789 2378 5836 et
2413 5776 2659 5855 sequitur
2689 5775 2758 5833 de
2789 5776 2899 5832 Deo
2928 5773 3119 5831 dicens
3154 5794 3165 5828 :

1937 5872 2061 5952 Ipse
2088 5875 2222 5930 enim
2258 5873 2387 5951 ﬁnes
2416 5866 2602 5928 mundi
2634 5871 2897 5947 intuetur,
2937 5877 2986 5925 et
3016 5869 3193 5927 omnia
3220 5884 3337 5941 qua:
3372 5864 3469 5923 sub
