  <div class='ocr_page' id='page_1' title='image "/cluster/home/n/w/nwhite01/storage/ocr_20150623/26/uva.x000826568/359.png"; bbox 0 0 4026 6326; ppageno 0'>
   <div class='ocr_carea' id='block_1_1' title="bbox 543 346 2133 413">
    <p class='ocr_par' dir='ltr' id='par_1_1' title="bbox 543 347 2119 409">
     <span class='ocr_line' id='line_1_1' title="bbox 543 347 2119 409; baseline -0.003 0"><span class='ocrx_word' id='word_1_1' title='bbox 543 349 656 409; x_wconf 78' lang='lat'><strong>703</strong></span> <span class='ocrx_word' id='word_1_2' title='bbox 1352 347 1702 406; x_wconf 69' lang='lat' dir='ltr'><strong>APPENDIX</strong></span> <span class='ocrx_word' id='word_1_3' title='bbox 1741 348 1834 406; x_wconf 83' lang='lat' dir='ltr'><strong>AD</strong></span> <span class='ocrx_word' id='word_1_4' title='bbox 1871 347 2119 405; x_wconf 64' lang='lat' dir='ltr'><strong>T03“!!!</strong></span> 
     </span>
    </p>
   </div>
   <div class='ocr_carea' id='block_1_2' title="bbox 2289 346 3879 413">
    <p class='ocr_par' dir='ltr' id='par_1_2' title="bbox 2289 346 3879 413">
     <span class='ocr_line' id='line_1_2' title="bbox 2289 346 3879 413; baseline -0.001 -8"><span class='ocrx_word' id='word_1_5' title='bbox 2289 347 2505 406; x_wconf 72' lang='lat' dir='ltr'><strong>TIMUM</strong></span> <span class='ocrx_word' id='word_1_6' title='bbox 2545 347 2605 403; x_wconf 87' lang='lat' dir='ltr'><strong>S.</strong></span> <span class='ocrx_word' id='word_1_7' title='bbox 2645 346 3049 405; x_wconf 68' lang='grc' dir='ltr'><strong>ΗΙΕΒΟΝῩΜΙ.</strong></span> <span class='ocrx_word' id='word_1_8' title='bbox 3771 352 3879 413; x_wconf 71' lang='lat'><strong>70]</strong></span> 
     </span>
    </p>
   </div>
   <div class='ocr_carea' id='block_1_3' title="bbox 548 462 3879 541">
    <p class='ocr_par' dir='ltr' id='par_1_3' title="bbox 548 462 3879 541">
     <span class='ocr_line' id='line_1_3' title="bbox 548 462 3879 541; baseline -0.002 -15"><span class='ocrx_word' id='word_1_9' title='bbox 548 473 677 527; x_wconf 66' lang='lat' dir='ltr'><strong>celo</strong></span> <span class='ocrx_word' id='word_1_10' title='bbox 704 479 826 527; x_wconf 80' lang='lat' dir='ltr'><strong>sunt</strong></span> <span class='ocrx_word' id='word_1_11' title='bbox 870 467 1096 541; x_wconf 85' lang='lat' dir='ltr'><strong>respicit.</strong></span> <span class='ocrx_word' id='word_1_12' title='bbox 1137 465 1271 533; x_wconf 85' lang='lat' dir='ltr'><strong>Quis</strong></span> <span class='ocrx_word' id='word_1_13' title='bbox 1298 465 1445 522; x_wconf 87' lang='lat' dir='ltr'><strong>enim</strong></span> <span class='ocrx_word' id='word_1_14' title='bbox 1481 465 1729 534; x_wconf 86' lang='lat' dir='ltr'><strong>ambigit,</strong></span> <span class='ocrx_word' id='word_1_15' title='bbox 1774 464 1943 518; x_wconf 86' lang='lat' dir='ltr'><strong>Deum</strong></span> <span class='ocrx_word' id='word_1_16' title='bbox 1974 478 2140 519; x_wconf 81' lang='lat' dir='ltr'><strong>nosse</strong></span> <span class='ocrx_word' id='word_1_17' title='bbox 2170 466 2220 524; x_wconf 78' lang='grc' dir='ltr'>Α</span> <span class='ocrx_word' id='word_1_18' title='bbox 2247 464 2381 518; x_wconf 88' lang='lat' dir='ltr'><strong>riam</strong></span> <span class='ocrx_word' id='word_1_19' title='bbox 2409 463 2658 532; x_wconf 60' lang='lat' dir='ltr'><strong>pristina</strong></span> <span class='ocrx_word' id='word_1_20' title='bbox 2688 462 2985 530; x_wconf 73' lang='lat' dir='ltr'><strong>felicitatis,</strong></span> <span class='ocrx_word' id='word_1_21' title='bbox 3020 463 3072 517; x_wconf 92' lang='lat' dir='ltr'><strong>in</strong></span> <span class='ocrx_word' id='word_1_22' title='bbox 3101 478 3206 534; x_wconf 89' lang='lat' dir='ltr'><strong>qua</strong></span> <span class='ocrx_word' id='word_1_23' title='bbox 3237 463 3547 535; x_wconf 82' lang='lat' dir='ltr'><strong>aliquando</strong></span> <span class='ocrx_word' id='word_1_24' title='bbox 3567 506 3584 531; x_wconf 85' lang='lat'><strong>,</strong></span> <span class='ocrx_word' id='word_1_25' title='bbox 3631 465 3879 522; x_wconf 85' lang='lat' dir='ltr'><strong>Domino</strong></span> 
     </span>
    </p>
   </div>
   <div class='ocr_carea' id='block_1_4' title="bbox 551 556 2909 632">
    <p class='ocr_par' dir='ltr' id='par_1_4' title="bbox 551 556 2909 632">
     <span class='ocr_line' id='line_1_4' title="bbox 551 556 2909 632; baseline -0.005 -10"><span class='ocrx_word' id='word_1_26' title='bbox 551 564 719 622; x_wconf 84' lang='lat' dir='ltr'><strong>etiam</strong></span> <span class='ocrx_word' id='word_1_27' title='bbox 744 578 808 618; x_wconf 88' lang='lat' dir='ltr'><strong>ea</strong></span> <span class='ocrx_word' id='word_1_28' title='bbox 836 577 958 632; x_wconf 65' lang='lat' dir='ltr'><strong>qua</strong></span> <span class='ocrx_word' id='word_1_29' title='bbox 997 559 1180 614; x_wconf 77' lang='lat' dir='ltr'><strong>futura</strong></span> <span class='ocrx_word' id='word_1_30' title='bbox 1217 558 1384 613; x_wconf 79' lang='lat' dir='ltr'><strong>sunt?</strong></span> <span class='ocrx_word' id='word_1_31' title='bbox 1408 558 1506 614; x_wconf 85' lang='lat' dir='ltr'><strong>sed</strong></span> <span class='ocrx_word' id='word_1_32' title='bbox 1539 556 1632 613; x_wconf 89' lang='lat' dir='ltr'><strong>hic</strong></span> <span class='ocrx_word' id='word_1_33' title='bbox 1658 558 1838 628; x_wconf 92' lang='lat' dir='ltr'><strong>potius</strong></span> <span class='ocrx_word' id='word_1_34' title='bbox 1879 558 2019 612; x_wconf 88' lang='lat' dir='ltr'><strong>Deus</strong></span> <span class='ocrx_word' id='word_1_35' title='bbox 2051 572 2146 613; x_wconf 87' lang='lat' dir='ltr'><strong>co-</strong></span> <span class='ocrx_word' id='word_1_36' title='bbox 2249 569 2632 627; x_wconf 87' lang='lat' dir='ltr'><strong>prosperante,</strong></span> <span class='ocrx_word' id='word_1_37' title='bbox 2659 557 2909 626; x_wconf 87' lang='lat' dir='ltr'><strong>degerat.</strong></span> 
     </span>
    </p>
   </div>
   <div class='ocr_carea' id='block_1_5' title="bbox 549 648 3873 729">
    <p class='ocr_par' dir='ltr' id='par_1_5' title="bbox 549 648 3873 729">
     <span class='ocr_line' id='line_1_5' title="bbox 549 648 3873 729; baseline -0.001 -17"><span class='ocrx_word' id='word_1_38' title='bbox 549 659 733 729; x_wconf 83' lang='lat' dir='ltr'><strong>gnitor</strong></span> <span class='ocrx_word' id='word_1_39' title='bbox 767 654 1074 709; x_wconf 79' lang='lat' dir='ltr'><strong>futurorum</strong></span> <span class='ocrx_word' id='word_1_40' title='bbox 1119 651 1254 707; x_wconf 90' lang='lat' dir='ltr'><strong>illud</strong></span> <span class='ocrx_word' id='word_1_41' title='bbox 1286 652 1551 720; x_wconf 79' lang='lat' dir='ltr'><strong>inspexit,</strong></span> <span class='ocrx_word' id='word_1_42' title='bbox 1594 651 1741 720; x_wconf 89' lang='lat' dir='ltr'><strong>quod</strong></span> <span class='ocrx_word' id='word_1_43' title='bbox 1782 659 1970 721; x_wconf 83' lang='lat' dir='ltr'><strong>postea</strong></span> <span class='ocrx_word' id='word_1_44' title='bbox 2007 651 2144 706; x_wconf 82' lang='lat' dir='ltr'><strong>dixit</strong></span> <span class='ocrx_word' id='word_1_45' title='bbox 2324 649 2547 717; x_wconf 81' lang='lat' dir='ltr'><strong><em>Quando</em></strong></span> <span class='ocrx_word' id='word_1_46' title='bbox 2567 649 2866 715; x_wconf 82' lang='lat' dir='ltr'><strong>splendebat</strong></span> <span class='ocrx_word' id='word_1_47' title='bbox 2892 648 3104 703; x_wconf 88' lang='lat' dir='ltr'><strong>lucerna</strong></span> <span class='ocrx_word' id='word_1_48' title='bbox 3133 656 3247 723; x_wconf 88' lang='lat' dir='ltr'><strong>ejus</strong></span> <span class='ocrx_word' id='word_1_49' title='bbox 3285 668 3446 720; x_wconf 88' lang='lat' dir='ltr'><strong>super</strong></span> <span class='ocrx_word' id='word_1_50' title='bbox 3466 661 3626 719; x_wconf 88' lang='lat' dir='ltr'><strong>caput</strong></span> <span class='ocrx_word' id='word_1_51' title='bbox 3668 669 3873 708; x_wconf 70' lang='lat' dir='ltr'><strong>meum.</strong></span> 
     </span>
    </p>
   </div>
   <div class='ocr_carea' id='block_1_6' title="bbox 549 741 3876 819">
    <p class='ocr_par' dir='ltr' id='par_1_6' title="bbox 549 741 3876 819">
     <span class='ocr_line' id='line_1_6' title="bbox 549 741 3876 819; baseline -0.002 -13"><span class='ocrx_word' id='word_1_52' title='bbox 549 748 669 818; x_wconf 80' lang='lat' dir='ltr'><strong>ejus</strong></span> <span class='ocrx_word' id='word_1_53' title='bbox 694 747 996 819; x_wconf 80' lang='lat' dir='ltr'><strong>Apostolus</strong></span> <span class='ocrx_word' id='word_1_54' title='bbox 1021 763 1036 799; x_wconf 90' lang='lat'><strong>:</strong></span> <span class='ocrx_word' id='word_1_55' title='bbox 1059 745 1190 800; x_wconf 80' lang='lat' dir='ltr'><strong>Cum</strong></span> <span class='ocrx_word' id='word_1_56' title='bbox 1215 756 1389 800; x_wconf 79' lang='lat' dir='ltr'><strong>autem</strong></span> <span class='ocrx_word' id='word_1_57' title='bbox 1414 746 1550 800; x_wconf 84' lang='lat' dir='ltr'><strong>venit</strong></span> <span class='ocrx_word' id='word_1_58' title='bbox 1577 745 1853 818; x_wconf 78' lang='lat' dir='ltr'><strong>plenitudo</strong></span> <span class='ocrx_word' id='word_1_59' title='bbox 1879 749 2143 818; x_wconf 62' lang='lat' dir='ltr'><strong>temmris,</strong></span> <span class='ocrx_word' id='word_1_60' title='bbox 2249 741 2434 796; x_wconf 79' lang='lat' dir='ltr'><strong>Ilultis</strong></span> <span class='ocrx_word' id='word_1_61' title='bbox 2461 742 2638 796; x_wconf 89' lang='lat' dir='ltr'><strong>modis</strong></span> <span class='ocrx_word' id='word_1_62' title='bbox 2672 742 2723 796; x_wconf 92' lang='lat' dir='ltr'><strong>in</strong></span> <span class='ocrx_word' id='word_1_63' title='bbox 2750 742 3055 812; x_wconf 85' lang='lat' dir='ltr'><strong>Scripturis</strong></span> <span class='ocrx_word' id='word_1_64' title='bbox 3083 743 3288 799; x_wconf 76' lang='lat' dir='ltr'><strong>divinis</strong></span> <span class='ocrx_word' id='word_1_65' title='bbox 3319 745 3635 816; x_wconf 76' lang='lat' dir='ltr'><strong>appellatur</strong></span> <span class='ocrx_word' id='word_1_66' title='bbox 3683 745 3876 802; x_wconf 82' lang='lat' dir='ltr'><strong>lucer-</strong></span> 
     </span>
    </p>
   </div>
   <div class='ocr_carea' id='block_1_7' title="bbox 549 836 3876 910">
    <p class='ocr_par' dir='ltr' id='par_1_7' title="bbox 549 836 3876 910">
     <span class='ocr_line' id='line_1_7' title="bbox 549 836 3876 910; baseline 0.001 -16"><span class='ocrx_word' id='word_1_67' title='bbox 549 841 691 898; x_wconf 76' lang='lat' dir='ltr'><strong>ntisit</strong></span> <span class='ocrx_word' id='word_1_68' title='bbox 719 839 855 894; x_wconf 85' lang='lat' dir='ltr'><strong>Deus</strong></span> <span class='ocrx_word' id='word_1_69' title='bbox 879 837 1077 893; x_wconf 79' lang='lat' dir='ltr'><strong>Filium</strong></span> <span class='ocrx_word' id='word_1_70' title='bbox 1112 855 1286 892; x_wconf 87' lang='lat' dir='ltr'><strong>suum.</strong></span> <span class='ocrx_word' id='word_1_71' title='bbox 1323 838 1440 894; x_wconf 88' lang='lat' dir='ltr'><strong>lloc</strong></span> <span class='ocrx_word' id='word_1_72' title='bbox 1490 840 1657 910; x_wconf 90' lang='lat' dir='ltr'><strong>igitur</strong></span> <span class='ocrx_word' id='word_1_73' title='bbox 1679 837 1864 906; x_wconf 87' lang='lat' dir='ltr'><strong>modo,</strong></span> <span class='ocrx_word' id='word_1_74' title='bbox 1912 840 2144 900; x_wconf 85' lang='lat' dir='ltr'><strong>adventu</strong></span> <span class='ocrx_word' id='word_1_75' title='bbox 2250 852 2338 890; x_wconf 91' lang='lat' dir='ltr'><strong>na.</strong></span> <span class='ocrx_word' id='word_1_76' title='bbox 2373 836 2471 891; x_wconf 86' lang='lat' dir='ltr'><strong>llic</strong></span> <span class='ocrx_word' id='word_1_77' title='bbox 2501 852 2632 891; x_wconf 76' lang='lat' dir='ltr'><strong>vero</strong></span> <span class='ocrx_word' id='word_1_78' title='bbox 2667 837 2841 904; x_wconf 85' lang='lat' dir='ltr'><strong>potuit</strong></span> <span class='ocrx_word' id='word_1_79' title='bbox 2864 852 2985 892; x_wconf 84' lang='lat' dir='ltr'><strong>eam</strong></span> <span class='ocrx_word' id='word_1_80' title='bbox 3029 837 3132 892; x_wconf 84' lang='lat' dir='ltr'><strong>Job</strong></span> <span class='ocrx_word' id='word_1_81' title='bbox 3176 854 3277 908; x_wconf 94' lang='lat' dir='ltr'><strong>pro</strong></span> <span class='ocrx_word' id='word_1_82' title='bbox 3327 840 3509 909; x_wconf 81' lang='lat' dir='ltr'><strong>gloria</strong></span> <span class='ocrx_word' id='word_1_83' title='bbox 3561 843 3876 909; x_wconf 81' lang='lat' dir='ltr'><strong>temporali</strong></span> 
     </span>
    </p>
   </div>
   <div class='ocr_carea' id='block_1_8' title="bbox 549 929 3878 1005">
    <p class='ocr_par' dir='ltr' id='par_1_8' title="bbox 549 929 3878 1005">
     <span class='ocr_line' id='line_1_8' title="bbox 549 929 3878 1005; baseline 0.002 -18"><span class='ocrx_word' id='word_1_84' title='bbox 549 944 651 987; x_wconf 85' lang='lat' dir='ltr'><strong>suo</strong></span> <span class='ocrx_word' id='word_1_85' title='bbox 681 945 782 986; x_wconf 86' lang='lat' dir='ltr'><strong>nos</strong></span> <span class='ocrx_word' id='word_1_86' title='bbox 806 930 1102 995; x_wconf 84' lang='lat' dir='ltr'><strong>visitando,</strong></span> <span class='ocrx_word' id='word_1_87' title='bbox 1135 932 1272 986; x_wconf 69' lang='lat' dir='ltr'><strong>lines</strong></span> <span class='ocrx_word' id='word_1_88' title='bbox 1310 930 1500 986; x_wconf 89' lang='lat' dir='ltr'><strong>mundi</strong></span> <span class='ocrx_word' id='word_1_89' title='bbox 1547 930 1778 986; x_wconf 81' lang='lat' dir='ltr'><strong>intuitus</strong></span> <span class='ocrx_word' id='word_1_90' title='bbox 1806 943 1912 985; x_wconf 88' lang='lat' dir='ltr'><strong>est.</strong></span> <span class='ocrx_word' id='word_1_91' title='bbox 1939 931 1994 985; x_wconf 90' lang='lat' dir='ltr'><strong>ln</strong></span> <span class='ocrx_word' id='word_1_92' title='bbox 2026 933 2145 998; x_wconf 86' lang='lat' dir='ltr'><strong>his,</strong></span> <span class='ocrx_word' id='word_1_93' title='bbox 2249 929 2474 996; x_wconf 80' lang='lat' dir='ltr'><strong>dixisse,</strong></span> <span class='ocrx_word' id='word_1_94' title='bbox 2503 947 2662 1001; x_wconf 88' lang='lat' dir='ltr'><strong>quam</strong></span> <span class='ocrx_word' id='word_1_95' title='bbox 2691 947 2720 983; x_wconf 91' lang='lat' dir='ltr'><strong>a</strong></span> <span class='ocrx_word' id='word_1_96' title='bbox 2746 931 2858 985; x_wconf 89' lang='lat' dir='ltr'><strong>Deo</strong></span> <span class='ocrx_word' id='word_1_97' title='bbox 2889 943 3199 1001; x_wconf 89' lang='lat' dir='ltr'><strong>acceperat,</strong></span> <span class='ocrx_word' id='word_1_98' title='bbox 3232 945 3287 989; x_wconf 89' lang='lat' dir='ltr'><strong>et</strong></span> <span class='ocrx_word' id='word_1_99' title='bbox 3324 949 3490 1005; x_wconf 88' lang='lat' dir='ltr'><strong>quam</strong></span> <span class='ocrx_word' id='word_1_100' title='bbox 3539 933 3594 989; x_wconf 93' lang='lat' dir='ltr'><strong>in</strong></span> <span class='ocrx_word' id='word_1_101' title='bbox 3641 936 3878 992; x_wconf 79' lang='lat' dir='ltr'><strong>honoris</strong></span> 
     </span>
    </p>
   </div>
   <div class='ocr_carea' id='block_1_9' title="bbox 549 1020 3194 1094">
    <p class='ocr_par' dir='ltr' id='par_1_9' title="bbox 549 1020 3194 1094">
     <span class='ocr_line' id='line_1_9' title="bbox 549 1020 3194 1094; baseline 0.001 -17"><span class='ocrx_word' id='word_1_102' title='bbox 549 1020 793 1094; x_wconf 85' lang='lat' dir='ltr'><strong>inquam,</strong></span> <span class='ocrx_word' id='word_1_103' title='bbox 833 1024 1170 1094; x_wconf 82' lang='lat' dir='ltr'><strong>temporibus</strong></span> <span class='ocrx_word' id='word_1_104' title='bbox 1202 1023 1429 1090; x_wconf 79' lang='lat' dir='ltr'><strong>nostris,</strong></span> <span class='ocrx_word' id='word_1_105' title='bbox 1459 1023 1514 1078; x_wconf 93' lang='lat' dir='ltr'><strong>in</strong></span> <span class='ocrx_word' id='word_1_106' title='bbox 1540 1038 1680 1094; x_wconf 89' lang='lat' dir='ltr'><strong>quos</strong></span> <span class='ocrx_word' id='word_1_107' title='bbox 1726 1023 2054 1078; x_wconf 70' lang='lat' dir='ltr'><strong>saeculorum</strong></span> <span class='ocrx_word' id='word_1_108' title='bbox 2084 1024 2148 1078; x_wconf 88' lang='lat' dir='ltr'><strong>li-</strong></span> <span class='ocrx_word' id='word_1_109' title='bbox 2252 1024 2520 1092; x_wconf 82' lang='lat' dir='ltr'><strong>p0tentia,</strong></span> <span class='ocrx_word' id='word_1_110' title='bbox 2545 1034 2602 1078; x_wconf 92' lang='lat' dir='ltr'><strong>et</strong></span> <span class='ocrx_word' id='word_1_111' title='bbox 2629 1023 2839 1078; x_wconf 78' lang='lat' dir='ltr'><strong>divitiis</strong></span> <span class='ocrx_word' id='word_1_112' title='bbox 2863 1025 3194 1093; x_wconf 71' lang='lat' dir='ltr'><strong>possidebat.</strong></span> 
     </span>
    </p>
   </div>
   <div class='ocr_carea' id='block_1_10' title="bbox 554 1114 3884 1194">
    <p class='ocr_par' dir='ltr' id='par_1_10' title="bbox 554 1114 3884 1194">
     <span class='ocr_line' id='line_1_10' title="bbox 554 1114 3884 1194; baseline 0.002 -21"><span class='ocrx_word' id='word_1_113' title='bbox 554 1131 655 1174; x_wconf 77' lang='lat' dir='ltr'><strong>nes</strong></span> <span class='ocrx_word' id='word_1_114' title='bbox 680 1117 1046 1173; x_wconf 79' lang='lat' dir='ltr'><strong>devenerunt.</strong></span> <span class='ocrx_word' id='word_1_115' title='bbox 2323 1114 2394 1170; x_wconf 85' lang='lat' dir='ltr'><strong>Et</strong></span> <span class='ocrx_word' id='word_1_116' title='bbox 2415 1118 2483 1169; x_wconf 90' lang='lat' dir='ltr'><strong>ad</strong></span> <span class='ocrx_word' id='word_1_117' title='bbox 2508 1119 2681 1171; x_wconf 80' lang='lat' dir='ltr'><strong>lumen</strong></span> <span class='ocrx_word' id='word_1_118' title='bbox 2705 1120 2814 1190; x_wconf 80' lang='lat' dir='ltr'><strong>ejus</strong></span> <span class='ocrx_word' id='word_1_119' title='bbox 2845 1119 3175 1172; x_wconf 78' lang='lat' dir='ltr'><strong>ambulabant</strong></span> <span class='ocrx_word' id='word_1_120' title='bbox 3195 1120 3248 1173; x_wconf 87' lang='lat' dir='ltr'><strong>in</strong></span> <span class='ocrx_word' id='word_1_121' title='bbox 3277 1121 3526 1176; x_wconf 89' lang='lat' dir='ltr'><strong>tenebris.</strong></span> <span class='ocrx_word' id='word_1_122' title='bbox 3557 1121 3718 1178; x_wconf 89' lang='lat' dir='ltr'><strong>Inter</strong></span> <span class='ocrx_word' id='word_1_123' title='bbox 3751 1139 3884 1194; x_wconf 80' lang='lat' dir='ltr'><strong>pec-</strong></span> 
     </span>
    </p>
   </div>
   <div class='ocr_carea' id='block_1_11' title="bbox 631 1209 3881 1286">
    <p class='ocr_par' dir='ltr' id='par_1_11' title="bbox 631 1209 3881 1286">
     <span class='ocr_line' id='line_1_11' title="bbox 631 1209 3881 1286; baseline 0.002 -21"><span class='ocrx_word' id='word_1_124' title='bbox 631 1211 735 1278; x_wconf 86' lang='lat' dir='ltr'><strong>Qui</strong></span> <span class='ocrx_word' id='word_1_125' title='bbox 764 1212 887 1283; x_wconf 79' lang='lat' dir='ltr'><strong>fecit</strong></span> <span class='ocrx_word' id='word_1_126' title='bbox 916 1213 1079 1266; x_wconf 86' lang='lat' dir='ltr'><strong>ventis</strong></span> <span class='ocrx_word' id='word_1_127' title='bbox 1111 1211 1336 1285; x_wconf 87' lang='lat' dir='ltr'><strong>pondus,</strong></span> <span class='ocrx_word' id='word_1_128' title='bbox 1368 1222 1417 1266; x_wconf 90' lang='lat' dir='ltr'><strong>et</strong></span> <span class='ocrx_word' id='word_1_129' title='bbox 1462 1230 1624 1283; x_wconf 82' lang='lat' dir='ltr'><strong>aquas</strong></span> <span class='ocrx_word' id='word_1_130' title='bbox 1649 1215 1896 1286; x_wconf 78' lang='lat' dir='ltr'><strong>appendit</strong></span> <span class='ocrx_word' id='word_1_131' title='bbox 1924 1215 1979 1268; x_wconf 77' lang='lat' dir='ltr'><strong>in</strong></span> <span class='ocrx_word' id='word_1_132' title='bbox 2009 1231 2153 1268; x_wconf 78' lang='grc' dir='ltr'><strong>ηιεη-</strong></span> <span class='ocrx_word' id='word_1_133' title='bbox 2252 1216 2370 1262; x_wconf 87' lang='lat' dir='ltr'><strong>cata</strong></span> <span class='ocrx_word' id='word_1_134' title='bbox 2429 1209 2640 1278; x_wconf 88' lang='lat' dir='ltr'><strong>utique,</strong></span> <span class='ocrx_word' id='word_1_135' title='bbox 2697 1219 2752 1262; x_wconf 90' lang='lat' dir='ltr'><strong>et</strong></span> <span class='ocrx_word' id='word_1_136' title='bbox 2798 1224 2861 1263; x_wconf 90' lang='lat' dir='ltr'><strong>ea</strong></span> <span class='ocrx_word' id='word_1_137' title='bbox 2908 1225 3031 1280; x_wconf 73' lang='lat' dir='ltr'><strong>qua:</strong></span> <span class='ocrx_word' id='word_1_138' title='bbox 3089 1211 3411 1279; x_wconf 76' lang='lat' dir='ltr'><strong>ignorabam</strong></span> <span class='ocrx_word' id='word_1_139' title='bbox 3437 1254 3455 1276; x_wconf 92' lang='lat'><strong>,</strong></span> <span class='ocrx_word' id='word_1_140' title='bbox 3506 1216 3669 1283; x_wconf 87' lang='lat' dir='ltr'><strong>quasi</strong></span> <span class='ocrx_word' id='word_1_141' title='bbox 3732 1215 3881 1270; x_wconf 86' lang='lat' dir='ltr'><strong>inter</strong></span> 
     </span>
    </p>
   </div>
   <div class='ocr_carea' id='block_1_12' title="bbox 555 1300 3890 1377">
    <p class='ocr_par' dir='ltr' id='par_1_12' title="bbox 555 1300 3890 1377">
     <span class='ocr_line' id='line_1_12' title="bbox 555 1300 3890 1377; baseline 0.005 -21"><span class='ocrx_word' id='word_1_142' title='bbox 555 1318 700 1356; x_wconf 72' lang='lat' dir='ltr'><strong>sura.</strong></span> <span class='ocrx_word' id='word_1_143' title='bbox 738 1301 962 1370; x_wconf 77' lang='lat' dir='ltr'><strong>Quando</strong></span> <span class='ocrx_word' id='word_1_144' title='bbox 986 1303 1210 1373; x_wconf 86' lang='lat' dir='ltr'><strong>ponebat</strong></span> <span class='ocrx_word' id='word_1_145' title='bbox 1234 1305 1428 1375; x_wconf 86' lang='lat' dir='ltr'><strong>pluviis</strong></span> <span class='ocrx_word' id='word_1_146' title='bbox 1450 1305 1635 1377; x_wconf 86' lang='lat' dir='ltr'><strong>legem,</strong></span> <span class='ocrx_word' id='word_1_147' title='bbox 1665 1314 1713 1359; x_wconf 84' lang='lat' dir='ltr'><strong>et</strong></span> <span class='ocrx_word' id='word_1_148' title='bbox 1741 1307 1874 1360; x_wconf 87' lang='lat' dir='ltr'><strong>viam</strong></span> <span class='ocrx_word' id='word_1_149' title='bbox 1910 1306 2152 1375; x_wconf 73' lang='lat' dir='ltr'><strong>procellis</strong></span> <span class='ocrx_word' id='word_1_150' title='bbox 2254 1315 2443 1369; x_wconf 68' lang='lat' dir='ltr'><strong>aspera</strong></span> <span class='ocrx_word' id='word_1_151' title='bbox 2469 1343 2484 1366; x_wconf 86' lang='grc'><em>,</em></span> <span class='ocrx_word' id='word_1_152' title='bbox 2540 1311 2594 1354; x_wconf 74' lang='grc' dir='ltr'><strong>ει</strong></span> <span class='ocrx_word' id='word_1_153' title='bbox 2647 1300 2877 1355; x_wconf 67' lang='lat' dir='ltr'><strong>01330&quot;?a</strong></span> <span class='ocrx_word' id='word_1_154' title='bbox 2929 1303 3055 1356; x_wconf 70' lang='grc' dir='ltr'><strong>νίιειε</strong></span> <span class='ocrx_word' id='word_1_155' title='bbox 3107 1302 3289 1372; x_wconf 53' lang='lat' dir='ltr'><strong>illiilli.</strong></span> <span class='ocrx_word' id='word_1_156' title='bbox 3327 1304 3400 1358; x_wconf 65' lang='lat' dir='ltr'><strong>ad</strong></span> <span class='ocrx_word' id='word_1_157' title='bbox 3453 1306 3640 1361; x_wconf 74' lang='grc' dir='ltr'>ιυωθη</span> <span class='ocrx_word' id='word_1_158' title='bbox 3699 1309 3890 1363; x_wconf 66' lang='lat' dir='ltr'><strong>Virm-</strong></span> 
     </span>
    </p>
   </div>
   <div class='ocr_carea' id='block_1_13' title="bbox 555 1392 3473 1467">
    <p class='ocr_par' dir='ltr' id='par_1_13' title="bbox 555 1392 3473 1467">
     <span class='ocr_line' id='line_1_13' title="bbox 555 1392 3473 1467; baseline 0.005 -19"><span class='ocrx_word' id='word_1_159' title='bbox 555 1395 881 1450; x_wconf 85' lang='lat' dir='ltr'><strong>sonantibus.</strong></span> <span class='ocrx_word' id='word_1_160' title='bbox 933 1393 1279 1449; x_wconf 76' lang='lat' dir='ltr'><strong>Manifestum</strong></span> <span class='ocrx_word' id='word_1_161' title='bbox 1324 1405 1429 1459; x_wconf 88' lang='lat' dir='ltr'><strong>est,</strong></span> <span class='ocrx_word' id='word_1_162' title='bbox 1459 1396 1584 1467; x_wconf 90' lang='lat' dir='ltr'><strong>quia</strong></span> <span class='ocrx_word' id='word_1_163' title='bbox 1614 1398 1790 1451; x_wconf 90' lang='lat' dir='ltr'><strong>omnis</strong></span> <span class='ocrx_word' id='word_1_164' title='bbox 1819 1408 2070 1453; x_wconf 83' lang='lat' dir='ltr'><strong>creatura</strong></span> <span class='ocrx_word' id='word_1_165' title='bbox 2101 1400 2152 1452; x_wconf 92' lang='lat' dir='ltr'><strong>in</strong></span> <span class='ocrx_word' id='word_1_166' title='bbox 2256 1400 2391 1457; x_wconf 78' lang='grc' dir='ltr'><strong>ῑιιηι,</strong></span> <span class='ocrx_word' id='word_1_167' title='bbox 2422 1392 2508 1446; x_wconf 57' lang='grc' dir='ltr'><strong>γει</strong></span> <span class='ocrx_word' id='word_1_168' title='bbox 2529 1394 2926 1447; x_wconf 65' lang='grc' dir='ltr'><strong>οοηεοιθιὶυηῖε</strong></span> <span class='ocrx_word' id='word_1_169' title='bbox 2955 1393 3105 1448; x_wconf 71' lang='lat' dir='ltr'><strong>illius</strong></span> <span class='ocrx_word' id='word_1_170' title='bbox 3127 1395 3473 1451; x_wconf 66' lang='lat' dir='ltr'><strong>incedebat“-</strong></span> 
     </span>
    </p>
   </div>
   <div class='ocr_carea' id='block_1_14' title="bbox 560 1482 3884 1562">
    <p class='ocr_par' dir='ltr' id='par_1_14' title="bbox 560 1482 3884 1562">
     <span class='ocr_line' id='line_1_14' title="bbox 560 1482 3884 1562; baseline 0.003 -25"><span class='ocrx_word' id='word_1_171' title='bbox 560 1500 724 1541; x_wconf 89' lang='lat' dir='ltr'><strong>manu</strong></span> <span class='ocrx_word' id='word_1_172' title='bbox 765 1496 822 1540; x_wconf 89' lang='lat' dir='ltr'><strong>et</strong></span> <span class='ocrx_word' id='word_1_173' title='bbox 863 1485 1064 1542; x_wconf 83' lang='lat' dir='ltr'><strong>virtute</strong></span> <span class='ocrx_word' id='word_1_174' title='bbox 1105 1489 1363 1557; x_wconf 80' lang='lat' dir='ltr'><strong>potentia:</strong></span> <span class='ocrx_word' id='word_1_175' title='bbox 1423 1487 1567 1542; x_wconf 88' lang='lat' dir='ltr'><strong>illius</strong></span> <span class='ocrx_word' id='word_1_176' title='bbox 1615 1497 1883 1544; x_wconf 85' lang='lat' dir='ltr'><strong>teneatur.</strong></span> <span class='ocrx_word' id='word_1_177' title='bbox 1926 1490 2100 1546; x_wconf 83' lang='lat' dir='ltr'><strong>Aliter</strong></span> <span class='ocrx_word' id='word_1_178' title='bbox 2138 1512 2149 1544; x_wconf 92' lang='lat'>:</span> <span class='ocrx_word' id='word_1_179' title='bbox 2331 1482 2479 1537; x_wconf 85' lang='lat' dir='ltr'><strong>Sicut</strong></span> <span class='ocrx_word' id='word_1_180' title='bbox 2509 1483 2588 1551; x_wconf 77' lang='lat' dir='ltr'><strong>fui</strong></span> <span class='ocrx_word' id='word_1_181' title='bbox 2620 1485 2672 1538; x_wconf 90' lang='lat' dir='ltr'><strong>in</strong></span> <span class='ocrx_word' id='word_1_182' title='bbox 2694 1485 2874 1540; x_wconf 81' lang='lat' dir='ltr'><strong>diebus</strong></span> <span class='ocrx_word' id='word_1_183' title='bbox 2901 1485 3266 1541; x_wconf 79' lang='lat' dir='ltr'><strong>adolescentitc</strong></span> <span class='ocrx_word' id='word_1_184' title='bbox 3304 1504 3450 1554; x_wconf 75' lang='lat' dir='ltr'><strong>mete,</strong></span> <span class='ocrx_word' id='word_1_185' title='bbox 3481 1499 3530 1544; x_wconf 90' lang='lat' dir='ltr'><strong>et</strong></span> <span class='ocrx_word' id='word_1_186' title='bbox 3551 1493 3779 1562; x_wconf 86' lang='lat' dir='ltr'><strong>quando</strong></span> <span class='ocrx_word' id='word_1_187' title='bbox 3805 1509 3884 1548; x_wconf 80' lang='lat' dir='ltr'><strong>ae-</strong></span> 
     </span>
    </p>
   </div>
   <div class='ocr_carea' id='block_1_15' title="bbox 560 1573 2150 1656">
    <p class='ocr_par' dir='ltr' id='par_1_15' title="bbox 560 1578 2150 1656">
     <span class='ocr_line' id='line_1_15' title="bbox 560 1578 2150 1656; baseline 0.005 -22"><span class='ocrx_word' id='word_1_188' title='bbox 560 1578 711 1649; x_wconf 86' lang='lat' dir='ltr'><strong>Ipsas</strong></span> <span class='ocrx_word' id='word_1_189' title='bbox 731 1579 936 1649; x_wconf 88' lang='lat' dir='ltr'><strong>gratias</strong></span> <span class='ocrx_word' id='word_1_190' title='bbox 970 1580 1206 1650; x_wconf 88' lang='lat' dir='ltr'><strong>Spiritus</strong></span> <span class='ocrx_word' id='word_1_191' title='bbox 1234 1581 1431 1649; x_wconf 70' lang='lat' dir='ltr'><strong>Sancti,</strong></span> <span class='ocrx_word' id='word_1_192' title='bbox 1459 1584 1615 1652; x_wconf 89' lang='lat' dir='ltr'><strong>quasi</strong></span> <span class='ocrx_word' id='word_1_193' title='bbox 1641 1582 1695 1638; x_wconf 94' lang='lat' dir='ltr'><strong>in</strong></span> <span class='ocrx_word' id='word_1_194' title='bbox 1721 1585 1840 1654; x_wconf 88' lang='lat' dir='ltr'><strong>ipso</strong></span> <span class='ocrx_word' id='word_1_195' title='bbox 1870 1586 2026 1640; x_wconf 91' lang='lat' dir='ltr'><strong>initio</strong></span> <span class='ocrx_word' id='word_1_196' title='bbox 2060 1604 2150 1656; x_wconf 84' lang='lat' dir='ltr'><strong>per</strong></span> 
     </span>
    </p>
   </div>
   <div class='ocr_carea' id='block_1_16' title="bbox 2290 1573 3880 1656">
    <p class='ocr_par' dir='ltr' id='par_1_16' title="bbox 2290 1573 3880 1652">
     <span class='ocr_line' id='line_1_16' title="bbox 2290 1573 3880 1652; baseline 0.009 -27"><span class='ocrx_word' id='word_1_197' title='bbox 2290 1584 2392 1628; x_wconf 91' lang='lat' dir='ltr'><strong>reto</strong></span> <span class='ocrx_word' id='word_1_198' title='bbox 2413 1573 2556 1628; x_wconf 88' lang='lat' dir='ltr'><strong>Deus</strong></span> <span class='ocrx_word' id='word_1_199' title='bbox 2578 1586 2690 1629; x_wconf 88' lang='lat' dir='ltr'><strong>erat</strong></span> <span class='ocrx_word' id='word_1_200' title='bbox 2731 1578 2783 1630; x_wconf 87' lang='lat' dir='ltr'><strong>in</strong></span> <span class='ocrx_word' id='word_1_201' title='bbox 2821 1578 3156 1633; x_wconf 83' lang='lat' dir='ltr'><strong>tabernaculo</strong></span> <span class='ocrx_word' id='word_1_202' title='bbox 3204 1597 3336 1635; x_wconf 79' lang='lat' dir='ltr'><strong>meo.</strong></span> <span class='ocrx_word' id='word_1_203' title='bbox 3363 1581 3657 1638; x_wconf 87' lang='lat' dir='ltr'><strong>Secretum</strong></span> <span class='ocrx_word' id='word_1_204' title='bbox 3688 1600 3880 1652; x_wconf 87' lang='lat' dir='ltr'><strong>suum,</strong></span> 
     </span>
    </p>
   </div>
   <div class='ocr_carea' id='block_1_17' title="bbox 565 1668 3886 1748">
    <p class='ocr_par' dir='ltr' id='par_1_17' title="bbox 565 1668 3886 1748">
     <span class='ocr_line' id='line_1_17' title="bbox 565 1668 3886 1748; baseline 0.007 -41"><span class='ocrx_word' id='word_1_205' title='bbox 565 1674 849 1742; x_wconf 56' lang='grc' dir='ltr'><strong>,βοειοιοε</strong></span> <span class='ocrx_word' id='word_1_206' title='bbox 888 1676 1099 1745; x_wconf 51' lang='grc' dir='ltr'><strong>θεωρία</strong></span> <span class='ocrx_word' id='word_1_207' title='bbox 1149 1675 1394 1732; x_wconf 66' lang='lat' dir='ltr'><strong>Ecclesia</strong></span> <span class='ocrx_word' id='word_1_208' title='bbox 1441 1679 1701 1748; x_wconf 64' lang='lat' dir='ltr'><strong>:quando</strong></span> <span class='ocrx_word' id='word_1_209' title='bbox 1751 1678 1926 1735; x_wconf 59' lang='lat' dir='ltr'><strong>{auus</strong></span> <span class='ocrx_word' id='word_1_210' title='bbox 1968 1692 2051 1736; x_wconf 47' lang='lat' dir='ltr'><strong>est</strong></span> <span class='ocrx_word' id='word_1_211' title='bbox 2087 1684 2156 1738; x_wconf 71' lang='lat' dir='ltr'><strong>de</strong></span> <span class='ocrx_word' id='word_1_212' title='bbox 2259 1677 2499 1720; x_wconf 88' lang='lat' dir='ltr'><strong>mentem</strong></span> <span class='ocrx_word' id='word_1_213' title='bbox 2527 1680 2681 1720; x_wconf 89' lang='lat' dir='ltr'><strong>suam</strong></span> <span class='ocrx_word' id='word_1_214' title='bbox 2730 1668 2855 1723; x_wconf 90' lang='lat' dir='ltr'><strong>ideo</strong></span> <span class='ocrx_word' id='word_1_215' title='bbox 2891 1668 3080 1725; x_wconf 89' lang='lat' dir='ltr'><strong>dicere</strong></span> <span class='ocrx_word' id='word_1_216' title='bbox 3123 1671 3323 1738; x_wconf 90' lang='lat' dir='ltr'><strong>voluit,</strong></span> <span class='ocrx_word' id='word_1_217' title='bbox 3355 1673 3481 1743; x_wconf 85' lang='lat' dir='ltr'><strong>quia</strong></span> <span class='ocrx_word' id='word_1_218' title='bbox 3515 1673 3639 1730; x_wconf 90' lang='lat' dir='ltr'><strong>illic</strong></span> <span class='ocrx_word' id='word_1_219' title='bbox 3679 1676 3886 1731; x_wconf 86' lang='lat' dir='ltr'><strong>tumul-</strong></span> 
     </span>
    </p>
   </div>
   <div class='ocr_carea' id='block_1_18' title="bbox 561 1759 2151 1842">
    <p class='ocr_par' dir='ltr' id='par_1_18' title="bbox 561 1765 2151 1842">
     <span class='ocr_line' id='line_1_18' title="bbox 561 1765 2151 1842; baseline 0.004 -20"><span class='ocrx_word' id='word_1_220' title='bbox 561 1768 706 1822; x_wconf 73' lang='lat' dir='ltr'><strong>ctelo</strong></span> <span class='ocrx_word' id='word_1_221' title='bbox 754 1765 968 1820; x_wconf 85' lang='lat' dir='ltr'><strong>sonitus</strong></span> <span class='ocrx_word' id='word_1_222' title='bbox 1015 1774 1269 1837; x_wconf 77' lang='lat' dir='ltr'><strong>tanquam</strong></span> <span class='ocrx_word' id='word_1_223' title='bbox 1315 1768 1664 1825; x_wconf 87' lang='lat' dir='ltr'><strong>advenientis</strong></span> <span class='ocrx_word' id='word_1_224' title='bbox 1717 1772 1947 1842; x_wconf 84' lang='lat' dir='ltr'><strong>spiritus</strong></span> <span class='ocrx_word' id='word_1_225' title='bbox 1994 1774 2151 1828; x_wconf 83' lang='lat' dir='ltr'><strong>vehe-</strong></span> 
     </span>
    </p>
   </div>
   <div class='ocr_carea' id='block_1_19' title="bbox 2068 1759 3658 1842">
    <p class='ocr_par' dir='ltr' id='par_1_19' title="bbox 2068 1759 3658 1836">
     <span class='ocr_line' id='line_1_19' title="bbox 2068 1759 3658 1836; baseline 0.009 -28"><span class='ocrx_word' id='word_1_226' title='bbox 2068 1774 2157 1828; x_wconf 60' lang='grc' dir='ltr'><strong>ιη,</strong></span> <span class='ocrx_word' id='word_1_227' title='bbox 2260 1766 2431 1812; x_wconf 81' lang='lat' dir='ltr'><strong>tuosze</strong></span> <span class='ocrx_word' id='word_1_228' title='bbox 2460 1759 2717 1814; x_wconf 83' lang='lat' dir='ltr'><strong>vitiorum</strong></span> <span class='ocrx_word' id='word_1_229' title='bbox 2752 1761 2922 1816; x_wconf 78' lang='lat' dir='ltr'><strong>turba:</strong></span> <span class='ocrx_word' id='word_1_230' title='bbox 2952 1763 3175 1816; x_wconf 89' lang='lat' dir='ltr'><strong>minime</strong></span> <span class='ocrx_word' id='word_1_231' title='bbox 3206 1768 3658 1836; x_wconf 85' lang='lat' dir='ltr'><strong>perstrepebant.</strong></span> 
     </span>
    </p>
   </div>
   <div class='ocr_carea' id='block_1_20' title="bbox 564 1851 2154 1936">
    <p class='ocr_par' dir='ltr' id='par_1_20' title="bbox 564 1856 2154 1936">
     <span class='ocr_line' id='line_1_20' title="bbox 564 1856 2154 1936; baseline 0.006 -23"><span class='ocrx_word' id='word_1_232' title='bbox 564 1856 1016 1922; x_wconf 84' lang='lat' dir='ltr'><strong>mentis.Ventos,</strong></span> <span class='ocrx_word' id='word_1_233' title='bbox 1043 1858 1160 1915; x_wconf 87' lang='lat' dir='ltr'><strong>sive</strong></span> <span class='ocrx_word' id='word_1_234' title='bbox 1183 1859 1409 1928; x_wconf 86' lang='lat' dir='ltr'><strong>spiritus</strong></span> <span class='ocrx_word' id='word_1_235' title='bbox 1431 1861 1712 1933; x_wconf 83' lang='lat' dir='ltr'><strong>Scriptura</strong></span> <span class='ocrx_word' id='word_1_236' title='bbox 1743 1879 2154 1936; x_wconf 82' lang='lat' dir='ltr'><strong>cotnmemorat,</strong></span> 
     </span>
    </p>
   </div>
   <div class='ocr_carea' id='block_1_21' title="bbox 2293 1851 3883 1936">
    <p class='ocr_par' dir='ltr' id='par_1_21' title="bbox 2338 1851 3883 1927">
     <span class='ocr_line' id='line_1_21' title="bbox 2338 1851 3883 1927; baseline 0.01 -26"><span class='ocrx_word' id='word_1_237' title='bbox 2338 1851 2560 1915; x_wconf 84' lang='lat' dir='ltr'><strong>Quando</strong></span> <span class='ocrx_word' id='word_1_238' title='bbox 2586 1862 2696 1906; x_wconf 87' lang='lat' dir='ltr'><strong>erat</strong></span> <span class='ocrx_word' id='word_1_239' title='bbox 2721 1855 3060 1927; x_wconf 80' lang='lat' dir='ltr'><strong>Omnipotens</strong></span> <span class='ocrx_word' id='word_1_240' title='bbox 3080 1874 3301 1921; x_wconf 86' lang='lat' dir='ltr'><strong>mecum,</strong></span> <span class='ocrx_word' id='word_1_241' title='bbox 3323 1868 3371 1912; x_wconf 90' lang='lat' dir='ltr'><strong>et</strong></span> <span class='ocrx_word' id='word_1_242' title='bbox 3386 1861 3439 1913; x_wconf 88' lang='lat' dir='ltr'><strong>in</strong></span> <span class='ocrx_word' id='word_1_243' title='bbox 3456 1862 3747 1915; x_wconf 80' lang='lat' dir='ltr'><strong>circumitu</strong></span> <span class='ocrx_word' id='word_1_244' title='bbox 3773 1880 3883 1917; x_wconf 76' lang='lat' dir='ltr'><strong>meo</strong></span> 
     </span>
    </p>
   </div>
   <div class='ocr_carea' id='block_1_22' title="bbox 567 1946 3883 2021">
    <p class='ocr_par' dir='ltr' id='par_1_22' title="bbox 567 1946 3883 2021">
     <span class='ocr_line' id='line_1_22' title="bbox 567 1946 3883 2021; baseline 0.008 -37"><span class='ocrx_word' id='word_1_245' title='bbox 567 1964 707 2021; x_wconf 57' lang='lat' dir='ltr'><strong>quos</strong></span> <span class='ocrx_word' id='word_1_246' title='bbox 755 1950 894 2003; x_wconf 60' lang='lat' dir='ltr'><strong>Deus</strong></span> <span class='ocrx_word' id='word_1_247' title='bbox 922 1948 1208 2020; x_wconf 62' lang='lat' dir='ltr'><strong>largiendo</strong></span> <span class='ocrx_word' id='word_1_248' title='bbox 1245 1954 1314 2010; x_wconf 67' lang='lat' dir='ltr'><strong>de</strong></span> <span class='ocrx_word' id='word_1_249' title='bbox 1356 1955 1576 2010; x_wconf 63' lang='lat' dir='ltr'><strong>arcanis</strong></span> <span class='ocrx_word' id='word_1_250' title='bbox 1618 1968 1958 2013; x_wconf 56' lang='lat' dir='ltr'><strong>secre&#39;orum</strong></span> <span class='ocrx_word' id='word_1_251' title='bbox 1995 1961 2162 2016; x_wconf 66' lang='grc' dir='ltr'><strong>οωιε,</strong></span> <span class='ocrx_word' id='word_1_252' title='bbox 2265 1946 2414 2013; x_wconf 86' lang='lat' dir='ltr'><strong>pueri</strong></span> <span class='ocrx_word' id='word_1_253' title='bbox 2453 1947 2574 2000; x_wconf 90' lang='lat' dir='ltr'><strong>mei.</strong></span> <span class='ocrx_word' id='word_1_254' title='bbox 2616 1946 2849 2013; x_wconf 85' lang='lat' dir='ltr'><strong>Quando</strong></span> <span class='ocrx_word' id='word_1_255' title='bbox 2902 1949 3069 2003; x_wconf 88' lang='lat' dir='ltr'><strong>Deum</strong></span> <span class='ocrx_word' id='word_1_256' title='bbox 3124 1949 3361 2005; x_wconf 79' lang='lat' dir='ltr'><strong>habebat</strong></span> <span class='ocrx_word' id='word_1_257' title='bbox 3403 1952 3458 2006; x_wconf 91' lang='lat' dir='ltr'><strong>in</strong></span> <span class='ocrx_word' id='word_1_258' title='bbox 3509 1954 3883 2011; x_wconf 88' lang='lat' dir='ltr'><strong>tabernaculo</strong></span> 
     </span>
    </p>
   </div>
   <div class='ocr_carea' id='block_1_23' title="bbox 565 2037 2155 2122">
    <p class='ocr_par' dir='ltr' id='par_1_23' title="bbox 565 2041 2155 2122">
     <span class='ocr_line' id='line_1_23' title="bbox 565 2041 2155 2122; baseline 0.006 -23"><span class='ocrx_word' id='word_1_259' title='bbox 565 2041 725 2099; x_wconf 86' lang='lat' dir='ltr'><strong>stium</strong></span> <span class='ocrx_word' id='word_1_260' title='bbox 758 2041 1066 2112; x_wconf 88' lang='lat' dir='ltr'><strong>prolaturus</strong></span> <span class='ocrx_word' id='word_1_261' title='bbox 1099 2043 1414 2102; x_wconf 87' lang='lat' dir='ltr'><strong>hominibus</strong></span> <span class='ocrx_word' id='word_1_262' title='bbox 1442 2058 1550 2113; x_wconf 89' lang='lat' dir='ltr'><strong>est,</strong></span> <span class='ocrx_word' id='word_1_263' title='bbox 1591 2050 1890 2105; x_wconf 88' lang='lat' dir='ltr'><strong>secundum</strong></span> <span class='ocrx_word' id='word_1_264' title='bbox 1921 2054 2155 2122; x_wconf 85' lang='lat' dir='ltr'><strong>prophe-</strong></span> 
     </span>
    </p>
   </div>
   <div class='ocr_carea' id='block_1_24' title="bbox 2295 2037 3885 2122">
    <p class='ocr_par' dir='ltr' id='par_1_24' title="bbox 2297 2037 3885 2117">
     <span class='ocr_line' id='line_1_24' title="bbox 2297 2037 3885 2117; baseline 0.01 -31"><span class='ocrx_word' id='word_1_265' title='bbox 2297 2050 2366 2087; x_wconf 91' lang='lat' dir='ltr'><strong>no</strong></span> <span class='ocrx_word' id='word_1_266' title='bbox 2397 2053 2408 2088; x_wconf 76' lang='grc' dir='ltr'><strong>ε</strong></span> <span class='ocrx_word' id='word_1_267' title='bbox 2438 2037 2674 2091; x_wconf 75' lang='lat' dir='ltr'><strong>virtutes</strong></span> <span class='ocrx_word' id='word_1_268' title='bbox 2699 2049 2828 2093; x_wconf 91' lang='lat' dir='ltr'><strong>ante</strong></span> <span class='ocrx_word' id='word_1_269' title='bbox 2852 2054 2976 2094; x_wconf 88' lang='lat' dir='ltr'><strong>eum</strong></span> <span class='ocrx_word' id='word_1_270' title='bbox 3002 2050 3149 2096; x_wconf 85' lang='lat' dir='ltr'><strong>stare</strong></span> <span class='ocrx_word' id='word_1_271' title='bbox 3177 2053 3451 2111; x_wconf 88' lang='lat' dir='ltr'><strong>tamquam</strong></span> <span class='ocrx_word' id='word_1_272' title='bbox 3491 2047 3651 2114; x_wconf 88' lang='lat' dir='ltr'><strong>pueri</strong></span> <span class='ocrx_word' id='word_1_273' title='bbox 3693 2050 3885 2117; x_wconf 78' lang='lat' dir='ltr'><strong>perhi-</strong></span> 
     </span>
    </p>
   </div>
   <div class='ocr_carea' id='block_1_25' title="bbox 568 2125 2158 2210">
    <p class='ocr_par' dir='ltr' id='par_1_25' title="bbox 568 2132 2158 2207">
     <span class='ocr_line' id='line_1_25' title="bbox 568 2132 2158 2207; baseline 0.008 -19"><span class='ocrx_word' id='word_1_274' title='bbox 568 2141 675 2188; x_wconf 88' lang='lat' dir='ltr'><strong>tam</strong></span> <span class='ocrx_word' id='word_1_275' title='bbox 699 2132 970 2189; x_wconf 89' lang='lat' dir='ltr'><strong>dicentem</strong></span> <span class='ocrx_word' id='word_1_276' title='bbox 998 2154 1013 2189; x_wconf 86' lang='lat'><strong>:</strong></span> <span class='ocrx_word' id='word_1_277' title='bbox 1046 2135 1153 2200; x_wconf 89' lang='lat' dir='ltr'><strong>Qui</strong></span> <span class='ocrx_word' id='word_1_278' title='bbox 1172 2140 1413 2207; x_wconf 82' lang='lat' dir='ltr'><strong>producit</strong></span> <span class='ocrx_word' id='word_1_279' title='bbox 1439 2153 1615 2196; x_wconf 87' lang='lat' dir='ltr'><strong>ventos</strong></span> <span class='ocrx_word' id='word_1_280' title='bbox 1647 2142 1710 2197; x_wconf 88' lang='lat' dir='ltr'><strong>de</strong></span> <span class='ocrx_word' id='word_1_281' title='bbox 1739 2143 1998 2198; x_wconf 78' lang='lat' dir='ltr'><strong>thesauris</strong></span> <span class='ocrx_word' id='word_1_282' title='bbox 2030 2147 2158 2201; x_wconf 86' lang='lat' dir='ltr'><strong>suis.</strong></span> 
     </span>
    </p>
   </div>
   <div class='ocr_carea' id='block_1_26' title="bbox 2294 2125 3884 2210">
    <p class='ocr_par' dir='ltr' id='par_1_26' title="bbox 2294 2129 3884 2210">
     <span class='ocr_line' id='line_1_26' title="bbox 2294 2129 3884 2210; baseline 0.008 -28"><span class='ocrx_word' id='word_1_283' title='bbox 2294 2137 2488 2191; x_wconf 62' lang='lat' dir='ltr'><strong>tentur,</strong></span> <span class='ocrx_word' id='word_1_284' title='bbox 2518 2144 2639 2199; x_wconf 76' lang='lat' dir='ltr'><strong>qua:</strong></span> <span class='ocrx_word' id='word_1_285' title='bbox 2662 2129 2787 2184; x_wconf 89' lang='lat' dir='ltr'><strong>ideo</strong></span> <span class='ocrx_word' id='word_1_286' title='bbox 2815 2132 3040 2187; x_wconf 81' lang='lat' dir='ltr'><strong>masculi</strong></span> <span class='ocrx_word' id='word_1_287' title='bbox 3067 2134 3440 2204; x_wconf 87' lang='lat' dir='ltr'><strong>appellantur,</strong></span> <span class='ocrx_word' id='word_1_288' title='bbox 3470 2149 3705 2206; x_wconf 89' lang='lat' dir='ltr'><strong>propter</strong></span> <span class='ocrx_word' id='word_1_289' title='bbox 3729 2141 3884 2210; x_wconf 82' lang='lat' dir='ltr'><strong>vigo-</strong></span> 
     </span>
    </p>
   </div>
   <div class='ocr_carea' id='block_1_27' title="bbox 564 2224 3882 2306">
    <p class='ocr_par' dir='ltr' id='par_1_27' title="bbox 564 2224 3882 2306">
     <span class='ocr_line' id='line_1_27' title="bbox 564 2224 3882 2306; baseline 0.008 -42"><span class='ocrx_word' id='word_1_290' title='bbox 564 2224 875 2296; x_wconf 66' lang='lat' dir='ltr'><strong>Aliquando</strong></span> <span class='ocrx_word' id='word_1_291' title='bbox 903 2228 986 2281; x_wconf 65' lang='lat' dir='ltr'><strong>me</strong></span> <span class='ocrx_word' id='word_1_292' title='bbox 1014 2227 1359 2286; x_wconf 53' lang='lat' dir='ltr'><strong>diversitates</strong></span> <span class='ocrx_word' id='word_1_293' title='bbox 1384 2234 1705 2302; x_wconf 48' lang='lat' dir='ltr'><strong>gratiarum,</strong></span> <span class='ocrx_word' id='word_1_294' title='bbox 1731 2235 1966 2306; x_wconf 45' lang='lat' dir='ltr'><strong>spiritus</strong></span> <span class='ocrx_word' id='word_1_295' title='bbox 1990 2239 2166 2292; x_wconf 61' lang='lat' dir='ltr'><strong>sane“</strong></span> <span class='ocrx_word' id='word_1_296' title='bbox 2265 2235 2379 2275; x_wconf 89' lang='lat' dir='ltr'><strong>rem</strong></span> <span class='ocrx_word' id='word_1_297' title='bbox 2412 2229 2602 2276; x_wconf 89' lang='lat' dir='ltr'><strong>contra</strong></span> <span class='ocrx_word' id='word_1_298' title='bbox 2652 2224 2782 2278; x_wconf 91' lang='lat' dir='ltr'><strong>vitia</strong></span> <span class='ocrx_word' id='word_1_299' title='bbox 2825 2226 3122 2281; x_wconf 87' lang='lat' dir='ltr'><strong>resistendi</strong></span> <span class='ocrx_word' id='word_1_300' title='bbox 3155 2247 3169 2281; x_wconf 90' lang='lat'><strong>:</strong></span> <span class='ocrx_word' id='word_1_301' title='bbox 3206 2229 3410 2284; x_wconf 88' lang='lat' dir='ltr'><strong>talibus</strong></span> <span class='ocrx_word' id='word_1_302' title='bbox 3456 2231 3734 2288; x_wconf 88' lang='lat' dir='ltr'><strong>ministris</strong></span> <span class='ocrx_word' id='word_1_303' title='bbox 3779 2233 3882 2290; x_wconf 79' lang='lat' dir='ltr'><strong>Job</strong></span> 
     </span>
    </p>
   </div>
   <div class='ocr_carea' id='block_1_28' title="bbox 563 2314 2871 2398">
    <p class='ocr_par' dir='ltr' id='par_1_28' title="bbox 563 2314 2871 2398">
     <span class='ocr_line' id='line_1_28' title="bbox 563 2314 2871 2398; baseline 0.008 -26"><span class='ocrx_word' id='word_1_304' title='bbox 563 2329 860 2375; x_wconf 88' lang='lat' dir='ltr'><strong>censentur</strong></span> <span class='ocrx_word' id='word_1_305' title='bbox 904 2323 1149 2389; x_wconf 88' lang='lat' dir='ltr'><strong>nomine,</strong></span> <span class='ocrx_word' id='word_1_306' title='bbox 1197 2325 1386 2382; x_wconf 87' lang='lat' dir='ltr'><strong>dantis</strong></span> <span class='ocrx_word' id='word_1_307' title='bbox 1436 2327 1534 2382; x_wconf 91' lang='lat' dir='ltr'><strong>has</strong></span> <span class='ocrx_word' id='word_1_308' title='bbox 1583 2331 1824 2398; x_wconf 78' lang='lat' dir='ltr'><strong>gratias,</strong></span> <span class='ocrx_word' id='word_1_309' title='bbox 1860 2333 2163 2387; x_wconf 90' lang='lat' dir='ltr'><strong>secundum</strong></span> <span class='ocrx_word' id='word_1_310' title='bbox 2267 2314 2464 2369; x_wconf 59' lang='lat' dir='ltr'><strong>bemus</strong></span> <span class='ocrx_word' id='word_1_311' title='bbox 2506 2317 2871 2373; x_wconf 73' lang='grc' dir='ltr'><strong>²¹Ῑ¹¹)Ῑθ¹)³¹¹¹¹’·</strong></span> 
     </span>
    </p>
   </div>
   <div class='ocr_carea' id='block_1_29' title="bbox 561 2409 2151 2496">
    <p class='ocr_par' dir='ltr' id='par_1_29' title="bbox 561 2410 2144 2496">
     <span class='ocr_line' id='line_1_29' title="bbox 561 2410 2144 2496; baseline 0.007 -29"><span class='ocrx_word' id='word_1_312' title='bbox 561 2410 697 2467; x_wconf 84' lang='lat' dir='ltr'><strong>illud</strong></span> <span class='ocrx_word' id='word_1_313' title='bbox 727 2415 974 2483; x_wconf 82' lang='lat' dir='ltr'><strong>Apostoli</strong></span> <span class='ocrx_word' id='word_1_314' title='bbox 1021 2435 1032 2470; x_wconf 93' lang='lat'><strong>:</strong></span> <span class='ocrx_word' id='word_1_315' title='bbox 1087 2417 1316 2490; x_wconf 81' lang='lat' dir='ltr'><strong>Spiritus</strong></span> <span class='ocrx_word' id='word_1_316' title='bbox 1369 2422 1741 2494; x_wconf 84' lang='lat' dir='ltr'><strong>praphetarum</strong></span> <span class='ocrx_word' id='word_1_317' title='bbox 1784 2424 2004 2496; x_wconf 84' lang='lat' dir='ltr'><strong>subjecti</strong></span> <span class='ocrx_word' id='word_1_318' title='bbox 2049 2443 2144 2478; x_wconf 85' lang='lat' dir='ltr'><strong>sun</strong></span> 
     </span>
    </p>
   </div>
   <div class='ocr_carea' id='block_1_30' title="bbox 2294 2409 3884 2496">
    <p class='ocr_par' dir='ltr' id='par_1_30' title="bbox 2344 2409 3884 2488">
     <span class='ocr_line' id='line_1_30' title="bbox 2344 2409 3884 2488; baseline 0.01 -29"><span class='ocrx_word' id='word_1_319' title='bbox 2344 2409 2565 2473; x_wconf 86' lang='lat' dir='ltr'><strong>Quando</strong></span> <span class='ocrx_word' id='word_1_320' title='bbox 2588 2411 2820 2465; x_wconf 82' lang='lat' dir='ltr'><strong>larabam</strong></span> <span class='ocrx_word' id='word_1_321' title='bbox 2852 2415 3009 2482; x_wconf 84' lang='lat' dir='ltr'><strong>pedes</strong></span> <span class='ocrx_word' id='word_1_322' title='bbox 3043 2432 3185 2472; x_wconf 89' lang='lat' dir='ltr'><strong>meos</strong></span> <span class='ocrx_word' id='word_1_323' title='bbox 3226 2417 3433 2488; x_wconf 79' lang='lat' dir='ltr'><strong>butyro.</strong></span> <span class='ocrx_word' id='word_1_324' title='bbox 3480 2418 3695 2476; x_wconf 89' lang='lat' dir='ltr'><strong>Pedum</strong></span> <span class='ocrx_word' id='word_1_325' title='bbox 3722 2437 3884 2477; x_wconf 82' lang='lat' dir='ltr'><strong>voca-</strong></span> 
     </span>
    </p>
   </div>
   <div class='ocr_carea' id='block_1_31' title="bbox 563 2500 2153 2586">
    <p class='ocr_par' dir='ltr' id='par_1_31' title="bbox 563 2505 2153 2586">
     <span class='ocr_line' id='line_1_31' title="bbox 563 2505 2153 2586; baseline 0.011 -29"><span class='ocrx_word' id='word_1_326' title='bbox 563 2505 826 2577; x_wconf 75' lang='lat' dir='ltr'><strong>prOpbetis</strong></span> <span class='ocrx_word' id='word_1_327' title='bbox 873 2523 892 2561; x_wconf 91' lang='lat'><em>:</em></span> <span class='ocrx_word' id='word_1_328' title='bbox 921 2509 1013 2578; x_wconf 89' lang='lat' dir='ltr'><strong>qui</strong></span> <span class='ocrx_word' id='word_1_329' title='bbox 1058 2509 1224 2566; x_wconf 88' lang='lat' dir='ltr'><strong>etiam</strong></span> <span class='ocrx_word' id='word_1_330' title='bbox 1271 2525 1496 2585; x_wconf 89' lang='lat' dir='ltr'><strong>propter</strong></span> <span class='ocrx_word' id='word_1_331' title='bbox 1516 2518 1922 2586; x_wconf 86' lang='lat' dir='ltr'><strong>operationem,</strong></span> <span class='ocrx_word' id='word_1_332' title='bbox 1953 2529 2006 2572; x_wconf 82' lang='lat' dir='ltr'><strong>et</strong></span> <span class='ocrx_word' id='word_1_333' title='bbox 2036 2519 2153 2575; x_wconf 88' lang='lat' dir='ltr'><strong>ell&#39;e-</strong></span> 
     </span>
    </p>
   </div>
   <div class='ocr_carea' id='block_1_32' title="bbox 2291 2500 3881 2586">
    <p class='ocr_par' dir='ltr' id='par_1_32' title="bbox 2291 2501 3881 2581">
     <span class='ocr_line' id='line_1_32' title="bbox 2291 2501 3881 2581; baseline 0.01 -28"><span class='ocrx_word' id='word_1_334' title='bbox 2291 2501 2400 2554; x_wconf 87' lang='lat' dir='ltr'><strong>ntlo</strong></span> <span class='ocrx_word' id='word_1_335' title='bbox 2429 2502 2484 2556; x_wconf 93' lang='lat' dir='ltr'><strong>in</strong></span> <span class='ocrx_word' id='word_1_336' title='bbox 2521 2502 2831 2572; x_wconf 87' lang='lat' dir='ltr'><strong>Scripturis</strong></span> <span class='ocrx_word' id='word_1_337' title='bbox 2858 2505 3058 2563; x_wconf 84' lang='lat' dir='ltr'><strong>divinis</strong></span> <span class='ocrx_word' id='word_1_338' title='bbox 3083 2551 3097 2574; x_wconf 91' lang='lat'><strong>,</strong></span> <span class='ocrx_word' id='word_1_339' title='bbox 3133 2510 3326 2564; x_wconf 91' lang='lat' dir='ltr'><strong>modus</strong></span> <span class='ocrx_word' id='word_1_340' title='bbox 3369 2511 3590 2581; x_wconf 89' lang='lat' dir='ltr'><strong>quidam</strong></span> <span class='ocrx_word' id='word_1_341' title='bbox 3625 2513 3881 2570; x_wconf 82' lang='lat' dir='ltr'><strong>humana:</strong></span> 
     </span>
    </p>
   </div>
   <div class='ocr_carea' id='block_1_33' title="bbox 567 2595 3881 2679">
    <p class='ocr_par' dir='ltr' id='par_1_33' title="bbox 567 2595 3881 2679">
     <span class='ocr_line' id='line_1_33' title="bbox 567 2595 3881 2679; baseline 0.008 -29"><span class='ocrx_word' id='word_1_342' title='bbox 567 2603 715 2650; x_wconf 89' lang='lat' dir='ltr'><strong>ctum</strong></span> <span class='ocrx_word' id='word_1_343' title='bbox 738 2595 938 2652; x_wconf 70' lang='lat' dir='ltr'><strong>divinae</strong></span> <span class='ocrx_word' id='word_1_344' title='bbox 965 2602 1417 2660; x_wconf 84' lang='lat' dir='ltr'><strong>sanctiﬁcationis</strong></span> <span class='ocrx_word' id='word_1_345' title='bbox 1446 2621 1580 2671; x_wconf 66' lang='lat' dir='ltr'><strong>suae.</strong></span> <span class='ocrx_word' id='word_1_346' title='bbox 1614 2608 1829 2679; x_wconf 88' lang='lat' dir='ltr'><strong>pondus</strong></span> <span class='ocrx_word' id='word_1_347' title='bbox 1861 2610 2060 2666; x_wconf 88' lang='lat' dir='ltr'><strong>habere</strong></span> <span class='ocrx_word' id='word_1_348' title='bbox 2084 2611 2169 2666; x_wconf 91' lang='lat' dir='ltr'><strong>di-</strong></span> <span class='ocrx_word' id='word_1_349' title='bbox 2269 2597 3881 2673; x_wconf 63' lang='grc' dir='ltr'><strong>εοωθτεκῑῖθηίεριετυηιίιυεἰηιειιίεεηάυεεει-ιιεινεικιω,</strong></span> 
     </span>
    </p>
   </div>
   <div class='ocr_carea' id='block_1_34' title="bbox 569 2683 2159 2773">
    <p class='ocr_par' dir='ltr' id='par_1_34' title="bbox 569 2693 2159 2773">
     <span class='ocr_line' id='line_1_34' title="bbox 569 2693 2159 2773; baseline 0.01 -29"><span class='ocrx_word' id='word_1_350' title='bbox 569 2697 794 2755; x_wconf 87' lang='lat' dir='ltr'><strong>cuntur,</strong></span> <span class='ocrx_word' id='word_1_351' title='bbox 827 2700 886 2744; x_wconf 88' lang='lat' dir='ltr'><strong>ut</strong></span> <span class='ocrx_word' id='word_1_352' title='bbox 915 2693 1218 2749; x_wconf 77' lang='lat' dir='ltr'><strong>secundum</strong></span> <span class='ocrx_word' id='word_1_353' title='bbox 1251 2697 1688 2771; x_wconf 86' lang='lat' dir='ltr'><strong>uniuscujusque</strong></span> <span class='ocrx_word' id='word_1_354' title='bbox 1717 2704 1860 2759; x_wconf 89' lang='lat' dir='ltr'><strong>vires</strong></span> <span class='ocrx_word' id='word_1_355' title='bbox 1907 2703 2159 2773; x_wconf 78' lang='lat' dir='ltr'><strong>przedica-</strong></span> 
     </span>
    </p>
   </div>
   <div class='ocr_carea' id='block_1_35' title="bbox 2289 2683 3879 2773">
    <p class='ocr_par' dir='ltr' id='par_1_35' title="bbox 2296 2685 3879 2765">
     <span class='ocr_line' id='line_1_35' title="bbox 2296 2685 3879 2765; baseline 0.013 -29"><span class='ocrx_word' id='word_1_356' title='bbox 2296 2685 2468 2755; x_wconf 89' lang='lat' dir='ltr'><strong>nquit,</strong></span> <span class='ocrx_word' id='word_1_357' title='bbox 2501 2688 2568 2741; x_wconf 89' lang='lat' dir='ltr'><strong>ab</strong></span> <span class='ocrx_word' id='word_1_358' title='bbox 2594 2689 2745 2742; x_wconf 92' lang='lat' dir='ltr'><strong>omni</strong></span> <span class='ocrx_word' id='word_1_359' title='bbox 2775 2692 2985 2760; x_wconf 84' lang='lat' dir='ltr'><strong>peccati</strong></span> <span class='ocrx_word' id='word_1_360' title='bbox 3015 2694 3226 2748; x_wconf 85' lang='lat' dir='ltr'><strong>macula</strong></span> <span class='ocrx_word' id='word_1_361' title='bbox 3256 2705 3413 2751; x_wconf 89' lang='lat' dir='ltr'><strong>actus</strong></span> <span class='ocrx_word' id='word_1_362' title='bbox 3445 2712 3622 2765; x_wconf 90' lang='lat' dir='ltr'><strong>meos,</strong></span> <span class='ocrx_word' id='word_1_363' title='bbox 3662 2711 3724 2754; x_wconf 91' lang='lat' dir='ltr'><strong>et</strong></span> <span class='ocrx_word' id='word_1_364' title='bbox 3757 2717 3879 2756; x_wconf 87' lang='lat' dir='ltr'><strong>cum</strong></span> 
     </span>
    </p>
   </div>
   <div class='ocr_carea' id='block_1_36' title="bbox 572 2776 3356 2859">
    <p class='ocr_par' dir='ltr' id='par_1_36' title="bbox 572 2776 3356 2859">
     <span class='ocr_line' id='line_1_36' title="bbox 572 2776 3356 2859; baseline 0.009 -23"><span class='ocrx_word' id='word_1_365' title='bbox 572 2788 721 2837; x_wconf 70' lang='lat' dir='ltr'><strong>uires</strong></span> <span class='ocrx_word' id='word_1_366' title='bbox 753 2785 900 2839; x_wconf 88' lang='lat' dir='ltr'><strong>verbi</strong></span> <span class='ocrx_word' id='word_1_367' title='bbox 932 2786 1024 2840; x_wconf 85' lang='lat' dir='ltr'><strong>Dei</strong></span> <span class='ocrx_word' id='word_1_368' title='bbox 1047 2787 1174 2842; x_wconf 88' lang='lat' dir='ltr'><strong>aliis</strong></span> <span class='ocrx_word' id='word_1_369' title='bbox 1204 2788 1288 2845; x_wconf 85' lang='lat' dir='ltr'><strong>lac</strong></span> <span class='ocrx_word' id='word_1_370' title='bbox 1313 2791 1535 2859; x_wconf 87' lang='lat' dir='ltr'><strong>darent,</strong></span> <span class='ocrx_word' id='word_1_371' title='bbox 1565 2795 1688 2850; x_wconf 87' lang='lat' dir='ltr'><strong>aliis</strong></span> <span class='ocrx_word' id='word_1_372' title='bbox 1722 2796 1958 2851; x_wconf 88' lang='lat' dir='ltr'><strong>solidum</strong></span> <span class='ocrx_word' id='word_1_373' title='bbox 1987 2798 2170 2853; x_wconf 80' lang='lat' dir='ltr'><strong>cibum</strong></span> <span class='ocrx_word' id='word_1_374' title='bbox 2274 2776 2583 2834; x_wconf 72' lang='grc' dir='ltr'><strong>ίηηοεεηιίει</strong></span> <span class='ocrx_word' id='word_1_375' title='bbox 2615 2781 3049 2851; x_wconf 58' lang='lat' dir='ltr'><strong>“simplicitate</strong></span> <span class='ocrx_word' id='word_1_376' title='bbox 3079 2788 3356 2842; x_wconf 58' lang='lat' dir='ltr'><strong>versabar-</strong></span> 
     </span>
    </p>
   </div>
   <div class='ocr_carea' id='block_1_37' title="bbox 573 2870 2163 2956">
    <p class='ocr_par' dir='ltr' id='par_1_37' title="bbox 573 2875 2163 2956">
     <span class='ocr_line' id='line_1_37' title="bbox 573 2875 2163 2956; baseline 0.009 -26"><span class='ocrx_word' id='word_1_377' title='bbox 573 2875 947 2946; x_wconf 84' lang='lat' dir='ltr'><strong>porrigerent,</strong></span> <span class='ocrx_word' id='word_1_378' title='bbox 971 2879 1061 2933; x_wconf 88' lang='lat' dir='ltr'><strong>ubi</strong></span> <span class='ocrx_word' id='word_1_379' title='bbox 1103 2879 1373 2954; x_wconf 88' lang='lat' dir='ltr'><strong>dicerent,</strong></span> <span class='ocrx_word' id='word_1_380' title='bbox 1402 2885 1484 2940; x_wconf 78' lang='lat' dir='ltr'><strong>vel</strong></span> <span class='ocrx_word' id='word_1_381' title='bbox 1510 2887 1709 2956; x_wconf 86' lang='lat' dir='ltr'><strong>quibus</strong></span> <span class='ocrx_word' id='word_1_382' title='bbox 1749 2887 2018 2944; x_wconf 86' lang='lat' dir='ltr'><strong>dicerent.</strong></span> <span class='ocrx_word' id='word_1_383' title='bbox 2045 2890 2163 2945; x_wconf 79' lang='lat' dir='ltr'><strong>lude</strong></span> 
     </span>
    </p>
   </div>
   <div class='ocr_carea' id='block_1_38' title="bbox 2294 2870 3884 2956">
    <p class='ocr_par' dir='ltr' id='par_1_38' title="bbox 2348 2870 3884 2945">
     <span class='ocr_line' id='line_1_38' title="bbox 2348 2870 3884 2945; baseline 0.012 -21"><span class='ocrx_word' id='word_1_384' title='bbox 2348 2870 2414 2926; x_wconf 83' lang='lat' dir='ltr'><strong>Et</strong></span> <span class='ocrx_word' id='word_1_385' title='bbox 2444 2883 2592 2942; x_wconf 86' lang='lat' dir='ltr'><strong>petra</strong></span> <span class='ocrx_word' id='word_1_386' title='bbox 2617 2875 2865 2945; x_wconf 85' lang='lat' dir='ltr'><strong>[audebat</strong></span> <span class='ocrx_word' id='word_1_387' title='bbox 2897 2879 3023 2932; x_wconf 86' lang='lat' dir='ltr'><strong>mihi</strong></span> <span class='ocrx_word' id='word_1_388' title='bbox 3055 2881 3190 2934; x_wconf 87' lang='lat' dir='ltr'><strong>rivos</strong></span> <span class='ocrx_word' id='word_1_389' title='bbox 3220 2882 3344 2936; x_wconf 86' lang='lat' dir='ltr'><strong>olei.</strong></span> <span class='ocrx_word' id='word_1_390' title='bbox 3388 2881 3550 2938; x_wconf 78' lang='lat' dir='ltr'><strong>Juxta</strong></span> <span class='ocrx_word' id='word_1_391' title='bbox 3581 2885 3730 2940; x_wconf 83' lang='lat' dir='ltr'><strong>hunc</strong></span> <span class='ocrx_word' id='word_1_392' title='bbox 3761 2902 3884 2942; x_wconf 88' lang='lat' dir='ltr'><strong>seu-</strong></span> 
     </span>
    </p>
   </div>
   <div class='ocr_carea' id='block_1_39' title="bbox 574 2967 2164 3048">
    <p class='ocr_par' dir='ltr' id='par_1_39' title="bbox 574 2968 2164 3038">
     <span class='ocr_line' id='line_1_39' title="bbox 574 2968 2164 3038; baseline 0.01 -17"><span class='ocrx_word' id='word_1_393' title='bbox 574 2968 654 3022; x_wconf 88' lang='lat' dir='ltr'><strong>ait</strong></span> <span class='ocrx_word' id='word_1_394' title='bbox 683 2969 946 3038; x_wconf 79' lang='lat' dir='ltr'><strong>propheta</strong></span> <span class='ocrx_word' id='word_1_395' title='bbox 979 2989 992 3025; x_wconf 91' lang='lat'><strong>:</strong></span> <span class='ocrx_word' id='word_1_396' title='bbox 1027 2970 1176 3028; x_wconf 86' lang='lat' dir='ltr'><strong>Dabo</strong></span> <span class='ocrx_word' id='word_1_397' title='bbox 1206 2976 1346 3030; x_wconf 81' lang='lat' dir='ltr'><strong>vobis</strong></span> <span class='ocrx_word' id='word_1_398' title='bbox 1381 2978 1594 3034; x_wconf 80' lang='lat' dir='ltr'><strong>imbrem</strong></span> <span class='ocrx_word' id='word_1_399' title='bbox 1629 2983 1939 3036; x_wconf 86' lang='lat' dir='ltr'><strong>matutinum</strong></span> <span class='ocrx_word' id='word_1_400' title='bbox 1966 2993 2012 3036; x_wconf 87' lang='lat' dir='ltr'><strong>et</strong></span> <span class='ocrx_word' id='word_1_401' title='bbox 2033 3000 2164 3037; x_wconf 84' lang='lat' dir='ltr'><strong>sero-</strong></span> 
     </span>
    </p>
   </div>
   <div class='ocr_carea' id='block_1_40' title="bbox 2294 2967 3884 3048">
    <p class='ocr_par' dir='ltr' id='par_1_40' title="bbox 2294 2967 3884 3048">
     <span class='ocr_line' id='line_1_40' title="bbox 2294 2967 3884 3048; baseline 0.009 -28"><span class='ocrx_word' id='word_1_402' title='bbox 2294 2981 2394 3020; x_wconf 77' lang='lat' dir='ltr'><strong>ium</strong></span> <span class='ocrx_word' id='word_1_403' title='bbox 2422 2967 2640 3038; x_wconf 77' lang='lat' dir='ltr'><strong>Moyses</strong></span> <span class='ocrx_word' id='word_1_404' title='bbox 2672 2970 2748 3023; x_wconf 89' lang='lat' dir='ltr'><strong>ait</strong></span> <span class='ocrx_word' id='word_1_405' title='bbox 2775 2988 2789 3025; x_wconf 94' lang='lat'>:</span> <span class='ocrx_word' id='word_1_406' title='bbox 2815 2972 3082 3027; x_wconf 71' lang='lat' dir='ltr'><strong>Suxerunt</strong></span> <span class='ocrx_word' id='word_1_407' title='bbox 3110 2975 3212 3029; x_wconf 88' lang='lat' dir='ltr'><strong>mel</strong></span> <span class='ocrx_word' id='word_1_408' title='bbox 3238 2976 3303 3029; x_wconf 88' lang='lat' dir='ltr'><strong>de</strong></span> <span class='ocrx_word' id='word_1_409' title='bbox 3331 2986 3502 3048; x_wconf 84' lang='lat' dir='ltr'><strong>petra,</strong></span> <span class='ocrx_word' id='word_1_410' title='bbox 3522 2989 3570 3032; x_wconf 89' lang='lat' dir='ltr'><strong>et</strong></span> <span class='ocrx_word' id='word_1_411' title='bbox 3601 2979 3776 3034; x_wconf 82' lang='lat' dir='ltr'><strong>oleum</strong></span> <span class='ocrx_word' id='word_1_412' title='bbox 3827 2983 3884 3034; x_wconf 84' lang='lat' dir='ltr'><strong>de</strong></span> 
     </span>
    </p>
   </div>
   <div class='ocr_carea' id='block_1_41' title="bbox 573 3060 2163 3131">
    <p class='ocr_par' dir='ltr' id='par_1_41' title="bbox 573 3061 2026 3131">
     <span class='ocr_line' id='line_1_41' title="bbox 573 3061 2026 3131; baseline 0.012 -18"><span class='ocrx_word' id='word_1_413' title='bbox 573 3061 741 3114; x_wconf 90' lang='lat' dir='ltr'><strong>tinum</strong></span> <span class='ocrx_word' id='word_1_414' title='bbox 769 3078 786 3114; x_wconf 91' lang='lat'><em>:</em></span> <span class='ocrx_word' id='word_1_415' title='bbox 821 3061 923 3118; x_wconf 87' lang='lat' dir='ltr'><strong>hoc</strong></span> <span class='ocrx_word' id='word_1_416' title='bbox 951 3075 1057 3131; x_wconf 92' lang='lat' dir='ltr'><strong>est,</strong></span> <span class='ocrx_word' id='word_1_417' title='bbox 1086 3082 1289 3123; x_wconf 77' lang='lat' dir='ltr'><strong>novum</strong></span> <span class='ocrx_word' id='word_1_418' title='bbox 1323 3079 1379 3125; x_wconf 89' lang='lat' dir='ltr'><strong>et</strong></span> <span class='ocrx_word' id='word_1_419' title='bbox 1405 3082 1560 3126; x_wconf 86' lang='lat' dir='ltr'><strong>vetus</strong></span> <span class='ocrx_word' id='word_1_420' title='bbox 1597 3074 2026 3130; x_wconf 78' lang='lat' dir='ltr'><strong>TeStamentum.</strong></span> 
     </span>
    </p>
   </div>
   <div class='ocr_carea' id='block_1_42' title="bbox 2297 3060 3887 3131">
    <p class='ocr_par' dir='ltr' id='par_1_42' title="bbox 2297 3060 3887 3130">
     <span class='ocr_line' id='line_1_42' title="bbox 2297 3060 3887 3130; baseline 0.012 -19"><span class='ocrx_word' id='word_1_421' title='bbox 2297 3060 2576 3115; x_wconf 83' lang='lat' dir='ltr'><strong>irmissima</strong></span> <span class='ocrx_word' id='word_1_422' title='bbox 2618 3074 2765 3130; x_wconf 84' lang='lat' dir='ltr'><strong>petra</strong></span> <span class='ocrx_word' id='word_1_423' title='bbox 2800 3083 2818 3118; x_wconf 94' lang='lat'><strong><em>:</em></strong></span> <span class='ocrx_word' id='word_1_424' title='bbox 2866 3069 3171 3121; x_wconf 89' lang='lat' dir='ltr'><strong>secundum</strong></span> <span class='ocrx_word' id='word_1_425' title='bbox 3224 3069 3648 3127; x_wconf 72' lang='lat' dir='ltr'><strong>delecmtionem</strong></span> <span class='ocrx_word' id='word_1_426' title='bbox 3705 3074 3887 3130; x_wconf 76' lang='lat' dir='ltr'><strong>volen-</strong></span> 
     </span>
    </p>
   </div>
   <div class='ocr_carea' id='block_1_43' title="bbox 650 3152 2240 3236">
    <p class='ocr_par' dir='ltr' id='par_1_43' title="bbox 650 3152 2172 3236">
     <span class='ocr_line' id='line_1_43' title="bbox 650 3152 2172 3236; baseline 0.009 -28"><span class='ocrx_word' id='word_1_427' title='bbox 650 3152 792 3210; x_wconf 81' lang='lat' dir='ltr'><strong>Tunc</strong></span> <span class='ocrx_word' id='word_1_428' title='bbox 821 3158 949 3211; x_wconf 83' lang='lat' dir='ltr'><strong>vidit</strong></span> <span class='ocrx_word' id='word_1_429' title='bbox 974 3158 1142 3228; x_wconf 89' lang='lat' dir='ltr'><strong>illam,</strong></span> <span class='ocrx_word' id='word_1_430' title='bbox 1169 3172 1219 3216; x_wconf 79' lang='lat' dir='ltr'><strong>et</strong></span> <span class='ocrx_word' id='word_1_431' title='bbox 1246 3166 1527 3231; x_wconf 78' lang='lat' dir='ltr'><strong>enarravit,</strong></span> <span class='ocrx_word' id='word_1_432' title='bbox 1560 3174 1607 3219; x_wconf 88' lang='lat' dir='ltr'><strong>et</strong></span> <span class='ocrx_word' id='word_1_433' title='bbox 1633 3170 1967 3236; x_wconf 79' lang='lat' dir='ltr'><strong>prteparavit,</strong></span> <span class='ocrx_word' id='word_1_434' title='bbox 2006 3178 2054 3222; x_wconf 92' lang='lat' dir='ltr'><strong>et</strong></span> <span class='ocrx_word' id='word_1_435' title='bbox 2094 3170 2172 3222; x_wconf 91' lang='lat' dir='ltr'><strong>in-</strong></span> 
     </span>
    </p>
   </div>
   <div class='ocr_carea' id='block_1_44' title="bbox 2295 3152 3885 3236">
    <p class='ocr_par' dir='ltr' id='par_1_44' title="bbox 2295 3153 3885 3230">
     <span class='ocr_line' id='line_1_44' title="bbox 2295 3153 3885 3230; baseline 0.01 -27"><span class='ocrx_word' id='word_1_436' title='bbox 2295 3153 2436 3220; x_wconf 9' lang='lat' dir='ltr'><strong>vium,</strong></span> <span class='ocrx_word' id='word_1_437' title='bbox 2465 3168 2563 3209; x_wconf 90' lang='lat' dir='ltr'><strong>ore</strong></span> <span class='ocrx_word' id='word_1_438' title='bbox 2595 3157 2862 3226; x_wconf 87' lang='lat' dir='ltr'><strong>sapiebat.</strong></span> <span class='ocrx_word' id='word_1_439' title='bbox 2887 3158 2954 3212; x_wconf 88' lang='lat' dir='ltr'><strong>Et</strong></span> <span class='ocrx_word' id='word_1_440' title='bbox 2984 3173 3106 3213; x_wconf 88' lang='lat' dir='ltr'><strong>cum</strong></span> <span class='ocrx_word' id='word_1_441' title='bbox 3137 3170 3288 3230; x_wconf 82' lang='lat' dir='ltr'><strong>petra</strong></span> <span class='ocrx_word' id='word_1_442' title='bbox 3337 3161 3425 3215; x_wconf 91' lang='lat' dir='ltr'><strong>illa</strong></span> <span class='ocrx_word' id='word_1_443' title='bbox 3473 3162 3756 3218; x_wconf 86' lang='lat' dir='ltr'><strong>Christum</strong></span> <span class='ocrx_word' id='word_1_444' title='bbox 3803 3181 3885 3219; x_wconf 84' lang='lat' dir='ltr'><strong>sc-</strong></span> 
     </span>
    </p>
   </div>
   <div class='ocr_carea' id='block_1_45' title="bbox 573 3247 3882 3328">
    <p class='ocr_par' dir='ltr' id='par_1_45' title="bbox 573 3247 3882 3328">
     <span class='ocr_line' id='line_1_45' title="bbox 573 3247 3882 3328; baseline 0.008 -26"><span class='ocrx_word' id='word_1_445' title='bbox 573 3249 860 3320; x_wconf 76' lang='lat' dir='ltr'><strong>vestigavit,</strong></span> <span class='ocrx_word' id='word_1_446' title='bbox 904 3261 953 3306; x_wconf 85' lang='lat' dir='ltr'><strong>et</strong></span> <span class='ocrx_word' id='word_1_447' title='bbox 1000 3254 1133 3309; x_wconf 75' lang='lat' dir='ltr'><strong>dixit</strong></span> <span class='ocrx_word' id='word_1_448' title='bbox 1168 3256 1388 3312; x_wconf 84' lang='lat' dir='ltr'><strong>homini.</strong></span> <span class='ocrx_word' id='word_1_449' title='bbox 1422 3257 1480 3312; x_wconf 91' lang='lat' dir='ltr'><strong>ld</strong></span> <span class='ocrx_word' id='word_1_450' title='bbox 1510 3267 1616 3327; x_wconf 87' lang='lat' dir='ltr'><strong>est,</strong></span> <span class='ocrx_word' id='word_1_451' title='bbox 1669 3259 1724 3314; x_wconf 91' lang='lat' dir='ltr'><strong>in</strong></span> <span class='ocrx_word' id='word_1_452' title='bbox 1765 3261 2005 3315; x_wconf 77' lang='lat' dir='ltr'><strong>Eetlesia</strong></span> <span class='ocrx_word' id='word_1_453' title='bbox 2052 3275 2173 3328; x_wconf 86' lang='lat' dir='ltr'><strong>sua,</strong></span> <span class='ocrx_word' id='word_1_454' title='bbox 2205 3253 2248 3314; x_wconf 91' lang='lat' dir='ltr'>C</span> <span class='ocrx_word' id='word_1_455' title='bbox 2281 3248 2519 3301; x_wconf 76' lang='lat' dir='ltr'><strong>cundum</strong></span> <span class='ocrx_word' id='word_1_456' title='bbox 2546 3247 2867 3317; x_wconf 69' lang='lat' dir='ltr'><strong>Anaswhlm</strong></span> <span class='ocrx_word' id='word_1_457' title='bbox 2913 3250 3210 3322; x_wconf 66' lang='lat' dir='ltr'><strong>“suram.</strong></span> <span class='ocrx_word' id='word_1_458' title='bbox 3243 3253 3368 3308; x_wconf 72' lang='grc' dir='ltr'><strong>οιεο</strong></span> <span class='ocrx_word' id='word_1_459' title='bbox 3396 3265 3576 3310; x_wconf 69' lang='lat' dir='ltr'><strong>tamen</strong></span> <span class='ocrx_word' id='word_1_460' title='bbox 3609 3257 3717 3310; x_wconf 66' lang='lat' dir='ltr'><strong>isto</strong></span> <span class='ocrx_word' id='word_1_461' title='bbox 3744 3255 3882 3312; x_wconf 70' lang='lat' dir='ltr'><strong>dona</strong></span> 
     </span>
    </p>
   </div>
   <div class='ocr_carea' id='block_1_46' title="bbox 578 3339 3882 3423">
    <p class='ocr_par' dir='ltr' id='par_1_46' title="bbox 578 3339 3882 3423">
     <span class='ocr_line' id='line_1_46' title="bbox 578 3339 3882 3423; baseline 0.006 -39"><span class='ocrx_word' id='word_1_462' title='bbox 578 3339 724 3398; x_wconf 72' lang='grc' dir='ltr'><strong>υειιε</strong></span> <span class='ocrx_word' id='word_1_463' title='bbox 764 3344 1002 3400; x_wconf 72' lang='grc' dir='ltr'><strong>[υιιιηηι</strong></span> <span class='ocrx_word' id='word_1_464' title='bbox 1041 3346 1181 3402; x_wconf 64' lang='lat' dir='ltr'><strong>hanc</strong></span> <span class='ocrx_word' id='word_1_465' title='bbox 1210 3349 1538 3418; x_wconf 51' lang='lat' dir='ltr'><strong>sapientiam</strong></span> <span class='ocrx_word' id='word_1_466' title='bbox 1571 3363 1701 3407; x_wconf 56' lang='lat' dir='ltr'><strong>ante</strong></span> <span class='ocrx_word' id='word_1_467' title='bbox 1729 3353 2003 3422; x_wconf 59' lang='lat' dir='ltr'><strong>pravvidil’</strong></span> <span class='ocrx_word' id='word_1_468' title='bbox 2030 3354 2172 3423; x_wconf 70' lang='grc' dir='ltr'><strong>ιιιιυά</strong></span> <span class='ocrx_word' id='word_1_469' title='bbox 2278 3340 2519 3410; x_wconf 85' lang='lat' dir='ltr'><strong>Spiritus</strong></span> <span class='ocrx_word' id='word_1_470' title='bbox 2549 3342 2746 3406; x_wconf 88' lang='lat' dir='ltr'><strong>sancti,</strong></span> <span class='ocrx_word' id='word_1_471' title='bbox 2779 3351 3001 3399; x_wconf 83' lang='lat' dir='ltr'><strong>sanctus</strong></span> <span class='ocrx_word' id='word_1_472' title='bbox 3026 3344 3134 3400; x_wconf 80' lang='lat' dir='ltr'><strong>Job</strong></span> <span class='ocrx_word' id='word_1_473' title='bbox 3162 3346 3390 3416; x_wconf 79' lang='lat' dir='ltr'><strong>largiter</strong></span> <span class='ocrx_word' id='word_1_474' title='bbox 3430 3347 3532 3402; x_wconf 77' lang='lat' dir='ltr'><strong>sibi</strong></span> <span class='ocrx_word' id='word_1_475' title='bbox 3574 3348 3750 3403; x_wconf 66' lang='lat' dir='ltr'><strong>ell&#39;nsa</strong></span> <span class='ocrx_word' id='word_1_476' title='bbox 3799 3365 3882 3403; x_wconf 81' lang='lat' dir='ltr'><strong>vo-</strong></span> 
     </span>
    </p>
   </div>
   <div class='ocr_carea' id='block_1_47' title="bbox 575 3434 3882 3510">
    <p class='ocr_par' dir='ltr' id='par_1_47' title="bbox 575 3434 3882 3510">
     <span class='ocr_line' id='line_1_47' title="bbox 575 3434 3882 3510; baseline 0.008 -21"><span class='ocrx_word' id='word_1_477' title='bbox 575 3443 720 3491; x_wconf 86' lang='lat' dir='ltr'><strong>totus</strong></span> <span class='ocrx_word' id='word_1_478' title='bbox 748 3438 982 3494; x_wconf 89' lang='lat' dir='ltr'><strong>mundus</strong></span> <span class='ocrx_word' id='word_1_479' title='bbox 1012 3440 1262 3497; x_wconf 86' lang='lat' dir='ltr'><strong>timorem</strong></span> <span class='ocrx_word' id='word_1_480' title='bbox 1299 3442 1442 3497; x_wconf 90' lang='lat' dir='ltr'><strong>illius</strong></span> <span class='ocrx_word' id='word_1_481' title='bbox 1465 3443 1750 3498; x_wconf 82' lang='lat' dir='ltr'><strong>habiturus</strong></span> <span class='ocrx_word' id='word_1_482' title='bbox 1772 3454 1940 3500; x_wconf 88' lang='lat' dir='ltr'><strong>esset.</strong></span> <span class='ocrx_word' id='word_1_483' title='bbox 2277 3434 2379 3489; x_wconf 73' lang='grc' dir='ltr'><strong>Ιυίι</strong></span> <span class='ocrx_word' id='word_1_484' title='bbox 2429 3436 2837 3492; x_wconf 70' lang='grc' dir='ltr'><strong>ἀεῐηοηδιτθτθ·</strong></span> <span class='ocrx_word' id='word_1_485' title='bbox 2867 3436 2964 3492; x_wconf 74' lang='grc' dir='ltr'><strong>Πίο</strong></span> <span class='ocrx_word' id='word_1_486' title='bbox 2989 3449 3070 3494; x_wconf 71' lang='grc' dir='ltr'><strong>εει</strong></span> <span class='ocrx_word' id='word_1_487' title='bbox 3100 3455 3234 3510; x_wconf 72' lang='grc' dir='ltr'><strong>θτεο</strong></span> <span class='ocrx_word' id='word_1_488' title='bbox 3263 3441 3444 3496; x_wconf 55' lang='lat' dir='ltr'><strong>&quot;lem&quot;</strong></span> <span class='ocrx_word' id='word_1_489' title='bbox 3474 3441 3680 3507; x_wconf 57' lang='lat'><strong>&quot;3‘1&quot;&quot;,</strong></span> <span class='ocrx_word' id='word_1_490' title='bbox 3713 3452 3768 3498; x_wconf 69' lang='grc' dir='ltr'>εί</span> <span class='ocrx_word' id='word_1_491' title='bbox 3793 3459 3882 3498; x_wconf 67' lang='lat'><strong>&quot;9&#39;</strong></span> 
     </span>
    </p>
   </div>
   <div class='ocr_carea' id='block_1_48' title="bbox 651 3526 3884 3607">
    <p class='ocr_par' dir='ltr' id='par_1_48' title="bbox 651 3526 3884 3607">
     <span class='ocr_line' id='line_1_48' title="bbox 651 3526 3884 3607; baseline 0.009 -26"><span class='ocrx_word' id='word_1_492' title='bbox 651 3526 788 3585; x_wconf 84' lang='lat' dir='ltr'><strong>Ecce</strong></span> <span class='ocrx_word' id='word_1_493' title='bbox 809 3533 964 3586; x_wconf 87' lang='lat' dir='ltr'><strong>timor</strong></span> <span class='ocrx_word' id='word_1_494' title='bbox 991 3530 1228 3599; x_wconf 88' lang='lat' dir='ltr'><strong>Domini,</strong></span> <span class='ocrx_word' id='word_1_495' title='bbox 1259 3534 1375 3601; x_wconf 90' lang='lat' dir='ltr'><strong>ipsa</strong></span> <span class='ocrx_word' id='word_1_496' title='bbox 1404 3545 1477 3589; x_wconf 91' lang='lat' dir='ltr'><strong>est</strong></span> <span class='ocrx_word' id='word_1_497' title='bbox 1493 3538 1782 3607; x_wconf 84' lang='lat' dir='ltr'><strong>sapientia,</strong></span> <span class='ocrx_word' id='word_1_498' title='bbox 1811 3547 1859 3591; x_wconf 89' lang='lat' dir='ltr'><strong>et</strong></span> <span class='ocrx_word' id='word_1_499' title='bbox 1879 3540 2117 3593; x_wconf 76' lang='lat' dir='ltr'><strong>recedere</strong></span> <span class='ocrx_word' id='word_1_500' title='bbox 2145 3557 2176 3593; x_wconf 90' lang='lat' dir='ltr'><strong>a</strong></span> <span class='ocrx_word' id='word_1_501' title='bbox 2279 3545 2421 3593; x_wconf 60' lang='lat' dir='ltr'><strong>Tum,</strong></span> <span class='ocrx_word' id='word_1_502' title='bbox 2451 3531 2541 3600; x_wconf 79' lang='grc' dir='ltr'><strong>(11ιὶ</strong></span> <span class='ocrx_word' id='word_1_503' title='bbox 2571 3541 2656 3585; x_wconf 67' lang='grc' dir='ltr'><strong>εει</strong></span> <span class='ocrx_word' id='word_1_504' title='bbox 2680 3531 2916 3600; x_wconf 53' lang='lat' dir='ltr'><strong>Spiritus</strong></span> <span class='ocrx_word' id='word_1_505' title='bbox 2945 3542 3173 3587; x_wconf 63' lang='lat' dir='ltr'><strong>“news</strong></span> <span class='ocrx_word' id='word_1_506' title='bbox 3198 3533 3344 3588; x_wconf 71' lang='grc' dir='ltr'><strong>Ρίητί</strong></span> <span class='ocrx_word' id='word_1_507' title='bbox 3377 3543 3434 3589; x_wconf 54' lang='lat' dir='ltr'><strong>et</strong></span> <span class='ocrx_word' id='word_1_508' title='bbox 3473 3534 3618 3590; x_wconf 52' lang='lat' dir='ltr'><strong>Filio</strong></span> <span class='ocrx_word' id='word_1_509' title='bbox 3652 3537 3884 3590; x_wconf 63' lang='lat' dir='ltr'><strong>cons‘m‘</strong></span> 
     </span>
    </p>
   </div>
   <div class='ocr_carea' id='block_1_49' title="bbox 581 3626 3880 3706">
    <p class='ocr_par' dir='ltr' id='par_1_49' title="bbox 581 3626 3880 3706">
     <span class='ocr_line' id='line_1_49' title="bbox 581 3626 3880 3706; baseline 0.005 -39"><span class='ocrx_word' id='word_1_510' title='bbox 581 3626 748 3695; x_wconf 56' lang='lat' dir='ltr'><strong>malo,</strong></span> <span class='ocrx_word' id='word_1_511' title='bbox 804 3628 1174 3700; x_wconf 56' lang='lat' dir='ltr'><strong>intelligentia,</strong></span> <span class='ocrx_word' id='word_1_512' title='bbox 1228 3629 1382 3684; x_wconf 70' lang='grc' dir='ltr'><strong>Αιιει·</strong></span> <span class='ocrx_word' id='word_1_513' title='bbox 1437 3630 1601 3685; x_wconf 75' lang='grc' dir='ltr'><strong>ιίηιοι-</strong></span> <span class='ocrx_word' id='word_1_514' title='bbox 1641 3643 1745 3698; x_wconf 62' lang='grc' dir='ltr'><strong>ρει,</strong></span> <span class='ocrx_word' id='word_1_515' title='bbox 1781 3650 1849 3689; x_wconf 76' lang='grc' dir='ltr'><strong>ηε</strong></span> <span class='ocrx_word' id='word_1_516' title='bbox 1888 3637 2175 3706; x_wconf 64' lang='lat' dir='ltr'><strong>quisquam</strong></span> <span class='ocrx_word' id='word_1_517' title='bbox 2281 3627 2575 3680; x_wconf 86' lang='lat' dir='ltr'><strong>stantialis.</strong></span> <span class='ocrx_word' id='word_1_518' title='bbox 2631 3627 2747 3682; x_wconf 90' lang='lat' dir='ltr'><strong>lloc</strong></span> <span class='ocrx_word' id='word_1_519' title='bbox 2793 3642 2926 3697; x_wconf 89' lang='lat' dir='ltr'><strong>ergo</strong></span> <span class='ocrx_word' id='word_1_520' title='bbox 2973 3628 3096 3682; x_wconf 91' lang='lat' dir='ltr'><strong>oleo</strong></span> <span class='ocrx_word' id='word_1_521' title='bbox 3149 3639 3371 3683; x_wconf 87' lang='lat' dir='ltr'><strong>sanctus</strong></span> <span class='ocrx_word' id='word_1_522' title='bbox 3417 3629 3522 3684; x_wconf 86' lang='lat' dir='ltr'><strong>Job</strong></span> <span class='ocrx_word' id='word_1_523' title='bbox 3549 3629 3880 3696; x_wconf 68' lang='lat' dir='ltr'><strong>abundabat,</strong></span> 
     </span>
    </p>
   </div>
   <div class='ocr_carea' id='block_1_50' title="bbox 580 3717 2170 3797">
    <p class='ocr_par' dir='ltr' id='par_1_50' title="bbox 580 3718 2170 3797">
     <span class='ocr_line' id='line_1_50' title="bbox 580 3718 2170 3797; baseline 0.007 -23"><span class='ocrx_word' id='word_1_524' title='bbox 580 3718 750 3775; x_wconf 88' lang='lat' dir='ltr'><strong>Deum</strong></span> <span class='ocrx_word' id='word_1_525' title='bbox 765 3718 999 3774; x_wconf 74' lang='lat' dir='ltr'><strong>ollendat</strong></span> <span class='ocrx_word' id='word_1_526' title='bbox 1025 3738 1039 3774; x_wconf 90' lang='lat'>:</span> <span class='ocrx_word' id='word_1_527' title='bbox 1058 3720 1198 3776; x_wconf 89' lang='lat' dir='ltr'><strong>alter</strong></span> <span class='ocrx_word' id='word_1_528' title='bbox 1215 3735 1347 3776; x_wconf 86' lang='lat' dir='ltr'><strong>vero</strong></span> <span class='ocrx_word' id='word_1_529' title='bbox 1362 3723 1407 3776; x_wconf 90' lang='lat' dir='ltr'><strong>si</strong></span> <span class='ocrx_word' id='word_1_530' title='bbox 1433 3722 1743 3781; x_wconf 69' lang='lat' dir='ltr'><strong>offenderit.</strong></span> <span class='ocrx_word' id='word_1_531' title='bbox 1762 3725 1859 3780; x_wconf 85' lang='lat' dir='ltr'><strong>llle</strong></span> <span class='ocrx_word' id='word_1_532' title='bbox 1881 3729 2032 3797; x_wconf 87' lang='lat' dir='ltr'><strong>prior</strong></span> <span class='ocrx_word' id='word_1_533' title='bbox 2052 3745 2170 3785; x_wconf 84' lang='lat' dir='ltr'><strong>san-</strong></span> 
     </span>
    </p>
   </div>
   <div class='ocr_carea' id='block_1_51' title="bbox 1936 3717 3526 3797">
    <p class='ocr_par' dir='ltr' id='par_1_51' title="bbox 1936 3717 3526 3790">
     <span class='ocr_line' id='line_1_51' title="bbox 1936 3717 3526 3790; baseline 0.003 -19"><span class='ocrx_word' id='word_1_534' title='bbox 1936 3729 2032 3784; x_wconf 77' lang='grc' dir='ltr'><strong>-ῑοι-</strong></span> <span class='ocrx_word' id='word_1_535' title='bbox 2052 3745 2179 3785; x_wconf 67' lang='lat' dir='ltr'><strong>san-</strong></span> <span class='ocrx_word' id='word_1_536' title='bbox 2280 3733 2389 3790; x_wconf 90' lang='lat' dir='ltr'><strong>quo</strong></span> <span class='ocrx_word' id='word_1_537' title='bbox 2418 3727 2473 3772; x_wconf 87' lang='lat' dir='ltr'><strong>et</strong></span> <span class='ocrx_word' id='word_1_538' title='bbox 2501 3719 2786 3774; x_wconf 74' lang='lat' dir='ltr'><strong>charitatis</strong></span> <span class='ocrx_word' id='word_1_539' title='bbox 2815 3717 3155 3789; x_wconf 84' lang='lat' dir='ltr'><strong>pinguedine</strong></span> <span class='ocrx_word' id='word_1_540' title='bbox 3191 3721 3526 3790; x_wconf 83' lang='lat' dir='ltr'><strong>replebatnr.</strong></span> 
     </span>
    </p>
   </div>
   <div class='ocr_carea' id='block_1_52' title="bbox 577 3811 2167 3884">
    <p class='ocr_par' dir='ltr' id='par_1_52' title="bbox 577 3813 2167 3879">
     <span class='ocr_line' id='line_1_52' title="bbox 577 3813 2167 3879; baseline 0.004 -10"><span class='ocrx_word' id='word_1_541' title='bbox 577 3823 722 3876; x_wconf 88' lang='lat' dir='ltr'><strong>ctus,</strong></span> <span class='ocrx_word' id='word_1_542' title='bbox 746 3822 803 3868; x_wconf 91' lang='lat' dir='ltr'><strong>et</strong></span> <span class='ocrx_word' id='word_1_543' title='bbox 835 3813 1152 3879; x_wconf 84' lang='lat' dir='ltr'><strong>laudabilis,</strong></span> <span class='ocrx_word' id='word_1_544' title='bbox 1181 3815 1284 3870; x_wconf 87' lang='lat' dir='ltr'><strong>iste</strong></span> <span class='ocrx_word' id='word_1_545' title='bbox 1308 3815 1449 3871; x_wconf 81' lang='lat' dir='ltr'><strong>alios</strong></span> <span class='ocrx_word' id='word_1_546' title='bbox 1480 3831 1588 3872; x_wconf 93' lang='lat' dir='ltr'><strong>non</strong></span> <span class='ocrx_word' id='word_1_547' title='bbox 1624 3818 1830 3874; x_wconf 91' lang='lat' dir='ltr'><strong>habens</strong></span> <span class='ocrx_word' id='word_1_548' title='bbox 1856 3819 2167 3877; x_wconf 84' lang='lat' dir='ltr'><strong>cbaritatem</strong></span> 
     </span>
    </p>
   </div>
   <div class='ocr_carea' id='block_1_53' title="bbox 2291 3811 3881 3884">
    <p class='ocr_par' dir='ltr' id='par_1_53' title="bbox 2358 3811 3881 3884">
     <span class='ocr_line' id='line_1_53' title="bbox 2358 3811 3881 3884; baseline 0.003 -22"><span class='ocrx_word' id='word_1_549' title='bbox 2358 3811 2578 3876; x_wconf 85' lang='lat' dir='ltr'><strong>Quando</strong></span> <span class='ocrx_word' id='word_1_550' title='bbox 2600 3811 2937 3883; x_wconf 81' lang='lat' dir='ltr'><strong>procedebam</strong></span> <span class='ocrx_word' id='word_1_551' title='bbox 2959 3812 3029 3864; x_wconf 91' lang='lat' dir='ltr'><strong>ad</strong></span> <span class='ocrx_word' id='word_1_552' title='bbox 3053 3822 3259 3880; x_wconf 88' lang='lat' dir='ltr'><strong>portam</strong></span> <span class='ocrx_word' id='word_1_553' title='bbox 3287 3812 3527 3879; x_wconf 86' lang='lat' dir='ltr'><strong>civitatis,</strong></span> <span class='ocrx_word' id='word_1_554' title='bbox 3561 3822 3608 3867; x_wconf 89' lang='lat' dir='ltr'><strong>et</strong></span> <span class='ocrx_word' id='word_1_555' title='bbox 3637 3814 3693 3867; x_wconf 88' lang='lat' dir='ltr'><strong>in</strong></span> <span class='ocrx_word' id='word_1_556' title='bbox 3721 3814 3881 3884; x_wconf 68' lang='lat' dir='ltr'><strong>platt&#39;a</strong></span> 
     </span>
    </p>
   </div>
   <div class='ocr_carea' id='block_1_54' title="bbox 582 3905 3881 3978">
    <p class='ocr_par' dir='ltr' id='par_1_54' title="bbox 582 3905 3881 3978">
     <span class='ocr_line' id='line_1_54' title="bbox 582 3905 3881 3978; baseline 0.005 -32"><span class='ocrx_word' id='word_1_557' title='bbox 582 3905 678 3961; x_wconf 68' lang='lat' dir='ltr'><strong>sed</strong></span> <span class='ocrx_word' id='word_1_558' title='bbox 707 3920 945 3973; x_wconf 69' lang='grc' dir='ltr'><strong>βωηεηη,</strong></span> <span class='ocrx_word' id='word_1_559' title='bbox 978 3906 1217 3962; x_wconf 74' lang='lat' dir='ltr'><strong>Proinde</strong></span> <span class='ocrx_word' id='word_1_560' title='bbox 1243 3907 1310 3964; x_wconf 78' lang='lat' dir='ltr'><strong>de</strong></span> <span class='ocrx_word' id='word_1_561' title='bbox 1337 3909 1440 3965; x_wconf 76' lang='lat' dir='ltr'><strong>hoc</strong></span> <span class='ocrx_word' id='word_1_562' title='bbox 1471 3911 1805 3976; x_wconf 59' lang='lat' dir='ltr'><strong>&#39;jragdicabiji</strong></span> <span class='ocrx_word' id='word_1_563' title='bbox 1834 3916 2026 3971; x_wconf 60' lang='lat' dir='ltr'><strong>timore</strong></span> <span class='ocrx_word' id='word_1_564' title='bbox 2053 3917 2182 3972; x_wconf 50' lang='lat' dir='ltr'><strong>dicit</strong></span> <span class='ocrx_word' id='word_1_565' title='bbox 2283 3906 2530 3978; x_wconf 76' lang='lat' dir='ltr'><strong>parabam</strong></span> <span class='ocrx_word' id='word_1_566' title='bbox 2571 3906 2871 3958; x_wconf 82' lang='lat' dir='ltr'><strong>cathedram</strong></span> <span class='ocrx_word' id='word_1_567' title='bbox 2911 3906 3060 3960; x_wconf 82' lang='lat' dir='ltr'><strong>mihi.</strong></span> <span class='ocrx_word' id='word_1_568' title='bbox 3096 3905 3444 3960; x_wconf 81' lang='lat' dir='ltr'><strong>Manifestum</strong></span> <span class='ocrx_word' id='word_1_569' title='bbox 3491 3914 3598 3973; x_wconf 78' lang='lat' dir='ltr'><strong>est,</strong></span> <span class='ocrx_word' id='word_1_570' title='bbox 3631 3910 3757 3977; x_wconf 89' lang='lat' dir='ltr'><strong>quia</strong></span> <span class='ocrx_word' id='word_1_571' title='bbox 3796 3907 3881 3961; x_wconf 68' lang='grc' dir='ltr'><strong>ιιι-</strong></span> 
     </span>
    </p>
   </div>
   <div class='ocr_carea' id='block_1_55' title="bbox 583 3995 2173 4074">
    <p class='ocr_par' dir='ltr' id='par_1_55' title="bbox 583 3995 2173 4074">
     <span class='ocr_line' id='line_1_55' title="bbox 583 3995 2173 4074; baseline 0.005 -22"><span class='ocrx_word' id='word_1_572' title='bbox 583 3995 870 4052; x_wconf 80' lang='lat' dir='ltr'><strong>PsalmiSta</strong></span> <span class='ocrx_word' id='word_1_573' title='bbox 907 4015 920 4052; x_wconf 93' lang='lat'><strong>:</strong></span> <span class='ocrx_word' id='word_1_574' title='bbox 954 3997 1136 4052; x_wconf 85' lang='lat' dir='ltr'><strong>Timor</strong></span> <span class='ocrx_word' id='word_1_575' title='bbox 1164 3997 1380 4056; x_wconf 86' lang='lat' dir='ltr'><strong>Domini</strong></span> <span class='ocrx_word' id='word_1_576' title='bbox 1424 4017 1633 4058; x_wconf 87' lang='lat' dir='ltr'><strong>sanctus</strong></span> <span class='ocrx_word' id='word_1_577' title='bbox 1665 4021 1969 4074; x_wconf 84' lang='lat' dir='ltr'><strong>permanens</strong></span> <span class='ocrx_word' id='word_1_578' title='bbox 1998 4009 2053 4062; x_wconf 86' lang='lat' dir='ltr'><strong>in</strong></span> <span class='ocrx_word' id='word_1_579' title='bbox 2087 4026 2173 4063; x_wconf 72' lang='lat' dir='ltr'><strong>sar-</strong></span> 
     </span>
    </p>
   </div>
   <div class='ocr_carea' id='block_1_56' title="bbox 2289 3995 3879 4074">
    <p class='ocr_par' dir='ltr' id='par_1_56' title="bbox 2289 3996 3879 4066">
     <span class='ocr_line' id='line_1_56' title="bbox 2289 3996 3879 4066; baseline -0.003 -13"><span class='ocrx_word' id='word_1_580' title='bbox 2289 3997 2528 4053; x_wconf 73' lang='lat' dir='ltr'><strong>daenrum</strong></span> <span class='ocrx_word' id='word_1_581' title='bbox 2557 3996 2770 4066; x_wconf 87' lang='lat' dir='ltr'><strong>jndices</strong></span> <span class='ocrx_word' id='word_1_582' title='bbox 2805 3996 2858 4050; x_wconf 91' lang='lat' dir='ltr'><strong>in</strong></span> <span class='ocrx_word' id='word_1_583' title='bbox 2896 3998 3071 4066; x_wconf 87' lang='lat' dir='ltr'><strong>portis</strong></span> <span class='ocrx_word' id='word_1_584' title='bbox 3107 3996 3413 4064; x_wconf 86' lang='lat' dir='ltr'><strong>sedebant,</strong></span> <span class='ocrx_word' id='word_1_585' title='bbox 3449 4004 3507 4050; x_wconf 88' lang='lat' dir='ltr'><strong>ut</strong></span> <span class='ocrx_word' id='word_1_586' title='bbox 3549 3997 3879 4052; x_wconf 63' lang='lat' dir='ltr'><strong>vindicarent</strong></span> 
     </span>
    </p>
   </div>
   <div class='ocr_carea' id='block_1_57' title="bbox 587 4091 2177 4171">
    <p class='ocr_par' dir='ltr' id='par_1_57' title="bbox 587 4091 2177 4171">
     <span class='ocr_line' id='line_1_57' title="bbox 587 4091 2177 4171; baseline 0.006 -25"><span class='ocrx_word' id='word_1_587' title='bbox 587 4091 767 4146; x_wconf 87' lang='lat' dir='ltr'><strong>culum</strong></span> <span class='ocrx_word' id='word_1_588' title='bbox 793 4093 997 4147; x_wconf 66' lang='lat' dir='ltr'><strong>saeculi.</strong></span> <span class='ocrx_word' id='word_1_589' title='bbox 1052 4093 1127 4149; x_wconf 90' lang='lat' dir='ltr'><strong>De</strong></span> <span class='ocrx_word' id='word_1_590' title='bbox 1181 4093 1291 4148; x_wconf 89' lang='lat' dir='ltr'><strong>alio</strong></span> <span class='ocrx_word' id='word_1_591' title='bbox 1339 4097 1534 4154; x_wconf 89' lang='lat' dir='ltr'><strong>timore</strong></span> <span class='ocrx_word' id='word_1_592' title='bbox 1573 4099 1818 4168; x_wconf 85' lang='lat' dir='ltr'><strong>loquitur</strong></span> <span class='ocrx_word' id='word_1_593' title='bbox 1851 4103 2177 4171; x_wconf 80' lang='lat' dir='ltr'><strong>evangelista</strong></span> 
     </span>
    </p>
   </div>
   <div class='ocr_carea' id='block_1_58' title="bbox 985 4091 2575 4171">
    <p class='ocr_par' dir='ltr' id='par_1_58' title="bbox 985 4091 2575 4171">
     <span class='ocr_line' id='line_1_58' title="bbox 985 4091 2575 4171; baseline 0.01 -26"><span class='ocrx_word' id='word_1_594' title='bbox 985 4132 997 4145; x_wconf 91' lang='lat'><strong>.</strong></span> <span class='ocrx_word' id='word_1_595' title='bbox 1052 4093 1127 4149; x_wconf 90' lang='lat' dir='ltr'><strong>De</strong></span> <span class='ocrx_word' id='word_1_596' title='bbox 1181 4093 1291 4148; x_wconf 89' lang='lat' dir='ltr'><strong>alio</strong></span> <span class='ocrx_word' id='word_1_597' title='bbox 1339 4097 1534 4154; x_wconf 89' lang='lat' dir='ltr'><strong>timore</strong></span> <span class='ocrx_word' id='word_1_598' title='bbox 1573 4099 1818 4168; x_wconf 85' lang='lat' dir='ltr'><strong>loquitur</strong></span> <span class='ocrx_word' id='word_1_599' title='bbox 1851 4103 2182 4171; x_wconf 85' lang='lat' dir='ltr'><strong>evangelista</strong></span> <span class='ocrx_word' id='word_1_600' title='bbox 2289 4091 2575 4162; x_wconf 74' lang='grc' dir='ltr'><strong>Ρονιιιιιηι·</strong></span> 
     </span>
    </p>
   </div>
   <div class='ocr_carea' id='block_1_59' title="bbox 585 4183 2175 4256">
    <p class='ocr_par' dir='ltr' id='par_1_59' title="bbox 585 4183 2175 4256">
     <span class='ocr_line' id='line_1_59' title="bbox 585 4183 2175 4256; baseline 0.008 -16"><span class='ocrx_word' id='word_1_601' title='bbox 585 4183 829 4240; x_wconf 79' lang='lat' dir='ltr'><strong>Joannes</strong></span> <span class='ocrx_word' id='word_1_602' title='bbox 856 4186 912 4240; x_wconf 92' lang='lat' dir='ltr'><strong>in</strong></span> <span class='ocrx_word' id='word_1_603' title='bbox 947 4186 1190 4256; x_wconf 76' lang='lat' dir='ltr'><strong>Epistula</strong></span> <span class='ocrx_word' id='word_1_604' title='bbox 1246 4205 1340 4243; x_wconf 87' lang='lat' dir='ltr'><strong>sua</strong></span> <span class='ocrx_word' id='word_1_605' title='bbox 1373 4191 1606 4248; x_wconf 90' lang='lat' dir='ltr'><strong>dicens:</strong></span> <span class='ocrx_word' id='word_1_606' title='bbox 1643 4195 1821 4249; x_wconf 86' lang='lat' dir='ltr'><strong>Timor</strong></span> <span class='ocrx_word' id='word_1_607' title='bbox 1870 4214 1972 4251; x_wconf 89' lang='lat' dir='ltr'><strong>non</strong></span> <span class='ocrx_word' id='word_1_608' title='bbox 2015 4209 2089 4253; x_wconf 88' lang='lat' dir='ltr'><strong>est</strong></span> <span class='ocrx_word' id='word_1_609' title='bbox 2131 4200 2175 4252; x_wconf 81' lang='lat' dir='ltr'><strong>in</strong></span> 
     </span>
    </p>
   </div>
   <div class='ocr_carea' id='block_1_60' title="bbox 2289 4183 3879 4256">
    <p class='ocr_par' dir='ltr' id='par_1_60' title="bbox 2375 4185 3879 4254">
     <span class='ocr_line' id='line_1_60' title="bbox 2375 4185 3879 4254; baseline 0.001 -17"><span class='ocrx_word' id='word_1_610' title='bbox 2375 4185 2626 4238; x_wconf 83' lang='lat' dir='ltr'><strong>Videbunt</strong></span> <span class='ocrx_word' id='word_1_611' title='bbox 2666 4201 2748 4239; x_wconf 88' lang='lat' dir='ltr'><strong>me</strong></span> <span class='ocrx_word' id='word_1_612' title='bbox 2783 4186 3022 4254; x_wconf 82' lang='lat' dir='ltr'><strong>juvenes,</strong></span> <span class='ocrx_word' id='word_1_613' title='bbox 3053 4197 3101 4240; x_wconf 89' lang='lat' dir='ltr'><strong>et</strong></span> <span class='ocrx_word' id='word_1_614' title='bbox 3155 4185 3625 4246; x_wconf 87' lang='lat' dir='ltr'><strong>abscondebantur,</strong></span> <span class='ocrx_word' id='word_1_615' title='bbox 3673 4196 3722 4238; x_wconf 92' lang='lat' dir='ltr'><strong>et</strong></span> <span class='ocrx_word' id='word_1_616' title='bbox 3750 4203 3879 4240; x_wconf 84' lang='lat' dir='ltr'><strong>senes</strong></span> 
     </span>
    </p>
   </div>
   <div class='ocr_carea' id='block_1_61' title="bbox 587 4276 2177 4353">
    <p class='ocr_par' dir='ltr' id='par_1_61' title="bbox 587 4276 2177 4353">
     <span class='ocr_line' id='line_1_61' title="bbox 587 4276 2177 4353; baseline 0.008 -22"><span class='ocrx_word' id='word_1_617' title='bbox 587 4276 866 4344; x_wconf 79' lang='lat' dir='ltr'><strong>charitate,</strong></span> <span class='ocrx_word' id='word_1_618' title='bbox 889 4278 982 4332; x_wconf 89' lang='lat' dir='ltr'><strong>sed</strong></span> <span class='ocrx_word' id='word_1_619' title='bbox 1023 4284 1252 4350; x_wconf 81' lang='lat' dir='ltr'><strong>perfecta</strong></span> <span class='ocrx_word' id='word_1_620' title='bbox 1279 4283 1510 4337; x_wconf 82' lang='lat' dir='ltr'><strong>charitas</strong></span> <span class='ocrx_word' id='word_1_621' title='bbox 1541 4286 1686 4353; x_wconf 81' lang='lat' dir='ltr'><strong>[oras</strong></span> <span class='ocrx_word' id='word_1_622' title='bbox 1722 4288 1877 4340; x_wconf 87' lang='lat' dir='ltr'><strong>mittit</strong></span> <span class='ocrx_word' id='word_1_623' title='bbox 1930 4291 2177 4345; x_wconf 82' lang='lat' dir='ltr'><strong>timorem.</strong></span> 
     </span>
    </p>
   </div>
   <div class='ocr_carea' id='block_1_62' title="bbox 2288 4276 3878 4353">
    <p class='ocr_par' dir='ltr' id='par_1_62' title="bbox 2291 4276 3878 4351">
     <span class='ocr_line' id='line_1_62' title="bbox 2291 4276 3878 4351; baseline -0.001 -19"><span class='ocrx_word' id='word_1_624' title='bbox 2291 4286 2626 4350; x_wconf 63' lang='lat' dir='ltr'><strong>assurgentes</strong></span> <span class='ocrx_word' id='word_1_625' title='bbox 2655 4277 2882 4334; x_wconf 81' lang='lat' dir='ltr'><strong>stabant.</strong></span> <span class='ocrx_word' id='word_1_626' title='bbox 2919 4278 3193 4351; x_wconf 81' lang='lat' dir='ltr'><strong>Principes</strong></span> <span class='ocrx_word' id='word_1_627' title='bbox 3226 4277 3496 4331; x_wconf 82' lang='lat' dir='ltr'><strong>cessabant</strong></span> <span class='ocrx_word' id='word_1_628' title='bbox 3527 4276 3692 4347; x_wconf 84' lang='lat' dir='ltr'><strong>loqui,</strong></span> <span class='ocrx_word' id='word_1_629' title='bbox 3732 4287 3778 4332; x_wconf 87' lang='lat' dir='ltr'><strong>et</strong></span> <span class='ocrx_word' id='word_1_630' title='bbox 3812 4280 3878 4330; x_wconf 85' lang='lat' dir='ltr'><strong>di-</strong></span> 
     </span>
    </p>
   </div>
   <div class='ocr_carea' id='block_1_63' title="bbox 587 4367 3881 4448">
    <p class='ocr_par' dir='ltr' id='par_1_63' title="bbox 587 4367 3881 4448">
     <span class='ocr_line' id='line_1_63' title="bbox 587 4367 3881 4448; baseline -0.001 -24"><span class='ocrx_word' id='word_1_631' title='bbox 587 4367 694 4437; x_wconf 74' lang='grc' dir='ltr'><strong>Ωιιὶ</strong></span> <span class='ocrx_word' id='word_1_632' title='bbox 744 4369 908 4425; x_wconf 90' lang='lat' dir='ltr'><strong>timor</strong></span> <span class='ocrx_word' id='word_1_633' title='bbox 963 4372 1148 4444; x_wconf 87' lang='lat' dir='ltr'><strong>utique</strong></span> <span class='ocrx_word' id='word_1_634' title='bbox 1205 4387 1421 4443; x_wconf 69' lang='lat' dir='ltr'><strong>poenam</strong></span> <span class='ocrx_word' id='word_1_635' title='bbox 1470 4375 1653 4444; x_wconf 72' lang='lat' dir='ltr'><strong>habet,</strong></span> <span class='ocrx_word' id='word_1_636' title='bbox 1705 4379 1831 4448; x_wconf 71' lang='lat' dir='ltr'><strong>quia</strong></span> <span class='ocrx_word' id='word_1_637' title='bbox 1879 4381 2188 4439; x_wconf 54' lang='lat' dir='ltr'><strong>dilectionis</strong></span> <span class='ocrx_word' id='word_1_638' title='bbox 2291 4373 2454 4442; x_wconf 77' lang='lat' dir='ltr'><strong>gitum</strong></span> <span class='ocrx_word' id='word_1_639' title='bbox 2485 4371 2899 4442; x_wconf 79' lang='lat' dir='ltr'><strong>superponebant</strong></span> <span class='ocrx_word' id='word_1_640' title='bbox 2926 4372 3005 4424; x_wconf 91' lang='lat' dir='ltr'><strong>ori</strong></span> <span class='ocrx_word' id='word_1_641' title='bbox 3037 4387 3150 4425; x_wconf 91' lang='lat' dir='ltr'><strong>suo.</strong></span> <span class='ocrx_word' id='word_1_642' title='bbox 3197 4369 3383 4425; x_wconf 77' lang='lat' dir='ltr'><strong>Vorem</strong></span> <span class='ocrx_word' id='word_1_643' title='bbox 3415 4386 3565 4424; x_wconf 89' lang='lat' dir='ltr'><strong>suam</strong></span> <span class='ocrx_word' id='word_1_644' title='bbox 3594 4368 3881 4425; x_wconf 77' lang='lat' dir='ltr'><strong>cohibebant</strong></span> 
     </span>
    </p>
   </div>
   <div class='ocr_carea' id='block_1_64' title="bbox 591 4460 3879 4533">
    <p class='ocr_par' dir='ltr' id='par_1_64' title="bbox 591 4460 3879 4533">
     <span class='ocr_line' id='line_1_64' title="bbox 591 4460 3879 4533; baseline -0.001 -16"><span class='ocrx_word' id='word_1_645' title='bbox 591 4460 847 4518; x_wconf 85' lang='lat' dir='ltr'><strong>meritum</strong></span> <span class='ocrx_word' id='word_1_646' title='bbox 877 4479 986 4522; x_wconf 88' lang='lat' dir='ltr'><strong>non</strong></span> <span class='ocrx_word' id='word_1_647' title='bbox 1019 4465 1184 4522; x_wconf 81' lang='lat' dir='ltr'><strong>habet</strong></span> <span class='ocrx_word' id='word_1_648' title='bbox 1222 4485 1236 4521; x_wconf 73' lang='grc' dir='ltr'>ε</span> <span class='ocrx_word' id='word_1_649' title='bbox 2293 4461 2472 4526; x_wconf 85' lang='lat' dir='ltr'><strong>duces,</strong></span> <span class='ocrx_word' id='word_1_650' title='bbox 2520 4469 2567 4513; x_wconf 81' lang='lat' dir='ltr'><strong>et</strong></span> <span class='ocrx_word' id='word_1_651' title='bbox 2597 4462 2780 4530; x_wconf 85' lang='lat' dir='ltr'><strong>lingua</strong></span> <span class='ocrx_word' id='word_1_652' title='bbox 2801 4477 2978 4514; x_wconf 88' lang='lat' dir='ltr'><strong>eorum</strong></span> <span class='ocrx_word' id='word_1_653' title='bbox 3009 4461 3211 4533; x_wconf 80' lang='lat' dir='ltr'><strong>gutturi</strong></span> <span class='ocrx_word' id='word_1_654' title='bbox 3243 4477 3339 4515; x_wconf 89' lang='lat' dir='ltr'><strong>suo</strong></span> <span class='ocrx_word' id='word_1_655' title='bbox 3368 4460 3689 4516; x_wconf 80' lang='lat' dir='ltr'><strong>adhterebat.</strong></span> <span class='ocrx_word' id='word_1_656' title='bbox 3719 4460 3879 4515; x_wconf 70' lang='lat' dir='ltr'><strong>Reve-</strong></span> 
     </span>
    </p>
   </div>
   <div class='ocr_carea' id='block_1_65' title="bbox 1168 4552 3878 4642">
    <p class='ocr_par' dir='ltr' id='par_1_65' title="bbox 1168 4552 3878 4642">
     <span class='ocr_line' id='line_1_65' title="bbox 1168 4552 3878 4642; baseline 0.003 -43"><span class='ocrx_word' id='word_1_657' title='bbox 1168 4581 1399 4640; x_wconf 67' lang='lat' dir='ltr'><strong>CAPUT</strong></span> <span class='ocrx_word' id='word_1_658' title='bbox 1428 4583 1620 4642; x_wconf 46' lang='lat' dir='ltr'><strong>XXIX.</strong></span> <span class='ocrx_word' id='word_1_659' title='bbox 2217 4639 2255 4642; x_wconf 79' lang='lat'>_</span> <span class='ocrx_word' id='word_1_660' title='bbox 2296 4553 2532 4608; x_wconf 86' lang='lat' dir='ltr'><strong>rentiam</strong></span> <span class='ocrx_word' id='word_1_661' title='bbox 2577 4552 2674 4621; x_wconf 89' lang='lat' dir='ltr'><strong>pii,</strong></span> <span class='ocrx_word' id='word_1_662' title='bbox 2705 4563 2762 4607; x_wconf 89' lang='lat' dir='ltr'><strong>et</strong></span> <span class='ocrx_word' id='word_1_663' title='bbox 2790 4554 2962 4608; x_wconf 85' lang='lat' dir='ltr'><strong>sancti</strong></span> <span class='ocrx_word' id='word_1_664' title='bbox 3022 4554 3256 4619; x_wconf 89' lang='lat' dir='ltr'><strong>timoris,</strong></span> <span class='ocrx_word' id='word_1_665' title='bbox 3305 4569 3470 4624; x_wconf 81' lang='lat' dir='ltr'><strong>quam</strong></span> <span class='ocrx_word' id='word_1_666' title='bbox 3503 4555 3554 4608; x_wconf 92' lang='lat' dir='ltr'><strong>ei</strong></span> <span class='ocrx_word' id='word_1_667' title='bbox 3585 4569 3692 4607; x_wconf 90' lang='lat' dir='ltr'><strong>non</strong></span> <span class='ocrx_word' id='word_1_668' title='bbox 3725 4553 3878 4607; x_wconf 87' lang='lat' dir='ltr'><strong>solum</strong></span> 
     </span>
    </p>
   </div>
   <div class='ocr_carea' id='block_1_66' title="bbox 2217 4639 3881 4716">
    <p class='ocr_par' dir='ltr' id='par_1_66' title="bbox 2217 4639 3881 4716">
     <span class='ocr_line' id='line_1_66' title="bbox 2217 4639 3881 4716; baseline -0.001 -15"><span class='ocrx_word' id='word_1_669' title='bbox 2217 4639 2272 4701; x_wconf 87' lang='lat' dir='ltr'><strong>D</strong></span> <span class='ocrx_word' id='word_1_670' title='bbox 2295 4646 2475 4700; x_wconf 90' lang='lat' dir='ltr'><strong>omnis</strong></span> <span class='ocrx_word' id='word_1_671' title='bbox 2503 4653 2658 4711; x_wconf 68' lang='lat' dir='ltr'><strong>aetas,</strong></span> <span class='ocrx_word' id='word_1_672' title='bbox 2685 4660 2874 4701; x_wconf 86' lang='lat' dir='ltr'><strong>verum</strong></span> <span class='ocrx_word' id='word_1_673' title='bbox 2893 4647 3060 4702; x_wconf 73' lang='lat' dir='ltr'><strong>etiam</strong></span> <span class='ocrx_word' id='word_1_674' title='bbox 3085 4646 3359 4701; x_wconf 69' lang='lat' dir='ltr'><strong>universm</strong></span> <span class='ocrx_word' id='word_1_675' title='bbox 3385 4653 3679 4716; x_wconf 83' lang='lat' dir='ltr'><strong>potestates</strong></span> <span class='ocrx_word' id='word_1_676' title='bbox 3707 4645 3881 4700; x_wconf 87' lang='lat' dir='ltr'><strong>metito</strong></span> 
     </span>
    </p>
   </div>
   <div class='ocr_carea' id='block_1_67' title="bbox 668 4713 2258 4805">
    <p class='ocr_par' dir='ltr' id='par_1_67' title="bbox 668 4713 2195 4791">
     <span class='ocr_line' id='line_1_67' title="bbox 668 4713 2195 4791; baseline 0.009 -23"><span class='ocrx_word' id='word_1_677' title='bbox 668 4713 884 4768; x_wconf 78' lang='lat' dir='ltr'><strong>Addidit</strong></span> <span class='ocrx_word' id='word_1_678' title='bbox 913 4733 1120 4788; x_wconf 84' lang='lat' dir='ltr'><strong>quoque</strong></span> <span class='ocrx_word' id='word_1_679' title='bbox 1144 4715 1245 4772; x_wconf 85' lang='lat' dir='ltr'><strong>Job</strong></span> <span class='ocrx_word' id='word_1_680' title='bbox 1257 4736 1522 4775; x_wconf 85' lang='lat' dir='ltr'><strong>assumens</strong></span> <span class='ocrx_word' id='word_1_681' title='bbox 1541 4723 1845 4790; x_wconf 89' lang='lat' dir='ltr'><strong>parabolam</strong></span> <span class='ocrx_word' id='word_1_682' title='bbox 1859 4743 2024 4791; x_wconf 88' lang='lat' dir='ltr'><strong>suam.</strong></span> <span class='ocrx_word' id='word_1_683' title='bbox 2045 4739 2093 4785; x_wconf 89' lang='lat' dir='ltr'><strong>et</strong></span> <span class='ocrx_word' id='word_1_684' title='bbox 2113 4732 2169 4783; x_wconf 88' lang='lat' dir='ltr'><strong>di</strong></span> <span class='ocrx_word' id='word_1_685' title='bbox 2175 4760 2195 4772; x_wconf 85' lang='lat'><strong>-</strong></span> 
     </span>
    </p>
   </div>
   <div class='ocr_carea' id='block_1_68' title="bbox 1929 4713 3519 4805">
    <p class='ocr_par' dir='ltr' id='par_1_68' title="bbox 1929 4732 3519 4805">
     <span class='ocr_line' id='line_1_68' title="bbox 1929 4732 3519 4805; baseline 0.001 -12"><span class='ocrx_word' id='word_1_686' title='bbox 1929 4744 2024 4791; x_wconf 71' lang='grc' dir='ltr'><strong>αηι.</strong></span> <span class='ocrx_word' id='word_1_687' title='bbox 2045 4732 2195 4785; x_wconf 75' lang='grc' dir='ltr'><strong>ειάί·</strong></span> <span class='ocrx_word' id='word_1_688' title='bbox 2296 4737 2641 4805; x_wconf 75' lang='lat' dir='ltr'><strong>deferebant,</strong></span> <span class='ocrx_word' id='word_1_689' title='bbox 2672 4739 2756 4792; x_wconf 90' lang='lat' dir='ltr'><strong>his</strong></span> <span class='ocrx_word' id='word_1_690' title='bbox 2792 4741 3082 4796; x_wconf 85' lang='lat' dir='ltr'><strong>versiculis</strong></span> <span class='ocrx_word' id='word_1_691' title='bbox 3103 4741 3519 4796; x_wconf 75' lang='lat' dir='ltr'><strong>demonstravit.</strong></span> 
     </span>
    </p>
   </div>
   <div class='ocr_carea' id='block_1_69' title="bbox 588 4805 3881 4901">
    <p class='ocr_par' dir='ltr' id='par_1_69' title="bbox 588 4805 3881 4901">
     <span class='ocr_line' id='line_1_69' title="bbox 588 4805 3881 4901; baseline 0.008 -41"><span class='ocrx_word' id='word_1_692' title='bbox 588 4805 686 4860; x_wconf 71' lang='lat' dir='ltr'><strong>xit.</strong></span> <span class='ocrx_word' id='word_1_693' title='bbox 719 4805 1038 4863; x_wconf 89' lang='lat' dir='ltr'><strong>Secundunt</strong></span> <span class='ocrx_word' id='word_1_694' title='bbox 1063 4811 1406 4881; x_wconf 88' lang='lat' dir='ltr'><strong>superiorem</strong></span> <span class='ocrx_word' id='word_1_695' title='bbox 1438 4815 1680 4882; x_wconf 89' lang='lat' dir='ltr'><strong>regulam</strong></span> <span class='ocrx_word' id='word_1_696' title='bbox 1705 4817 1870 4872; x_wconf 88' lang='lat' dir='ltr'><strong>etiam</strong></span> <span class='ocrx_word' id='word_1_697' title='bbox 1897 4820 2015 4875; x_wconf 87' lang='lat' dir='ltr'><strong>istic</strong></span> <span class='ocrx_word' id='word_1_698' title='bbox 2037 4822 2196 4877; x_wconf 88' lang='lat' dir='ltr'><strong>intcl-</strong></span> <span class='ocrx_word' id='word_1_699' title='bbox 2371 4831 2526 4884; x_wconf 81' lang='lat' dir='ltr'><strong>Auris</strong></span> <span class='ocrx_word' id='word_1_700' title='bbox 2549 4831 2768 4886; x_wconf 87' lang='lat' dir='ltr'><strong>audiens</strong></span> <span class='ocrx_word' id='word_1_701' title='bbox 2797 4832 3126 4901; x_wconf 78' lang='lat' dir='ltr'><strong>beatiﬁcabat</strong></span> <span class='ocrx_word' id='word_1_702' title='bbox 3149 4849 3248 4897; x_wconf 85' lang='lat' dir='ltr'><strong>me,</strong></span> <span class='ocrx_word' id='word_1_703' title='bbox 3283 4841 3330 4885; x_wconf 84' lang='lat' dir='ltr'><strong>et</strong></span> <span class='ocrx_word' id='word_1_704' title='bbox 3352 4832 3531 4885; x_wconf 86' lang='lat' dir='ltr'><strong>oculus</strong></span> <span class='ocrx_word' id='word_1_705' title='bbox 3553 4831 3728 4886; x_wconf 79' lang='lat' dir='ltr'><strong>videns</strong></span> <span class='ocrx_word' id='word_1_706' title='bbox 3757 4833 3881 4885; x_wconf 79' lang='lat' dir='ltr'><strong>testi-</strong></span> 
     </span>
    </p>
   </div>
   <div class='ocr_carea' id='block_1_70' title="bbox 592 4895 3877 4996">
    <p class='ocr_par' dir='ltr' id='par_1_70' title="bbox 592 4895 3877 4996">
     <span class='ocr_line' id='line_1_70' title="bbox 592 4895 3877 4996; baseline 0.008 -46"><span class='ocrx_word' id='word_1_707' title='bbox 592 4895 832 4968; x_wconf 75' lang='lat' dir='ltr'><strong>ligentize</strong></span> <span class='ocrx_word' id='word_1_708' title='bbox 864 4900 1064 4955; x_wconf 88' lang='lat' dir='ltr'><strong>lineam</strong></span> <span class='ocrx_word' id='word_1_709' title='bbox 1117 4903 1389 4968; x_wconf 85' lang='lat' dir='ltr'><strong>ducimus,</strong></span> <span class='ocrx_word' id='word_1_710' title='bbox 1427 4914 1485 4957; x_wconf 91' lang='lat' dir='ltr'><strong>ut</strong></span> <span class='ocrx_word' id='word_1_711' title='bbox 1509 4907 1729 4976; x_wconf 89' lang='lat' dir='ltr'><strong>quando</strong></span> <span class='ocrx_word' id='word_1_712' title='bbox 1758 4908 1810 4962; x_wconf 93' lang='lat' dir='ltr'><strong>id</strong></span> <span class='ocrx_word' id='word_1_713' title='bbox 1841 4912 1983 4979; x_wconf 92' lang='lat' dir='ltr'><strong>quod</strong></span> <span class='ocrx_word' id='word_1_714' title='bbox 2013 4915 2198 4982; x_wconf 88' lang='lat' dir='ltr'><strong>sequi-</strong></span> <span class='ocrx_word' id='word_1_715' title='bbox 2300 4923 2530 4975; x_wconf 83' lang='lat' dir='ltr'><strong>monium</strong></span> <span class='ocrx_word' id='word_1_716' title='bbox 2562 4923 2807 4977; x_wconf 77' lang='lat' dir='ltr'><strong>reddebat</strong></span> <span class='ocrx_word' id='word_1_717' title='bbox 2830 4895 2977 4988; x_wconf 80' lang='lat' dir='ltr'><strong>mihi,</strong></span> <span class='ocrx_word' id='word_1_718' title='bbox 3011 4941 3072 4978; x_wconf 88' lang='lat' dir='ltr'><strong>eo</strong></span> <span class='ocrx_word' id='word_1_719' title='bbox 3110 4895 3251 4996; x_wconf 84' lang='lat' dir='ltr'><strong>quod</strong></span> <span class='ocrx_word' id='word_1_720' title='bbox 3290 4925 3586 4980; x_wconf 85' lang='lat' dir='ltr'><strong>liberassem</strong></span> <span class='ocrx_word' id='word_1_721' title='bbox 3625 4943 3877 4996; x_wconf 60' lang='lat' dir='ltr'><strong>pauperem</strong></span> 
     </span>
    </p>
   </div>
   <div class='ocr_carea' id='block_1_71' title="bbox 594 4992 3880 5089">
    <p class='ocr_par' dir='ltr' id='par_1_71' title="bbox 594 4992 3880 5089">
     <span class='ocr_line' id='line_1_71' title="bbox 594 4992 3880 5089; baseline 0.008 -44"><span class='ocrx_word' id='word_1_722' title='bbox 594 4999 686 5047; x_wconf 92' lang='lat' dir='ltr'><strong>tur</strong></span> <span class='ocrx_word' id='word_1_723' title='bbox 711 4992 763 5048; x_wconf 90' lang='lat' dir='ltr'><strong>in</strong></span> <span class='ocrx_word' id='word_1_724' title='bbox 787 4995 1128 5050; x_wconf 87' lang='lat' dir='ltr'><strong>Salvatorem</strong></span> <span class='ocrx_word' id='word_1_725' title='bbox 1160 4996 1356 5053; x_wconf 81' lang='lat' dir='ltr'><strong>referri</strong></span> <span class='ocrx_word' id='word_1_726' title='bbox 1390 5014 1500 5053; x_wconf 88' lang='lat' dir='ltr'><strong>non</strong></span> <span class='ocrx_word' id='word_1_727' title='bbox 1539 5004 1861 5057; x_wconf 75' lang='lat' dir='ltr'><strong>cottvenerit</strong></span> <span class='ocrx_word' id='word_1_728' title='bbox 1884 5048 1899 5071; x_wconf 96' lang='lat'><strong>,</strong></span> <span class='ocrx_word' id='word_1_729' title='bbox 1930 5005 1996 5059; x_wconf 86' lang='lat' dir='ltr'><strong>ad</strong></span> <span class='ocrx_word' id='word_1_730' title='bbox 2029 5022 2196 5061; x_wconf 87' lang='lat' dir='ltr'><strong>mem-</strong></span> <span class='ocrx_word' id='word_1_731' title='bbox 2303 5015 2692 5086; x_wconf 80' lang='lat' dir='ltr'><strong>vociferantem,</strong></span> <span class='ocrx_word' id='word_1_732' title='bbox 2724 5026 2772 5070; x_wconf 88' lang='lat' dir='ltr'><strong>et</strong></span> <span class='ocrx_word' id='word_1_733' title='bbox 2793 5019 3074 5088; x_wconf 84' lang='lat' dir='ltr'><strong>pupillum,</strong></span> <span class='ocrx_word' id='word_1_734' title='bbox 3104 5019 3189 5072; x_wconf 88' lang='lat' dir='ltr'><strong>cui</strong></span> <span class='ocrx_word' id='word_1_735' title='bbox 3215 5035 3318 5072; x_wconf 89' lang='lat' dir='ltr'><strong>non</strong></span> <span class='ocrx_word' id='word_1_736' title='bbox 3340 5029 3466 5073; x_wconf 84' lang='lat' dir='ltr'><strong>esset</strong></span> <span class='ocrx_word' id='word_1_737' title='bbox 3504 5018 3735 5089; x_wconf 87' lang='lat' dir='ltr'><strong>adjutor.</strong></span> <span class='ocrx_word' id='word_1_738' title='bbox 3765 5019 3880 5075; x_wconf 82' lang='lat' dir='ltr'><strong>Tam</strong></span> 
     </span>
    </p>
   </div>
   <div class='ocr_carea' id='block_1_72' title="bbox 594 5085 3880 5180">
    <p class='ocr_par' dir='ltr' id='par_1_72' title="bbox 594 5085 3880 5180">
     <span class='ocr_line' id='line_1_72' title="bbox 594 5085 3880 5180; baseline 0.008 -39"><span class='ocrx_word' id='word_1_739' title='bbox 594 5085 818 5141; x_wconf 88' lang='lat' dir='ltr'><strong>brorum</strong></span> <span class='ocrx_word' id='word_1_740' title='bbox 852 5087 996 5141; x_wconf 91' lang='lat' dir='ltr'><strong>illius</strong></span> <span class='ocrx_word' id='word_1_741' title='bbox 1027 5101 1347 5158; x_wconf 83' lang='lat' dir='ltr'><strong>compagem</strong></span> <span class='ocrx_word' id='word_1_742' title='bbox 1382 5106 1604 5144; x_wconf 80' lang='lat' dir='ltr'><strong>sensum</strong></span> <span class='ocrx_word' id='word_1_743' title='bbox 1644 5095 2008 5163; x_wconf 75' lang='lat' dir='ltr'><strong>expositionis</strong></span> <span class='ocrx_word' id='word_1_744' title='bbox 2035 5112 2199 5151; x_wconf 76' lang='lat' dir='ltr'><strong>cooe-</strong></span> <span class='ocrx_word' id='word_1_745' title='bbox 2308 5085 2499 5160; x_wconf 66' lang='lat' dir='ltr'><strong>saneta</strong></span> <span class='ocrx_word' id='word_1_746' title='bbox 2546 5115 2690 5170; x_wconf 77' lang='lat' dir='ltr'><strong>erat,</strong></span> <span class='ocrx_word' id='word_1_747' title='bbox 2725 5085 2899 5178; x_wconf 62' lang='lat' dir='ltr'><strong>utsii,</strong></span> <span class='ocrx_word' id='word_1_748' title='bbox 2931 5124 3174 5178; x_wconf 60' lang='lat' dir='ltr'><strong>praesens</strong></span> <span class='ocrx_word' id='word_1_749' title='bbox 3204 5109 3550 5165; x_wconf 80' lang='lat' dir='ltr'><strong>conversatio</strong></span> <span class='ocrx_word' id='word_1_750' title='bbox 3575 5110 3716 5180; x_wconf 86' lang='lat' dir='ltr'><strong>ejus,</strong></span> <span class='ocrx_word' id='word_1_751' title='bbox 3741 5125 3880 5179; x_wconf 83' lang='lat' dir='ltr'><strong>quam</strong></span> 
     </span>
    </p>
   </div>
   <div class='ocr_carea' id='block_1_73' title="bbox 595 5181 2768 5264">
    <p class='ocr_par' dir='ltr' id='par_1_73' title="bbox 595 5181 2768 5264">
     <span class='ocr_line' id='line_1_73' title="bbox 595 5181 2768 5264; baseline 0.008 -29"><span class='ocrx_word' id='word_1_752' title='bbox 595 5195 718 5235; x_wconf 84' lang='lat' dir='ltr'><strong>mur</strong></span> <span class='ocrx_word' id='word_1_753' title='bbox 741 5181 1043 5238; x_wconf 86' lang='lat' dir='ltr'><strong>inﬂectere.</strong></span> <span class='ocrx_word' id='word_1_754' title='bbox 1079 5181 1143 5236; x_wconf 86' lang='lat' dir='ltr'><strong>Et</strong></span> <span class='ocrx_word' id='word_1_755' title='bbox 1166 5193 1319 5239; x_wconf 87' lang='lat' dir='ltr'><strong>recte</strong></span> <span class='ocrx_word' id='word_1_756' title='bbox 1344 5184 1395 5239; x_wconf 90' lang='lat' dir='ltr'><strong>id</strong></span> <span class='ocrx_word' id='word_1_757' title='bbox 1429 5187 1546 5242; x_wconf 87' lang='lat' dir='ltr'><strong>lieri</strong></span> <span class='ocrx_word' id='word_1_758' title='bbox 1572 5191 1794 5258; x_wconf 88' lang='lat' dir='ltr'><strong>poterit,</strong></span> <span class='ocrx_word' id='word_1_759' title='bbox 1825 5195 2048 5262; x_wconf 88' lang='lat' dir='ltr'><strong>utquod</strong></span> <span class='ocrx_word' id='word_1_760' title='bbox 2085 5198 2200 5264; x_wconf 86' lang='lat' dir='ltr'><strong>ipse</strong></span> <span class='ocrx_word' id='word_1_761' title='bbox 2302 5198 2442 5252; x_wconf 86' lang='lat' dir='ltr'><strong>lama</strong></span> <span class='ocrx_word' id='word_1_762' title='bbox 2469 5198 2768 5255; x_wconf 75' lang='lat' dir='ltr'><strong>referebat.</strong></span> 
     </span>
    </p>
   </div>
   <div class='ocr_carea' id='block_1_74' title="bbox 598 5271 3880 5366">
    <p class='ocr_par' dir='ltr' id='par_1_74' title="bbox 598 5271 3880 5366">
     <span class='ocr_line' id='line_1_74' title="bbox 598 5271 3880 5366; baseline 0.006 -39"><span class='ocrx_word' id='word_1_763' title='bbox 598 5271 868 5328; x_wconf 89' lang='lat' dir='ltr'><strong>Dominus</strong></span> <span class='ocrx_word' id='word_1_764' title='bbox 907 5283 1073 5340; x_wconf 81' lang='lat' dir='ltr'><strong>caput</strong></span> <span class='ocrx_word' id='word_1_765' title='bbox 1122 5275 1376 5329; x_wconf 80' lang='lat' dir='ltr'><strong>Ecclesizc</strong></span> <span class='ocrx_word' id='word_1_766' title='bbox 1430 5292 1542 5331; x_wconf 68' lang='lat' dir='ltr'><strong>sua:</strong></span> <span class='ocrx_word' id='word_1_767' title='bbox 1597 5279 1740 5334; x_wconf 87' lang='lat' dir='ltr'><strong>inse</strong></span> <span class='ocrx_word' id='word_1_768' title='bbox 1792 5285 2038 5352; x_wconf 83' lang='lat' dir='ltr'><strong>recipere</strong></span> <span class='ocrx_word' id='word_1_769' title='bbox 2094 5301 2200 5340; x_wconf 89' lang='lat' dir='ltr'><strong>non</strong></span> <span class='ocrx_word' id='word_1_770' title='bbox 2377 5289 2682 5344; x_wconf 86' lang='lat' dir='ltr'><strong>Benedictio</strong></span> <span class='ocrx_word' id='word_1_771' title='bbox 2729 5293 2950 5364; x_wconf 86' lang='lat' dir='ltr'><strong>perituri</strong></span> <span class='ocrx_word' id='word_1_772' title='bbox 2980 5310 3134 5366; x_wconf 87' lang='lat' dir='ltr'><strong>super</strong></span> <span class='ocrx_word' id='word_1_773' title='bbox 3161 5311 3239 5348; x_wconf 88' lang='lat' dir='ltr'><strong>me</strong></span> <span class='ocrx_word' id='word_1_774' title='bbox 3267 5295 3519 5357; x_wconf 73' lang='lat' dir='ltr'><strong>veniebat,</strong></span> <span class='ocrx_word' id='word_1_775' title='bbox 3549 5303 3598 5347; x_wconf 88' lang='lat' dir='ltr'><strong>et</strong></span> <span class='ocrx_word' id='word_1_776' title='bbox 3621 5309 3708 5347; x_wconf 90' lang='lat' dir='ltr'><strong>cor</strong></span> <span class='ocrx_word' id='word_1_777' title='bbox 3737 5293 3880 5347; x_wconf 77' lang='lat' dir='ltr'><strong>vidua:</strong></span> 
     </span>
    </p>
   </div>
   <div class='ocr_carea' id='block_1_75' title="bbox 601 5364 3881 5456">
    <p class='ocr_par' dir='ltr' id='par_1_75' title="bbox 601 5364 3881 5456">
     <span class='ocr_line' id='line_1_75' title="bbox 601 5364 3881 5456; baseline 0.006 -38"><span class='ocrx_word' id='word_1_778' title='bbox 601 5375 802 5436; x_wconf 90' lang='lat' dir='ltr'><strong>potest,</strong></span> <span class='ocrx_word' id='word_1_779' title='bbox 863 5364 932 5421; x_wconf 88' lang='lat' dir='ltr'><strong>de</strong></span> <span class='ocrx_word' id='word_1_780' title='bbox 985 5366 1106 5436; x_wconf 89' lang='lat' dir='ltr'><strong>ejus</strong></span> <span class='ocrx_word' id='word_1_781' title='bbox 1148 5378 1404 5437; x_wconf 79' lang='lat' dir='ltr'><strong>corpore,</strong></span> <span class='ocrx_word' id='word_1_782' title='bbox 1455 5371 1600 5438; x_wconf 84' lang='lat' dir='ltr'><strong>quod</strong></span> <span class='ocrx_word' id='word_1_783' title='bbox 1655 5385 1738 5428; x_wconf 90' lang='lat' dir='ltr'><strong>est</strong></span> <span class='ocrx_word' id='word_1_784' title='bbox 1791 5375 2200 5442; x_wconf 80' lang='lat' dir='ltr'><strong>Ecclesia,sen-</strong></span> <span class='ocrx_word' id='word_1_785' title='bbox 2306 5383 2606 5436; x_wconf 87' lang='lat' dir='ltr'><strong>consolatus</strong></span> <span class='ocrx_word' id='word_1_786' title='bbox 2633 5400 2769 5438; x_wconf 88' lang='lat' dir='ltr'><strong>sum.</strong></span> <span class='ocrx_word' id='word_1_787' title='bbox 2803 5364 3068 5454; x_wconf 80' lang='lat' dir='ltr'><strong>Pupillus,</strong></span> <span class='ocrx_word' id='word_1_788' title='bbox 3103 5401 3312 5454; x_wconf 87' lang='lat' dir='ltr'><strong>pauper</strong></span> <span class='ocrx_word' id='word_1_789' title='bbox 3341 5397 3395 5440; x_wconf 89' lang='lat' dir='ltr'><strong>et</strong></span> <span class='ocrx_word' id='word_1_790' title='bbox 3417 5386 3597 5448; x_wconf 74' lang='lat' dir='ltr'><strong>vidua,</strong></span> <span class='ocrx_word' id='word_1_791' title='bbox 3625 5401 3779 5440; x_wconf 88' lang='lat' dir='ltr'><strong>omne</strong></span> <span class='ocrx_word' id='word_1_792' title='bbox 3804 5401 3881 5456; x_wconf 85' lang='lat' dir='ltr'><strong>ge-</strong></span> 
     </span>
    </p>
   </div>
   <div class='ocr_carea' id='block_1_76' title="bbox 599 5459 3879 5550">
    <p class='ocr_par' dir='ltr' id='par_1_76' title="bbox 599 5459 3879 5550">
     <span class='ocr_line' id='line_1_76' title="bbox 599 5459 3879 5550; baseline 0.006 -36"><span class='ocrx_word' id='word_1_793' title='bbox 599 5459 786 5515; x_wconf 88' lang='lat' dir='ltr'><strong>tiatur.</strong></span> <span class='ocrx_word' id='word_1_794' title='bbox 2310 5491 2414 5530; x_wconf 89' lang='lat' dir='ltr'><strong>nus</strong></span> <span class='ocrx_word' id='word_1_795' title='bbox 2464 5476 2752 5532; x_wconf 87' lang='lat' dir='ltr'><strong>humiliutn</strong></span> <span class='ocrx_word' id='word_1_796' title='bbox 2792 5487 2958 5544; x_wconf 81' lang='lat' dir='ltr'><strong>atque</strong></span> <span class='ocrx_word' id='word_1_797' title='bbox 2986 5479 3314 5535; x_wconf 85' lang='lat' dir='ltr'><strong>alﬂictorum</strong></span> <span class='ocrx_word' id='word_1_798' title='bbox 3360 5479 3650 5549; x_wconf 74' lang='lat' dir='ltr'><strong>significat,</strong></span> <span class='ocrx_word' id='word_1_799' title='bbox 3678 5493 3879 5550; x_wconf 86' lang='lat' dir='ltr'><strong>quorum</strong></span> 
     </span>
    </p>
   </div>
   <div class='ocr_carea' id='block_1_77' title="bbox 677 5551 3626 5643">
    <p class='ocr_par' dir='ltr' id='par_1_77' title="bbox 677 5551 3626 5643">
     <span class='ocr_line' id='line_1_77' title="bbox 677 5551 3626 5643; baseline 0.006 -37"><span class='ocrx_word' id='word_1_800' title='bbox 677 5551 807 5617; x_wconf 83' lang='lat' dir='ltr'><strong>Quis</strong></span> <span class='ocrx_word' id='word_1_801' title='bbox 846 5553 976 5607; x_wconf 77' lang='lat' dir='ltr'><strong>mihi</strong></span> <span class='ocrx_word' id='word_1_802' title='bbox 1023 5554 1240 5621; x_wconf 91' lang='lat' dir='ltr'><strong>tribuat,</strong></span> <span class='ocrx_word' id='word_1_803' title='bbox 1286 5559 1455 5612; x_wconf 91' lang='lat' dir='ltr'><strong>utsim</strong></span> <span class='ocrx_word' id='word_1_804' title='bbox 1483 5562 1642 5632; x_wconf 74' lang='lat' dir='ltr'><strong>juxta</strong></span> <span class='ocrx_word' id='word_1_805' title='bbox 1691 5578 1889 5616; x_wconf 89' lang='lat' dir='ltr'><strong>menses</strong></span> <span class='ocrx_word' id='word_1_806' title='bbox 1932 5563 2198 5635; x_wconf 84' lang='lat' dir='ltr'><strong>pristinos,</strong></span> <span class='ocrx_word' id='word_1_807' title='bbox 2306 5571 2513 5625; x_wconf 90' lang='lat' dir='ltr'><strong>nullum</strong></span> <span class='ocrx_word' id='word_1_808' title='bbox 2544 5583 2768 5626; x_wconf 87' lang='lat' dir='ltr'><strong>sanctus</strong></span> <span class='ocrx_word' id='word_1_809' title='bbox 2790 5573 2894 5628; x_wconf 81' lang='lat' dir='ltr'><strong>Job</strong></span> <span class='ocrx_word' id='word_1_810' title='bbox 2926 5575 3210 5642; x_wconf 65' lang='lat' dir='ltr'><strong>praeteriit,</strong></span> <span class='ocrx_word' id='word_1_811' title='bbox 3243 5574 3327 5628; x_wconf 92' lang='lat' dir='ltr'><strong>vel</strong></span> <span class='ocrx_word' id='word_1_812' title='bbox 3357 5574 3626 5643; x_wconf 75' lang='lat' dir='ltr'><strong>despexit.</strong></span> 
     </span>
    </p>
   </div>
   <div class='ocr_carea' id='block_1_78' title="bbox 604 5646 3878 5732">
    <p class='ocr_par' dir='ltr' id='par_1_78' title="bbox 604 5646 3878 5732">
     <span class='ocr_line' id='line_1_78' title="bbox 604 5646 3878 5732; baseline 0.007 -34"><span class='ocrx_word' id='word_1_813' title='bbox 604 5646 891 5699; x_wconf 86' lang='lat' dir='ltr'><strong>secundum</strong></span> <span class='ocrx_word' id='word_1_814' title='bbox 903 5647 1012 5701; x_wconf 88' lang='lat' dir='ltr'><strong>dies</strong></span> <span class='ocrx_word' id='word_1_815' title='bbox 1032 5647 1221 5717; x_wconf 86' lang='lat' dir='ltr'><strong>quibus</strong></span> <span class='ocrx_word' id='word_1_816' title='bbox 1245 5647 1384 5703; x_wconf 88' lang='lat' dir='ltr'><strong>Deus</strong></span> <span class='ocrx_word' id='word_1_817' title='bbox 1408 5653 1730 5708; x_wconf 80' lang='lat' dir='ltr'><strong>custodiebat</strong></span> <span class='ocrx_word' id='word_1_818' title='bbox 1754 5672 1832 5708; x_wconf 88' lang='lat' dir='ltr'><strong>me</strong></span> <span class='ocrx_word' id='word_1_819' title='bbox 1851 5657 1876 5709; x_wconf 72' lang='grc' dir='ltr'><strong>Ξ)</strong></span> <span class='ocrx_word' id='word_1_820' title='bbox 1891 5658 2053 5725; x_wconf 85' lang='lat' dir='ltr'><strong>Optat</strong></span> <span class='ocrx_word' id='word_1_821' title='bbox 2075 5673 2204 5728; x_wconf 85' lang='lat' dir='ltr'><strong>ergo</strong></span> <span class='ocrx_word' id='word_1_822' title='bbox 2378 5663 2599 5719; x_wconf 72' lang='lat' dir='ltr'><strong>Iustitia</strong></span> <span class='ocrx_word' id='word_1_823' title='bbox 2619 5666 2838 5722; x_wconf 87' lang='lat' dir='ltr'><strong>indutus</strong></span> <span class='ocrx_word' id='word_1_824' title='bbox 2859 5684 2996 5728; x_wconf 88' lang='lat' dir='ltr'><strong>sum,</strong></span> <span class='ocrx_word' id='word_1_825' title='bbox 3031 5677 3078 5721; x_wconf 92' lang='lat' dir='ltr'><strong>et</strong></span> <span class='ocrx_word' id='word_1_826' title='bbox 3107 5669 3304 5722; x_wconf 86' lang='lat' dir='ltr'><strong>vestivit</strong></span> <span class='ocrx_word' id='word_1_827' title='bbox 3331 5683 3410 5720; x_wconf 87' lang='lat' dir='ltr'><strong>me</strong></span> <span class='ocrx_word' id='word_1_828' title='bbox 3435 5668 3565 5719; x_wconf 84' lang='lat' dir='ltr'><strong>sicut</strong></span> <span class='ocrx_word' id='word_1_829' title='bbox 3587 5667 3878 5732; x_wconf 80' lang='lat' dir='ltr'><strong>vestimento,</strong></span> 
     </span>
    </p>
   </div>
   <div class='ocr_carea' id='block_1_79' title="bbox 608 5739 3880 5830">
    <p class='ocr_par' dir='ltr' id='par_1_79' title="bbox 608 5739 3880 5830">
     <span class='ocr_line' id='line_1_79' title="bbox 608 5739 3880 5830; baseline 0.006 -39"><span class='ocrx_word' id='word_1_830' title='bbox 608 5746 830 5793; x_wconf 81' lang='lat' dir='ltr'><strong>sanctus</strong></span> <span class='ocrx_word' id='word_1_831' title='bbox 855 5739 958 5796; x_wconf 80' lang='lat' dir='ltr'><strong>Job</strong></span> <span class='ocrx_word' id='word_1_832' title='bbox 985 5752 1146 5812; x_wconf 87' lang='lat' dir='ltr'><strong>atque</strong></span> <span class='ocrx_word' id='word_1_833' title='bbox 1177 5744 1476 5812; x_wconf 78' lang='lat' dir='ltr'><strong>desiderat,</strong></span> <span class='ocrx_word' id='word_1_834' title='bbox 1503 5755 1561 5800; x_wconf 91' lang='lat' dir='ltr'><strong>ut</strong></span> <span class='ocrx_word' id='word_1_835' title='bbox 1582 5748 1691 5816; x_wconf 84' lang='lat' dir='ltr'><strong>jam</strong></span> <span class='ocrx_word' id='word_1_836' title='bbox 1717 5748 1787 5804; x_wconf 89' lang='lat' dir='ltr'><strong>de</strong></span> <span class='ocrx_word' id='word_1_837' title='bbox 1810 5749 1904 5803; x_wconf 85' lang='lat' dir='ltr'><strong>illo</strong></span> <span class='ocrx_word' id='word_1_838' title='bbox 1925 5752 2204 5819; x_wconf 86' lang='lat' dir='ltr'><strong>squalore,</strong></span> <span class='ocrx_word' id='word_1_839' title='bbox 2306 5767 2353 5813; x_wconf 85' lang='lat' dir='ltr'><strong>et</strong></span> <span class='ocrx_word' id='word_1_840' title='bbox 2387 5758 2685 5813; x_wconf 85' lang='lat' dir='ltr'><strong>diademate</strong></span> <span class='ocrx_word' id='word_1_841' title='bbox 2704 5761 2912 5830; x_wconf 87' lang='lat' dir='ltr'><strong>judicio</strong></span> <span class='ocrx_word' id='word_1_842' title='bbox 2952 5776 3086 5814; x_wconf 89' lang='lat' dir='ltr'><strong>meo.</strong></span> <span class='ocrx_word' id='word_1_843' title='bbox 3115 5759 3360 5824; x_wconf 69' lang='lat' dir='ltr'><strong>iustitia,</strong></span> <span class='ocrx_word' id='word_1_844' title='bbox 3379 5758 3639 5827; x_wconf 88' lang='lat' dir='ltr'><strong>judicium</strong></span> <span class='ocrx_word' id='word_1_845' title='bbox 3677 5770 3880 5825; x_wconf 88' lang='lat' dir='ltr'><strong>rectum,</strong></span> 
     </span>
    </p>
   </div>
   <div class='ocr_carea' id='block_1_80' title="bbox 606 5829 3808 5918">
    <p class='ocr_par' dir='ltr' id='par_1_80' title="bbox 606 5829 3808 5918">
     <span class='ocr_line' id='line_1_80' title="bbox 606 5829 3808 5918; baseline 0.007 -35"><span class='ocrx_word' id='word_1_846' title='bbox 606 5837 664 5883; x_wconf 80' lang='lat' dir='ltr'><strong>et</strong></span> <span class='ocrx_word' id='word_1_847' title='bbox 689 5829 1020 5887; x_wconf 83' lang='lat' dir='ltr'><strong>cruciatibus</strong></span> <span class='ocrx_word' id='word_1_848' title='bbox 1048 5833 1333 5900; x_wconf 90' lang='lat' dir='ltr'><strong>liberetur,</strong></span> <span class='ocrx_word' id='word_1_849' title='bbox 1367 5847 1791 5909; x_wconf 88' lang='lat' dir='ltr'><strong>revertaturque</strong></span> <span class='ocrx_word' id='word_1_850' title='bbox 1815 5842 1880 5898; x_wconf 90' lang='lat' dir='ltr'><strong>ad</strong></span> <span class='ocrx_word' id='word_1_851' title='bbox 1911 5842 2061 5899; x_wconf 90' lang='lat' dir='ltr'><strong>illam</strong></span> <span class='ocrx_word' id='word_1_852' title='bbox 2087 5845 2202 5913; x_wconf 66' lang='grc' dir='ltr'><strong>εισι</strong></span> <span class='ocrx_word' id='word_1_853' title='bbox 2309 5829 2714 5918; x_wconf 56' lang='lat' dir='ltr'><strong>misericordia,</strong></span> <span class='ocrx_word' id='word_1_854' title='bbox 2747 5854 2867 5904; x_wconf 61' lang='lat' dir='ltr'><strong>hinc</strong></span> <span class='ocrx_word' id='word_1_855' title='bbox 2894 5860 3049 5906; x_wconf 87' lang='lat' dir='ltr'><strong>erant</strong></span> <span class='ocrx_word' id='word_1_856' title='bbox 3080 5851 3279 5906; x_wconf 65' lang='lat' dir='ltr'><strong>animae</strong></span> <span class='ocrx_word' id='word_1_857' title='bbox 3302 5850 3452 5905; x_wconf 79' lang='lat' dir='ltr'><strong>illitis</strong></span> <span class='ocrx_word' id='word_1_858' title='bbox 3485 5848 3808 5907; x_wconf 63' lang='lat' dir='ltr'><strong>indumento.</strong></span> 
     </span>
    </p>
   </div>
  </div>
