4026 6296
189 192 289 250 70Ξί

1081 213 1576 282 ζΟΟΜΜΕΝΤΛΙΗΙ
1613 223 1681 281 1N
1722 226 1984 286 LIBRUM
2022 232 2161 289 J01}.
2207 237 2357 293 CAP.
2405 239 2572 295 XXX.

3383 257 3487 317 706

259 311 460 367 (tentus
503 321 582 385 fni
620 339 776 386 cwco,
820 335 865 378 et
906 344 993 396 pes
1033 331 1246 386 claudo.
1289 336 1528 394 Affecms
1573 343 1788 411 pietatis
1814 347 1870 406 Α
1895 362 1921 397 a
1957 363 2042 404 me
2073 351 2286 418 pietatis
2313 352 2478 410 fiebat
2504 359 2783 422 studio.ut
2815 364 3040 421 affectus
3069 370 3270 426 amoris
3301 389 3362 426 ac
3402 375 3490 431 di-

186 401 300 471 ejus
325 415 493 474 atque
537 411 933 472 misericordiae
971 421 1024 475 in
1061 421 1147 479 his
1181 432 1532 488 sermonibus
1561 435 1786 491 demon-

183 502 413 563 stratur,
438 502 557 555 sive
585 517 741 558 erant
763 507 1084 577 ignorantiae
1105 520 1346 574 tenebris
1364 522 1546 579 lumen
1576 529 1783 597 praabui

186 585 460 655 veritatis,
494 600 552 647 et
578 597 908 656 claudicanti
950 604 1004 658 in
1047 607 1148 663 viis
1196 610 1431 680 Domini,
1477 630 1628 674 recte
1679 621 1783 677 vite

181 675 379 735 itinera
404 681 799 748 demonstravi.

255 771 415 828 Pater
427 792 569 832 eram
581 800 897 856 pauperum,
914 800 959 844 et
977 808 1191 851 causam
1203 814 1357 867 quam
1371 807 1683 873 nesciebam,
1701 811 1782 866 di.

178 859 516 933 ligentissime
555 872 950 947 inuestigabam.
982 859 1226 958 Negotia.
1247 910 1549 970 causasque
1583 920 1782 975 paupe-

177 973 295 1013 rum
329 973 516 1020 contra
570 979 817 1038 potentes
865 979 1234 1052 suscipiendo,
1290 991 1546 1051 defensor
1589 1014 1778 1057 eorum

175 1049 351 1108 factus
378 1068 520 1125 erat,
553 1069 609 1116 et
634 1061 823 1131 judex.
858 1068 926 1123 Et
954 1049 1161 1131 idcirco
1183 1049 1253 1134 ne
1280 1082 1459 1154 aliqua
1485 1087 1780 1148 adversan-

176 1143 315 1200 tium
368 1162 521 1219 parte
562 1156 1041 1234 opprimerentur,
1085 1173 1307 1228 retectis
1344 1191 1533 1234 eorum
1576 1181 1781 1240 fraudi-

170 1235 301 1303 bus,
331 1256 427 1297 eas
457 1243 788 1319 investigare
814 1253 1049 1312 dicebat.

245 1328 586 1414 Conterebam
615 1342 782 1396 molas
805 1345 989 1416 iniqui,
1019 1360 1068 1405 et
1107 1354 1342 1413 dentibus
1390 1361 1530 1418 illius
1571 1373 1779 1439 aufere-

1645 1419 1706 1439 ,-.
1727 1419 1748 1424 -

171 1419 287 1475 bam
316 1427 572 1494 praedam.
606 1429 702 1486 Hic
737 1435 886 1491 velut
917 1455 1166 1509 rapacem
1199 1447 1429 1508 bestiam
1477 1466 1530 1511 et
1567 1460 1778 1515 violen-

172 1523 280 1571 tam
313 1519 591 1578 hominem
623 1527 868 1598 iniquum
893 1532 1160 1592 describit
1191 1560 1204 1595 :
1237 1543 1305 1598 de
1342 1547 1498 1617 cujus
1529 1566 1625 1607 ore
1648 1555 1776 1608 sub-

165 1609 429 1668 stantiam
465 1631 766 1687 pauperum
798 1624 848 1676 vi
877 1625 1188 1686 abstulerit.

1887 437 2142 497 lectionis
2165 458 2354 500 eorum
2389 448 2496 502 mei
2517 450 2879 509 admiratione
2902 458 3216 526 proficeret.

1958 530 2024 584 Et
2056 534 2147 588 lua:
2174 538 2345 592 vultus
2369 542 2468 594 mei
2490 559 2593 597 non
2623 546 2836 601 cadebat
2863 550 2918 602 in
2945 561 3149 606 terram.
3187 555 3370 612 Gratia
3401 575 3486 616 re-

1884 626 2184 694 verentia,
2231 645 2394 700 quam
2431 633 2484 688 in
2515 637 2632 705 ejus
2668 637 2808 696 facie
2846 641 3206 712 refulgentem
3250 661 3484 708 contue-

1884 713 2104 783 bantur,
2149 723 2289 790 apud
2321 726 2615 794 przedictos
2645 745 2752 787 non
2797 750 2897 803 pro
2938 736 3111 793 nihilo
3156 740 3480 801 habebatur.

1884 803 2001 861 Non
2026 812 2172 865 enim
2196 813 2398 885 aliquid
2428 821 2547 887 ejus
2576 824 2798 879 nutibus
2825 826 3024 884 frustra
3054 830 3173 887 fieri
3202 836 3484 893 existima-

1883 896 2034 966 bant,
2058 913 2112 956 et
2143 904 2346 961 idcirco
2369 913 2523 978 quasi
2556 929 2812 986 magnum
2851 930 3016 991 atque
3056 931 3393 998 prteclpuum
3427 931 3478 987 in

1881 1004 1941 1046 se
1962 995 2208 1062 pt‘a’dicli
2232 1001 2636 1071 suscipiebant,
2667 1009 2924 1083 quicquid
2956 1016 3008 1068 in
3035 995 3338 1077 serenitate
3364 1022 3487 1078 vul-

1883 1092 1967 1138 tus
2000 1085 2152 1141 illius
2182 1094 2719 1162 contemplahantur.

1953 1177 2015 1232 Si
2037 1179 2309 1238 voluissem
2329 1187 2407 1241 ire
2427 1190 2497 1241 ad
2518 1208 2625 1257 eos,
2651 1196 2890 1252 sedebam
2913 1202 3132 1270 primus.
3150 1205 3379 1281 Cumque
3399 1228 3478 1268 se-

1880 1271 2084 1341 derent,
2127 1278 2280 1345 quasi
2311 1295 2403 1333 rea:
2431 1283 2800 1342 circumstante
2839 1295 3104 1363 exercitu,
3135 1316 3277 1354 eram
3309 1313 3476 1360 tamen

1877 1368 2202 1422 mwrentium
2224 1372 2543 1431 consolator.
2566 1379 2948 1448 Dignatiouem
2971 1403 3122 1444 suam
3153 1403 3207 1447 et
3233 1408 3477 1454 sanctam

1877 1453 2242 1516 humilitatem
2275 1463 2359 1520 bis
2387 1471 2743 1528 sermonibus
2771 1479 3113 1549 manifestat,
3148 1501 3252 1556 qua
3293 1489 3359 1544 ad
3393 1492 3476 1548 in-

1876 1548 2104 1608 feriores
2143 1571 2296 1628 suos,
2349 1564 2503 1630 quasi
2555 1566 2625 1621 ad
2669 1572 2880 1628 amicos
2919 1575 3132 1648 sibique
3169 1586 3475 1655 coaequales

1875 1640 2093 1712 abierit,
2119 1658 2172 1701 et
2201 1663 2260 1703 se
2287 1649 2339 1704 in
2369 1655 2521 1724 regni
2553 1661 2820 1729 potentia,
2856 1665 3071 1724 miseris
3097 1678 3154 1726 et
3182 1677 3472 1733 maerenti-

242 1700 597 1780 Dicebamque
625 1727 643 1765 :
669 1711 736 1767 In
767 1717 945 1774 nidulo
973 1739 1084 1776 meo
1118 1729 1335 1796 moriar,
1369 1743 1415 1785 et
1442 1735 1576 1790 sicut
1597 1741 1758 1802 palma

1879 1732 1976 1790 bus
2009 1700 2326 1807 prirhuisse;

164 1797 527 1871 multiplicabo
543 1805 673 1861 dies.
707 1807 877 1866 Nidus
907 1814 1048 1884 ejus,
1084 1823 1326 1877 exterior
1355 1823 1519 1883 homo
1549 1797 1668 1900 ejus
1690 1833 1773 1888 in-

166 1891 502 1963 telligendus
527 1910 631 1968 est,
671 1903 762 1972 qui
792 1904 862 1960 de
891 1907 1011 1964 leno
1038 1914 1222 1969 carnis
1253 1917 1402 1974 illius
1433 1927 1772 1996 compositus

161 1997 192 2036 a
227 1984 346 2041 Deo
372 1987 570 2059 fuerat,
594 2002 650 2047 et
675 1997 1030 2058 constrictus.
1059 2003 1240 2062 Omnis
1261 2013 1398 2064 enim
1427 2030 1549 2070 caro
1570 2023 1767 2088 fenum.

162 2076 226 2132 ln
259 2078 367 2135 hoc
398 2081 558 2154 igitur
587 2087 718 2144 nido
746 2108 964 2166 semper
989 2112 1050 2154 se
1080 2102 1218 2156 mori
1250 2105 1352 2162 sub
1383 2112 1769 2174 testificatione

160 2168 408 2243 dicebat,
440 2175 566 2231 dum
602 2181 750 2236 vitiis
799 2188 1004 2256 mundi,
1054 2202 1108 2246 et
1146 2194 1266 2263 ejus
1308 2205 1768 2274 concupiscentiis

160 2279 275 2320 non
305 2268 540 2341 vivebat,
569 2283 623 2329 et
649 2277 720 2331 ob
745 2276 848 2334 hoc
875 2281 928 2336 in
954 2291 1382 2361 resurrectione,
1400 2298 1543 2353 velut
1563 2303 1764 2374 palma,

160 2358 497 2430 multiplices
527 2365 644 2422 dies
672 2381 726 2425 et
751 2381 989 2432 aeternos
1019 2378 1259 2439 habebit.

238 2451 420 2509 Radix
446 2473 560 2512 mea
597 2473 776 2534 aperta
807 2476 883 2520 est
908 2485 1054 2525 secus
1077 2492 1257 2546 aquas,
1288 2490 1337 2534 et
1361 2499 1445 2538 ros
1480 2491 1766 2547 morabitur

159 2540 218 2596 in
246 2547 502 2603 messione
529 2568 658 2606 mea.
692 2555 831 2627 Spes
863 2577 1005 2628 mea,
1031 2573 1087 2620 et
1117 2566 1253 2625 fides
1275 2589 1396 2644 quae
1427 2593 1492 2632 ex
1533 2582 1634 2638 hac
1662 2600 1762 2640 ex-

157 2645 508 2707 spectatiOne
529 2661 649 2702 mea
667 2662 815 2722 sunt,
843 2665 1029 2724 patent
1059 2661 1125 2716 ad
1152 2662 1332 2720 divina
1366 2671 1598 2744 eloquia,
1632 2694 1766 2749 qua-

156 2751 284 2791 rum
312 2742 716 2814 consolatione,
751 2767 817 2806 ne
847 2752 901 2807 in
929 2754 1258 2818 inﬁdelitate
1290 2769 1488 2824 mentis
1511 2788 1645 2829 mea:
1677 2777 1760 2830 vi-

151 2844 255 2885 ror
285 2846 522 2901 arescat,
551 2837 880 2900 infunditur.

233 2923 420 2981 Gloria
450 2946 562 2985 mea
589 2950 789 3005 semper
837 2939 1187 3013 innovabitur,
1211 2960 1258 3002 et
1306 2969 1459 3008 arcus
1514 2975 1653 3014 meus
1708 2963 1760 3017 in

148 3034 319 3073 manu
341 3039 454 3077 utea
479 3027 875 3087 instaurabitur.
934 3036 1038 3103 Qui
1058 3056 1139 3095 me
1166 3045 1464 3119 audiebant,
1498 3066 1760 3125 exspecta-

147 3112 282 3168 bant
337 3122 641 3176 sentenliam
671 3165 686 3192 ,
743 3137 789 3180 et
851 3129 1033 3186 intenti
1078 3137 1315 3193 tacebant
1367 3143 1436 3195 ad
1482 3147 1759 3203 consilium

144 3209 557 3265 meum.Gloria
608 3229 728 3270 mea
782 3227 838 3274 et
881 3234 1075 3279 caetera
1127 3239 1307 3296 potest
1357 3233 1409 3286 in
1467 3235 1758 3295 virtutibus

145 3301 463 3356 crescentis
488 3303 647 3362 home
677 3313 1026 3370 conscientia:
1082 3317 1289 3376 fructus
1317 3333 1370 3380 et
1395 3341 1567 3383 novus
1616 3345 1758 3387 sem-

141 3407 253 3464 per
275 3397 556 3465 profectus
588 3403 838 3477 intelligi.
885 3408 944 3464 ln
984 3426 1113 3467 arcu
1159 3432 1292 3472 vero
1340 3421 1652 3481 resistentis
1693 3443 1756 3484 ac

142 3495 514 3562 repugnantis
573 3499 811 3569 vigorem
858 3504 1157 3575 significari
1205 3512 1500 3588 existimo,
1559 3521 1649 3590 qui
1700 3522 1752 3576 in

140 3595 354 3637 manus
384 3587 556 3642 sancti
600 3592 784 3660 operis
828 3606 1017 3652 contra
1061 3599 1249 3658 obvios
1281 3621 1547 3680 quosque,
1581 3621 1634 3666 et
1657 3612 1753 3668 ho-

137 3676 309 3732 stiles
354 3681 609 3738 vitiorum
641 3684 880 3754 impetus
921 3705 1273 3762 praeparetur.
1322 3676 1476 3757 Sicut
1529 3706 1604 3759 ait
1650 3707 1754 3762 Da-

136 3770 240 3827 vid
278 3773 330 3826 in
364 3777 573 3844 psalmo
603 3797 619 3836 :
651 3778 720 3835 Et
752 3785 970 3850 posuisti
1002 3797 1057 3840 ttt
1099 3807 1278 3845 arcum
1321 3811 1510 3850 tereum
1542 3803 1754 3856 brae/tia

133 3879 284 3932 mea,
311 3867 455 3937 quod
484 3879 590 3937 est,
618 3870 796 3929 fecisti
839 3876 1232 3950 infatigabilem
1267 3885 1624 3947 intentionem
1655 3891 1753 3948 bo-

130 3973 346 4015 norum
375 3979 601 4031 operum
633 3983 904 4026 meorum.

221 4049 409 4108 Verbis
454 4058 581 4112 meis
622 4059 816 4116 addere
864 4065 998 4120 nihil
1031 4069 1311 4138 audebant,
1353 4083 1401 4128 et
1448 4092 1603 4148 super
1630 4080 1748 4137 illos

126 4144 377 4200 stillabat
403 4150 659 4221 eloquium
686 4171 871 4209 meum.
897 4157 1032 4226 Quia
1056 4160 1170 4229 jam
1204 4144 1746 4240 auctoritas-sapien-

130 4236 233 4292 tia:
282 4238 480 4310 ubique
512 4241 695 4298 fuerat
719 4245 1025 4319 divulgata:
1056 4267 1218 4309 nemo
1237 4236 1742 4332 quasidetrec-tans,

127 4330 206 4385 ad
251 4332 420 4388 verba
456 4334 573 4405 ejus
606 4337 896 4410 quicquam
932 4345 1137 4404 addere
1177 4354 1559 4420 praesumebat,
1590 4330 1748 4427 quin-

125 4419 316 4479 immo
337 4425 577 4484 Stillabat
597 4447 762 4501 super
782 4450 879 4492 eos
907 4437 1182 4510 eloquiqu
1208 4443 1352 4499 illius
1379 4463 1394 4500 :
1418 4446 1469 4500 id
1491 4458 1598 4514 est,
1623 4465 1746 4506 sen-

125 4529 233 4571 sus
265 4515 530 4578 interiora
557 4525 826 4582 viscerum
866 4534 1216 4602 penetrabat,
1248 4546 1308 4590 ut
1337 4552 1526 4593 eorum
1571 4542 1746 4599 infusa
1772 4509 1827 4571 D

126 4614 488 4680 prtecordiis,
519 4634 546 4671 a
576 4620 667 4675 tali
700 4623 964 4695 magistro
991 4626 1220 4697 perfecti
1251 4639 1416 4702 atque
1438 4632 1630 4703 optimi
1658 4635 1744 4690 di-

125 4705 337 4774 scipuli
358 4707 745 4768 redderentur.

205 4803 837 4878 Exspectabantmesicut
851 4819 1102 4888 pluviam,
1128 4831 1174 4877 et
1202 4839 1258 4878 os
1278 4841 1425 4880 suum
1445 4829 1742 4899 aperiebant

124 4911 289 4980 quasi
328 4913 398 4967 ad
427 4915 646 4972 imbrem
672 4922 979 4978 serotinum.
1012 4923 1216 4982 Pluvite
1261 4931 1518 5000 nomine,
1550 4934 1738 5006 copio-

120 5028 249 5071 sam
274 5017 439 5073 valde
466 5021 831 5078 eruditionem
862 5041 977 5081 suae
1007 5028 1254 5084 scientia:
1283 5031 1656 5103 demonstrat,
1685 5044 1738 5091 et

121 5113 320 5172 laudat
364 5119 646 5176 auditores
688 5137 850 5190 suos,
909 5127 1054 5197 quod
1103 5128 1411 5200 disputante
1463 5149 1561 5201 eo,
1609 5152 1729 5191 eum

121 5219 327 5288 grandi
347 5220 628 5278 desiderio
652 5229 1112 5296 exspectaverint.

201 5319 268 5376 Si
293 5321 508 5392 quando
530 5322 763 5378 ridebam
783 5328 852 5379 ad
878 5345 988 5395 eos,
1013 5347 1114 5384 non
1138 5331 1433 5387 credebant.
1455 5333 1629 5390 Tanta
1651 5336 1732 5392 in-

121 5425 275 5496 quit,
309 5427 636 5483 reverentia
677 5436 734 5483 et
759 5428 968 5487 honore
1009 5449 1038 5487 a
1071 5435 1346 5505 prazdictis
1384 5436 1646 5508 habebat,
1676 5451 1732 5496 ut

119 5526 412 5598 sapientia:
433 5543 603 5595 meas,
653 5539 707 5585 et
745 5531 996 5601 gravitati
1028 5549 1137 5590 non
1165 5547 1352 5607 posset
1380 5539 1728 5612 indulgentia:

119 5629 331 5703 aliquid
362 5646 428 5685 ac
468 5629 837 5700 remissionis,
870 5649 988 5704 qua:
1019 5636 1087 5692 ad
1115 5646 1604 5709 temperamentum
1628 5659 1739 5698 ma-

120 5735 208 5810 gis
240 5749 464 5792 morum
499 5735 883 5806 pertinebant,
913 5751 1242 5810 congruere.
1278 5743 1344 5799 Et
1374 5743 1576 5805 idcirco
1615 5745 1734 5818 ipso

2449 1819 2676 1878 CAPUT
2717 1824 2890 1884 XXX.

1949 1921 2104 1977 Nunc
2134 1936 2306 1983 autem
2327 1931 2559 1990 derident
2580 1955 2660 1992 me
2677 1942 2917 2012 juniores
2944 1957 3188 2022 tempore.
3221 1956 3473 2018 Manifes-

1875 2019 1983 2067 ιηιῐι
2013 2027 2118 2072 CSI.

1947 2108 2181 2176 Quorum
2214 2132 2316 2172 non
2347 2119 2605 2194 dignabor
2636 2138 2810 2194 patres
2848 2153 3041 2206 ponere
3087 2159 3206 2196 cum
3253 2147 3471 2204 canibus

1869 2203 2039 2272 gregis
2062 2206 2180 2259 mei.
2205 2206 2326 2264 Non
2353 2211 2455 2268 hoc
2481 2216 2648 2286 typho
2676 2203 2949 2294 superbia:
2971 2239 3134 2302 atque
3157 2203 3470 2296 divitiarum

1865 2291 2124 2361 jaCtantia
2169 2299 2411 2372 fecerat,
2441 2311 2536 2364 sed
2585 2291 2822 2373 utilitate
2872 2291 3202 2396 impiorum,
3234 2339 3288 2386 et
3316 2333 3470 2390 deri-

1869 2384 2116 2445 dentium
2144 2393 2323 2462 illum,
2350 2414 2581 2468 quorum
2605 2417 2789 2476 patres
2809 2426 2911 2467 nec
2935 2384 3468 2492 canibus

1869 2479 1988 2550 ejus
2017 2483 2168 2555 digni
2202 2487 2410 2548 fuerint
2431 2501 2760 2568 comparari.

1943 2575 2180 2643 Quorum
2205 2583 2369 2641 virtus
2395 2605 2641 2644 manuum
2669 2595 2798 2650 milti
2824 2609 2935 2653 erat
2954 2619 3051 2672 pro
3080 2605 3266 2674 ni/tilo,
3289 2619 3340 2664 et
3361 2611 3468 2666 vita

1865 2665 1982 2734 ipsa
2009 2672 2334 2741 putabantur
2359 2679 2586 2752 indigni.
2619 2683 2867 2756 Egestate
2896 2665 2966 2746 et.
2983 2699 3123 2766 fame
3158 2665 3377 2760 steriles.
3407 2704 3467 2763 Id

1864 2768 1970 2821 est,
2003 2763 2316 2832 ignominia:
2345 2769 2553 2828 vilitate
2582 2776 2847 2848 despecti.

1940 2852 2044 2920 Qui
2074 2858 2324 2914 rodebant
2372 2865 2425 2916 in
2457 2867 2770 2936 solitudine,
2819 2878 3112 2946 squalentes
3142 2884 3462 2958 calamitate,

1864 2951 1912 2995 et
1932 2945 2162 3000 miseria.
2182 2949 2250 3003 Et
2267 2956 2653 3013 manducabant
2670 2945 2878 3032 herbas,
2895 2977 2941 3022 et
2962 2972 3203 3029 arborum
3225 2980 3464 3050 cortices,

1866 3041 1912 3086 et
1942 3037 2096 3090 radix
2112 3040 2484 3111 juniperorum
2503 3060 2614 3105 erat
2637 3053 2781 3110 cibus
2810 3075 3007 3116 eorum.
3038 3064 3142 3132 Qui
3171 3067 3238 3123 de
3259 3073 3469 3128 conval-

1789 3114 1837 3180 C
1867 3124 2001 3180 libus
2024 3129 2125 3183 ista
2147 3135 2427 3206 rapientes,
2450 3156 2565 3194 cum
2587 3143 2796 3216 singula
2824 3155 3149 3227 reperissent,
3175 3161 3244 3214 ad
3263 3179 3321 3217 ea
3341 3181 3461 3218 cum

1862 3215 2090 3274 clamore
2134 3226 2425 3282 currebant.
2461 3231 2582 3287 Prae
2626 3215 2843 3294 miseria
2891 3253 2947 3299 et
2993 3248 3287 3320 aviditate,
3341 3253 3462 3312 haec

1860 3311 2028 3367 etiam
2059 3331 2183 3386 qua:
2212 3333 2364 3374 extra
2398 3324 2578 3380 cibum
2608 3341 2791 3400 erant,
2817 3336 2901 3390 vel
2929 3335 3235 3411 hominum,
3261 3347 3345 3403 vel
3375 3348 3459 3406 fe-

1859 3419 2066 3476 rarum,
2105 3419 2361 3482 tanquam
2392 3420 2583 3488 epulas
2613 3437 2677 3479 ac
2704 3425 2931 3484 delicias
2962 3432 3312 3510 invadebant,
3349 3441 3455 3498 hu-

1859 3513 2062 3558 mectas
2086 3508 2362 3565 convalles
2391 3527 2507 3582 prae
2539 3516 2701 3572 nimia
2726 3535 2971 3592 egestate
2993 3542 3272 3600 sugentes.

1928 3592 1997 3647 In
2043 3598 2259 3654 desertis
2311 3603 2616 3663 habitabant
2667 3618 2997 3688 torrentium,
3046 3632 3094 3677 et
3131 3627 3186 3680 in
3217 3632 3455 3686 cavernis

1858 3690 2028 3752 terras,
2056 3688 2136 3741 vel
2165 3707 2322 3762 super
2349 3694 2607 3765 glaream.
2644 3700 2753 3767 Qui
2780 3706 2914 3762 inter
2944 3707 3313 3783 hujuscemodi
3357 3721 3454 3777 lte-

1858 3780 2126 3835 tabantur.
2161 3783 2265 3851 Qui
2297 3799 2488 3857 etiam,
2532 3803 2588 3848 ut
2624 3797 2726 3866 ait,
2772 3801 2823 3854 in
2875 3780 3025 3860 locis.
3062 3811 3369 3879 sterilibus,
3399 3825 3459 3873 et

1856 3869 2154 3945 inaquosis,
2212 3879 2328 3937 sive
2378 3883 2652 3956 dumihus,
2700 3891 2857 3961 quasi
2886 3901 3133 3966 repentia
3169 3911 3348 3974 terrm,
3395 3907 3450 3964 in

1856 3965 2213 4029 foraminibus
2272 3979 2628 4038 morabantur
2668 4001 2683 4039 :
2733 4001 2870 4057 quos
2927 3990 3134 4052 imbres
3184 3999 3450 4059 montium

1852 4061 2050 4130 rigant.

1927 4155 1993 4211 Et
2039 4175 2148 4215 esse
2195 4162 2290 4217 sub
2334 4167 2560 4223 sentibus
2603 4170 2820 4229 delicias
2866 4182 3258 4250 computabant.
3309 4187 3365 4244 Si
3396 4188 3450 4248 in

1853 4259 1989 4307 testu
2029 4270 2151 4326 suo,
2186 4259 2578 4321 vilissimorum
2611 4269 2860 4340 Stirpium
2888 4273 3037 4332 foliis
3070 4288 3401 4350 tegerentur.

1922 4345 2052 4403 Filii
2098 4353 2382 4411 stultorum
2428 4371 2478 4414 et
2522 4362 2855 4435 ignobilium,
2904 4372 3037 4426 etin
3078 4383 3216 4430 terra
3243 4381 3451 4450 penitus

1851 4456 1953 4494 non
2000 4457 2259 4514 parentes.
2291 4449 2454 4506 Nunc
2503 4455 2556 4508 in
2581 4471 2759 4512 eorum
2790 4463 3052 4519 canticum
3094 4485 3264 4525 versus
3307 4490 3442 4542 sum,

1850 4541 1898 4586 et
1919 4533 2089 4603 factus
2112 4555 2232 4591 sum
2276 4543 2349 4596 eis
2377 4543 2433 4598 in
2474 4549 2824 4617 proverbium.
2856 4554 3238 4614 Abominantur
3269 4580 3368 4632 me,
3397 4577 3447 4622 et

1849 4625 2002 4701 longe
2049 4630 2256 4702 fugiunt
2284 4651 2316 4688 a
2345 4653 2446 4700 me,
2479 4647 2528 4692 et
2558 4642 2748 4711 faciem
2792 4661 2962 4701 meam
3005 4666 3295 4725 conspuere
3341 4676 3444 4716 non

1845 4733 2108 4778 verentur.
2143 4725 2398 4797 Obscuri,
2433 4740 2489 4786 et
2517 4736 2784 4791 memoria
2813 4741 3029 4810 penitus
3061 4745 3293 4818 indigni.

1919 4813 2239 4873 Pltaretram
2285 4823 2422 4876 enim
2463 4841 2614 4880 suam
2659 4833 2886 4900 aperuit,
2930 4844 2979 4887 et
3025 4839 3224 4906 afﬂixit
3252 4856 3351 4910 me,
3394 4854 3442 4899 et

1845 4910 2048 4977 frenum
2077 4913 2251 4982 posuit
2278 4915 2331 4968 in
2361 4932 2416 4968 os
2442 4933 2628 4972 meum.
2662 4919 2985 4980 Pharetram
3014 4930 3272 4987 existimo
3303 4935 3445 4990 mul-

1847 5001 2136 5060 titudinem
2185 5007 2494 5078 plagarum,
2538 5011 2622 5066 vel
2654 5012 2830 5083 ipsum
2863 5016 3175 5090 diabolum,
3224 5025 3309 5080 vel
3341 5042 3441 5098 po-

1845 5103 2095 5153 testatem
2146 5098 2292 5156 illius
2340 5101 2445 5158 hoc
2493 5103 2612 5160 loco
2659 5105 2887 5182 intelligi
2939 5123 3221 5181 Oportere.
3261 5117 3436 5186 Quam

1841 5188 1984 5245 sicut
2014 5191 2116 5246 Joh
2147 5193 2244 5262 ait,
2274 5193 2414 5252 Deus
2449 5199 2684 5269 aperuit,
2709 5200 2837 5256 dum
2871 5203 3018 5260 circa
3041 5221 3163 5261 eum
3185 5209 3439 5271 diabolus

1838 5298 1994 5338 suam
2044 5287 2292 5342 exercuit
2335 5299 2682 5362 potestatem,
2737 5295 2884 5352 unde
2933 5312 3091 5367 eum,
3144 5310 3199 5356 et
3233 5301 3432 5372 jaculis

1840 5383 2238 5434 tormentorum
2283 5380 2495 5438 afﬂixit.
2529 5382 2759 5455 Insuper
2803 5385 2970 5442 etiam
3014 5389 3226 5449 frenum
3273 5394 3324 5452 ei
3354 5397 3431 5452 si-

1835 5468 1989 5526 lentii
2024 5472 2075 5526 in
2109 5488 2208 5529 ore
2240 5489 2308 5529 ne
2336 5475 2658 5546 loqueretur
2684 5478 2965 5552 imposuit.

1909 5563 1991 5618 Ad
2039 5565 2308 5621 dexteram
2351 5569 2564 5625 orientis
2613 5571 2938 5629 calamitates
2983 5592 3111 5633 mete
3136 5578 3280 5637 illico
3313 5599 3434 5638 sur-

1836 5668 2102 5712 rexerant.
2153 5659 2209 5714 Id
2255 5669 2363 5729 est,
2415 5663 2499 5718 vel
2551 5663 2602 5719 in
2657 5665 2776 5739 ipso
2825 5676 3075 5741 tempore
3131 5671 3430 5746 felicitatis,

1845 5749 1990 5821 quod
2020 5749 2401 5821 graviSsimum
2450 5755 2729 5830 probatur,
2758 5772 2972 5821 exortae
2997 5773 3146 5836 sunt,
3178 5766 3268 5824 vel
3292 5783 3423 5840 per.
