4032 6300
614 184 718 259 707

1396 182 1743 251 APPENDIX
1783 182 1875 249 AD
1914 180 2157 245 TOMUM
2195 172 2552 247 SEPTIMUM
2592 183 2649 241 S.
2695 180 3102 259 HIERONYMI.

3834 174 3929 241 ’ως

613 306 784 365 missu
839 304 1038 362 divinae
1095 305 1385 379 potestatis
1439 305 1709 383 impositas
1762 312 1911 362 sunt.
1962 304 2079 381 Ipse
2127 312 2210 358 cst
2236 304 2291 381 ,Α
2315 302 2513 361 domus
2544 303 2875 367 Interiorum
2908 311 2990 371 est
3018 300 3337 368 constituta,
3374 298 3428 365 id
3455 304 3567 367 est,
3600 310 3763 355 mors
3796 296 3925 367 ipsa,

613 400 761 453 enim
805 398 990 455 oriens
1040 414 1106 455 ex
1156 398 1289 467 alto,
1323 398 1441 483 ipse
1471 397 1695 457 dextera
1744 407 1799 456 et
1835 399 2011 467 virtus
2039 395 2209 461 Altis-

611 503 764 547 811111.

684 580 853 637 Pedes
882 598 1019 638 meos
1048 582 1433 651 subuerterant,
1459 591 1507 643 et
1534 593 1906 667 oppresserunt
1935 584 2084 665 quasi
2112 585 2215 655 μην

609 674 779 728 cn'bns
805 674 1003 735 semitis
1033 674 1137 733 sui.
1173 674 1229 730 ld
1257 686 1365 745 est,
1396 675 1743 743 calamitates
1766 693 1906 737 mea:
1933 677 2212 749 frequenti

608 766 936 838 repetitione
984 783 1073 831 me
1117 766 1462 841 afﬂigentes,
1510 770 1664 832 velut
1712 770 1971 831 ﬂuctibus
2016 784 2213 837 omnes

609 858 727 919 vias
755 866 937 916 rectas
966 862 1410 921 conversationis
1438 878 1575 923 mete
1605 864 2024 929 subverterunt.

683 951 1082 1028 Dissipaverunt
1125 958 1317 1023 itinera
1365 976 1503 1035 mea,
1548 961 1788 1033 insidiati
1831 972 1954 1029 sunt
1985 962 2135 1030 mihi,
2165 974 2214 1027 et

611 1048 1021 1119 prtcvaluerunt,
1056 1058 1105 1104 et
1133 1066 1239 1104 non
1271 1052 1372 1121 fuit
1402 1052 1493 1123 qui
1520 1054 1680 1131 [erret
1708 1055 1993 1119 auxilium.
2024 1055 2079 1119 Id
2108 1067 2214 1123 est,

610 1139 808 1197 itinera
860 1156 1004 1208 mea,
1055 1141 1257 1215 quibus
1306 1157 1405 1225 per
1454 1144 1598 1209 viam
1622 1144 1852 1225 iustitiae
1882 1147 2216 1223 quotidianis

610 1232 954 1309 profectibus
1004 1234 1368 1309 incedebant,
1425 1236 1637 1301 inimici
1692 1240 1800 1299 mei
1852 1242 2210 1305 conturbave-

610 1334 766 1392 runt,
800 1326 854 1382 in
902 1325 1160 1397 iniuriam
1210 1342 1385 1389 meant
1418 1344 1486 1389 ex
1516 1330 1817 1411 insperato,
1850 1332 2001 1391 velut
2026 1349 2096 1399 ex
2128 1333 2214 1399 ip.

613 1416 776 1477 sidiis
822 1427 1203 1490 erumpentes,
1251 1422 1576 1502 negantibus
1624 1424 1754 1492 mihi
1783 1425 2047 1500 proximis
2078 1428 2216 1493 meis

614 1508 1014 1566 consolationis
1044 1511 1330 1569 auxilium.

688 1599 854 1668 Quasi
883 1612 1038 1677 rupto
1068 1619 1238 1673 nturo,
1278 1615 1329 1660 et
1352 1617 1533 1687 aperta
1553 1610 1727 1685 janua
1763 1609 2032 1669 irruerunt
2060 1626 2216 1689 super

2317 412 2426 467 non
2456 396 2770 457 conditione
2800 395 2919 470 ejus
2948 402 3159 465 creata.
3214 393 3348 455 lllno
3400 406 3536 463 ergo
3581 399 3643 448 et
3691 404 3786 447 me
3824 400 3930 444 tan-

2316 507 2477 572 quam
2504 490 2814 564 peccatoris
2843 488 2974 555 Adaa
3000 488 3195 557 (illum.
3226 485 3529 549 secundum
3556 484 3780 556 justam
3809 496 3927 540 ses-

2317 584 2545 657 teqtiam
2579 583 2731 641 abire
2762 581 3006 647 voluisti.

2395 677 2758 733 Verumtamen
2812 692 2913 729 non
2962 672 3032 729 ad
3073 673 3522 745 consumptionctn
3570 686 3792 730 θος-ιιι.
3834 670 3928 725 Re-

2317 770 2766 838 enttciliatinnem
2792 767 2982 827 mundi
3009 766 3303 840 prophetat
3334 768 3388 829 in
3410 764 3646 828 Christo
3670 764 3926 825 futuram,

2319 864 2446 927 dunt
2487 864 2621 921 dicit
2666 862 2919 923 homines
2961 877 3071 929 non
3108 860 3160 916 itt
3196 868 3516 931 perpetuam
3560 858 3932 925 consumptio.

2321 971 2448 1017 nem
2499 954 2851 1033 redigendos,
2908 954 3003 1025 sed
3053 953 3352 1026 aliquando
3398 952 3469 1013 ab
3519 950 3732 1013 inferis
3787 966 3931 1005 rew-

2319 1050 2546 1108 candos.

2395 1142 2601 1200 Emittis
2631 1158 2838 1201 ntanutn
2861 1151 3005 1199 luant
3026 1157 3043 1195 :
3067 1148 3118 1199 et
3146 1140 3192 1205 si
3213 1139 3530 1206 terruerint,
3550 1139 3666 1206 ipse
3686 1137 3931 1196 salvebis

2319 1233 2377 1290 Si
2429 1243 2549 1303 post
2598 1232 3059 1303 redemptionem,
3109 1246 3217 1304 qua
3270 1246 3368 1302 per
3412 1230 3580 1293 tidem
3630 1229 3691 1289 in
3721 1228 3935 1289 Christe

2320 1327 2616 1401 salvantur,
2671 1328 2867 1385 iterum
2921 1342 3015 1398 per
3058 1334 3349 1397 peccatum
3397 1323 3619 1385 ruerint
3659 1322 3933 1383 homines.

2322 1435 2483 1489 tnann
2515 1420 2734 1491 pietatis
2764 1419 3057 1487 allevopte,
3092 1433 3190 1497 per
3240 1416 3631 1488 pmnitentiam
3669 1417 3795 1487 ipse
3839 1416 3935 1471 ssi-

2320 1519 2492 1575 vabit.

2396 1609 2611 1665 Flebam
2662 1610 2929 1681 quondam
2976 1626 3130 1682 super
3177 1624 3259 1676 eo,
3306 1608 3399 1679 qui
3436 1607 3683 1680 afﬂictus
3712 1615 3831 1661 erat
3857 1616 3936 1658 :et

615 1709 717 1761 me,
764 1704 814 1748 et
856 1695 926 1749 ad
972 1711 1111 1750 meas
1147 1698 1383 1753 miserias
1413 1698 1641 1755 devoluti
1678 1710 1819 1763 sunt.
1848 1700 1982 1769 Tant
2014 1702 2209 1773 veloci,
2241 1692 2291 1772 Β
2316 1702 2729 1775 componebatur
2747 1705 2925 1765 anima
2954 1719 3069 1764 mea
3092 1703 3334 1774 pauperi.
3355 1699 3755 1772 Exspectaba-
3784 1701 3934 1763 bona,

618 1787 834 1859 inquit,
877 1789 1083 1859 impetu
1122 1790 1382 1863 praedic”
1425 1793 1564 1859 ntsla
1594 1809 1764 1864 super
1795 1810 1882 1850 me
1914 1797 2211 1861 irrnerunt,

616 1886 679 1935 ut
708 1880 860 1936 nullo
899 1882 1193 1939 resistente
1239 1884 1546 1957 obstaculo,
1596 1886 1649 1945 in
1698 1902 1786 1947 me
1825 1886 2066 1959 desuper
2095 1887 2212 1943 vol-

615 1984 897 2031 verentur.
1536 1966 1539 1969 ’

687 2067 954 2124 Reductus
1001 2086 1116 2124 sunt
1172 2072 1226 2125 in
1271 2071 1514 2127 nihilum.
1563 2071 1791 2135 Abstulit
1836 2073 1988 2149 quasi
2036 2083 2215 2131 uentus

611 2163 934 2219 desiderium
959 2178 1147 2243 meum,
1173 2173 1222 2219 et
1251 2165 1385 2219 velut
1418 2166 1572 2223 nubes
1596 2165 1897 2241 pertransiit
1917 2165 2059 2225 salus
2081 2182 2212 2227 utea,

613 2256 735 2326 Quo
767 2259 1239 2314 remunerationes
1274 2268 1397 2319 tuas
1438 2274 1538 2331 pro
1568 2259 1953 2319 mandatorum
1996 2266 2214 2317 tuorunt

615 2350 864 2406 custodia
918 2351 1306 2423 pra-stolabar,
1355 2353 1565 2425 pariter
1621 2367 1743 2411 cum
1796 2351 2011 2425 salute,
2062 2350 2217 2423 quasi

616 2443 768 2498 venti
804 2443 1037 2512 impetu,
1069 2454 1126 2499 et
1155 2444 1309 2514 quasi
1352 2444 1743 2503 transvolantis
1784 2444 1945 2505 nubis
1977 2443 2084 2525 [AL
2120 2460 2219 2507 no-

617 2532 730 2608 bis]
761 2535 1053 2597 celeritate
1087 2534 1337 2613 rapuisti,
1368 2536 1493 2607 quia
1525 2534 1698 2613 abripi
1731 2535 2054 2609 permisisti.

694 2624 843 2682 Tunc
872 2635 1049 2681 autem
1077 2627 1129 2680 iu
1157 2628 1457 2700 memetipso
1485 2627 1755 2685 marcescit
1787 2627 1964 2685 animo
2002 2642 2139 2703 mea,
2171 2638 2219 2685 et

619 2719 888 2791 possident
938 2737 1017 2776 me
1058 2720 1168 2775 dies
1217 2720 1542 2795 afﬂictionis.
1598 2720 1906 2793 Marcescit,
1956 2719 2013 2777 id
2051 2730 2158 2789 est,
2189 2736 2217 2779 a

619 2816 809 2887 vigore
834 2830 947 2875 sua:
977 2812 1297 2875 intentionis
1329 2812 1666 2875 dissolvitur.

695 2905 864 2962 Nocte
892 2924 951 2962 os
980 2921 1149 2965 meum
1188 2906 1486 2983 perforatur
1514 2904 1804 2973 doloribus.
1836 2915 1884 2965 et
1907 2905 1996 2985 qui
2028 2921 2107 2960 me
2135 2919 2220 2959 co-

626 2999 858 3075 medunt,
890 3017 994 3059 non
1021 2999 1301 3069 dormiunt.
1334 2998 1679 3063 Manifestum
1716 3006 1825 3071 est,
1851 2998 1975 3077 quia
2005 3012 2220 3055 vermes

2319 1804 2365 1849 et
2393 1803 2639 1853 venerunt
2684 1793 2809 1851 mihi
2848 1791 3009 1861 mala,
3049 1792 3390 1864 praestolabar
3441 1790 3641 1854 lucent.
3674 1798 3733 1848 et
3761 1805 3936 1856 erupt-

2316 1895 2439 1943 ruttt
2487 1885 2733 1945 tenebris.
2773 1884 3002 1949 Factum
3032 1894 3141 1954 est,
3188 1893 3247 1939 ttt
3273 1898 3373 1953 pro
3415 1882 3701 1943 bonorum
3748 1895 3937 1950 exspe-

2317 1980 2583 2047 ctatione,
2611 1995 2719 2053 qua
2750 1980 2990 2047 miseros
3018 1977 3369 2045 consolabar,
3399 1975 3541 2037 mala
3575 1990 3734 2035 nunc
3758 1972 3932 2033 omnia

2318 2072 2672 2138 sustinerent.
2705 2083 2762 2137 et
2793 2088 2894 2143 pro
2925 2071 3049 2133 luce
3094 2069 3504 2142 prosperitatis,
3542 2066 3821 2130 tenebras
3860 2068 3934 2122 iu-

2319 2178 2598 2223 cut‘ret‘em
2633 2173 3059 2222 tormentorum.

2393 2256 2659 2317 Intcriora
2715 2274 2831 2313 mea
2880 2256 3228 2327 e/Ierltuet'unt
3282 2256 3475 2324 absque
3533 2253 3655 2317 ullo
3708 2253 3930 2324 requie:

2320 2360 2674 2422 prweenerunt
2723 2367 2801 2404 nte
2850 2349 2959 2407 dies
2987 2348 3315 2421 afﬂictionis.
3346 2346 3453 2411 Ubi
3477 2348 3575 2414 ait,
3626 2345 3783 2416 quod
3810 2360 3929 2403 cum

2321 2442 2441 2498 dies
2467 2441 2779 2503 :tfllictiottis
2826 2439 3217 2513 prmvenerittt,
3248 2449 3382 2513 puto
3411 2455 3483 2513 qu
3522 2438 3555 2499 d
3588 2445 3821 2505 tempus
3840 2435 3927 2507 ju-

2322 2534 2448 2590 dicii
2496 2534 2736 2590 voluerit
2783 2533 3070 2591 indicare:
3102 2548 3210 2605 quo
3237 2540 3575 2604 prmventutn
3619 2546 3682 2593 se
3731 2530 3929 2589 ideirco

2323 2628 2541 2684 videtur
2572 2627 2812 2692 dixisse,
2861 2628 2984 2703 quia
3034 2642 3161 2684 cum
3216 2626 3323 2683 sibi
3368 2625 3605 2685 necdum
3636 2631 3927 2687 venturum

2325 2722 2638 2791 putaverit:
2668 2721 2759 2791 ubi
2788 2721 2953 2777 etiam
2980 2735 3237 2793 magnum
3271 2718 3516 2779 dolorem
3547 2717 3927 2791 gettcnnarunt

2324 2814 2615 2885 signiﬁcat,
2649 2814 2778 2869 dum
2805 2828 2931 2868 suas
2957 2812 3063 2869 illis
3089 2823 3378 2887 comparat
3408 2827 3623 2887 pinnas.

2398 2906 2621 2962 Maerens
2675 2906 3011 2969 incedebant,
3068 2909 3179 2967 sine
3232 2906 3409 2981 furore
3461 2921 3825 2979 consurgens,
3881 2906 3926 2958 in

2327 3002 2476 3054 turba
2504 3000 2817 3059 clamabam.
2851 3000 3049 3059 Tristis
3094 3008 3150 3058 et
3190 2998 3426 3065 affectus
3472 3000 3775 3069 tumstitia,
3808 3000 3926 3071 quia

623 3094 715 3173 qni
744 3109 938 3153 carnes
965 3095 1085 3169 ejus
1126 3093 1515 3163 comedebaut,
1554 3102 1745 3153 noctes
1781 3092 2057 3157 ducebant
2086 3107 2215 3167 pcr-
2242 3077 2293 3161 εὖ
2325 3108 2500 3169 poenae
2531 3094 2787 3151 meritum
2814 3093 3147 3163 nesciebant,
3172 3103 3227 3155 et
3250 3094 3368 3151 sine
3391 3092 3600 3153 furoris
3623 3093 3924 3157 iracundia,

622 3188 837 3247 viailes.

718 3203 837 3247 ttes.

679 3203 762 3334 sla
777 3278 1111 3334 multitudine
1122 3293 1305 3339 eorum
1317 3277 1644 3337 consumitur
1657 3276 2014 3335 vestimentum
2031 3292 2222 3347 ineunt,

624 3383 673 3430 et
700 3375 850 3448 quasi
898 3375 1091 3445 capitio
1118 3374 1311 3429 tunica:
1351 3374 1716 3429 succinccerunt
1756 3388 1852 3429 me.
1884 3373 2222 3428 Scatentiutn

627 3469 903 3526 vermium
946 3467 1264 3541 multitudo,
1309 3480 1530 3539 semper
1556 3480 1617 3523 se
1643 3478 2016 3530 commovens,
2045 3471 2101 3519 et
2129 3477 2228 3537 per

620 3563 871 3623 diversos
901 3562 1195 3619 vulnerum
1246 3573 1494 3615 meorum
1543 3559 1698 3617 sinus
1742 3557 2086 3625 discurrens,
2133 3571 2228 3611 ve-

622 3666 763 3719 stem
792 3670 1009 3729 quoquc
1035 3669 1241 3720 nteam,
1265 3652 1397 3715 dum
1424 3666 1520 3726 per
1545 3667 1633 3709 me
1655 3666 1853 3721 repere
1881 3666 1988 3707 non
2017 3661 2224 3719 cessat,

620 3751 835 3808 attrivit
872 3766 885 3804 :
931 3763 1097 3821 quem
1123 3754 1298 3803 totum
1328 3755 1494 3819 atque
1521 3760 1592 3804 ex
1619 3742 1771 3805 omni
1802 3755 1958 3821 parte
1986 3741 2228 3799 circum-

620 3847 833 3915 datum,
862 3853 918 3900 et
945 3841 1102 3914 quasi
1134 3841 1188 3903 in
1230 3854 1396 3899 unum
1427 3838 1625 3897 vulnus
1657 3837 1942 3897 redactum
1975 3837 2222 3895 ἰαοεεωο

623 3937 724 3995 bili
753 3953 851 3992 estt
880 3935 1189 4011 haustuque
1227 3933 1547 3997 discruciat.

697 4029 1046 4102 Comparatus
1091 4018 1205 4083 sunt
1255 4028 1387 4096 luto,
1434 4035 1485 4082 et
1534 4026 1852 4081 assimilatas
1883 4042 1996 4079 sunt
2028 4024 2226 4101 fat‘illw

624 4134 673 4182 et
703 4123 884 4183 cineri.
918 4122 1001 4185 Ad
1030 4137 1295 4185 summam
1329 4121 1599 4182 vilitatem
1632 4118 1951 4200 perductum
1979 4135 2039 4177 se
2068 4119 2223 4187 dicit,

625 4218 716 4289 qui
742 4215 1058 4273 vulneribus
1084 4224 1137 4272 et
1167 4214 1347 4279 sanie,
1367 4214 1505 4269 sicut
1537 4213 1704 4267 ltttutn
1732 4220 2223 4287 contptttresccret,

624 4318 683 4367 et
709 4308 923 4366 fmteret
964 4326 978 4363 :
1027 4306 1436 4365 essiccantibus
1463 4320 1655 4372 rursus
1683 4304 1865 4369 carnis
1895 4304 2014 4389 eius
2039 4315 2226 4381 putre-

626 4405 836 4473 dinem,
878 4401 1135 4459 sordibus
1164 4400 1426 4473 pulveris.

2326 3202 2475 3245 erant
2522 3188 2575 3243 in
2607 3201 2757 3257 spem
2792 3186 2954 3245 animi
2988 3187 3197 3247 virtute
3225 3201 3600 3258 consurgens;
3627 3186 3763 3258 quia
3788 3186 3925 3249 Deus

2326 3282 2587 3341 docuerat
2644 3298 2730 3341 me
2781 3283 3129 3353 patientiam,
3176 3292 3235 3339 ut
3281 3283 3666 3354 atqttauitniter
3706 3282 3922 3348 terrent.

2326 3375 2540 3451 publica
2572 3374 2944 3435 satisfactione
2973 3376 3310 3441 vociferans,
3337 3384 3394 3432 et
3422 3389 3688 3433 exorans.

2399 3466 2591 3523 Frater
2620 3468 2702 3540 [ui
2730 3470 3051 3536 diaconum,
3097 3478 3144 3524 et
3187 3469 3355 3524 socius
3381 3468 3762 3526 struthionum.
3795 3468 3918 3524 (ΣΙ-υς
3982 3474 3983 3487 ‘

2330 3562 2476 3619 ciatu
2524 3578 2809 3632 pennarum
2857 3562 3105 3630 affectus,
3137 3561 3357 3621 dolores
3382 3577 3538 3619 meos
3570 3561 3757 3624 sibilis
3788 3572 3914 3621 tent-

2328 3657 2586 3737 pet‘abam
2612 3674 2626 3714 :
2652 3655 3119 3727 quemadmodum
3143 3654 3325 3717 facere
3348 3656 3606 3713 dicuntur
3637 3655 3917 3721 dracones,

2327 3749 2549 3819 quando
2579 3749 2648 3804 ab
2695 3747 3010 3818 elephantis
3038 3749 3329 3821 capiuntur
3364 3763 3380 3801 :
3416 3760 3475 3804 ut
3504 3750 3776 3823 propheta
3804 3749 3913 3804 ait:
3980 3804 3981 3807 η

2328 3839 2550 3903 Faciant
2600 3844 2865 3914 planctum
2910 3843 3047 3901 velut
3094 3843 3606 3913 draconumutuent
3641 3843 3920 3900 faciunttu

2327 3934 2463 4001 dixi,
2496 3936 2716 4005 quando
2744 3935 2813 3990 ab
2843 3934 3158 4003 elephantis
3197 3935 3625 3993 interficiuntur.
3660 3936 3729 3991 Et
3753 3935 3917 3992 socius

2328 4029 2703 4087 strutltionuttt
2747 4045 2761 4082 :
2808 4027 2991 4087 fatuus
3043 4027 3219 4087 factus
3265 4044 3391 4089 sum
3434 4036 3491 4085 et
3535 4028 3835 4099 insipiens,l
3871 4036 3915 4081 ut

2330 4121 2593 4194 struthio,
2627 4123 2750 4177 avis
2783 4122 3131 4193 stultissima,
3164 4129 3229 4179 ut
3255 4137 3366 4197 pra:
3391 4121 3584 4179 dolore
3612 4121 3819 4179 frustra
3846 4136 3912 4181 tuo
3978 4136 3979 4155 π

2330 4216 2647 4273 existiment
2677 4216 2983 4276 laborasse.

2403 4308 2549 4366 Cutis
2576 4324 2688 4363 mea
2716 4308 2989 4387 denigrata
3016 4316 3091 4363 est
3114 4324 3267 4381 super
3295 4323 3401 4374 me,
3421 4317 3468 4364 et
3496 4324 3614 4365 ossa
3642 4324 3759 4363 mea
3782 4323 3913 4363 aruo

2331 4410 2456 4455 runt
2490 4417 2597 4471 pra!
2644 4412 2903 4456 caumate.
2948 4400 3012 4458 Et
3043 4402 3147 4461 ltoc
3174 4399 3242 4456 ad
3272 4414 3561 4471 pinnarum
3591 4401 3717 4475 ejus
3741 4415 3912 4459 cuntu-

699 4468 881 4565 Clatno
904 4494 974 4552 ad
1000 4504 1071 4567 te,
1095 4506 1143 4551 et
1165 4468 1278 4553 non
1299 4493 1513 4557 exaudis
1539 4509 1617 4549 me
1643 4509 1660 4553 ς
1684 4500 1790 4565 sto,
1818 4501 1867 4549 et
1894 4508 1995 4549 non
2015 4492 2228 4573 respicis
2252 4468 2310 4537 Ρ
2334 4496 2446 4555 tum
2491 4468 2813 4566 pertinebat
2837 4536 2852 4561 ,
2909 4503 2961 4551 ttt
3018 4495 3069 4551 in
3125 4468 3371 4555 stercore
3419 4468 3786 4566 constitutus,
3835 4509 3913 4567 pet

627 4604 725 4647 me.
758 4590 816 4647 In
843 4590 1087 4647 clamore
1117 4588 1355 4651 intentio
1386 4597 1472 4644 est
1496 4587 1708 4655 orantis
1734 4586 1801 4641 ad
1832 4585 2025 4647 Deum.
2073 4586 2129 4645 In
2162 4602 2228 4645 eo

626 4699 765 4741 vero
794 4682 939 4757 quod
972 4694 1122 4739 stare
1150 4696 1211 4737 se
1252 4680 1533 4752 perbibet,
1567 4679 2040 4755 perseverantiam
2071 4694 2130 4739 se
2158 4679 2227 4739 ad

626 4776 798 4833 Deum
849 4773 1054 4833 habere
1101 4772 1552 4835 indeclinabilem
1599 4772 1758 4827 dixit.
1808 4769 2031 4833 Fiducia
2068 4771 2230 4845 justi-

625 4869 824 4933 tiarum
874 4884 1097 4927 suarum
1147 4866 1215 4929 ad
1249 4867 1415 4931 Deum
1458 4886 1473 4920 :
1521 4865 1642 4922 haec
1671 4866 1844 4925 libere
1867 4864 1970 4929 Job
2007 4872 2229 4923 sanctus

626 4962 893 5037 loquitur.

702 5054 940 5112 Mutatus
967 5072 1021 5110 es
1053 5053 1185 5109 mihi
1212 5055 1267 5113 in
1311 5051 1592 5118 crudelem,
1637 5062 1685 5114 et
1731 5053 1785 5105 in
1817 5050 2017 5107 duritia
2044 5066 2228 5109 manus

625 5159 729 5209 tua:
754 5148 1047 5209 aduersaris
1071 5148 1201 5207 mihi
1209 5188 1221 5200 .
1243 5145 1468 5209 Elevasti
1488 5154 1647 5215 me,et
1673 5146 1823 5219 quasi
1843 5162 1997 5216 super
2024 5156 2226 5203 ventum

627 5259 827 5316 ponens
847 5241 1030 5297 elisisti
1055 5257 1135 5295 me
1156 5237 1327 5295 valde.
1358 5238 1513 5299 Pium
1529 5247 1600 5302 .et
1624 5239 2036 5300 misericordem
2055 5241 2224 5297 Deum

627 5351 753 5394 esse
779 5334 912 5393 dicit
955 5337 1007 5390 in
1038 5333 1316 5407 prosperis
1345 5332 1462 5391 suis
1488 5333 1691 5397 durum
1722 5343 1888 5404 atque
1917 5332 2224 5405 crudelem,

627 5443 754 5485 cum
801 5443 994 5483 manus
1026 5416 1307 5494 duritiam,
1356 5437 1406 5487 et
1449 5440 1645 5509 graves
1676 5439 1866 5499 pinnas
1893 5426 2133 5493 sustinet
2174 5432 2230 5483 et

630 5530 871 5587 atroces.

703 5616 854 5683 Scio,
882 5616 1004 5699 quia
1050 5616 1200 5685 morti
1230 5616 1405 5686 trades
1446 5632 1544 5682 me,
1578 5617 1667 5681 alii
1702 5615 1991 5683 constituta
2020 5624 2095 5674 est
2124 5614 2221 5673 du-

630 5717 747 5771 mus
794 5706 932 5763 omni
980 5705 1182 5777 uiuenti.
1225 5704 1353 5765 Post
1396 5705 1653 5770 delictum
1704 5706 1980 5783 parentis,
2027 5706 2223 5779 inquit,

2334 4592 2504 4651 multa
2551 4602 2831 4667 tempora,
2879 4588 3015 4651 solis
3062 4589 3481 4649 ardentissimus
3509 4604 3686 4663 usque
3713 4588 3782 4647 ad
3807 4604 3914 4645 (Na
3974 4624 3975 4667 γ

2333 4690 2614 4752 pateretur
2641 4681 2846 4736 radios.

2414 4775 2576 4831 Versa
2603 4785 2675 4829 est
2709 4777 2761 4829 in
2789 4775 2983 4830 luctata
3014 4773 3215 4832 cithara
3249 4791 3383 4845 mea,
3413 4786 3459 4833 et
3486 4791 3746 4852 organum
3775 4792 3916 4836 atrum

2331 4869 2386 4924 in
2412 4886 2582 4923 vocent
2613 4870 2876 4940 ﬂentium.
2904 4869 3001 4924 llis
3030 4870 3227 4936 rebus,
3273 4870 3406 4925 dicit
3448 4871 3694 4937 felicium
3723 4872 3917 4928 dierum

2337 4977 2558 5017 suorum
2590 4972 2752 5031 atque
2785 4961 3164 5032 prosperitatis
3210 4960 3455 5017 laetitiam
3479 5003 3491 5027 ,
3540 4972 3595 5017 et
3623 4960 3919 5033 jucundius

2338 5068 2444 5113 tem
2475 5058 2527 5112 in
2554 5056 2759 5111 luctum
2789 5070 2914 5111 esse
2941 5070 3285 5111 conversam.
3638 5042 3643 5047 ”

2561 5284 2641 5344 Ad
2669 5281 2865 5343 Christi
2894 5189 3409 5355 persogfiuuertitur
3434 5283 3717 5355 expositio.

2342 5434 2359 5445 ’
2407 5425 2537 5495 Quis
2566 5424 2698 5484 mihi
2740 5424 2958 5489 tribuat,
2989 5431 3045 5478 ut
3086 5423 3187 5479 sius
3216 5427 3379 5498 juxta
3418 5441 3625 5482 ms
3668 5428 3911 5499 pristinos,

2332 5529 2444 5585 etc.
2472 5520 2533 5585 la
2560 5528 2844 5589 assumpto
2872 5517 3102 5580 homine
3125 5517 3257 5578 lesu
3280 5518 3522 5585 Christo,
3550 5519 3609 5576 is
3634 5530 3744 5588 est,
3766 5521 3911 5579 Adam

2332 5613 2599 5683 secundo,
2627 5612 2743 5673 sive
2766 5608 3109 5679 nouissimo:
3140 5627 3243 5677 vos
3273 5620 3357 5675 est
3387 5611 3563 5675 Adaei
3604 5613 3909 5687 protoplasti

2332 5708 2626 5773 recolentis
2656 5704 2785 5778 quid
2818 5701 3145 5781 perdiderit,
3171 5712 3229 5761 ct
3251 5704 3316 5761 ad
3344 5706 3489 5778 quod
3513 5706 3718 5769 bonum
3747 5707 3901 5779 redire
