4032 6324
580 227 683 285 7H

1333 224 1682 286 APPENDIX
1721 225 1813 283 AD
1853 221 2099 284 TOMUM
2149 221 2509 280 SEPTIMUM
2551 223 2610 280 S.
2652 217 3052 277 HIERONYMI.

3798 209 3894 269 ἨΞ

589 345 878 411 sentimus,
924 342 1083 412 cujus
1129 342 1322 400 dentes
1347 359 1411 397 ac
1460 344 1700 398 molares
1745 352 1870 396 sunt
1907 341 1972 394 ad
2000 341 2190 396 interi-
2219 345 2272 403 Α
2379 339 2554 394 Verbis
2584 338 2709 390 meis
2741 337 2875 390 nihil
2915 336 3107 390 addere
3143 333 3425 388 audebant.
3461 331 3687 386 Statuta
3723 330 3898 397 ltliqne

597 439 852 494 mendum
884 437 1012 492 saevi
1037 453 1102 492 ac
1127 447 1308 493 truces
1336 438 1500 490 animi
1529 446 1728 492 motus.
1759 435 1836 491 De
1862 434 2193 503 hujusmodi,

593 529 795 601 inquit,
831 530 1086 585 dentibus
1119 530 1262 584 velut
1307 530 1547 599 pt'mdam
1594 530 1864 601 captivam
1901 531 2196 582 humanum

591 637 768 694 genus
794 622 1088 690 abstraxit,
1116 622 1185 677 de
1217 623 1409 676 mortis
1439 625 1630 691 utique
1655 621 1783 676 illud
1810 622 2039 676 interitu
2067 620 2202 675 libe-

597 715 789 771 randa.
836 716 1041 770 Omnes
1072 713 1227 784 impii
1257 714 1453 770 dentes
1482 724 1609 770 sunt
1655 713 1883 769 diaboli.
1921 713 2108 770 Potest
2147 721 2202 768 et

596 805 890 862 hmreticus
921 806 1152 877 quisque
1190 805 1458 877 intelligi,
1507 806 1562 860 in
1613 805 1769 875 cujus
1807 805 2065 860 dentibus
2103 805 2203 859 do-

597 900 769 956 ctrina
789 900 1078 970 perspicua
1097 899 1390 955 sentiatur.
1421 899 1475 953 In
1509 899 1813 954 molaribus
1837 914 1970 954 vero
1997 900 2204 953 lateant

599 1004 836 1060 remota,
860 1003 917 1050 et
944 1002 1178 1058 secreta,
1203 1003 1258 1049 et
1290 993 1522 1048 nefanda
1559 991 1844 1063 mysteria.

675 1087 1029 1159 Dicebamque
1060 1103 1080 1141 :
1111 1085 1366 1140 Innidulo
1390 1103 1502 1140 meo
1531 1085 1758 1150 moriar,
1793 1095 1840 1138 et
1867 1085 2002 1138 sicut
2028 1083 2206 1152 palma

605 1181 964 1253 multiplicabo
989 1179 1122 1235 dies.
1160 1179 1329 1234 Nidus
1359 1179 1577 1235 Domini
1603 1177 1927 1243 Salvatoris,
1956 1176 2205 1232 Ecclesia

605 1275 724 1347 ejus
748 1283 927 1342 potest
959 1272 1214 1343 intelligi.
1250 1272 1348 1326 llic
1371 1271 1539 1342 igitur
1565 1271 1854 1340 Dominus,
1887 1271 1938 1324 in
1967 1269 2208 1324 Ecclesia

605 1367 766 1438 quasi
818 1366 1013 1422 nidulo
1059 1381 1184 1430 suo,
1230 1379 1390 1434 quem
1439 1362 1545 1416 sibi
1586 1361 1712 1418 leno
1741 1361 1926 1416 carnis
1956 1360 2209 1415 humana:

609 1460 914 1530 congessit.
947 1467 1003 1514 et
1047 1457 1100 1512 in
1131 1472 1238 1528 qua
1287 1467 1542 1527 procreat
1572 1471 1636 1511 ac
1677 1455 1824 1511 fovet
1869 1455 2034 1523 ﬁlios,
2070 1454 2209 1509 mori

612 1551 840 1618 dicitur,
873 1550 1002 1607 dum
1036 1550 1280 1605 membra
1325 1548 1464 1620 ejus,
1493 1563 1730 1618 quorum
1763 1547 1883 1617 ipse
1914 1555 2078 1616 caput
2105 1556 2210 1612 est,

614 1645 767 1700 vitiis
816 1658 881 1698 ac
929 1641 1388 1713 concupiscentiis
1442 1639 1600 1710 hujus
1641 1639 1830 1695 saeculi
1881 1641 2212 1694 moriuntur.

2303 443 2357 488 et
2389 433 2607 488 decreta
2643 447 2748 485 non
2782 429 3155 485 convellentes
3194 426 3492 482 Ecclesia):
3545 424 3601 478 in
3647 439 3761 492 qua
3793 422 3906 478 lun-

2301 526 2620 582 damontum
2654 535 2738 580 est
2768 523 3033 587 veritatis,
3063 521 3372 577 stabiliunt.
3419 517 3690 575 Hmretici
3731 528 3906 572 autem

2303 630 2357 676 et
2405 618 2758 682 schismatici,
2810 617 3241 687 prmsumptione
3270 612 3566 686 superbiae,
3619 627 3732 680 qua
3783 627 3910 679 pra:-

2305 719 2454 766 Stant
2493 710 2730 774 caneris,
2763 708 2944 764 verbis
2977 707 3213 775 Domini,
3244 706 3468 762 inventa
3507 704 3581 759 de
3606 700 3790 758 corde
3823 716 3911 754 suo

2306 816 2472 875 atque
2519 802 2792 874 superﬂua
2836 801 3085 872 dogmata
3122 799 3480 871 plenitudinis
3521 811 3914 866 superponere

2306 897 2624 952 moliuntur.

2383 991 2452 1045 Et
2498 1008 2654 1063 super
2692 991 2812 1045 illos
2855 989 3088 1046 stillabat
3134 990 3396 1060 eloquium
3446 1005 3639 1044 meum.
3701 989 3916 1046 Sensim

2310 1085 2496 1157 utique
2545 1099 2729 1140 sermo
2757 1083 3025 1140 doctrinm
3057 1098 3215 1148 meae,
3260 1082 3543 1152 diligentia
3592 1097 3747 1147 mea,
3807 1081 3919 1135 dili-

2310 1177 2556 1248 gentium
2609 1192 2696 1232 me
2741 1177 2952 1231 viscera
2981 1176 3305 1247 penetrabat
3341 1192 3353 1228 :
3399 1176 3452 1230 in
3482 1190 3593 1243 quo
3635 1175 3918 1245 pl‘OiCCttb'

2313 1270 2621 1324 animorum
2657 1267 2904 1338 quotidie
2952 1268 3002 1322 in
3035 1268 3330 1323 virtutibus
3363 1267 3762 1338 intelligendus
3817 1278 3919 1322 est.

2313 1359 2415 1416 Ubi
2447 1360 2601 1430 quasi
2642 1375 2671 1413 a
2719 1375 2882 1430 parva
2923 1358 3066 1414 stilla
3118 1358 3546 1430 principiorum,
3595 1358 3922 1428 pervenitur

2315 1453 2381 1507 ad
2411 1453 2577 1508 vitam
2610 1453 2824 1522 plenam
2860 1451 3236 1523 perfectionis,
3269 1461 3546 1522 tamquam
3576 1451 3645 1506 ad
3681 1452 3921 1521 pluviam

2315 1547 2519 1610 cordis.
2552 1556 2754 1604 terram
2774 1563 2930 1602 suam
2963 1547 3120 1619 copia
3155 1554 3515 1602 saturantem.

2394 1639 2777 1712 Exspectabam
2809 1656 2889 1693 me
2915 1639 3064 1709 quasi
3087 1637 3333 1711 pluviam,
3367 1647 3414 1692 et
3446 1654 3502 1692 os
3533 1655 3699 1692 suum
3728 1639 3928 1707 aperie-

615 1738 876 1807 Sequitur
908 1752 920 1788 :
970 1734 1040 1790 Et
1083 1733 1224 1790 sicut
1270 1733 1452 1803 palma
1482 1732 1858 1802 multiplicabo
1897 1731 2014 1786 dies
2063 1729 2206 1800 ejus.
2245 1733 2294 1794 Β
2322 1733 2445 1787 bant
2489 1734 2638 1804 quasi
2668 1735 2737 1786 ad
2777 1733 2990 1787 imbrem
3033 1735 3343 1789 serotinum.
3379 1731 3585 1788 Omnes
3615 1731 3802 1787 sancti
3834 1748 3923 1786 an-

617 1829 785 1901 lgitur
818 1835 941 1898 post
988 1825 1354 1881 humilitatem
1408 1823 1690 1890 Ecclesia,
1723 1839 1886 1894 quam
1928 1823 1982 1876 in
2025 1820 2216 1876 nidulo

618 1921 873 1993 superius
905 1918 1169 1975 Dominus
1194 1916 1478 1983 indicavit,
1510 1915 1738 1988 gloriam
1765 1913 2071 1970 altitudinis
2099 1913 2220 1984 ejus

618 2015 676 2071 in
707 2015 888 2086 palma
919 2013 1117 2068 arbore
1142 2011 1314 2068 voluit
1341 2009 1636 2066 ostendere
1666 2026 1682 2066 :
1734 2009 1890 2080 cujus
1938 2008 2089 2064 radix
2133 2022 2222 2062 as-

621 2122 752 2178 pera
790 2105 1008 2162 videtur
1047 2103 1104 2159 in
1151 2112 1319 2171 terra,
1370 2106 1515 2159 unde
1558 2103 1722 2158 etiam
1757 2101 1978 2156 nidulus
2025 2099 2216 2170 appel-

620 2199 800 2256 latur:
852 2198 949 2255 sed
979 2197 1153 2255 comis
1187 2195 1411 2268 pulchra
1441 2195 1542 2251 sub
1565 2197 1730 2262 ctelo,
1777 2209 1900 2250 curn
1945 2209 2013 2248 ex
2039 2207 2224 2248 resur-

624 2293 872 2350 rectione
921 2290 1083 2347 fuerit
1108 2289 1438 2361 gloriﬁcata,
1473 2288 1668 2359 palmae
1699 2286 2089 2344 celsitudinem
2122 2286 2220 2341 ob-

625 2384 844 2450 tinebit,
869 2383 922 2439 id
945 2391 1051 2452 est,
1080 2384 1338 2438 virtutum
1361 2397 1591 2436 suarum
1621 2383 1817 2436 merita
1831 2387 2222 2450 consequetur,

627 2492 753 2547 qua:
785 2478 836 2530 in
890 2475 1070 2546 palma
1101 2475 1502 2546 signiﬁcantur.
1536 2472 1666 2528 Sive
1711 2471 1933 2526 nidulus
1985 2471 2074 2524 hic
2121 2485 2222 2540 po-

629 2573 790 2644 pulus
810 2572 1126 2628 Judzeorum
1151 2578 1332 2641 potest
1357 2567 1612 2638 intelligi.
1651 2565 1710 2622 ln
1744 2566 1848 2622 hoc
1878 2564 2045 2635 igitur
2071 2563 2222 2633 nido,

631 2665 744 2736 pati
792 2675 848 2722 et
895 2665 1036 2721 mori
1079 2678 1179 2734 pro
1223 2661 1383 2719 nobis
1413 2661 1612 2726 voluit,
1659 2661 1804 2716 sicut
1848 2660 1924 2714 ait
1969 2658 2221 2714 Judacis:

631 2757 855 2828 Moriar,
901 2767 957 2813 et
997 2757 1052 2813 in
1082 2771 1275 2813 eorum
1308 2754 1587 2812 mentibus
1617 2753 1948 2824 cruciﬁgar:
2001 2751 2092 2807 ubi
2134 2765 2224 2806 sc-

629 2851 868 2909 cundum
897 2849 1175 2906 hominem
1207 2859 1591 2912 conversatus,
1637 2856 1692 2903 et
1717 2857 1878 2901 natus
1909 2860 2054 2912 sum,
2082 2853 2141 2899 et
2171 2844 2228 2899 in

630 2942 905 3014 gentibus.
930 2941 1022 2997 ubi
1051 2941 1232 3013 palma
1265 2939 1507 2997 victoria:
1540 2955 1701 3006 mese,
1727 2939 2018 3008 crucisque
2055 2930 2228 2992 vexil-

630 3036 741 3092 lum
795 3046 1040 3092 erectum
1095 3044 1203 3106 est,
1257 3033 1634 3106 multiplicabo
1684 3033 1824 3100 dies,
1871 3032 2060 3087 dicens
2101 3030 2221 3087 eis:

2326 1825 2478 1894 tiqui,
2505 1824 2844 1880 Salvatorem
2869 1824 2924 1879 in
2946 1834 3410 1880 carneventurum
3433 1833 3923 1894 exspectaverunt,

2323 1927 2377 1970 et
2405 1931 2596 1972 omnes
2628 1931 2774 1971 nunc
2804 1917 3010 1988 pariter
3049 1917 3113 1971 ad
3134 1918 3399 1987 judicium
3444 1924 3744 1973 venturum
3773 1915 3925 1971 indu-

2326 2008 2567 2064 bitanter
2609 2018 2970 2078 exspectant:
3015 2009 3082 2066 ad
3119 2010 3277 2081 cujus
3313 2010 3545 2066 imbrem
3591 2011 3922 2072 serotinum,

2327 2101 2377 2156 id
2409 2111 2515 2170 est,
2552 2102 2934 2174 Evangelium,
2969 2120 3061 2159 ora
3109 2105 3355 2162 cordium
3401 2121 3631 2160 suorum
3670 2121 3826 2160 nunc
3862 2107 3928 2159 si-

2328 2197 2527 2252 tientes
2551 2197 2844 2267 aperiunt:
2878 2199 3003 2268 quia
3047 2200 3261 2253 meliora
3285 2211 3426 2266 sunt,
3457 2211 3520 2255 ut
3565 2200 3924 2256 Ecclesiastes

2327 2289 2419 2350 ait.
2452 2290 2733 2345 novissima
2769 2293 3037 2360 aerumnis,
3067 2310 3224 2364 quam
3263 2294 3469 2348 initium
3498 2297 3636 2366 ejus.

2399 2388 2460 2444 Si
2504 2389 2712 2457 quando
2748 2389 2976 2446 ridebam
3021 2391 3090 2444 ad
3125 2407 3233 2455 eos,
3275 2409 3380 2445 non
3406 2391 3715 2444 credebant.
3747 2389 3804 2445 Id
3831 2397 3923 2456 est,

2327 2479 2500 2536 Judaei
2535 2497 2642 2536 non
2686 2482 2912 2538 credent
2953 2483 3086 2539 mihi
3116 2483 3273 2538 hilari
3305 2484 3507 2553 pietate
3530 2484 3735 2539 futurae
3764 2483 3925 2538 beati-

2329 2575 2532 2631 tudinis
2563 2576 2828 2643 Iaetitiam,
2857 2587 2912 2633 et
2951 2586 3176 2634 :etcrnze
3221 2579 3410 2649 gaudia
3443 2579 3791 2649 promittenti
3827 2595 3840 2632 :
3880 2590 3925 2632 et

2330 2679 2648 2739 peccatores
2676 2685 2772 2741 pro
2797 2680 2950 2726 reatu
2996 2673 3350 2727 conscientias
3391 2687 3529 2740 sum,
3579 2673 3670 2727 vix
3704 2671 3923 2727 credent

2329 2763 2718 2820 misericordia:
2750 2781 2907 2834 mete,
2942 2775 2998 2820 et
3025 2767 3128 2822 sibi
3168 2767 3394 2821 salutem
3439 2765 3560 2822 dari
3604 2782 3774 2838 posse
3823 2784 3925 2835 pra:

2331 2856 2702 2927 magnitudine
2731 2858 3026 2912 criminum
3058 2857 3430 2928 deSperabunt
3456 2877 3468 2912 :
3514 2875 3640 2916 cum
3671 2875 3777 2930 ego
3805 2875 3919 2915 con.

2331 2947 2672 3003 vertentibus
2697 2947 2765 3004 ad
2796 2964 2884 3006 me
2911 2950 3119 3019 majora
3148 2967 3308 3020 quant
3342 2965 3438 3022 spe
3469 2952 3686 3022 possint
3709 2967 3919 3022 capere,

2327 3039 2631 3096 collaturus
2663 3056 2804 3094 sum.

631 3127 766 3185 Ecce
788 3146 880 3202 ego
901 3128 1160 3184 vobiscum
1187 3145 1301 3183 sum
1340 3127 1582 3184 omnibus
1611 3125 1796 3182 diebus
1825 3141 1988 3197 usque
2011 3123 2080 3180 ad
2104 3140 2229 3178 con-
2255 3121 2298 3185 C
2402 3133 2472 3187 Et
2502 3134 2597 3190 lux
2632 3135 2806 3188 vultus
2838 3136 2937 3189 mei
2968 3151 3069 3189 non
3105 3135 3320 3190 cadebat
3356 3135 3408 3190 in
3453 3145 3668 3190 terram.
3710 3135 3919 3192 Gratia.

631 3223 1029 3278 summationem
1051 3220 1251 3276 surculi.

705 3315 886 3372 Radix
909 3332 1021 3372 mea
1047 3325 1226 3388 aperta
1253 3325 1328 3370 est
1359 3331 1507 3370 secus
1527 3331 1708 3387 aquas,
1747 3323 1794 3369 et
1827 3330 1912 3370 ros
1940 3312 2227 3367 morabitur

627 3410 686 3466 in
714 3411 966 3466 messione
994 3426 1130 3464 mea.
1164 3408 1240 3463 lta
1263 3409 1369 3464 erit
1400 3411 1453 3462 in
1485 3405 1799 3463 nationibus
1831 3407 2007 3473 radix,
2037 3406 2088 3461 id
2121 3414 2226 3475 est,

633 3505 773 3562 ﬁdes
799 3521 905 3575 qua
937 3502 1070 3559 mibi
1103 3502 1309 3574 placeri
1347 3501 1497 3556 volui
1540 3519 1553 3554 :
1611 3509 1672 3556 ut
1708 3513 1904 3555 omnes
1956 3497 2132 3555 sancti
2173 3498 2226 3552 in

635 3602 932 3673 praeteritis
968 3599 1335 3668 placuerunt:
1383 3605 1440 3651 ut
1474 3605 1652 3666 pateat
1679 3595 1926 3665 gentium
1967 3593 2146 3664 aquis,
2173 3591 2227 3647 id

634 3703 742 3762 est,
773 3691 1033 3766 populus,
1076 3698 1138 3746 ut
1166 3690 1221 3744 in
1255 3703 1342 3744 me
1371 3688 1586 3744 scilicet
1611 3686 1864 3756 credant,
1899 3688 2097 3758 quibus
2125 3685 2232 3741 uti-

629 3803 740 3861 que
769 3787 824 3843 in
855 3785 1218 3843 retributione
1247 3791 1477 3849 reterns,
1528 3797 1618 3837 ros
1646 3782 1860 3853 gratim,
1899 3790 1954 3837 et
1988 3782 2230 3836 muneris

636 3883 744 3939 erit
770 3897 860 3939 me
885 3881 1150 3951 largiente
1175 3879 1436 3950 proﬁuus.
1456 3877 1584 3936 Sive
1611 3877 1765 3932 radix
1784 3876 2073 3932 charitatis
2096 3891 2229 3930 meze

635 3981 800 4044 atque
829 3971 1162 4042 dilectionis,
1198 3983 1322 4042 qua:
1348 3971 1453 4025 lixa
1490 3979 1577 4028 est
1605 3970 1658 4026 in
1706 3969 1967 4026 cordibus
1994 3969 2229 4040 diligen-

637 4068 772 4120 tlum
804 4079 931 4121 me:
966 4075 1155 4134 aperta
1204 4070 1292 4119 est
1319 4063 1385 4130 in
1437 4062 1518 4118 eis
1558 4061 1627 4118 ad
1670 4077 1839 4135 aquas
1888 4061 2228 4132 eloquiorum

637 4172 911 4215 meorum.

709 4249 894 4306 Gloria
931 4264 1047 4304 mea
1093 4265 1291 4322 seraper
1315 4249 1658 4305 innovabitur.
1689 4249 1788 4305 Hic
1828 4249 2081 4320 gloriam,
2129 4250 2232 4306 Ec-

641 4341 866 4399 clesium
894 4341 1203 4414 intelligere
1233 4356 1564 4412 possumus:
1592 4341 1777 4399 Gloria
1805 4341 2024 4411 quidem
2059 4341 2232 4397 Patris

640 4447 731 4495 est
758 4437 949 4505 Filius,
989 4437 1078 4493 cui
1106 4437 1240 4494 dicit
1270 4437 1467 4494 Pater:
1493 4435 1758 4510 Exsurge,
1784 4439 1956 4509 gloria
1983 4453 2118 4502 mea,
2144 4454 2234 4493 ea;-

2332 3229 2525 3298 inquit,
2568 3229 2876 3300 praesentia:
2923 3243 3081 3293 meae,
3133 3244 3235 3299 qua
3281 3228 3484 3284 mundo
3533 3230 3800 3285 universo
3853 3231 3922 3284 in-

2332 3320 2508 3389 notui,
2552 3321 2765 3374 illustro
2813 3321 2981 3374 corda
3035 3319 3302 3385 ﬁdelium,
3349 3322 3474 3392 quia
3525 3335 3630 3392 ego
3675 3337 3801 3375 sum
3846 3322 3922 3374 lux

2331 3412 2540 3479 mundi,
2558 3422 2611 3468 et
2633 3411 2894 3484 quidquid
2916 3414 3219 3483 promisere
3242 3414 3689 3471 custodientibus
3715 3426 3922 3486 pactum

2332 3521 2531 3571 memn,
2567 3506 2779 3560 irritum
2811 3522 2917 3560 non
2947 3505 3050 3562 erit
3093 3523 3106 3560 :
3140 3507 3234 3562 sed
3269 3516 3440 3563 totum
3485 3507 3538 3563 in
3572 3519 3826 3580 tempore
3852 3527 3922 3563 rc-

2333 3599 2642 3654 tributionis
2671 3599 2891 3668 implebi
2904 3610 3011 3655 tur.

2403 3693 2465 3750 Si
2494 3695 2775 3748 voluissem
2803 3695 2877 3748 ire
2917 3695 2985 3748 ad
3011 3711 3118 3758 eos,
3167 3696 3407 3750 sedebant
3433 3697 3654 3766 primus.
3701 3697 3922 3767 Cumch

2331 3786 2561 3842 sederem
2587 3788 2739 3858 quasi
2778 3803 2871 3842 rex
2900 3787 3264 3842 circumstante
3302 3790 3551 3855 exercitu,
3585 3805 3733 3842 εταιη
3764 3801 3919 3842 tamen

2332 3882 2657 3935 tumentium
2700 3879 3018 3936 consolator.
3052 3881 3128 3934 lla
3159 3880 3508 3937 sentiendum
3536 3893 3642 3949 est,
3675 3884 3766 3952 qui
3811 3899 3917 3937 eum

2332 3972 2475 4042 apud
2505 3982 2726 4027 sanctos
2755 3987 2884 4027 suos
2918 3987 3170 4043 magnus,
3219 3982 3276 4027 et
3317 3972 3369 4026 in
3411 3973 3650 4029 excelsis
3698 3973 3914 4034 habitet,

2331 4069 2422 4139 qui
2452 4079 2506 4124 et
2531 4069 2710 4138 angeli
2758 4069 3075 4139 plerumque
3106 4069 3382 4132 dicuntur,
3413 4077 3465 4122 et
3496 4067 3565 4123 de
3605 4069 3810 4138 quibus
3848 4085 3917 4123 sc-

2332 4163 2570 4217 cundum
2602 4161 2765 4217 aliam
2791 4162 3087 4218 editionem
3117 4160 3248 4216 dicit
3278 4179 3290 4214 :
3325 4160 3480 4216 Eram
3509 4161 3662 4232 quasi
3683 4177 3778 4215 rex
3804 4178 3914 4214 con—

2333 4256 2531 4309 cinctus
2579 4255 2803 4325 fortibus
2853 4271 2873 4310 :
2917 4265 3274 4325 compunctos
3329 4263 3510 4309 tamen
3559 4261 3620 4309 et
3663 4256 3914 4309 contritus

2333 4349 2500 4405 corde
2527 4365 2634 4405 non
2664 4349 2934 4418 despexit.

2410 4441 2568 4497 Nunc
2619 4453 2795 4497 autem
2847 4441 3086 4496 derident
3131 4457 3211 4494 me
3258 4443 3498 4514 juniores
3545 4451 3798 4514 tempore.
3833 4440 3916 4494 Le-

641 4548 819 4607 surge.
847 4531 955 4589 Sed
981 4531 1144 4589 aliter
1175 4531 1421 4589 Ecclesia
1451 4533 1624 4604 gloria
1653 4507 1759 4600 est,
1786 4507 1915 4602 quae
1937 4531 2230 4603 justiﬁcata
2255 4507 2311 4570 D
2336 4537 2516 4608 gimus
2547 4536 2602 4592 in
2648 4535 2972 4606 Evangelia,
3006 4507 3466 4606 quemadmodum
3514 4507 3711 4590 irrisus
3747 4544 3845 4599 est,
3875 4544 3916 4588 ct

635 4635 724 4682 est
753 4642 849 4697 per
875 4626 1122 4699 gratiam.

709 4718 780 4774 Et
821 4735 974 4775 arcus
1016 4736 1159 4776 meus
1185 4720 1240 4775 in
1267 4737 1428 4776 manu
1458 4738 1568 4776 mea
1595 4719 1983 4777 instaurabitur.
2031 4723 2231 4776 Arcum

644 4815 795 4873 hunc
814 4816 1071 4872 virtutem
1099 4816 1410 4888 intelligere
1430 4830 1746 4888 possumus,
1760 4832 1865 4886 qua
1881 4831 1979 4887 pro
1996 4815 2234 4871 Ecclesia

639 4925 736 4968 sua
764 4924 939 4980 usque
975 4909 1044 4965 ad
1090 4909 1254 4966 ﬁnem
1280 4911 1469 4966 saeculi
1504 4925 1746 4981 pugnare
1793 4926 1900 4963 non
1939 4907 2158 4963 desinit.

716 5004 822 5073 Qui
849 5019 931 5058 me
979 5003 1284 5072 audiebant,
1318 5003 1684 5076 exspectabant
1707 5002 2036 5068 sententiam,
2077 5010 2125 5055 et
2155 5000 2236 5052 in-

638 5096 1127 5154 tentitacebantad
1173 5097 1451 5151 consilium
1504 5112 1695 5150 meum.
1734 5095 1990 5162 Quotidie
2041 5095 2239 5149 clamat

636 5189 888 5248 Christus
919 5207 1016 5262 per
1059 5190 1468 5260 dispensatores
1499 5189 1650 5244 verbi
1677 5189 1784 5255 sui,
1817 5199 1872 5243 ct
1917 5189 2236 5244 obedientes

639 5283 716 5350 ei,
749 5283 1078 5338 sententiam
1120 5280 1459 5336 deﬁnitionis
1497 5281 1617 5350 ejus
1665 5290 2004 5351 exspectant.
2042 5279 2110 5334 Et
2154 5279 2238 5335 in-

641 5375 774 5431 tenti
822 5373 1077 5430 tacebant
1119 5373 1186 5428 ad
1237 5373 1528 5430 consilium
1561 5387 1764 5428 meum.
1813 5375 1927 5429 lloc
1970 5373 2137 5428 verbo
2164 5372 2236 5426 si-

639 5466 815 5534 lentii,
844 5475 1162 5522 sanctorum
1207 5464 1543 5536 signiﬁcatur
1578 5465 1912 5533 obedientia,
1963 5467 2054 5535 qui
2096 5464 2235 5521 tardi

638 5567 767 5615 sunt
797 5559 866 5616 ad
893 5559 1249 5629 loquendum,
1283 5559 1504 5615 veloces
1533 5567 1717 5614 autem
1767 5557 1834 5613 ad
1878 5555 2182 5612 faciendum
2217 5573 2230 5612 :

640 5654 780 5721 sive,
829 5653 955 5723 quia
985 5653 1038 5706 in
1075 5653 1196 5722 ipsa
1237 5652 1593 5723 inquisitione
1631 5651 1788 5722 legis,
1834 5650 2010 5706 sancti
2037 5649 2232 5704 intenti

638 5757 764 5798 esse
788 5743 1070 5798 dicuntur.

2336 4629 2551 4686 illusus.

2412 4723 2649 4790 Quorum
2688 4740 2791 4778 non
2835 4721 3090 4796 dignabar
3119 4730 3291 4793 patres
3336 4735 3530 4790 ponere
3564 4736 3684 4774 cum
3722 4721 3914 4774 canibus

2338 4818 2506 4889 gregis
2532 4817 2652 4870 mei.
2687 4815 2804 4887 Ego
2829 4829 2994 4890 canes
3028 4816 3082 4869 in
3115 4813 3315 4869 bonam
3358 4822 3570 4882 partem
3601 4812 3780 4868 dictos
3818 4813 3916 4868 exi-

2339 4912 2521 4977 stimo,
2548 4910 2638 4981 qui
2668 4925 2890 4981 gregem
2918 4909 3132 4963 Domini
3161 4924 3190 4961 a
3216 4907 3408 4962 beStiis
3437 4906 3818 4977 spiritualibus
3846 4906 3914 4958 vi-

2339 5005 2558 5075 gilando
2579 5003 2898 5060 defendunt.
2935 5001 3008 5057 De
3031 5001 3233 5071 quibus
3267 4999 3400 5054 dicit
3429 4997 3738 5070 propheta:
3766 4996 3916 5052 Canes

2342 5100 2496 5168 muti,
2525 5115 2626 5153 non
2650 5098 2874 5153 valentes
2896 5097 3116 5151 latrare.
3139 5095 3457 5150 Iudaeorum
3482 5109 3705 5164 quoque
3729 5104 3914 5164 patres.

2338 5191 2431 5260 qui
2469 5200 2597 5246 sunt
2629 5191 2816 5261 utique
2847 5189 3193 5254 sacerdotes,
3224 5186 3526 5260 principes,
3565 5187 3821 5255 pastorali
3861 5187 3914 5240 ab

2341 5286 2418 5340 eis
2442 5287 2642 5356 quippe
2671 5284 2852 5339 ablata
2876 5282 3164 5353 dignitate,
3198 5299 3304 5336 non
3335 5282 3515 5351 posui,
3548 5279 3628 5336 ait
3651 5281 3911 5340 Dominus.

2341 5389 2462 5430 cum
2511 5374 2720 5430 sanctis
2749 5375 2928 5444 gregis
2959 5372 3144 5427 ovium
3187 5387 3439 5427 meorum
3483 5371 3826 5436 custodibus,
3861 5370 3914 5423 ob

2341 5466 2604 5522 malitiam
2638 5465 2981 5522 inﬁdelitatis
3007 5479 3158 5520 sum:
3195 5479 3262 5519 ne
3292 5462 3606 5520 sacerdotio
3648 5463 3914 5535 fungantur

2339 5560 2495 5628 mihi,
2529 5559 2704 5628 abjeci
2746 5574 2863 5615 eos.
2913 5557 3068 5627 Quod
3101 5556 3267 5612 etiam
3301 5556 3354 5610 in
3405 5553 3715 5624 Evangelio
3744 5556 3867 5610 dicit
3905 5572 3912 5603 :

2338 5650 2623 5718 Auferetur
2652 5667 2684 5704 a
2726 5650 2870 5704 vobis
2897 5664 3116 5722 regnum
3164 5646 3283 5714 Dei,
3316 5655 3369 5702 et
3397 5646 3629 5717 reliqua.
3679 5646 3776 5703 Ubi
3819 5646 3910 5716 jam

2332 5743 2530 5815 incipit
2572 5743 2768 5800 tollere
2814 5758 3008 5813 panem
3043 5741 3302 5809 liliorum,
3331 5747 3388 5796 et
3433 5740 3656 5796 mittere
3684 5739 3909 5806 canibus,
