4032 6376
172 308 281 371 715

1100 321 1574 380 COMMENTARII
1612 322 1678 379 lN
1717 322 1979 384 LIBRUM
2019 327 2160 384 JOB.
2209 328 2366 387 CAP.
2407 328 2576 385 XXX.

3367 338 3472 398 714

173 429 315 485 sicut
371 429 437 485 ad
468 446 593 488 eum
626 437 678 489 in
718 435 1012 507 Evangelia
1037 438 1139 494 sub
1182 449 1312 511 typo
1340 439 1606 496 Ecclesiae
1632 438 1769 495 dici-
1798 441 1853 502 Α
1881 458 1988 496 nou
2016 453 2158 510 erat,
2190 446 2568 513 morabantur.
2595 449 2690 503 sed
2727 451 2887 505 etiam
2913 452 2968 506 in
3001 453 3256 511 cavernis
3285 462 3469 524 terrae,

176 530 308 576 tur:
343 522 482 577 Nam
514 535 560 579 et
608 526 781 583 catelli
824 530 982 584 edunt
1032 531 1095 585 de
1135 533 1284 588 micis
1314 550 1431 604 qua:
1474 535 1668 590 cadunt
1709 536 1773 592 de

173 629 352 670 mensa
381 617 712 675 dominorum
740 638 973 679 suorum.

249 706 485 774 Quorum
513 711 680 765 virtus
709 728 962 768 manuum
990 725 1101 771 erat
1128 717 1259 773 mihi
1290 735 1385 789 pro
1414 720 1600 775 nihilo.
1648 721 1774 779 Hinc

180 799 355 855 virtus
387 817 644 858 manuum
698 816 816 861 erat
867 806 1207 878 Judaeorum,
1253 822 1316 867 ut
1363 813 1643 870 mandatis
1687 831 1773 871 se-

178 894 413 965 niorum,
445 895 1003 956 etobservationibus
1024 902 1389 961 deservirent.
1412 905 1542 961 Sive
1562 906 1616 961 in
1640 916 1773 963 tem-

177 1002 313 1061 pore
340 991 617 1060 passionis
644 992 883 1063 Domini,
916 1007 1097 1065 potest
1124 997 1211 1055 hic
1245 998 1396 1055 locus
1419 1000 1671 1072 intelligi,
1697 1000 1773 1056 ita

177 1094 238 1137 ut
268 1083 444 1140 virtus
484 1101 713 1155 operum
763 1088 1153 1158 praedictorum
1202 1107 1377 1161 usque
1425 1093 1494 1150 ad
1541 1104 1774 1151 mortem

178 1176 478 1235 Salvatoris
506 1182 841 1250 pervenerit.
886 1182 986 1239 Vel
1018 1184 1091 1239 ita
1133 1183 1551 1256 intelligendum
1590 1201 1603 1239 :
1651 1203 1774 1243 cum

179 1269 232 1326 ei
264 1272 427 1326 vitam
463 1270 663 1329 ﬁerent
689 1274 898 1330 ﬁnitam
926 1289 1050 1332 esse
1089 1292 1187 1347 per
1209 1292 1452 1341 erucem,
1496 1279 1778 1350 triumpho

177 1369 524 1440 resurgentis
548 1385 617 1426 ex
648 1370 902 1442 mortuis,
932 1370 999 1428 ad
1028 1370 1257 1429 nihilum
1283 1382 1580 1430 conatuum
1604 1374 1779 1446 pessi-

174 1476 398 1518 morum
426 1462 595 1518 virtus
622 1464 850 1521 redacta
872 1477 978 1522 est.

252 1555 324 1610 Et
372 1558 481 1612 vita
517 1559 632 1625 ipsa
670 1559 988 1632 putabantur
1015 1561 1245 1637 indigni,
1287 1574 1513 1636 egestate
1557 1574 1603 1619 et
1643 1565 1780 1635 {ante

177 1648 413 1705 steriles.
448 1649 717 1707 Vitiorum
748 1666 974 1708 suorum
1020 1663 1079 1711 et
1106 1655 1396 1711 criminum
1445 1656 1589 1727 turpi
1618 1671 1777 1726 eges-

181 1750 295 1798 tate
323 1742 530 1812 eﬁ'ecti,
579 1752 636 1800 et
677 1743 819 1801 fame
847 1745 1195 1817 eloquiorum
1247 1749 1342 1804 Dei
1382 1748 1507 1805 facti
1539 1748 1777 1818 steriles,

1875 543 1931 591 et
1972 551 2139 606 super
2167 539 2431 608 glaream,
2476 557 2574 612 per
2598 558 2759 613 quam
2804 554 2938 614 puto
2969 547 3263 603 carnaliter
3292 548 3471 619 legent

1878 628 2308 701 intelligendam,
2344 634 2432 689 ubi
2455 634 2590 689 nihil
2622 636 2820 707 pingue
2864 639 3139 708 spirituali
3164 642 3350 698 sensui
3375 641 3474 697 ad-
3495 701 3509 713 ,

1878 723 2162 791 miscetur,
2217 740 2327 796 quo
2378 738 2570 797 posset
2621 728 2956 787 fecunditate
3013 732 3314 800 ubertatis,
3375 750 3474 806 per

1878 814 2040 870 ﬁdem
2067 815 2210 872 ﬁlios
2239 822 2576 886 sanctitatis,
2607 832 2782 878 matre
2824 825 3022 894 gratia,
3055 842 3355 897 procreare
3380 846 3393 883 :
3417 837 3477 886 et

1878 908 1950 962 ob
1975 909 2081 965 hoc
2107 909 2159 964 in
2193 913 2443 967 cavernis
2474 922 2638 968 teme
2660 929 2786 971 esse
2815 917 3204 987 perhibentur,
3241 923 3475 977 terrenis

1882 999 2136 1055 videlicet
2164 1003 2417 1059 sensibus
2441 1004 2795 1063 inbmrontes.
2830 1008 2907 1064 De
2930 1012 3133 1081 quibus
3171 1010 3308 1069 ﬂens
3342 1013 3480 1071 dicit

1879 1091 2196 1162 Apostolus,
2228 1094 2463 1151 inimicos
2494 1098 2662 1152 crucis
2687 1096 2904 1154 Christi.
2936 1102 3144 1159 Aliter:
3177 1104 3479 1165 Torrentes

1880 1196 2009 1239 sunt
2030 1195 2374 1255 peccatores,
2405 1190 2499 1258 qui
2531 1190 2585 1245 in
2614 1190 2719 1247 hoc
2746 1207 2899 1248 mare
2928 1196 3111 1250 saeculi
3137 1211 3235 1267 per
3258 1197 3480 1256 deserta

1882 1276 2093 1331 notitiae
2120 1277 2403 1347 deﬂuunt;
2437 1280 2494 1335 hi
2522 1296 2654 1354 ergo
2685 1283 2738 1338 in
2763 1285 3014 1342 cavernis
3045 1303 3304 1346 sensuum
3336 1307 3484 1350 com-

1882 1381 2202 1440 morantur,
2237 1388 2537 1444 eorumque
2562 1376 2906 1435 delectantur
2932 1380 3129 1437 ofﬁciis
3163 1385 3228 1439 ad
3250 1401 3484 1455 peccan-

1884 1465 2012 1521 dum
2039 1483 2053 1517 :
2088 1466 2191 1535 ipsi
2218 1476 2348 1522 sunt
2379 1469 2635 1524 fenestrze
2665 1470 2884 1539 domus,
2920 1489 3017 1544 per
3049 1490 3189 1545 quas
3223 1492 3371 1535 mors
3397 1480 3482 1535 in-

1883 1557 2150 1628 greditur.
2175 1559 2306 1616 Sive
2325 1566 2863 1634 cavernalserpentis
2886 1577 2969 1622 est
2993 1579 3183 1638 pectus
3213 1583 3485 1643 nostrum,

1884 1652 2105 1722 quando
2135 1652 2194 1709 in
2226 1669 2293 1709 eo
2322 1666 2592 1712 venenata
2634 1657 2887 1727 consilia,
2915 1669 2973 1716 et
2994 1662 3307 1721 mortiferos
3331 1675 3490 1724 actus

1886 1743 2259 1801 recondimus.
2288 1747 2397 1814 Ipsi
2425 1762 2556 1804 vero
2582 1749 2840 1806 similiter
2865 1767 3035 1822 super
3057 1756 3299 1824 glaream
3333 1755 3492 1815 habi-
3544 1820 3547 1821 γ

179 1836 638 1905 ctmendici,vita
660 1838 887 1911 insuper
910 1842 1172 1911 praesenti
1194 1842 1400 1915 indigni
1424 1853 1554 1899 sunt
1582 1844 1779 1912 habiti,
1809 1833 1861 1895 B
1887 1847 2025 1904 tant,
2066 1841 2158 1910 qui
2197 1850 2398 1898 terram
2436 1857 2615 1915 suam,
2661 1846 2808 1901 nulla
2855 1862 3169 1906 sermonum
3219 1852 3316 1908 Dei
3359 1852 3491 1908 dili-

179 1932 328 1987 sicut
363 1931 630 2003 propheta
654 1933 733 1989 ait
758 1934 829 1991 ad
852 1934 1027 1991 Deum
1052 1953 1066 1990 :
1099 1933 1360 2009 Disperge
1379 1937 1500 1992 illos
1526 1938 1580 1992 in
1602 1943 1786 1992 virtute

185 2037 302 2082 tua.
336 2024 492 2083 Unde
531 2042 681 2084 nunc
704 2027 759 2083 in
792 2028 975 2084 medio
1003 2029 1288 2086 nationum
1319 2039 1447 2087 sunt
1473 2029 1625 2087 velut
1653 2045 1787 2101 eap-

188 2117 318 2184 tivi,
343 2118 507 2175 vitam
538 2120 804 2176 ducentes
831 2119 1188 2192 degenerem.

270 2212 376 2282 Qui
406 2214 656 2269 rodebant
681 2215 736 2270 in
769 2214 1073 2279 solitudine,
1100 2215 1399 2289 squalentes
1428 2218 1722 2273 calamitate
1740 2226 1790 2273 et

188 2310 429 2377 miseria,
457 2318 507 2366 et
548 2313 862 2368 mandebant
884 2312 1093 2380 herbas,
1120 2323 1169 2369 et
1197 2314 1438 2369 arborum
1470 2314 1709 2383 cortices,
1744 2321 1793 2369 et

191 2400 352 2457 radis:
372 2403 744 2474 juniperorum
767 2414 879 2460 erat
917 2404 1060 2460 cibus
1086 2404 1316 2460 illorum.
1338 2404 1670 2473 Plerumque
1697 2403 1791 2460 ubi

194 2493 342 2550 Deus
366 2510 475 2553 non
502 2496 735 2567 habitat,
762 2497 818 2555 id
849 2506 959 2568 est,
1005 2515 1115 2556 non
1146 2499 1372 2568 colitur,
1401 2500 1644 2556 solitudo
1672 2500 1793 2555 sive

196 2601 417 2644 eremus
451 2589 802 2661 appellatur:
836 2591 891 2648 in
921 2607 1029 2662 qua
1069 2593 1372 2650 secundum
1401 2593 1791 2666 Apocalypsim

198 2680 421 2748 mulier,
457 2682 508 2738 id
537 2692 644 2749 est,
687 2685 1001 2757 corruptela
1047 2684 1250 2743 sedere
1276 2685 1496 2743 dicitur.
1532 2686 1792 2745 Mandere

201 2773 349 2830 enim
398 2774 519 2832 sive
548 2777 770 2844 rodere,
801 2791 943 2848 opus
982 2785 1068 2834 est
1093 2777 1366 2847 dentium,
1403 2780 1657 2848 quoniam
1686 2795 1792 2837 vox

201 2869 489 2924 articulate
525 2868 782 2926 dentibus
805 2878 862 2925 et
892 2870 1099 2941 plectro
1131 2870 1328 2941 lingua:
1357 2869 1617 2937 efﬁcitur,
1669 2871 1795 2927 ideo

201 2959 290 3016 bis
332 2959 537 3028 verbis,
591 2961 835 3018 doctrina
880 2963 1268 3033 praedictorum
1311 2963 1670 3033 signiﬁcatur,
1701 2964 1797 3035 qui

202 3053 433 3123 populos
460 3062 741 3126 tamquam
791 3054 998 3112 herbas
1032 3066 1088 3111 et
1115 3055 1582 3113 infructuosarum
1634 3056 1800 3113 arbo-

198 3160 323 3201 rum
365 3145 581 3202 radices
621 3145 936 3209 mandendo
979 3156 1145 3220 atque
1182 3147 1446 3212 rodendo,
1479 3148 1535 3204 in
1578 3164 1796 3206 errores

1890 1934 2074 2005 gentia
2105 1936 2317 2005 colunt,
2353 1945 2410 1992 ut
2440 1948 2662 2009 accepta
2693 1939 2948 1997 ubertate
2970 1941 3336 2013 pinguedinis,
3363 1960 3492 2018 pos—

1890 2025 1999 2082 sint
2026 2027 2235 2083 fructus
2264 2028 2446 2085 facere
2465 2031 2795 2087 sanctitatis.

1967 2119 2069 2186 Qui
2096 2120 2230 2174 inter
2258 2120 2621 2188 hujuscemodi
2648 2123 2993 2193 laetabantur;
3015 2139 3065 2181 et
3091 2144 3203 2183 esse
3231 2129 3327 2185 sub
3370 2147 3495 2187 sen-

1899 2213 2035 2267 tibus
2062 2212 2278 2269 delicias
2306 2216 2692 2287 computabant.
2728 2217 2873 2273 lnter
2901 2218 3019 2275 haec
3048 2222 3188 2277 mala
3214 2238 3339 2294 qua:
3367 2234 3497 2282 sunt

1893 2304 2039 2360 dicta
2064 2307 2343 2375 superius,
2385 2307 2463 2363 ita
2507 2311 2845 2366 exsultantes
2871 2313 3073 2382 gaudio
3098 2316 3314 2387 vivunt,
3349 2327 3494 2374 tam-

1895 2412 2059 2469 quam
2087 2399 2133 2453 si
2164 2408 2478 2470 quaererent
2518 2402 2768 2457 virtutes.

1968 2489 2103 2546 Filii
2127 2492 2431 2559 stultorum,
2477 2503 2526 2549 et
2562 2494 2900 2566 ignobilium,
2936 2507 2983 2552 et
3018 2498 3072 2553 in
3115 2508 3257 2555 terra
3295 2502 3501 2574 penitus

1897 2599 2000 2638 non
2042 2594 2301 2656 parentes.
2336 2585 2415 2641 lta
2443 2588 2591 2643 enim
2633 2597 2689 2644 et
2719 2588 2788 2645 de
2834 2606 3026 2647 eorum
3059 2595 3331 2666 patribus,
3369 2611 3500 2666 pro-

1899 2676 2064 2747 pheta
2082 2677 2194 2749 jam
2220 2688 2351 2735 ante
2379 2679 2710 2750 praedixerat
2739 2701 2753 2737 :
2784 2681 3070 2740 Generatio
3099 2679 3262 2754 prava
3302 2699 3350 2744 et
3378 2707 3501 2761 per-

1901 2785 2068 2836 versa,
2096 2772 2320 2844 populus
2347 2773 2558 2841 stultus,
2590 2784 2637 2829 et
2674 2791 2777 2831 non
2807 2778 3037 2848 sapiens,
3066 2778 3282 2835 alienati
3303 2797 3335 2836 a
3361 2791 3504 2837 terra

1898 2863 2198 2920 viventium.

1975 2954 2131 3011 Nunc
2160 2957 2214 3011 in
2242 2973 2422 3013 eorum
2463 2959 2725 3014 canticum
2757 2975 2930 3016 versus
2964 2980 3083 3018 sunt
3117 2965 3212 3032 eis,
3243 2976 3294 3022 et
3329 2972 3503 3039 [actus

1906 3064 2019 3104 sum
2064 3050 2415 3121 proverbium.
2464 3052 2520 3107 ld
2566 3062 2672 3120 est,
2706 3054 2759 3107 in
2795 3054 2973 3125 primo
3017 3073 3299 3129 sermone,
3345 3072 3400 3118 et
3447 3064 3505 3120 in

1904 3156 2096 3197 eorum
2120 3157 2218 3199 ore
2243 3158 2344 3214 ego
2373 3157 2514 3211 sum,
2543 3155 2598 3200 et
2629 3146 2698 3200 ab
2727 3147 2811 3201 eis
2841 3148 3205 3205 delectatione
3229 3153 3506 3209 obtrecta-

200 3253 337 3298 snos
368 3238 722 3310 multiplices,
772 3239 926 3296 velut
968 3240 1022 3296 in
1051 3256 1211 3297 suum
1263 3255 1463 3312 corpus
1496 3241 1793 3313 trajiciunt.
1826 3224 1876 3292 C
1909 3236 2071 3291 tionis
2099 3251 2381 3293 assumor.

201 3331 418 3389 Etenim
449 3332 600 3405 pasci
628 3347 689 3390 se
715 3333 1080 3401 arbitrantur,
1122 3334 1167 3389 si
1195 3334 1266 3390 ab
1294 3332 1624 3403 hominibus,
1659 3351 1798 3407 quos

197 3425 346 3481 solet
374 3424 659 3495 Scriptura
702 3426 930 3483 arbores
974 3426 1273 3498 appellare,
1304 3427 1566 3499 quidquid
1600 3429 1801 3485 habent

199 3516 371 3572 vitale
396 3516 789 3575 subtraxerint.
838 3517 1140 3576 Radicihus
1185 3519 1565 3591 juniperorum
1600 3522 1798 3579 nihilo-

195 3610 387 3666 minus
415 3612 639 3668 aluntur
665 3629 680 3666 :
712 3613 969 3669 arborum
1001 3612 1216 3669 scilicet
1242 3614 1404 3686 longa
1424 3623 1584 3671 aetate
1611 3615 1799 3672 viven-

197 3703 360 3771 tium,
395 3713 451 3759 et
493 3705 548 3759 in
574 3719 806 3776 quarum
849 3705 1008 3778 lignis
1033 3705 1208 3761 multo
1238 3705 1443 3762 diutius
1474 3709 1611 3778 ignis
1633 3723 1797 3779 quam

194 3796 252 3852 in
286 3797 505 3854 ceteris
531 3798 713 3855 durat.
745 3798 851 3853 Ista
879 3808 1008 3855 sunt
1030 3799 1198 3869 ligna,
1219 3816 1339 3871 quas
1357 3802 1678 3857 arceutbina
1698 3817 1798 3873 ap-

192 3890 502 3961 pellantur.
550 3889 664 3948 Sub
693 3890 953 3948 arborum
989 3891 1184 3947 harum
1232 3894 1527 3964 vocabulo,
1574 3910 1800 3966 magnos

192 3998 450 4055 quosque
479 3983 700 4041 nomine
736 3984 789 4040 in
823 3984 1026 4056 populo
1052 3984 1287 4042 Judaico
1317 3986 1628 4057 intelligere
1675 4002 1803 4058 pos-

193 4091 414 4144 sumus,
444 4092 679 4148 quorum
714 4077 962 4147 pradicti
1001 4078 1261 4135 doctores
1301 4079 1496 4136 intima
1526 4081 1798 4138 viseerum

192 4169 595 4241 depascuntur,
631 4170 872 4228 iurando
900 4174 950 4228 ei
981 4171 1376 4245 przedicatione
1405 4173 1540 4246 legis
1567 4185 1797 4248 praeter-

186 4262 317 4329 itze,
354 4263 557 4319 bonum
582 4264 773 4335 gratiae
798 4264 1026 4322 Christi.

277 4354 391 4424 Qui
420 4356 484 4411 de
512 4356 833 4413 convallibus
855 4359 956 4413 ista
977 4360 1256 4432 rapientes,
1287 4376 1406 4415 cum
1426 4360 1635 4433 singula
1656 4378 1802 4433 repe—

189 4449 416 4518 rissent,
449 4450 520 4504 att
547 4466 611 4505 ea
629 4466 744 4505 cum
767 4450 996 4506 clamore
1022 4450 1320 4507 currebant.
1361 4453 1434 4507 De
1463 4453 1802 4509 convallibus

188 4542 396 4614 utique
418 4542 637 4610 herbas,
669 4553 730 4599 ut
754 4543 929 4611 fures,
962 4542 1108 4613 quod
1138 4543 1230 4599 alii
1255 4545 1616 4602 translatores
1648 4545 1803 4602 dixe-

1974 3327 2353 3384 Abominantur
2380 3345 2482 3397 me,
2520 3340 2569 3385 et
2601 3332 2807 3402 fugiunt
2837 3350 2870 3387 a
2901 3348 3002 3399 me,
3032 3344 3079 3388 et
3114 3336 3299 3406 facient
3338 3355 3505 3394 meam

1900 3438 2084 3493 spuere
2129 3439 2234 3476 non
2278 3432 2531 3478 verentur.
2574 3423 2793 3479 Faciem
2842 3439 2979 3481 vero
3016 3438 3340 3496 consputare
3391 3431 3505 3486 Do-

1904 3516 2035 3570 mini
2067 3516 2389 3584 Salvatoris,
2425 3516 2542 3586 ipsa
2575 3519 2759 3586 passio
2788 3516 2909 3588 ejus
2936 3518 3092 3576 nobis
3124 3519 3181 3575 in
3206 3521 3507 3595 Evangelio

1902 3609 2197 3666 manifeste
2223 3611 2585 3667 demonstrat.

1976 3703 2291 3759 Pharetram
2329 3704 2468 3758 enim
2504 3721 2653 3759 suam
2697 3706 2921 3775 aperuit,
2955 3715 3002 3760 et
3031 3707 3230 3778 afﬂixit
3260 3726 3358 3764 me.
3407 3709 3506 3765 Hic

1904 3800 2189 3870 pharetra,
2223 3798 2485 3853 diabolus
2511 3799 2738 3870 intelligi
2772 3809 2972 3870 poteSt.
3004 3800 3069 3854 Et
3097 3802 3351 3872 quoniam
3379 3818 3502 3858 cre-

1904 3896 2084 3950 dimus
2125 3894 2469 3949 Salvatorem
2522 3908 2711 3948 verum
2768 3892 3046 3949 hominem
3100 3895 3504 3966 assumpsisse:

1905 4003 2012 4042 non
2038 3986 2333 4042 absurdum
2356 3996 2461 4053 εει,
2489 3994 2548 4040 ut
2576 3984 2864 4041 credamus
2889 3986 3035 4055 quod
3065 3996 3116 4041 et
3138 3987 3357 4043 dolores
3384 4004 3510 4044 cor-

1906 4080 2056 4149 poris
2085 4078 2325 4135 voluerit
2367 4079 2420 4133 in
2467 4078 2718 4147 passione
2760 4077 2965 4133 sentire
2996 4095 3010 4130 :
3040 4079 3340 4135 secundum
3373 4080 3507 4137 illud

1905 4172 2185 4243 propheta:
2219 4188 2231 4225 :
2272 4168 2398 4241 Ipse
2434 4170 2762 4240 inﬁrmitates
2806 4181 3011 4226 nostras
3043 4172 3283 4242 suscepit,
3326 4180 3372 4226 et
3410 4188 3507 4244 pro

1905 4263 2048 4318 nobis
2064 4262 2223 4318 dolet.

1976 4354 2046 4409 Et
2074 4356 2283 4427 frenum
2319 4355 2489 4424 posuit
2515 4354 2571 4409 in
2598 4371 2654 4410 os
2684 4371 2872 4408 meum.
2924 4353 3103 4408 lllatas
3146 4353 3506 4411 contumelias

1907 4447 2168 4520 patientia
2201 4446 2645 4502 demonstravit:
2678 4446 2821 4500 sicut
2846 4445 2968 4515 ipse
3008 4444 3179 4502 Filius
3210 4447 3263 4500 in
3297 4446 3509 4515 psalmo

1905 4542 1983 4596 ait
2009 4540 2076 4596 ad
2109 4539 2368 4595 Patrem:
2406 4538 2669 4603 Quoniam
2718 4548 2773 4592 tu
2821 4556 2873 4593 es
2914 4539 3165 4611 patientia
3212 4556 3347 4605 mea,
3393 4538 3509 4594 Do-

187 4645 359 4705 runt,
406 4645 464 4692 et
500 4638 746 4692 arborum
784 4638 1021 4704 cortices,
1068 4636 1307 4707 rapiunt.
1350 4636 1468 4692 Non
1514 4638 1657 4693 enim
1705 4654 1797 4693 eos
1824 4618 2063 4690 nmine.
2131 4634 2200 4688 Et
2253 4633 2309 4687 in
2369 4632 2697 4703 Evangelio,
2759 4632 3126 4703 interrogatus
3183 4634 3342 4690 Jesus
3398 4649 3507 4690 non

186 4746 344 4802 quos
374 4729 606 4793 herbas,
632 4729 869 4786 cortices
893 4738 945 4786 et
982 4729 1196 4786 radices
1225 4730 1482 4787 arborum
1512 4746 1609 4801 per
1627 4732 1802 4803 aenig-

182 4823 367 4880 rnatis
393 4823 807 4879 similitudinem
838 4821 1212 4879 intelleximus
1238 4864 1254 4889 ,
1284 4823 1339 4878 in
1398 4824 1634 4879 excelsis
1663 4823 1802 4880 locis

186 4926 377 4988 atque
406 4914 677 4970 similibus
707 4922 1010 4987 pctuerunt
1034 4913 1286 4971 invenire
1323 4932 1338 4969 :
1368 4915 1463 4971 sed
1494 4916 1547 4972 in
1578 4918 1806 4973 conval-

188 5009 376 5074 libus,
427 5008 727 5065 humilibus
775 5008 989 5065 scilicet
1022 5009 1183 5073 locis,
1225 5020 1282 5064 et
1325 5007 1379 5062 in
1415 5009 1669 5066 inferiora
1710 5011 1805 5066 de-

186 5103 436 5178 pressis,
470 5101 559 5158 ubi
604 5101 897 5172 signiﬁcati
926 5110 1054 5157 sunt
1082 5101 1339 5157 carnales
1368 5101 1557 5173 populi
1594 5101 1803 5158 Judaeu-

187 5195 327 5256 rutn
352 5210 615 5268 :quorum
644 5194 959 5251 intellectus
985 5194 1039 5250 in
1063 5193 1369 5251 occidentis
1392 5195 1589 5251 litterae
1613 5210 1799 5264 sensu,

189 5294 364 5350 velut
416 5292 470 5347 in
520 5291 876 5347 inferioribus
920 5298 1314 5346 commoratur.
1351 5290 1493 5344 Hinc
1540 5304 1637 5345 eos
1687 5291 1802 5360 pri-

191 5398 392 5442 mores
436 5397 629 5439 eorum
658 5381 1084 5454 depopulantur,
1109 5380 1236 5437 dum
1269 5380 1402 5436 caeci
1448 5381 1608 5437 caecis
1638 5382 1803 5438 duca-

193 5490 322 5535 tum
357 5478 625 5548 praebent.

278 5570 350 5627 In
396 5571 615 5626 desertis
656 5569 957 5624 habitabant
1010 5568 1336 5633 torrentium,
1381 5578 1428 5623 et
1471 5569 1528 5623 in
1580 5570 1813 5624 cauernis

207 5678 404 5733 terrm;
435 5667 514 5720 vel
543 5681 699 5735 super
729 5664 981 5737 glaream,
1012 5665 1099 5735 qui
1129 5664 1265 5719 inter
1286 5663 1645 5734 hujuscemodi
1672 5664 1819 5718 laeta-

203 5765 428 5829 bantur,
459 5768 510 5814 et
535 5774 651 5814 esse
669 5758 760 5813 sub
785 5761 1013 5815 sentibus
1043 5760 1260 5814 delicias
1283 5758 1669 5827 computabant.
1701 5757 1817 5815 Non

1906 4725 2210 4797 respondit.

1978 4820 2059 4875 Ad
2105 4818 2370 4873 dexteram
2418 4817 2634 4872 orientis
2663 4816 2983 4871 calamitates
3011 4833 3161 4881 mete,
3190 4817 3336 4871 illico
3387 4834 3506 4871 sur-

1907 4921 2167 4967 rexerunt.
2202 4911 2258 4966 ld
2290 4920 2394 4974 est,
2423 4910 2493 4965 de
2519 4909 2799 4964 voluntate
2823 4909 3026 4973 Patris,
3048 4909 3113 4962 ad
3140 4909 3297 4977 cujus
3319 4907 3510 4964 dexte-

1911 5021 2027 5062 ram
2062 5005 2235 5061 Filius
2262 5004 2436 5060 sedet.
2472 5002 2570 5059 Vel
2603 5002 2706 5057 hoc
2732 5003 2829 5063 ait,
2876 5000 3017 5071 quod
3060 5001 3125 5071 ad
3171 5000 3371 5056 Filium
3408 5001 3507 5058 Dei

1912 5099 2075 5155 etiam
2121 5097 2190 5153 ad
2232 5113 2354 5153 eam
2404 5082 2638 5167 partem,
2667 5109 2770 5164 qua
2801 5091 3157 5163 impassibilis
3183 5101 3286 5159 est,
3316 5103 3512 5149 contu-

1912 5193 2073 5250 mella
2106 5193 2253 5263 passi
2285 5191 2524 5246 hominis
2549 5189 2811 5258 assumpti
2846 5186 3177 5257 pervenerit,
3203 5187 3503 5242 secundum

1912 5286 2232 5357 Apostolum
2256 5284 2529 5340 dicentem
2575 5300 2589 5337 :
2640 5281 2702 5338 Si
2745 5282 2885 5335 enim
2928 5280 3304 5352 cognovissent,
3356 5296 3511 5334 num-

1911 5398 2066 5454 quam
2107 5381 2279 5434 Deum
2318 5378 2603 5449 maiestatis
2642 5376 3036 5444 cruciﬁxissent.
3083 5373 3353 5442 Quoniam
3397 5375 3515 5445 ipse

1917 5483 2004 5529 est
2033 5472 2258 5528 dextera
2299 5469 2502 5533 Patris,
2535 5483 2734 5524 manus
2779 5477 2835 5523 et
2864 5465 3176 5535 brachium,
3207 5483 3305 5536 per
3348 5482 3515 5538 quem

1916 5564 2059 5621 facta
2108 5563 2294 5619 omnia
2343 5561 2769 5634 gubernantur:
2804 5567 2860 5615 et
2907 5558 3164 5629 discipuli
3218 5559 3391 5630 magis
3439 5559 3514 5615 dc

1921 5661 2134 5717 dextris
2167 5659 2313 5714 illius
2342 5664 2527 5722 erant,
2560 5671 2721 5726 quem
2750 5654 2804 5709 in
2839 5664 3083 5723 tempore
3113 5652 3383 5724 passionis
3411 5654 3513 5709 de-

1924 5752 2290 5822 reliquerunt.
2318 5749 2397 5804 De
2429 5747 2629 5819 quibus
2663 5749 2736 5801 ait
2762 5765 2775 5801 :
2805 5745 3212 5803 Consitlerabam
3240 5747 3307 5802 ad
3334 5746 3517 5805 dexte-

208 5866 434 5937 tantum
476 5852 536 5911 in
579 5849 814 5906 desertis
854 5853 1278 5924 praedictorum,
1324 5851 1417 5908 ubi
1457 5851 1676 5912 cultura
1722 5851 1822 5913 Dei
1923 5865 2062 5921 ram,
2085 5859 2136 5909 et
2163 5863 2270 5906 non
2294 5854 2407 5906 erat
2433 5845 2523 5920 qui
2551 5854 2880 5923 cognosceret
2903 5861 3001 5903 me.

581 5942 863 6012 Panos.
907 5943 1139 6014 XXVI.

2972 5940 3052 6006 23
