4026 6310
541 202 649 266 ἨΒ

1346 190 1694 261 APPENDIX
1735 195 1829 256 AD
1866 186 2109 256 'l'OllUM
2146 186 2494 258 SEPTIMUM
2537 192 2595 257 S.
2635 190 3041 260 HIERONYMI.

3737 196 3869 279 716,

618 325 794 382 Pedes
848 338 986 381 meos
1035 320 1397 385 subuerterant,
1440 325 1491 371 et
1537 325 1926 389 Oppresserttnt.
1981 316 2142 382 Quasi
2169 318 2222 378 Α
2249 335 2423 374 meam
2454 335 2648 377 omnes
2676 322 2912 393 undique
2943 338 3029 380 me
3059 319 3209 379 velut
3232 318 3711 396 exslrangulantes
3736 296 3857 381 cir:

544 422 795 493 ﬂuctibus
835 421 1023 473 sentitis
1050 418 1155 471 suis
1182 413 1555 483 dissipaverunt
1586 413 1769 466 itinera
1818 428 1952 466 mea.
1998 410 2142 467 Insi-

547 516 680 569 (ἧς,ιὶ
706 524 824 567 sunt
854 512 995 577 mihi,
1020 518 1065 561 et
1094 507 1493 578 prazvalnerunt,
1524 513 1572 556 et
1606 520 1710 558 non
1735 505 1829 573 [uit
1858 505 1948 575 qui
1984 508 2147 576 ferret

544 607 828 671 auxilium,
867 604 1013 672 quasi
1052 607 1203 670 rupto
1241 613 1419 665 muro,
1461 604 1507 649 ct
1543 608 1721 668 aperta
1750 598 1948 668 janna,
1990 610 2037 653 et
2071 600 2147 653 ad

547 717 686 755 meas
712 696 942 751 miserias
973 689 1199 746 devoluti
1219 699 1362 744 sunt.
1390 689 1588 755 Pedes,
1623 690 1859 746 humana
1888 694 2143 747 substan-

545 802 643 864 tia,
676 811 834 865 quam
877 792 1292 858 cruciﬁxerunt,
1334 790 1567 859 intelligi
1607 797 1814 859 potest,
1861 787 1949 843 vel
1987 796 2147 843 certe

546 887 953 961 evangelizandi
980 886 1249 942 ofﬁcium.
1288 885 1347 942 ln
1377 886 1656 952 ﬂuctibus,
1681 899 1898 938 amaros
1920 882 2143 939 Judscos

544 1001 679 1058 erga
707 983 1096 1055 pra-dicatores
1127 979 1409 1051 Evangelii
1440 1022 1456 1048 ,
1486 986 1544 1034 et
1580 977 1852 1049 inquietos
1880 991 2006 1032 esse
2044 976 2142 1032 de—

543 1085 835 1135 monstrat.

614 1171 1005 1241 Dissipaverttnl
1027 1167 1185 1221 etiam
1200 1166 1386 1221 itinera
1405 1182 1541 1219 mea.
1568 1162 1964 1235 Prophetarum
1992 1175 2146 1217 meo-

540 1281 660 1321 rum
692 1262 956 1323 oraculis.
990 1261 1261 1315 adventus
1291 1259 1397 1313 mei
1441 1259 1493 1311 in
1528 1271 1695 1312 carne
1741 1256 1849 1311 illis
1893 1270 2143 1325 prazsen-

542 1361 674 1413 tiam
706 1357 1028 1426 pollicebar,
1054 1363 1112 1408 et
1143 1356 1195 1407 in
1237 1350 1540 1406 visionibus
1570 1348 1970 1405 revelationum
2000 1361 2147 1417 saepe

549 1453 837 1508 veniebam
867 1451 934 1505 ad
966 1465 1085 1504 eos.
1120 1448 1246 1502 Haec
1289 1446 1478 1515 utique
1511 1444 1707 1498 itinera
1740 1458 1860 1498 mea
1894 1444 2149 1498 incredu-

546 1548 702 1601 litate
746 1554 911 1611 atque
959 1540 1259 1610 impietatis
1305 1553 1418 1593 sure
1464 1536 1672 1591 scelere
1717 1535 2144 1604 dissipaverunt.

549 1641 790 1697 Possunt
818 1639 984 1693 etiam
1016 1635 1184 1706 pedes
1210 1632 1350 1703 ejus,
1376 1629 1766 1700 praedicatores
1794 1629 1879 1683 vel
1911 1624 2147 1698 apostoli

2242 416 2666 481 cumdederunt,
2696 425 2751 470 et
2779 424 2840 469 ut
2872 431 2958 471 me
2989 416 3349 486 prmiocarent
3389 418 3441 473 in
3470 429 3673 483 morte,
3706 428 3867 473 tam:

2242 526 2405 581 qoam
2436 525 2531 564 ora
2558 509 2762 578 capitii,
2789 508 3021 565 fortibus
3048 509 3302 566 videlicet
3328 510 3556 581 laqueis,
3583 510 3857 566 falsorum

2245 603 2685 659 testimoniorum
2741 618 2828 657 me
2882 604 3191 669 cinxerunt,
3237 613 3293 659 et
3331 603 3471 659 intra
3528 608 3869 675 passionem‘

2245 715 2421 755 meam
2470 709 2528 755 et
2567 713 2810 766 crucem,
2860 699 3015 769 quasi
3063 700 3202 754 intra
3252 700 3489 755 tunicam
3543 715 3632 754 me
3672 698 3861 754 inclu-

2244 804 2454 850 serunt.
2998 812 3003 815 “

2316 886 2661 956 Comparatus
2694 903 2808 941 sum
2845 888 2978 951 luto,
3011 894 3059 941 et
3095 886 3414 942 assimilatas
3451 886 3649 959 {arillar
3678 895 3732 941 et
3783 885 3863 940 ci-

2244 982 2373 1035 neii.
2400 980 2507 1036 Per
2538 990 2772 1036 mortem
2815 995 2978 1050 quam
3005 986 3200 1037 volens
3228 981 3466 1050 suscepi,
3493 987 3862 1051 comparatus

2244 1087 2376 1127 sum
2398 1073 2621 1138 vilibus,
2671 1083 2725 1128 et
2771 1084 2997 1143 peccato
3044 1073 3322 1141 obnoxiis,
3360 1084 3526 1144 atque
3571 1073 3628 1128 in
3674 1073 3859 1128 Adam

2245 1167 2341 1220 Dei
2382 1169 2655 1222 sententia
2686 1166 3090 1233 condemnatis,
3120 1180 3246 1222 cum
3278 1167 3396 1237 ipse
3439 1175 3700 1237 peccator
3740 1182 3859 1222 non

2246 1259 2371 1327 sim,
2404 1273 2584 1328 neque
2612 1260 2690 1313 ita
2714 1267 2773 1313 ut
2799 1272 2991 1314 omnes
3025 1267 3345 1327 peccatores
3373 1258 3567 1314 fuerim
3595 1269 3781 1313 natus.

2317 1350 2502 1407 Clamo
2530 1350 2599 1405 ad
2628 1360 2698 1418 te,
2720 1361 2894 1406 etnon
2917 1352 3135 1407 exaudis
3164 1367 3244 1405 me
3265 1367 3286 1405 :
3305 1359 3406 1419 sto,
3431 1360 3479 1404 et
3504 1367 3609 1405 non
3637 1353 3867 1425 respicis

2246 1463 2348 1502 me.
2377 1447 2455 1502 Ita
2486 1455 2543 1501 et
2574 1447 2628 1501 in
2664 1446 2927 1502 vicesimo
2955 1445 3135 1517 primo
3164 1447 3400 1518 psalmo,
3432 1448 3483 1501 in
3523 1460 3689 1502 cruce
3736 1447 3865 1502 cla—

2248 1540 2418 1595 mavit
2447 1541 2516 1594 ad
2562 1537 2993 1596 Patremtbeus
3042 1554 3204 1606 meus,
3250 1549 3305 1594 et
3349 1538 3596 1609 reliqua:
3627 1537 3693 1593 Et
3740 1538 3862 1593 ela-

2251 1634 2402 1690 mabo
2430 1650 2525 1705 per
2553 1634 2713 1698 diem,
2741 1636 2789 1688 et
2820 1650 2924 1687 non
2953 1632 3229 1700 exaudies,
3258 1643 3314 1688 et
3340 1640 3560 1688 caetera.
3593 1631 3723 1688 Hrec
3756 1632 3869 1702 igi-

546 1737 666 1807 ejus
698 1732 960 1802 intelligi.
989 1730 1060 1785 Et
1086 1743 1193 1786 u0n
1235 1728 1334 1782 luit
1361 1727 1454 1797 qui
1487 1724 1660 1780 ferret
1699 1722 1985 1785 auxilium,
2018 1722 2143 1791 quia

2264 1744 2340 1783 ;ur
2381 1729 2545 1784 verba
2591 1728 2852 1783 dicuntur
2897 1742 2967 1782 ex
3010 1741 3239 1797 persona
3284 1726 3548 1782 Cruciﬁxi
3577 1743 3591 1780 :
3620 1727 3769 1781 sicut
3804 1735 3867 1782 et

548 1842 605 1888 ct.
628 1830 729 1901 ipsi
746 1824 1025 1896 discipuli,
1059 1823 1254 1879 reliCto
1269 1837 1361 1887 eo,
1387 1818 1777 1890 confugerunt.
1800 1816 1968 1884 Quasi
1984 1825 2147 1885 rupto

544 1942 728 1989 muro,
762 1933 817 1979 et
860 1930 1051 1991 aperta
1089 1918 1252 1987 janna
1297 1916 1584 1969 irruerunt
1624 1927 1789 1982 super
1834 1925 1946 1972 me,
1978 1918 2035 1964 et
2077 1907 2148 1963 ad

545 2032 697 2073 meas
745 2014 998 2069 miserias
1051 2008 1291 2064 devoluti
1345 2018 1494 2074 sunt,
1546 2004 1598 2058 id
1647 2013 1755 2071 est,
1807 2018 1903 2073 per
1954 2014 2147 2055 necem

548 2123 723 2163 meam
770 2107 822 2161 in
855 2103 1070 2161 ruinam
1123 2116 1281 2155 suam
1319 2096 1459 2167 lapsi
1490 2105 1638 2161 sunt,
1674 2103 1737 2149 ut
1776 2094 1933 2162 quasi
1966 2105 2148 2147 trucu-

545 2198 838 2261 lentissimi
882 2197 1070 2251 hostes
1100 2203 1154 2251 et
1194 2190 1551 2253 ferociSsimi,
1608 2189 1836 2258 irruplis
1867 2186 2149 2242 civitatum

550 2290 975 2354 munitionibus,
997 2286 1361 2355 domibusque
1385 2280 1650 2346 eilractis,
1674 2279 1729 2334 iu
1759 2294 1948 2334 necem
1973 2291 2150 2332 meam

550 2398 749 2437 omnes
778 2379 981 2449 pariter
1009 2376 1345 2448 prosilireut.
1378 2373 1618 2429 Miseria:
1655 2381 1836 2426 autem
1868 2370 2153 2439 passiones

551 2486 701 2542 sunt,
747 2474 985 2543 ﬂagella,
1016 2470 1223 2538 illusio,
1274 2467 1497 2538 probra,
1551 2466 1749 2536 alapae,
1793 2474 1975 2536 sputa,
2006 2463 2153 2519 cola-

553 2572 671 2645 phi,
701 2570 873 2640 spime
897 2575 955 2621 et
980 2563 1276 2636 ignominia
1307 2562 1509 2618 crucis.

624 2661 890 2719 Reductus
914 2658 1105 2712 suntin
1131 2652 1377 2710 nihilum.
1403 2650 1580 2710 Judaei
1607 2650 1973 2721 deepicieutes
1997 2663 2151 2719 eum,

552 2770 656 2827 pro
688 2751 861 2809 nihilo
891 2750 1226 2807 habuerunt.

629 2845 901 2901 Abstulisti
928 2842 1077 2915 quasi
1113 2849 1315 2895 ventum
1353 2836 1668 2893 desiderium
1699 2852 1888 2905 meum,
1919 2844 1971 2891 et
2004 2835 2157 2907 quasi

555 2938 714 2995 nubes
740 2935 1035 3010 pertransiit
1062 2934 1204 2989 salus
1225 2948 1362 2988 mea.
1390 2930 1594 2986 Ventus
1625 2944 1869 2999 praesens
1897 2927 2018 2984 haec
2047 2930 2157 2984 vita

2206 1846 2221 1862 ι
2248 1825 2373 1891 alia,
2407 1839 2527 1893 qua:
2561 1822 2673 1893 jam
2722 1821 2841 1877 dixi
2889 1824 3161 1892 superius.
3205 1822 3482 1885 Clamobo,
3529 1823 3730 1893 inquit,
3765 1839 3870 1892 per

2248 1918 2385 1971 diem
2409 1918 2476 1969 ad
2506 1926 2592 1971 te:
2619 1917 2671 1972 id
2700 1928 2811 1983 est,
2841 1918 2897 1973 in
2927 1917 3094 1972 rebus
3121 1917 3403 1988 prosperis
3433 1915 3596 1987 hujus
3621 1917 3769 1985 vitae,
3801 1927 3865 1972 ut

2248 2027 2360 2067 non
2408 2019 2721 2067 mutentur:
2751 2026 2853 2067 nec
2882 2012 3131 2079 exaudis,
3178 2012 3231 2066 in
3273 2010 3457 2067 verbis
3504 2011 3860 2068 delictorum.

2250 2102 2510 2159 Clamabo
2536 2112 2593 2159 et
2632 2105 2684 2157 in
2718 2113 2899 2171 nocte,
2932 2103 2985 2159 id
3010 2112 3116 2168 est,
3162 2104 3215 2158 in
3253 2102 3509 2159 adversis
3536 2102 3663 2159 vita:
3692 2103 3865 2174 hujus

2251 2199 2526 2265 clamabo,
2554 2207 2608 2252 ut
2634 2206 3050 2269 prosperentnr,
3074 2206 3130 2255 et
3149 2196 3419 2252 similiter
3436 2213 3549 2253 non
3573 2197 3868 2255 exaudies.

2252 2290 2442 2359 Neque
2470 2290 2576 2345 hoc
2605 2291 2743 2346 satis
2770 2290 2839 2345 ad
2871 2289 3239 2359 insipientiam
3269 2289 3427 2358 mihi,
3458 2290 3559 2347 sed
3588 2294 3772 2362 potius
3803 2301 3872 2349 ut

2253 2382 2460 2453 sapiam
2490 2381 2617 2453 quid
2650 2381 2890 2438 clamare
2920 2397 3007 2437 me
3033 2382 3211 2437 velis:
3248 2399 3354 2438 non
3396 2383 3581 2440 verbis
3621 2381 3869 2441 delicto-

2252 2491 2373 2530 rum
2403 2491 2467 2529 ex
2497 2474 2775 2530 desiderio
2814 2474 3137 2544 temporalis
3175 2475 3323 2545 vitre,
3369 2475 3467 2533 sed
3507 2476 3696 2534 verbis
3724 2493 3871 2535 con-

2253 2569 2522 2624 versionis
2548 2568 2617 2623 ad
2650 2577 2703 2623 te
2731 2568 2783 2621 in
2812 2567 2981 2622 vitam
3014 2578 3301 2623 aeternam.

2329 2660 2563 2717 Mutatus
2593 2677 2648 2716 es
2680 2661 2811 2715 mihi
2851 2662 2906 2715 :‘n
2939 2661 3222 2726 crudelem,
3264 2671 3315 2716 et
3343 2661 3401 2717 in
3438 2663 3639 2718 duritia
3672 2680 3871 2720 manus

2255 2765 2360 2811 tua:
2382 2755 2672 2810 aduersaris
2699 2752 2850 2809 mihi.
2883 2753 3022 2809 Dum
3069 2754 3233 2810 Pater
3257 2755 3423 2812 unico
3452 2754 3594 2812 Filio
3624 2771 3734 2813 non
3766 2771 3870 2828 pe-

2255 2852 2452 2924 percit,
2483 2850 2579 2906 sed
2610 2864 2713 2921 pro
2740 2848 2904 2904 nobis
2930 2847 3188 2904 omnibus
3236 2847 3459 2904 tradidit
3501 2848 3657 2905 illum
3680 2866 3701 2903 :
3724 2865 3869 2906 cru-‘-

2256 2947 2503 3004 delitatis
2530 2945 2746 3017 species
2771 2943 3087 3009 videbatur,
3114 2941 3261 3014 quod
3290 2952 3409 2999 erat
3438 2943 3544 3015 piae
3572 2943 3873 3016 dispensa-

556 3040 738 3104 potest
770 3029 1019 3099 intelligi,
1049 3042 1171 3099 qua:
1210 3026 1533 3097 plerumque
1562 3021 1737 3090 venti,
1773 3022 1889 3078 sive
1930 3020 2156 3091 spiritus
2183 3087 2226 3104 Α
2256 3039 2425 3096 tionis
2452 3037 2703 3094 επεοως,

555 3087 780 3183 nomine
804 3087 1172 3194 appellantur.
1203 3087 1285 3173 iis
1315 3087 1551 3186 persona
1578 3087 1941 3184 ergo—veteris
1964 3087 2152 3167 homi-

2333 3130 2567 3186 Elevasti
2591 3146 2691 3198 me,
2718 3136 2769 3185 et
2807 3128 2971 3200 quasi:
2994 3142 3152 3199 super
3188 3136 3393 3183 ventum
3426 3142 3643 3199 ponens,
3679 3126 3873 3183 elisisti

556 3220 645 3276 nis
667 3216 902 3287 suscepti
927 3215 981 3270 in
1011 3214 1143 3278 Deo,
1174 3210 1341 3266 homo
1370 3208 1529 3265 Jesns
1554 3203 1809 3261 Christus
1834 3204 1957 3260 haec
1983 3205 2158 3275 loqui-
2182 3210 2225 3255 J
2259 3239 2339 3277 me
2366 3221 2559 3277 υαιεάε,
2591 3220 2748 3291 Quod
2779 3227 2884 3288 est,
2922 3218 3243 3275 deum“...
3264 3233 3452 3285 cruce.
3487 3230 3543 3277 οι
3586 3235 3697 3275 non
3742 3234 3873 3276 (το,

561 3327 670 3375 tur.
701 3311 1039 3369 Desiderium
1082 3322 1217 3365 vero
1244 3304 1448 3362 veteris
1473 3302 1710 3357 hominis
1740 3300 1872 3356 illud
1898 3308 2040 3365 erat,
2086 3316 2158 3358 ue

557 3410 724 3471 vitam
753 3407 895 3462 hanc
920 3400 1274 3473 temporalem
1304 3399 1601 3461 amitteret,
1629 3393 1775 3465 quod
1815 3393 1935 3463 ipse
1964 3393 2159 3450 Domi-

561 3518 665 3559 nus
695 3500 978 3571 prosimus
1018 3490 1269 3566 passioni
1306 3489 1673 3556 demonstrat,
1708 3485 1898 3542 dicens
1939 3486 2009 3542 ad
2048 3486 2156 3542 Pa-

560 3607 700 3652 trem
727 3611 741 3649 :
773 3592 1027 3648 Transeat
1057 3603 1090 3642 a
1122 3601 1204 3640 me
1242 3583 1383 3638 calix
1417 3583 1536 3637 iste.
1584 3580 1794 3647 Verum,
1824 3581 2014 3651 inquit,
2054 3597 2159 3637 non

564 3690 706 3762 quod
724 3703 818 3758 ego
839 3685 979 3751 volo,
1008 3680 1100 3737 sed
1123 3676 1261 3749 quod
1288 3686 1370 3732 tu.

636 3779 798 3841 Nunc
833 3784 1005 3831 autem
1050 3773 1108 3827 in
1143 3769 1444 3842 memetipso
1482 3768 1673 3824 arescit
1715 3768 1891 3823 animo
1931 3785 2064 3834 mea,
2110 3777 2159 3825 et

557 3871 834 3947 «possident
874 3885 956 3925 me
990 3867 1100 3923 dies
1131 3865 1459 3937 afﬂictionis.
1491 3864 1621 3920 Dies
1665 3862 1976 3920 aﬂlictionis
2015 3864 2154 3936 ejus,

565 3969 685 4023 dies
712 3971 843 4020 sunt
868 3960 1163 4033 passionis.
1192 3959 1321 4016 lude
1342 3960 1421 4014 ait
1444 3959 1698 4016 Salvator
1739 3959 1794 4015 in
1838 3959 2157 4031 Evangelio,

564 4058 754 4115 Tristis
783 4066 856 4112 est
884 4055 1192 4110 animamea
1222 4069 1382 4124 usque
1410 4052 1481 4108 ad
1507 4064 1744 4109 mortem.

632 4149 808 4206 Nocte
845 4165 904 4203 os
932 4163 1105 4202 meum
1130 4148 1427 4217 perforatur
1463 4146 1754 4212 doloribus,
1776 4156 1825 4201 et
1854 4148 1945 4220 qui
1971 4164 2051 4203 me
2074 4164 2162 4205 co-

562 4246 801 4311 medunt,
834 4259 939 4298 non
981 4241 1264 4296 dormiunt.
1298 4238 1491 4306 Nocte,
1523 4240 1647 4311 quia
1689 4255 1918 4311 vespere
1944 4250 2159 4314 captus,

564 4353 668 4411 per
695 4345 861 4393 totam
894 4344 1108 4390 noctem
1144 4333 1369 4399 scribis,
1396 4343 1453 4389 et
1483 4332 1821 4404 principibus
1847 4336 1951 4391 sub
1980 4335 2157 4392 inter-

561 4431 851 4504 rogatione
874 4426 1190 4500 quaestionis
1212 4425 1432 4482 auditus
1457 4434 1566 4483 est.
1596 4425 1696 4483 Vel
1731 4437 1950 4485 noctem
1985 4428 2158 4491 tristi:

2258 3314 2517 3370 dentibus
2540 3313 2771 3380 Judzcis,
2803 3328 2891 3368 me
2916 3311 3160 3369 allisisti.
3206 3338 3211 3343 ι

2332 3407 2456 3467 Scio
2483 3410 2609 3479 quia
2636 3406 2790 3461 morti
2817 3405 2995 3459 trades
3018 3421 3099 3460 me
3118 3420 3143 3461 .'
3168 3406 3255 3460 ubi
3275 3405 3553 3460 constituta
3581 3413 3656 3460 est
3680 3404 3871 3460 domus

2260 3501 2403 3556 omni
2454 3499 2660 3553 viventi.
2719 3497 2860 3564 Quia
2910 3506 3041 3553 ante
3093 3495 3313 3552 Domini
3370 3498 3865 3568 resurrectionem,

2258 3592 2425 3650 etiam
2453 3591 2587 3662 justi
2613 3591 2667 3646 in
2697 3590 2898 3646 inferni
2926 3589 3173 3660 partibus
3195 3589 3361 3645 fuisse
3389 3589 3718 3646 creduntur.

2345 3682 2709 3739 Verumtamen
2737 3697 2845 3737 non
2881 3684 2953 3737 ad
2989 3683 3432 3754 consumptionem
3467 3699 3650 3738 eorum
3672 3683 3874 3741 emittis

2260 3793 2473 3833 manum
2502 3786 2669 3842 tuam,
2702 3784 2751 3831 et
2778 3776 2824 3831 si
2851 3776 3158 3842 corruerint,
3210 3776 3319 3845 ipse
3355 3773 3606 3830 salvebis.
3633 3774 3717 3830 Ad
3761 3776 3869 3832 hoc

2261 3874 2449 3945 utique
2495 3872 2660 3929 morti
2709 3871 2895 3926 trades
2924 3885 3033 3937 me,
3068 3878 3128 3924 ut
3169 3884 3279 3924 non
3327 3878 3728 3925 consumantur
3772 3869 3869 3925 dcc

2260 3968 2372 4026 bitu
2406 3981 2587 4038 pana,
2616 3966 2709 4037 qui
2736 3964 2925 4021 divina
2956 3963 3233 4020 sententia
3272 3962 3440 4018 morti
3480 3971 3705 4018 aeterna:
3737 3970 3868 4019 sunt

2261 4058 2544 4132 deputati:
2569 4058 2665 4115 sed
2700 4056 2882 4128 potius
2900 4072 3022 4113 mea
3051 4063 3230 4111 morte
3256 4054 3553 4111 salventur.
3578 4054 3733 4124 Quod
3766 4070 3869 4111 au-

2262 4162 2371 4210 tom
2400 4152 2534 4207 dicit
2559 4167 2574 4205 :
2599 4149 2659 4205 Si
2686 4149 3021 4214 canuerint,
3048 4148 3171 4219 ipse
3191 4146 3460 4203 salvebis:
3489 4157 3611 4217 post
3628 4146 3866 4218 gratiam

2262 4244 2547 4314 baptismi,
2577 4242 2880 4299 remedium
2904 4240 3099 4297 salutis
3126 4237 3600 4311 delinquentibus,
3625 4253 3726 4311 per
3753 4254 3871 4311 poe-

2264 4337 2552 4394 nitentiam
2577 4332 2934 4405 repromittit.
3008 4348 3039 4393 i-

2342 4428 2558 4485 Flelram
2578 4427 2842 4501 quondam
2870 4442 3023 4499 super
3051 4424 3276 4496 eumqui
3304 4425 3536 4497 afﬂictus
3559 4432 3696 4479 erat.
3723 4423 3869 4480 Dua-

557 4527 677 4591 tim,
729 4533 784 4580 el
831 4519 1130 4594 paSSioniS.
1175 4520 1252 4574 ait
1298 4519 1565 4575 Dominus
1611 4517 1681 4575 ad
1722 4520 2024 4591 apostolos,
2063 4515 2237 4601 qui
2262 4526 2367 4583 bus
2404 4532 2586 4580 autem
2633 4521 2702 4578 de
2744 4520 2929 4577 causis
2969 4520 3222 4576 Salvator
3256 4518 3559 4575 Jerusalem
3603 4515 3866 4573 deﬂebat.

564 4625 791 4689 propter
817 4612 1149 4682 dilectionis,
1183 4620 1243 4668 et
1285 4610 1574 4669 charitatis
1618 4626 1755 4669 meae
1784 4611 2157 4670 fortitudinem
2220 4622 2231 4649 ί
2268 4620 2385 4677 lina
2414 4629 2520 4688 est,
2551 4631 2660 4688 qua
2704 4629 2806 4687 pro
2849 4614 3130 4671 conversis
3160 4614 3331 4681 ﬂens,
3379 4613 3598 4669 Patrem
3645 4613 3865 4668 orabat.

562 4726 686 4769 ossa
740 4711 997 4766 dicuntur
1035 4725 1049 4761 :
1080 4706 1289 4763 aculeis
1344 4706 1575 4776 doloris,
1636 4706 1956 4777 timorisque
2006 4722 2160 4764 com-
2266 4715 2383 4771 Alia
2412 4728 2549 4770 vero
2578 4720 2683 4777 est,
2713 4723 2819 4782 qua
2856 4723 2959 4780 pro
2996 4722 3108 4764 non
3150 4706 3498 4764 credentibus
3542 4705 3740 4762 dolens
3771 4705 3870 4762 tle-

559 4806 768 4879 puncti,
808 4818 986 4877 usque
1018 4801 1088 4858 ad
1116 4801 1427 4873 negationis
1455 4815 1664 4857 noxam
1695 4801 1958 4873 perforati
1987 4813 2154 4859 sunt:

558 4902 613 4957 id
641 4908 746 4972 est,
775 4897 1085 4971 penetravit
1133 4895 1394 4953 virtutem
1442 4896 1611 4952 animi
1660 4910 1851 4954 eorum
1888 4897 2161 4955 titubatio

556 4994 707 5063 ﬁdei,
737 5001 800 5048 ut
821 4991 891 5046 ad
916 4992 1106 5046 horam
1137 4988 1460 5046 tentationis
1487 4990 1543 5043 in
1569 4988 1858 5045 cbaritatis
1884 4989 2161 5047 soliditate

555 5092 835 5142 notarent.
866 5082 948 5139 Illi
975 5095 1128 5149 vero,
1160 5080 1255 5151 qui
1283 5095 1372 5136 me
1397 5095 1569 5151 usque
1594 5081 1664 5137 ad
1694 5088 1924 5136 mortem
1968 5095 2162 5152 perse-

551 5180 773 5252 quendo
799 5176 1054 5232 videntur
1080 5189 1431 5239 consumere,
1464 5189 1572 5230 non
1600 5173 1921 5231 dormiunt:
1952 5174 2009 5231 id
2051 5185 2156 5248 est,

555 5269 705 5326 omni
735 5266 1018 5338 vigilantia
1044 5266 1244 5323 mentis
1274 5265 1558 5332 insistunt,
1588 5274 1648 5321 ut
1676 5266 1746 5323 ad
1768 5283 1858 5325 me
1886 5268 2160 5326 devoran-

552 5362 682 5419 dum
719 5360 1060 5430 perveniant.

622 5452 695 5508 ln
710 5451 1049 5508 multitudine
1061 5468 1240 5507 eorum
1259 5454 1582 5511 consumitur
1599 5455 1956 5513 uestimentum
1965 5473 2154 5515 meum.

548 5541 1018 5603 Convenientibus
1050 5545 1105 5600 in
1139 5560 1308 5600 unum
1346 5546 1571 5618 Iudaeis,
1600 5564 1734 5607 caro
1763 5564 1883 5605 mea
1914 5548 2153 5618 injuriis,

548 5636 742 5702 clavis,
775 5647 958 5698 cruce.
994 5647 1171 5693 morte
1192 5638 1442 5693 confecta
1468 5650 1572 5694 est.

623 5727 696 5782 bs
742 5725 892 5796 quasi
930 5730 1121 5803 capitio
1153 5728 1342 5783 tunica:
1380 5729 1654 5787 cinxerunt
1699 5748 1799 5789 me.
1854 5731 1912 5788 in
1962 5746 2152 5802 necem

2262 4807 2358 4864 bat
2402 4824 2417 4860 :
2468 4804 2779 4876 pravidens
2823 4802 3012 4874 utique
3060 4811 3119 4857 ut
3165 4800 3311 4857 Deus
3352 4800 3424 4856 ob
3465 4797 3872 4855 incredulitatis

2264 4900 2524 4956 duritiam
2555 4897 2919 4970 perditionem
2949 4909 3165 4951 eorum.

2337 4992 2407 5047 Et
2445 4992 2851 5063 compatiebatur
2898 4992 3078 5047 animo
3122 5004 3237 5044 mea
3285 4985 3522 5060 pauperi.
3573 4981 3867 5053 Quomodo

2263 5088 2459 5144 anima:
2497 5095 2704 5143 sanctas
2746 5087 2803 5142 in
2849 5083 3150 5156 Scripturis
3192 5094 3460 5153 pauperes
3490 5076 3864 5149 appellantur,

2264 5194 2372 5237 non
2396 5179 2658 5236 habentes
2696 5177 2970 5250 superbia:
3012 5175 3289 5247 spiritum,
3323 5173 3409 5227 vel
3453 5179 3676 5241 peccata
3721 5178 3866 5225 tam-

2261 5289 2422 5347 quam
2471 5273 2660 5330 mundi
2688 5272 2850 5342 hujus
2876 5270 3117 5328 divitias.
3144 5268 3240 5325 'lta
3283 5283 3316 5325 e
3359 5265 3641 5323 contrario
3669 5276 3867 5322 omnes

2263 5377 2580 5437 peccatores
2618 5379 2894 5437 pauperes
2918 5371 3343 5434 nuncupantur:
3372 5376 3441 5418 eo
3481 5358 3627 5432 quod
3668 5373 3868 5432 super-

2259 5457 2362 5512 biae
2395 5456 2589 5527 spiritu
2644 5465 2906 5525 tumeant,
2940 5464 2995 5512 et
3059 5456 3173 5511 sint
3213 5454 3409 5525 inopes
3437 5453 3768 5509 sanctitate:
3796 5452 3871 5508 de

2256 5548 2455 5620 quibus
2481 5548 2535 5604 in
2567 5549 2778 5619 psalmo
2815 5549 3032 5604 canitur
3060 5566 3076 5603 :
3106 5547 3355 5604 Sedentes
3385 5545 3440 5599 in
3466 5544 3690 5601 tenebris
3731 5555 3784 5599 et
3814 5545 3871 5601 in

2150 5674 2153 5679 ι
2256 5640 2435 5694 umbra
2470 5641 2652 5695 mortis
2673 5656 2691 5693 :
2721 5639 2938 5694 vinculis
2973 5639 3163 5712 ligatos
3193 5639 3250 5693 in
3277 5636 3607 5693 mendicitate
3625 5644 3673 5690 ei
3699 5637 3865 5708 ferro.

2255 5729 2340 5788 Ad
2374 5729 2657 5790 dedendos
2696 5731 3007 5807 hujusmodi
3048 5745 3339 5806 pauperes,
3374 5734 3560 5804 utpote
3602 5724 3765 5787 dives
3806 5728 3871 5795 in
