4026 6290
256 140 371 204 7H

263 357 405 413 tiam
436 356 761 415 sustinebat.
1383 431 1386 435 .

341 454 719 536 Exspectabam
741 456 895 524 bona,
917 467 965 513 et
988 460 1369 516 t'eneruntmilti
1382 464 1538 517 mala.
1567 464 1863 536 Exspec‘a-

258 532 574 618 batil‘iergo
623 548 721 618 per
766 546 1105 621 patientiam,
1138 556 1194 607 ut
1244 554 1444 609 bonum
1489 559 1864 615 conversionis

254 634 453 696 eurum
503 642 765 713 gaudens,
820 659 987 715 super
1029 657 1306 704 correctos
1350 652 1706 720 percipercm.
1757 653 1863 708 Sed

254 720 591 791 illi'divitias
614 733 873 791 bonitatis
904 750 1061 807 mete,
1088 750 1143 794 ct
1166 741 1583 811 longanimitatis
1611 759 1706 814 per
1735 761 1865 801 cnn-

254 821 569 881 tumaciant‘
588 835 1039 895 contemnentes,
1084 834 1555 891 thesaurizacerunt
1594 836 1690 893 sibi
1729 840 1863 895 iram

260 916 315 969 in
346 917 430 972 die
449 917 563 987 ine,
592 927 640 972 et
668 919 997 976 rerelationis
1012 924 1150 993 justi
1172 926 1363 996 judicit
1392 929 1509 982 mei.
1549 928 1673 985 llmc
1700 916 1861 1003 igitur

256 1004 406 1066 mala
430 1027 617 1067 eorum
646 1012 715 1067 ad
763 1006 1121 1087 conspectum
1154 1035 1333 1076 meum
1363 1036 1590 1080 ventura
1624 1034 1770 1093 sunt,
1804 1037 1863 1083 ut

260 1101 486 1159 reddam
521 1104 817 1176 unicuique
846 1110 1145 1166 secundum
1173 1114 1345 1181 opera
1367 1131 1483 1170 sua.

282 1198 293 1205 '
338 1195 688 1252 Prtrstolabar
714 1200 904 1271 lucem,
932 1213 978 1258 et
1011 1218 1287 1277 eruperunt
1313 1210 1548 1266 tenebrw.
1579 1212 1779 1268 Lucem
1807 1214 1859 1269 in

246 1287 343 1343 ‘eis
372 1289 495 1344 tidei
528 1300 581 1345 et
634 1304 946 1349 sanctorum
976 1311 1202 1367 operum
1239 1303 1618 1370 {iracstolaban
1648 1314 1705 1360 et
1741 1307 1862 1361 iuli-

256 1381 497 1438 delitatis
529 1392 716 1441 eorum
754 1402 815 1442 ac
855 1389 1110 1445 vitiorum
1157 1395 1394 1450 tenebrae
1432 1398 1860 1466 prmvaluerunt.

332 1474 598 1533 Interiora
620 1496 732 1534 mea
756 1480 1102 1549 efferbuerunt
1124 1486 1311 1556 absque
1348 1487 1457 1542 ulla
1494 1488 1689 1560 requie.
1732 1490 1861 1548 Sive

254 1570 405 1642 quod
424 1571 630 1628 'dolore
662 1582 858 1645 tactus,
896 1572 1227 1635 intrinsecus
1261 1582 1481 1638 animus
1511 1583 1626 1655 ejus
1655 1585 1861 1663 sollici-

258 1662 451 1719 tudine
488 1674 546 1721 et
583 1665 859 1722 anxietate
894 1664 1162 1725 ferbuerit
1186 1716 1200 1739 ,
1241 1687 1408 1743 super
1451 1689 1643 1730 eorum
1677 1662 1858 1748 perdi-

250 1754 408 1811 tiOnc
435 1764 457 1810 :‘
477 1758 593 1814 sive
619 1761 766 1830 quod
806 1758 984 1817 Verbo
1015 1776 1182 1819 carne
1219 1764 1383 1834 tacto,
1413 1767 1776 1822 et‘babitan'te
1805 1770 1857 1825 in

252 1838 482 1908 nomine
510 1851 639 1908 Jesu
666 1852 955 1913 Salvatore
986 1866 1195 1928 nostro,
1219 1857 1478 1915 interiora
1505 1858 1855 1933 ejus,’id’cst,

255 1940 457 2001 anima:
485 1934 629 2004 illius
658 1956 837 2004 motus
887 1950 1006 2007 sine
1038 1953 1347 2010 cessatione
1376 1954 1559 2009 divino
1591 1957 1711 2027 igne
1749 1958 1858 2014 ler-

251 2042 474 2097 vebant.
1496 2036 1499 2045 ’

256 2120 291 2151 ”
330 2131 698 2191 Prwrenerunt
730 2154 807 2191 me
832 2138 941 2193 dies
990 2140 1316 2210 afﬂictionis.
1365 2140 1490 2196 Dies
1547 2142 1856 2198 afﬂictionis

253 2216 372 2279 dies
400 2224 587 2296 judicii
612 2238 771 2283 erunt
804 2247 817 2282 :
850 2230 901 2285 in
934 2232 1131 2297 quibus
1185 2233 1495 2302 prmdictam
1524 2226 1740 2307 gentem
1766 2230 1855 2306 jii-

251 2317 531 2374 dicatui‘us
560 2337 699 2376 sum.
735 2322 839 2378 Sed
897 2332 1072 2379 tamen
1105 2342 1268 2389 nunc,
1298 2338 1354 2382 et
1399 2328 1449 2382 in
1486 2329 1585 2383 ltoc
1611 2338 1854 2400 tempore

250 2410 435 2468 nimiis
461 2414 757 2469 sceleribus
787 2402 899 2470 suis
926 2430 1302 2486 prtevenerunt
1332 2437 1436 2487 tne,
1469 2432 1525 2475 ut
1554 2422 1850 2478 secundum

244 2506 458 2577 j‘tistnm
483 2508 745 2580 judicium
778 2526 959 2565 meum
984 2511 1206 2567 reddam
1232 2514 1313 2568 eis
1344 2532 1356 2568 :
1383 2512 1521 2568 sitiztl
1552 2528 1687 2585 posti
1710 2520 1849 2570 aue-

246 2602 381 2659 cidit
406 2606 458 2658 in
484 2604 750 2673 passiOne,
785 2605 1002 2677 quando
1029 2624 1054 2660 a
1090 2606 1348 2663 Romanis
1378 2608 1681 2665 JeruSaIem
1715 2610 1848 2665 tem?

246 2685 506 2773 piumque
530 2702 846 2757 subversmn
882 2712 984 2758 est.
1198 2702 1209 2708 ’

322 2794 547 2851 Maerens
562 2797 853 2851 incedebant
872 2798 1013 2851 :tine
1026 2797 1203 2868 furore
1218 2815 1530 2873 consurgens
1558 2800 1611 2854 in
1632 2798 1731 2854 ten.
1747 2799 1852 2857 bris

243 2884 554 2943 clamabam.
581 2888 921 2961 Sine'aliquo
950 2890 1138 2959 utique
1168 2891 1464 2947 iracundia:
1491 2893 1675 2948 furore
1697 2904 1845 2949 erat:

240 2962 504 3079 quoniam
538 2982 741 3039 donare
768 2994 931 3055 atque
953 2985 1266 3041 concedere
1298 2996 1517 3056 peccata
1544 3002 1729 3042 eorum
1758 2987 1851 3043 ad-

240 3075 495 3155 venerat,
528 3091 637 3157 non
671 3076 879 3146 punire.
913 3075 1004 3131 Ait
1046 3079 1207 3133 etiam
1248 3078 1579 3149 evangelista
1616 3098 1628 3133 :
1664 3080 1845 3135 Stabat
1872 3106 1923 3171 ρ

235 3162 422 3232 Iesus,
448 3176 493 3221 et
518 3165 806 3224 clamabat:
835 3168 937 3237 Qui
957 3171 1062 3224 sitit
1088 3173 1258 3225 veniat
1282 3173 1350 3226 ad
1377 3189 1477 3240 me,
1512 3184 1557 3228 et
1592 3173 1749 3228 bibat.

266 3248 287 3271 ³
316 3256 511 3313 Frater
539 3260 618 3331 [ui
646 3261 951 3328 draconum,
976 3273 1023 3318 et
1041 3264 1215 3317 socius
1240 3265 1843 3322 struthionum..luda:os

238 3348 626 3425 iiiEvangelio
656 3336 917 3408 Dominus
947 3338 1235 3424 serpentes
1263 3356 1574 3427 frequenter
1604 3358 1843 3428 appellat

236 3456 298 3503 et
317 3447 538 3523 viperas
567 3464 578 3499 :
610 3447 683 3502 ita
714 3447 907 3503 dicens
940 3464 950 3499 :
977 3447 1279 3520 Serpentes,
1338 3450 1600 3522 genimina
1635 3451 1839 3521 vipera-

237 3555 385 3593 rum.
418 3526 486 3593 lSt
515 3539 777 3610 propheta
800 3541 921 3595 ait‘:
950 3540 1059 3596 Ova
1102 3526 1347 3611 aspidum
1386 3554 1667 3612 ruperunt,
1715 3559 1837 3598 cum

236 3626 534 3687 malorum.
573 3618 983 3701 generationem
1032 3632 1380 3704 multiplicari
1402 3634 1632 3689 videret.
1658 3634 1789 3689 Item
1825 3650 1839 3687 :

238 3708 737 3777 Furordr’aconum
769 3723 942 3779 t'imtm
974 3724 1174 3793 eorum,
1201 3736 1246 3781 et
1276 3730 1425 3797 furor
1468 3727 1713 3798 (tspidum
1762 3726 1845 3783 ἱηοέ

237 3800 520 3874 cenabitis.
556 3816 675 3875 'Sed
708 3806 910 3875 idcirco
946 3820 1164 3876 fratrem
1192 3835 1380 3876 eorum
1410 3836 1469 3876 se
1492 3822 1841 3893 nuncupavit,

240 3913 503 3982 quoniam
551 3911 619 3966 de
663 3927 852 3967 eorum
902 3927 1101 3982 genere
1151 3913 1446 3968 secundum
1496 3930 1716 3968 carnem
1759 3923 1845 3969 est

242 3986 936 4076 proe?ealtts‘3“de'quibtts
979 4003 1030 4058 in
1072 4005 1281 4075 psalmo
1329 4006 1447 4060 ait:
1484 4005 1643 4060 Socer
1676 4009 1844 4079 [nctus

243 4104 365 4151 sunt
394 4080 642 4171 fratribus
663 4084 805 4159 fucis.
826 4105 873 4150 et
888 4097 1075 4166 hospes
1101 4097 1225 4167 ﬁliis
1253 4098 1434 4152 matris
1455 4115 1601 4153 mea}.
1632 4098 1700 4153 Et
1724 4099 1843 4169 quia

246 4184 550 4244 secundum
575 4196 901 4259 pra-sentem
938 4189 1121 4256 vitam,
1153 4204 1262 4261 qua
1290 4188 1419 4245 dum
1469 4191 1556 4247 bic
1599 4191 1846 4247 mortalis

247 4279 374 4354 l'ui't,
402 4266 661 4341 intet'eOs
678 4295 774 4340 est
803 4284 1198 4355 conversatus,
1231 4285 1597 4341 struthionmn
1649 4301 1708 4342 se
1762 4300 1845 4341 so—

246 4358 396 4437 cium
426 4378 583 4446 dixit,
636 4377 690 4434 id
722 4389 824 4446 est,
858 4380 909 4435 in
940 4378 1132 4436 eadem
1172 4391 1338 4451 gente
1368 4395 1465 4436 sua
1515 4396 1636 4436 cum
1670 4379 1847 4435 stultis

1172 146 1654 210 COMMENTARII
1692 150 1759 210 IN
1798 150 2059 216 LIBRUM
2098 154 2241 216 JOB.
2281 156 2436 218 CAP.
2469 154 2660 221 XXXI.

262 259 721 323 miserationibus
758 260 901 326 Deus
929 280 999 326 ex
1034 268 1228 326 aﬂ'ecfu
1279 271 1668 330 misericordia:
1700 275 1866 332 tristi-
1891 286 1942 343 Α
1972 279 2156 335 traxit.
2193 279 2340 337 Unde
2362 282 2435 336 ait
2459 281 2721 340 Dominus

1920 384 1933 395 '
1966 371 2187 427 similaz'i
2219 384 2434 429 matrem
2460 388 2697 431 vestram.

3455 167 3557 236 718

2770 300 2869 357 per
2898 286 3216 363 prephetam
3243 308 3258 349 :
3292 290 3451 354 Νοειὶ
3477 246 3564 355 as;

2046 465 2110 519 Et
2144 484 2257 544 csso
2285 485 2397 522 mea
2425 483 2673 525 aruerunt
2696 488 2810 544 prae
2835 488 3092 533 caumate.
3124 481 3258 538 Ossa
3306 485 3557 554 corporis

1964 557 2252 625 Ecclesiae,
2288 561 2444 631 cujus
2472 574 2636 634 caput
2674 576 2758 620 est
2786 566 3073 635 Christus,
3113 576 3291 630 sancti
3333 578 3557 646 quidem

1966 669 2191 724 omnes,
2236 656 2330 711 scd
2380 661 2657 730 prmcipue
2703 664 2937 741 apostoli
2988 668 3327 740 intelligendi
3374 685 3500 729 suit
3544 692 3557 729 :

1965 763 2194 819 quorum
2245 753 2550 808 sanctitatis
2606 756 2806 812 robore
2863 767 3030 831 atque
3083 765 3325 834 virtute,
3380 772 3565 825 omnia

1966 845 2210 899 membra
2239 845 2533 902 inﬁrmiora
2550 848 2826 907 Ecclesia:
2851 855 3214 913 sustinentur:
3241 858 3444 916 Horum
3470 862 3564 933 igi-

1967 944 2053 993 tur
2075 938 2246 1011 adeps
2275 940 2667 1012 pinguissimus
2697 944 2981 1002 cltaritatis
3020 947 3193 1006 nimio
3226 956 3563 1022 persecutio.

1965 1028 2048 1086 nis
2072 1041 2206 1087 testu
2243 1034 2297 1087 in
2326 1035 2585 1104 passione
2615 1035 2917 1095 Salvatoris
2948 1044 3295 1100 exacstuavit.
3329 1042 3406 1103 De
3436 1050 3558 1117 qui-

1963 1127 2063 1184 bus
2092 1130 2209 1200 ipse
2239 1128 2499 1185 Dominus
2530 1132 2582 1186 in
2614 1132 2825 1203 psalmo
2856 1152 2869 1190 :
2903 1135 2968 1189 Et
3000 1154 3118 1193 ossa
3137 1156 3254 1194 mea
3277 1142 3416 1197 sicut
3445 1159 3561 1197 cre-

1962 1221 2127 1274 mium
2167 1233 2437 1277 aruerunt.
2485 1223 2617 1279 Item
2672 1226 2724 1279 in
2771 1227 2879 1281 alio
2914 1231 3189 1299 psalmo:
3236 1234 3391 1288 Sicut
3417 1252 3560 1308 aqua

1962 1310 2162 1377 effusus
2202 1330 2336 1380 sum,
2367 1324 2415 1368 et
2443 1315 2682 1388 dispersa
2708 1327 2828 1372 sunt
2857 1322 3033 1375 omnia
3064 1336 3183 1378 oua
3217 1320 3367 1395 mea:
3390 1339 3447 1385 ut
3482 1332 3559 1386 ita

1963 1406 2292 1474 evangelista
2326 1425 2341 1462 :
2374 1404 2443 1460 Et
2479 1409 2659 1461 relicto
2683 1408 2834 1479 Jesu,
2879 1415 3120 1484 fugerunt
3150 1416 3416 1486 discipuli.
3449 1420 3558 1478 Sed

1961 1512 2176 1553 rursum
2206 1515 2307 1569 per
2336 1501 2739 1558 confessionem
2774 1506 3011 1561 nominis
3034 1509 3151 1578 ejus
3189 1509 3462 1570 charitate
3492 1516 3527 1571 il
3549 1549 3561 1562 ο

1960 1591 2067 1646 lius
2093 1593 2364 1648 uberrima
2395 1595 2714 1668 itnpinguati
2740 1606 2867 1654 sunt
2901 1610 2997 1655 :ut
3027 1603 3181 1659 nullo
3201 1598 3556 1676 .postmodum

1886 1685 2302 1785 Bqnantolibet
2349 1684 2580 1743 ferventi
2622 1698 2877 1747 caumate
2920 1696 3388 1768 persecutionum,
3423 1697 3558 1757 fides

1962 1774 2163 1831 Christi
2198 1778 2253 1831 in
2279 1778 2381 1847 eis,
2416 1789 2469 1834 et
2497 1780 3008 1840 bonumebaritatis
3037 1799 3337 1846 aresceret.

2040 1867 2217 1923 Versa
2236 1879 2309 1925 est
2330 1870 2382 1925 in
2413 1871 2607 1927 luctum
2632 1873 2835 1929 cithara
2864 1893 3000 1945 mea,
3033 1888 3359 1952 etorganum
3390 1901 3562 1943 meum

1960 1964 2014 2017 in
2057 1980 2229 2019 vocem
2267 1968 2524 2037 ﬂentium.
2567 1965 2624 2022 lu
2667 1969 2874 2026 cithara
2902 1980 2957 2027 et
3002 1988 3226 2045 organo,
3271 1977 3458 2035 laetitia
3500 1990 3560 2037 et

1955 2057 2248 2113 eisultatio
2294 2058 2636 2131 intelligitur.
2696 2064 2869 2129 Quam
2918 2063 3174 2121 Christus
3221 2082 3282 2124 se
3342 2068 3551 2127 habere

1956 2147 2326 2217 demonstrat,
2358 2151 2578 2221 quando
2609 2166 2777 2222 super
2813 2155 2991 2211 salute
3021 2158 3364 2217 credentium
3402 2161 3554 2219 delc-

1958 2246 2160 2308 ctatur,
2202 2240 2344 2296 sicut
2373 2240 2491 2311 ipse
2532 2242 2585 2298 in
2628 2242 2932 2317 Evangelia
2960 2250 3057 2316 ait,
3102 2251 3191 2306 ubi
3234 2255 3550 2324 parabolnm

1954 2341 2173 2387 centum
2203 2333 2386 2388 ovium
2416 2334 2595 2404 ponit,
2625 2335 2693 2390 de
2719 2338 2915 2407 quibus
2942 2355 3106 2396 unam
3137 2344 3214 2399 ait
3237 2347 3470 2416 perisse,
3498 2360 3555 2403 ct

1956 2424 2171 2479 inventa
2203 2440 2293 2493 ea,
2320 2426 2402 2481 ait
2434 2444 2449 2481 :
2478 2427 2641 2483 Amen
2671 2429 2788 2485 dico
2818 2433 2981 2499 vobis,
3014 2435 3136 2505 quia
3167 2439 3287 2507 plus
3307 2441 3554 2513 gaudebit

1952 2534 2106 2590 super
2152 2534 2290 2586 eam,
2338 2536 2499 2591 quam
2542 2538 2699 2592 super
2745 2534 2957 2581 ceteras
3010 2531 3301 2599 nonaginta
3340 2550 3549 2591 novent.

1954 2611 2197 2678 itemque
2239 2628 2362 2668 eum
2404 2617 2821 2671 renuntiassent
2852 2621 3090 2689 apostoli
3140 2621 3390 2691 Domino,
3424 2626 3552 2696 quia

1952 2702 2007 2756 in
2036 2705 2259 2759 nomine
2285 2705 2405 2774 ejus
2429 2706 2681 2775 plurima:
2708 2710 2972 2767 sanitates
3000 2730 3099 2782 per
3125 2714 3352 2771 eosdem
3389 2716 3547 2775 facta:

1950 2795 2203 2864 fuissent,
2232 2799 2308 2851 ait
2334 2800 2667 2868 evangelista
2696 2819 2707 2855 :
2735 2801 2803 2857 In
2825 2803 2922 2857 illa
2940 2804 3071 2860 hora
3094 2810 3370 2867 exsultavit
3391 2810 3551 2867 Jesus

1949 2887 2006 2941 in
2034 2889 2248 2959 spiritu.
2278 2890 2409 2945 [late
2437 2906 2571 2963 ergo
2611 2893 2948 2952 musicorum
2980 2899 3203 2956 nomina
3254 2903 3439 2960 cordis
3470 2906 3547 2959 si-

1950 2980 2211 3051 gniﬁcant
2252 2982 2518 3051 lmtitiam,
2562 3000 2685 3055 qua:
2734 3002 2905 3057 super
2949 2988 3256 3050 inﬁdelium
3305 2996 3546 3055 obdura-

1953 3074 2118 3138 tioae,
2150 3091 2313 3131 versa
2351 3085 2436 3130 est
2483 3077 2538 3131 in
2589 3078 2866 3136 tristitiam
2901 3098 2919 3135 :
2948 3082 3091 3139 sicut
3119 3086 3188 3141 de
3215 3087 3404 3144 eodem
3436 3090 3542 3145 Do-

1949 3169 2095 3223 mino
2125 3169 2201 3224 ait
2228 3170 2565 3240 evangelista
2602 3188 2615 3226 :
2648 3170 2720 3227 Et
2749 3176 3090 3232 contristatus
3114 3188 3189 3233 est
3218 3197 3374 3251 super
3395 3185 3537 3236 dmi-

1945 3261 2070 3314 u'am
2098 3262 2270 3316 cordis
2296 3279 2497 3316 eorum.
2530 3263 2604 3318 Ea
2636 3279 2766 3319 vero
2796 3282 2918 3337 qua:
2944 3278 3247 3339 sequuntur
3279 3287 3450 3344 usque
3473 3280 3543 3335 ad

1944 3352 2108 3407 ﬁnem
2135 3354 2431 3424 paraboltu,
2463 3372 2583 3425 qua:
2612 3359 2914 3414 secundum
2944 3361 3199 3418 virtutem
3231 3367 3407 3423 sancti
3437 3369 3542 3426 Job

1943 3446 2200 3516 superius
2224 3449 2595 3518 exposuimus.
2622 3450 2733 3519 jam
2757 3452 2995 3527 confessi
3020 3470 3210 3527 sumus
3234 3474 3342 3514 non
3370 3476 3537 3531 posse

1947 3552 2044 3593 nos
2058 3540 2355 3595 secundum
2371 3542 2641 3612 mysticus.
2653 3544 2958 3603 intellectus
2974 3547 3270 3608 disserere.
3287 3552 3345 3611 Si
3357 3562 3539 3613 autem

1942 3631 2065 3701 quis
2090 3633 2261 3701 possit
2290 3632 2374 3687 illa
2401 3633 2707 3705 allegoriae
2730 3637 3539 3710 interpretationirationabili-

1945 3733 2029 3781 ter
2055 3733 2339 3795 cooptare,
2372 3741 2665 3809 assensum
2686 3732 2931 3809 praib‘cre
2954 3750 3040 3791 me
3070 3736 3302 3817 fatebor.

2501 3864 2730 3923 CAPUT
2774 3867 2969 3926 XXXI.

2017 3995 2205 4073 Pepigi
2236 3999 2400 4069 fwdus
2422 4017 2540 4085 cum
2573 4002 2737 4091 oculis
2762 4008 2910 4092 meis,
2944 4018 2999 4064 ut
3020 4028 3085 4095 ne
3114 4015 3394 4093 coyitarem
3425 4025 3546 4094 (μήτ

1944 4091 2061 4147 dem
2111 4094 2175 4149 de
2215 4096 2430 4168 uirgine.
2482 4097 2658 4179 Quam
2696 4091 3073 4185 enim‘partent
3110 4092 3329 4169 haberet
3365 4117 3418 4172 in
3461 4136 3539 4174 me

1945 4183 2089 4249 Dsus
2122 4188 2366 4267 desuper,
2410 4202 2457 4245 et
2480 4195 2832 4253 Ita’rcditatem
2863 4183 3185 4277 omnipotens
3207 4207 3272 4262 de
3291 4213 3549 4273 excelsis!

1948 4277 2218 4349 Numquid
2250 4300 2351 4338 non
2383 4288 2606 4353 perditio
2628 4299 2704 4344 est
2733 4291 2931 4375 iuiqup,
2968 4306 3023 4361 et
3045 4297 3301 4379 alienatio
3332 4320 3551 4379 aperan-

1947 4369 2079 4425 tibus
2109 4372 2418 4457 injustitiam
2440 4378 2465 4430 ?
2490 4378 2679 4459 Nonne
2705 4382 2820 4451 ipse
2847 4369 3467 4467 consideratiuias'meas,
3497 4407 3548 4452 et

245 4484 309 4532 et
340 4454 759 4543 'insipie'ntibus'
787 4473 1050 4529 habitavit
1077 4489 1093 4540 ;
1126 4472 1267 4528 sicut
1314 4472 1433 4545 ipse
1484 4471 1739 4529 Dominus
1788 4471 1841 4527 in
1868 4494 1925 4555 Β
1949 4471 2392 4561 iunctos-gressus
2424 4485 2562 4524 meos
2610 4470 2949 4555 dinumerat?
2982 4478 3065 4535 Ab
3100 4479 3231 4538 hinc
3274 4470 3543 4561 usquead

245 4567 554 4639 Ev’augclio
583 4584 596 4620 :
627 4563 791 4623 Stulti
808 4576 853 4620 et
878 4566 1021 4621 cruci.

276 4652 283 4661 ’
316 4654 471 4715 ’(Ῑιηὶς
495 4676 606 4715 mea
626 4658 896 4732 denigrata
921 4668 993 4715 est
1013 4652 1170 4732 super
1188 4676 1285 4714 me.
1326 4658 1385 4713 In
1437 4664 1585 4725 cute,
1624 4671 1843 4711 carnem

246 4748 927 4824 suaui,id'cst,‘Juda‘am
953 4763 1171 4827 gentem
1216 4769 1391 4822 suam,
1420 4752 1563 4808 unde
1596 4751 1851 4809 Salvator

244 4874 476 4917 carnem
504 4842 821 4930 assumpsit,
849 4874 880 4913 a
911 4868 1065 4930 parte
1097 4842 1269 4913 totum
1301 4855 1508 4912 dixisse
1542 4854 1849 4927 intelligen-

249 4959 359 5024 dus
388 4968 494 5015 est.
523 4958 676 5026 Quod
700 4971 879 5014 autem
903 4972 1069 5029 super
1095 4974 1182 5014 me
1210 4958 1311 5023 ait,
1341 4957 1623 5028 denigrata
1653 4967 1737 5011 est
1758 4971 1854 5011 cu-

250 5062 331 5129 tis
352 5075 498 5130 mea,
532 5060 604 5129 ita
633 5068 738 5127 est,
760 5059 909 5125 velut
932 5060 977 5116 si
1000 5060 1227 5127 diceret,
1257 5068 1476 5131 propter
1508 5072 1615 5125 me,
1668 5056 1720 5112 id
1747 5066 1851 5125 cst,

248 5162 311 5216 in
342 5174 568 5229 persona
597 5176 734 5227 mea,
788 5161 915 5216 odio
940 5160 1377 5229 persecutionum
1419 5166 1477 5215 et
1500 5158 1707 5214 scelere
1739 5158 1855 5215 bla-

248 5263 541 5333 sphemia},
568 5271 918 5333 peccatorum
939 5261 1103 5318 etiam
1133 5260 1479 5317 infandorum
1509 5261 1850 5327 criminibus,

250 5373 397 5425 tetra
424 5380 491 5421 ac
515 5368 673 5438 nigra
702 5366 891 5423 eﬂ'ceta
922 5376 1006 5422 est
1032 5381 1165 5422 caro
1211 5364 1427 5436 generis
1467 5364 1596 5431 mei,
1617 5376 1672 5420 et
1698 5365 1851 5436 quasi

258 5467 607 5537 ,E’hiopissa
629 5467 867 5523 colorem
894 5465 1192 5537 nigrediuis
1232 5480 1339 5521 non
1381 5465 1659 5530 amittens,
1688 5471 1744 5519 ct
1788 5478 1855 5519 eo

253 5564 344 5631 est
375 5568 663 5637 infelicior,
696 5567 839 5640 quod
873 5564 1009 5623 ltaue
1035 5567 1372 5639 nigrediuem
1418 5566 1589 5622 noctis
1622 5579 1672 5621 et
1710 5576 1858 5622 tene-

258 5656 514 5759 brarum,
548 5689 654 5732 non
684 5672 739 5731 in
763 5662 1052 5753 superficie
1072 5671 1339 5757 corporis,
1357 5669 1449 5726 sed
1475 5670 1527 5725 in
1553 5668 1717 5727 corde
1738 5682 1860 5726 cou-

1950 4552 2135 4637 liu‘em,
2160 4554 2406 4626 justitias
2460 4575 2612 4632 suas,
2643 4564 2729 4620 vel
2771 4552 3011 4626 maxime
3047 4582 3102 4627 et
3141 4552 3550 4638 misericordias

1951 4653 2114 4715 atque
2155 4647 2385 4704 virtutes
2433 4662 2681 4718 enarrat,
2733 4671 2869 4727 quas
2910 4674 3083 4732 usque
3118 4646 3186 4720 ad
3238 4669 3548 4739 quindecim

1953 4751 2212 4791 numeros
2243 4738 2465 4811 digerit,
2513 4743 2659 4798 velut
2686 4747 2773 4801 vir
2811 4748 3109 4820 perlectus,
3151 4738 3550 4827 quiascensus

1955 4828 2007 4882 in
2040 4828 2211 4885 corde
2249 4845 2349 4886 suo
2390 4832 2715 4904 disponens,
2751 4852 2846 4908 per
2876 4840 3077 4911 gradus
3115 4848 3381 4916 quasdam
3422 4867 3554 4924 pro-

1954 4917 2190 4975 fectuum
2221 4936 2391 4993 usque
2413 4924 2479 4979 ad
2513 4927 2734 4984 domum
2764 4930 2859 4987 Dei
2892 4933 3245 4992 ascendendo
3276 4917 3548 5010 pervenit.

1962 5010 2097 5082 Ego,
2133 5012 2338 5083 inquit,
2367 5017 2551 5073 animo
2590 5032 2712 5076 cum
2757 5021 2842 5078 bis
2882 5023 3161 5083 obtutibus
3188 5034 3368 5088 carnis
3393 5026 3554 5106 tuere,

1963 5104 2184 5160 deﬁnivi
2230 5121 2296 5162 ac
2324 5110 2513 5179 Statui,
2546 5120 2604 5167 ttt
2635 5113 2771 5170 nihil
2802 5117 3027 5173 omnino
3054 5112 3226 5193 turpe
3265 5135 3428 5196 atque
3455 5104 3550 5183 ob;

1962 5212 2187 5253 scenum
2223 5198 2356 5254 mihi
2397 5201 2725 5261 intrinsecus
2767 5208 3103 5281 nuntiarent,
3136 5214 3285 5286 quod
3312 5214 3559 5277 delecta-

1965 5294 2113 5348 tione
2136 5293 2450 5366 voluptatis,
2479 5297 2618 5353 intra
2641 5317 2729 5357 me
2757 5301 2963 5373 iniquis
2992 5288 3412 5376 cogitationibus
3445 5315 3562 5373 vol-

1968 5402 2177 5441 verem.
2204 5387 2487 5457 Senserat,
2516 5390 2701 5461 credo,
2731 5384 3031 5466 aliquando
3054 5396 3301 5462 fortassis
3320 5380 3561 5479 delecta:-

1966 5478 2111 5534 tiunc
2152 5494 2372 5535 carnem
2416 5480 2598 5551 suam,
2656 5497 2711 5541 et
2755 5490 3131 5557 voluptatibus
3174 5478 3557 5561 illecebrarum

1969 5573 2203 5636 titillari.
2238 5582 2295 5628 ct
2325 5572 2528 5630 idcirco
2562 5593 2619 5631 se
2647 5581 2999 5639 continentia:
3023 5587 3219 5644 virtute
3256 5593 3564 5661 pra-cinxe~

1968 5654 2085 5736 rut,‘
2112 5668 2307 5726 titnens
2340 5661 2552 5763 acidum
2586 5671 2707 5742 Dei,
2737 5691 2855 5733 cum
2878 5690 3150 5740 scrutator
3171 5684 3353 5746 cordis
3385 5687 3474 5761 sit,
3508 5699 3562 5758 et
