4032 6300
534 219 640 281 Ἰ19

1317 209 1665 276 APPENDIX
1701 210 1794 272 AD
1833 208 2081 270 TOMUM
2118 204 2470 267 SEPTIMUM
2510 209 2569 266 S.
2611 204 3012 268 lllERONYMI.

3735 207 3843 265 710

535 356 728 398 omnes
783 335 896 394 vias
965 332 1398 392 conversatioiiis
1453 332 1735 397 humanm,
1793 337 2129 396 cunctosque
2154 325 2208 385 Α
2231 334 2384 378 ctura
2413 340 2510 378 sua
2540 323 2722 389 cadut,
2755 333 2801 378 et
2839 322 3109 378 brachium
3135 337 3306 377 meum
3335 335 3455 376 cum
3478 319 3592 377 suis
3637 322 3845 377 ossibus

541 451 763 510 gressus
794 445 1011 491 actuum
1038 431 1348 486 mortalium
1383 426 1618 483 noverit.

616 553 680 608 Si
709 549 969 606 ambulavi
995 549 1048 601 in
1094 545 1342 604 vanitate.
1387 552 1436 596 et
1479 538 1740 611 festinavit
1784 537 1838 592 in
1880 535 2001 590 dolo
2043 551 2132 605 pes

541 662 706 708 meus,
745 641 1004 716 appendat
1029 655 1111 693 me
1133 637 1188 691 in
1208 645 1400 691 statera
1423 636 1585 702 iusta,
1607 641 1656 687 et
1691 631 1821 686 sciat
1844 628 1988 684 Deus
2007 629 2136 683 siut-

541 740 822 811 plicitatem
843 749 1027 788 meam.
1055 733 1290 787 Sanctus
1313 727 1416 784 Job
1439 737 1624 782 certus
1649 723 1719 779 de
1739 721 1994 794 a-qnitate
2010 719 2131 791 jus-

538 831 670 885 titi-.e
700 830 816 894 Dei,
841 841 901 882 se
926 821 1264 879 manifestari
1297 830 1448 890 optat
1473 815 1807 873 hominibus.
1837 811 1956 868 Non
1986 811 2132 867 enim

541 920 741 993 aliquid
769 919 989 990 ignorat
1009 916 1177 981 Deus,
1205 921 1260 968 ut
1287 908 1660 968 examinando
1681 914 1976 977 cognoscat
1999 921 2015 961 :
2039 901 2138 960 sed

540 1018 677 1071 sciat
708 1013 875 1080 Dens,
904 1013 976 1065 ita
1009 1009 1142 1064 dixit
1165 1008 1358 1063 beatus
1375 1004 1502 1070 Job,
1532 1012 1588 1056 ut
1615 1001 1757 1056 seire
1786 998 1925 1053 alios
1952 995 2132 1064 iaciat,

542 1104 1021 1176 secundumillud
1053 1122 1066 1156 :
1095 1102 1280 1157 Tentat
1324 1117 1412 1154 vos
1433 1096 1576 1152 Deus
1606 1095 1891 1160 Dominus,
1925 1099 1981 1146 ut
2010 1090 2141 1146 sciat

536 1217 710 1262 utrum
749 1201 984 1275 diligatis
1024 1214 1141 1253 eum
1167 1213 1185 1252 :
1214 1195 1267 1250 id
1295 1203 1406 1259 est,
1432 1204 1491 1248 ut
1521 1191 1662 1247 scire
1684 1199 1922 1246 caeteros
1953 1186 2136 1242 faciat.

610 1300 672 1355 Si
695 1295 951 1352 declinavi
974 1307 1181 1365 gressus
1198 1305 1340 1343 meos
1361 1288 1424 1340 de
1442 1287 1544 1351 via,
1564 1296 1612 1340 et
1635 1285 1680 1340 si
1704 1293 1911 1339 secutus
1929 1289 2005 1336 est
2025 1295 2144 1334 ocu-

541 1393 619 1447 lus
651 1407 792 1445 meus
818 1403 906 1441 cor
934 1401 1122 1446 meum,
1145 1391 1192 1435 et
1215 1382 1260 1435 si
1283 1382 1334 1434 in
1360 1376 1602 1433 manibus
1626 1376 1753 1429 meis
1779 1372 2000 1428 adhwsit
2029 1387 2143 1424 ma-

539 1485 659 1540 cula
692 1501 711 1540 :
737 1497 928 1547 seram,
961 1488 1009 1535 et
1040 1479 1178 1532 alius
1206 1473 1464 1540 comedat,
1489 1481 1537 1526 et
1577 1467 1849 1543 progenies
1877 1481 1992 1519 mea
2020 1478 2140 1518 era-

540 1581 763 1632 (licetur.
791 1574 937 1630 Nihil
985 1569 1367 1627 mandatorum
1402 1566 1526 1630 Dei,
1566 1563 1665 1628 ait,
1698 1557 1936 1632 praeterii
1970 1575 1982 1610 :
2014 1556 2140 1628 quia

545 1685 647 1726 nec
675 1684 770 1724 cor
791 1681 972 1722 meum
1001 1661 1358 1733 acquiescens
1381 1665 1628 1714 secutum
1650 1661 1736 1709 est
1755 1650 1946 1707 oculos
1963 1661 2134 1715 meos,

540 1780 662 1820 cum
682 1757 1145 1831 concupiscentiae
1165 1754 1431 1825 imagines
1449 1751 1499 1807 ei
1518 1748 1799 1815 offerrem,
1825 1745 2138 1817 priusquam

543 1864 762 1928 pactum
813 1867 936 1908 cum
990 1849 1123 1919 ipsis
1172 1846 1455 1910 haberem,
1508 1856 1578 1897 ne
1630 1839 1756 1909 quid
1808 1833 2140 1891 intrinsecus

541 1959 698 2017 turpe
748 1942 1211 2000 transmittereut.
1264 1935 1419 1992 Unde
1465 1948 1563 1989 nec
1603 1931 1658 1986 in
1709 1928 1970 1998 Operibus
2017 1940 2139 1980 ma-

531 2055 698 2098 nuum
727 2049 970 2092 mearum
1000 2031 1110 2087 ulla
1141 2027 1352 2101 peccati
1379 2025 1594 2080 macula
1628 2023 1799 2092 potuit
1828 2017 2136 2085 adhaerere,

467 2127 469 2129 ’
545 2146 601 2192 et
649 2135 751 2190 hoc
798 2133 975 2203 ipsum
1017 2142 1143 2184 cum
1184 2121 1416 2196 quadam
1438 2117 1732 2192 iuramenti
1757 2112 2139 2172 exsecratione

538 2229 848 2287 confirmat.

608 2340 670 2396 Si
691 2345 962 2407 deceptum
1006 2341 1080 2386 est
1121 2345 1209 2384 cor
1251 2341 1422 2381 meum
1452 2339 1608 2394 super
1645 2320 1884 2385 muliere,
1914 2327 1962 2374 et
1992 2315 2036 2370 si
2067 2315 2135 2370 ad

539 2432 732 2488 ostium
758 2428 914 2482 amici
952 2424 1056 2479 mei
1082 2421 1362 2475 insidiatus
1396 2431 1532 2481 sum,
1571 2421 1801 2469 scortum
1825 2410 2044 2465 alterius
2068 2407 2137 2462 sit

544 2542 674 2584 uxor
704 2539 840 2589 mea,
867 2530 916 2575 et
954 2533 1110 2590 super
1145 2514 1300 2568 illam
1329 2512 1666 2565 incurventur
1715 2504 1826 2559 alii.
1853 2502 1973 2558 Hoc
2000 2501 2136 2556 enim

538 2621 684 2692 nefas
715 2625 812 2684 est,
847 2623 896 2669 et
919 2611 1168 2682 iniquitas
1191 2606 1419 2661 maxima
1447 2619 1465 2657 :
1489 2602 1628 2673 ignis
1646 2607 1721 2655 est
1745 2613 1905 2692 usque
1928 2595 1998 2650 ad
2020 2611 2138 2692 per-

538 2686 787 2767 ditionem
815 2707 1088 2770 devorans,
1117 2707 1164 2756 et
1195 2697 1368 2754 omnia
1405 2695 1678 2750 eradicans
1706 2689 1988 2764 genimina.
2037 2686 2135 2743 Se-

534 2805 773 2863 cundum
827 2807 1042 2855 natura:
1092 2794 1298 2850 bonum
1343 2790 1607 2862 loquitur,
1666 2783 1817 2857 quod
1863 2782 1918 2838 in
1966 2779 2134 2837 Tobia

536 2900 801 2968 scriptum
834 2903 918 2949 est
953 2907 967 2946 :
1004 2888 1155 2957 Quod
1185 2886 1278 2941 tibi
1309 2901 1413 2940 non
1456 2884 1532 2937 vis
1573 2880 1713 2952 fieri,
1761 2879 1858 2933 alii
1905 2894 1970 2932 ne
1994 2875 2132 2946 fece-

531 2996 625 3048 ris.
655 2988 887 3047 Proinde
916 2985 1014 3051 ait,
1050 2980 1285 3040 nefanda
1328 2994 1422 3036 res
1447 2985 1552 3044 est,
1583 2988 1638 3032 et
1661 2972 1918 3045 iniquitas
1956 2969 2132 3025 maxi-

531 3103 617 3141 ma
652 3087 809 3139 :haac
853 3080 1067 3134 funesta
1107 3091 1172 3130 ac
1214 3069 1560 3128 detestabilia
1603 3067 1867 3137 cogitare,
1918 3064 2005 3118 vel
2048 3060 2126 3116 fa-
2161 3079 2208 3144 ο

533 3191 684 3247 cere,
718 3173 856 3245 ignis
888 3180 974 3228 est
1004 3166 1293 3225 incentiva:
1337 3162 1596 3226 libidinis,
1625 3159 1808 3215 omnia
1839 3157 1981 3212 bona
2013 3154 2132 3208 vir-

536 3280 712 3326 tutum
744 3267 1037 3329 devorans,
1084 3269 1248 3332 atque
1277 3257 1533 3312 universa
1562 3253 1614 3310 in
1646 3249 1875 3308 homine
1914 3255 2134 3304 sancta-

537 3378 660 3418 rum
691 3374 871 3415 rerum
907 3357 1244 3411 incrementa
1267 3361 1622 3405 consumens.

605 3455 668 3510 Si
695 3449 982 3522 contempsi
1008 3446 1184 3502 subire
1201 3442 1468 3516 judicium
1495 3453 1615 3494 cum
1651 3453 1796 3492 servo
1820 3451 1930 3490 meo
1961 3443 2009 3489 et
2036 3449 2133 3488 an-

531 3551 656 3605 cilla
684 3563 820 3614 mea,
853 3561 972 3600 cum
994 3542 1348 3613 disceptarent
1368 3537 1642 3591 adversum
1671 3549 1773 3587 me.
1800 3530 1927 3588 Sive
1957 3536 2017 3584 ut
2040 3527 2131 3582 alii

533 3645 812 3706 dixerunt,
835 3637 975 3712 apud
1007 3653 1108 3691 me.

606 3757 746 3826 Quid
777 3753 911 3809 enim
951 3751 1145 3822 faciam
1193 3762 1312 3801 cum
1351 3743 1641 3800 surrexerit
1678 3742 1745 3796 ad
1771 3737 2127 3811 judicandum

537 3857 703 3922 Deus,
735 3862 784 3907 et
811 3867 930 3905 cum
955 3843 1256 3920 quaesierit,
1297 3841 1424 3914 quid
1457 3837 1780 3912 respondebo
1804 3835 1928 3891 illi?
1955 3833 2130 3888 Num-

528 3946 655 4020 quid
685 3959 790 3999 non
815 3944 873 3996 in
902 3949 1050 3995 utero
1080 3937 1204 4008 fecit
1236 3951 1337 4002 me,
1369 3933 1459 4006 qui
1498 3942 1545 3987 et
1585 3931 1736 3985 illum
1763 3937 2006 4020 operatus
2029 3934 2127 4020 est,

531 4016 579 4094 et
599 4033 840 4108 formavit
866 4047 946 4085 me
972 4031 1027 4084 in
1053 4029 1208 4083 vulva
1237 4026 1410 4081 unus?
1435 4025 1623 4093 Magna
1651 4019 1930 4076 humilitas
1955 4016 2132 4072 sancti

534 4129 639 4184 viri
667 4125 853 4197 hujus,
885 4133 940 4180 et
964 4135 1155 4192 magna
1182 4119 1351 4174 futuri
1376 4115 1569 4187 judicii
1602 4112 1882 4184 cogitatio.

607 4220 668 4276 Si
698 4216 878 4288 negavi
903 4214 1041 4284 quod
1079 4210 1342 4275 volebant,
1377 4206 1720 4279 pauperibus,
1750 4212 1796 4259 et
1834 4200 2018 4258 oculos
2048 4200 2128 4254 vi-

533 4317 654 4372 rtute
681 4322 979 4384 exspectare
1006 4308 1123 4376 feci.
1158 4301 1502 4362 Manifestum
1532 4307 1636 4355 est.

608 4408 673 4464 Si
702 4403 903 4460 comedi
949 4399 1232 4456 buccellam
1270 4413 1437 4452 meam
1477 4395 1640 4460 solus,
1673 4402 1722 4448 et
1765 4407 1872 4446 non
1907 4389 2128 4444 comedit

2232 415 2655 486 confringantur.
2691 416 2910 488 Semper
2938 415 3074 469 enim
3107 414 3259 485 quasi
3285 422 3540 469 tumentes
3574 430 3733 486 super
3765 430 3847 469 me

2235 509 2424 577 fluctus
2467 507 2617 560 timui
2649 505 2852 573 Deum,
2895 513 2942 561 et
2968 506 3174 579 pondus
3210 508 3324 578 ejus
3353 506 3495 577 ferre
3522 521 3629 559 non
3672 506 3846 574 potui.

2239 597 2298 654 In
2333 599 2582 665 humero,
2616 612 2781 669 opera
2811 616 2824 652 :
2855 599 2908 654 in
2937 597 3193 667 brachio,
3226 597 3443 654 virtutis
3468 611 3848 668 perseveran-

2239 694 2341 761 tia;
2373 704 2539 764 atque
2570 692 2832 749 instantia
2863 694 3133 751 bonorum
3163 708 3392 765 cperam
3422 691 3608 764 accipi
3639 699 3850 763 potest.

2237 787 2351 845 Nisi
2398 788 2470 844 ita
2511 797 2619 853 est,
2653 787 2853 856 inquit,
2908 787 3055 844 irriti
3095 796 3223 845 ante
3267 787 3440 844 Deum
3494 786 3857 846 inveniantur

2238 897 2436 940 omnes
2464 881 2682 938 labores
2707 881 2836 937 mei.

2314 973 2376 1032 Si
2401 975 2578 1047 putavi
2603 990 2790 1029 aurum
2821 973 2983 1028 robur
2997 989 3188 1041 meum,
3212 980 3258 1028 et
3282 971 3458 1028 obrizo
3484 971 3620 1038 diri,
3646 970 3853 1043 ﬁducia

2241 1082 2378 1122 mea.
2411 1064 2473 1120 Si
2504 1066 2711 1121 lectulus
2727 1081 2844 1119 sum
2862 1079 3020 1136 super
3040 1061 3218 1118 multis
3240 1062 3438 1118 divitiis
3462 1063 3613 1126 meis,
3641 1073 3692 1118 et
3723 1063 3854 1132 quia

2241 1159 2472 1231 plurima
2492 1158 2683 1230 reperit
2701 1173 2886 1212 manus
2908 1173 3041 1211 mea.
3074 1156 3229 1212 Vera:
3255 1157 3419 1212 homo
3448 1155 3851 1228 philosophia,

2243 1254 2393 1309 nullo
2420 1253 2553 1308 vitio
2585 1253 2895 1318 tenebatur,
2928 1253 3071 1309 sicut
3102 1267 3247 1308 nunc
3295 1251 3617 1324 cupiditatis
3644 1263 3702 1309 et
3733 1253 3854 1308 ela-

2245 1346 2408 1400 tionis
2454 1354 2804 1415 contemptor
2845 1344 3219 1412 l'ortissimus,
3270 1360 3461 1402 aurum
3519 1345 3691 1402 etiam
3745 1359 3853 1417 pro

2246 1439 2415 1496 nihilo
2443 1454 2505 1496 se
2532 1439 2790 1495 habuisse
2814 1448 3067 1496 testatur.

2317 1533 2380 1589 Si
2409 1533 2516 1587 vidi
2558 1531 2723 1587 solem
2769 1548 2888 1588 cum
2929 1532 3170 1606 fulgeret,
3199 1541 3251 1588 et
3302 1532 3481 1588 lunam
3523 1531 3854 1588 incedentem

2243 1625 2407 1693 clare,
2436 1634 2483 1680 et
2510 1624 2742 1680 laetatum
2768 1635 2844 1680 est
2873 1625 2929 1680 in
2955 1623 3262 1680 abscondito
3285 1641 3377 1680 cor
3397 1641 3592 1692 meum,
3616 1632 3668 1679 et
3700 1642 3853 1680 oscu-

2168 1713 2219 1776 B
2244 1719 2383 1774 latus
2430 1736 2546 1774 sum
2587 1735 2801 1774 manum
2834 1735 3001 1773 meam
3046 1735 3136 1772 ore
3159 1734 3294 1786 meo,
3323 1733 3439 1790 qua
3480 1727 3559 1772 est
3594 1718 3852 1789 iniquitas

2245 1811 2492 1877 maxima,
2525 1820 2574 1866 et
2613 1811 2820 1882 negatio
2849 1819 3030 1865 contra
3073 1807 3245 1864 Deum
3278 1809 3614 1864 altissimum.
3655 1809 3848 1866 Tanta

2244 1904 2475 1959 virtutes
2522 1910 2578 1958 et
2618 1912 2726 1958 tam
2767 1901 3058 1973 praecipuae
3098 1900 3235 1956 nihil
3284 1910 3512 1972 prosunt
3544 1916 3560 1954 :
3593 1897 3846 1970 quamvis

2242 1995 2472 2067 quisque
2503 1995 2556 2050 in
2585 1993 2793 2050 eisdem
2825 1992 3212 2066 perpetrandis
3243 1993 3315 2048 sit
3343 1993 3585 2063 sapiens,
3614 2003 3847 2064 magnus

2241 2097 2297 2143 et
2326 2088 2505 2143 clarus
2537 2105 2550 2142 :
2583 2086 2631 2142 si
2657 2101 2910 2142 errorum
2935 2084 3169 2142 stultitia
3196 2093 3467 2140 teneatur.
3483 2082 3605 2139 Non
3634 2084 3842 2152 solum,

2242 2179 2438 2250 inquit,
2492 2195 2966 2252 quorumcumque
3013 2178 3284 2236 idolorum
3325 2178 3594 2244 culturis,
3645 2193 3844 2234 verum

2240 2273 2437 2340 etiam,
2470 2287 2572 2329 nec
2602 2272 2796 2329 horum
2833 2271 3243 2344 pulchritudine
3279 2286 3344 2328 ac
3377 2271 3568 2342 Specie
3612 2285 3847 2344 magno-

2241 2383 2360 2424 rum
2387 2367 2650 2422 luminum
2674 2364 2976 2422 delectatus
3002 2380 3120 2421 sum
3151 2382 3167 2426 ;
3194 2379 3297 2421 nec
3318 2364 3476 2436 quasi
3505 2363 3752 2421 adorans
3775 2380 3844 2423 ea

2241 2459 2384 2516 inter
2432 2474 2620 2515 eorum
2654 2457 3073 2515 venerationem
3118 2457 3405 2514 osculatus
3447 2473 3570 2514 sum
3617 2473 3840 2515 manum

2240 2569 2416 2608 meam
2450 2569 2466 2608 ἒ
2497 2569 2596 2610 nec
2621 2563 2928 2610 creaturam
2960 2567 3062 2625 pl'O
3089 2560 3338 2608 creatore
3361 2560 3662 2607 veneratus
3693 2566 3837 2618 sum,

2238 2645 2385 2718 quod
2415 2646 2470 2702 in
2497 2645 2744 2718 Epistola
2772 2645 2840 2701 ad
2871 2643 3150 2701 Romanos
3177 2651 3399 2700 sanctus
3417 2642 3720 2715 Apostolus
3745 2643 3842 2700 de-

2240 2746 2495 2794 testatur.

2310 2833 2373 2890 Si
2422 2834 2630 2907 gavisus
2667 2849 2784 2889 sum
2819 2834 2889 2887 ad
2925 2833 3134 2888 ruinam
3189 2835 3302 2907 ejus
3345 2833 3436 2905 qui
3475 2848 3557 2888 me
3621 2831 3833 2898 oderat,

2237 2927 2496 2983 exsultavi
2522 2926 2662 2998 quod
2692 2927 2966 2981 invenisset
2993 2943 3110 2981 eum
3144 2924 3363 2981 malum.
3399 2926 3522 2980 Non
3547 2925 3688 2979 enim
3717 2922 3839 2979 dedi

2237 3018 2307 3072 ad
2335 3018 2654 3091 peccandum
2683 3027 2862 3090 guttur
2889 3035 3082 3088 meum,
3113 3026 3168 3073 ut
3198 3029 3487 3088 expeterent
3516 3016 3836 3073 maledicens

2237 3113 2464 3168 animam
2491 3114 2624 3185 ejus.
2655 3113 2791 3168 Cum
2836 3128 3090 3184 magnum
3122 3113 3216 3181 sit,
3259 3113 3305 3168 si
3333 3113 3404 3170 de
3448 3110 3691 3167 inimicis
3719 3110 3834 3166 suis

2237 3207 2382 3280 quis,
2415 3223 2538 3263 cum
2569 3207 2766 3278 possit,
2812 3222 2918 3263 non
2949 3207 3168 3264 studeat
3206 3207 3420 3278 ulcisci,
3451 3218 3662 3279 quanto
3691 3207 3834 3277 apud

2238 3301 2407 3356 Deum
2438 3299 2742 3356 studiosius
2771 3308 2856 3356 est
2886 3299 2955 3357 de
2985 3315 3175 3358 eorum
3217 3299 3405 3367 ruina,
3440 3315 3542 3356 nec
3583 3301 3639 3357 in
3667 3299 3835 3357 corde

2234 3395 2492 3453 delectari
2516 3397 2530 3452 !

2309 3487 2370 3544 Si
2385 3505 2486 3543 non
2512 3489 2868 3545 dixeruntviri
2889 3490 3211 3546 tabernaculi
3229 3492 3359 3559 mei,
3381 3492 3499 3564 quis
3516 3492 3603 3548 det
3628 3493 3696 3547 de
3719 3509 3831 3548 car-

2235 3579 2384 3634 nibus
2407 3583 2543 3651 ejus,
2573 3591 2628 3636 ut
2658 3582 3001 3638 saturentur?
3025 3581 3181 3638 Foris
3226 3600 3329 3639 non
3365 3585 3559 3640 mansit
3596 3586 3830 3658 peregri.

2235 3689 2356 3740 nus,
2376 3675 2564 3730 ostium
2584 3692 2754 3731 meum
2791 3675 2979 3730 viatori
3011 3677 3201 3744 patuit.
3229 3676 3334 3732 Pro
3361 3676 3829 3749 hospitalitatibus

2239 3765 2358 3837 ejus
2379 3775 2439 3823 et
2474 3767 2697 3836 virtute,
2722 3784 2823 3838 qua
2852 3779 2906 3824 et
2929 3770 3117 3826 caeteri
3144 3770 3318 3826 sancti
3342 3771 3455 3827 Deo
3483 3771 3827 3843 placuerunt,

2235 3859 2418 3914 odium
2447 3874 2732 3916 servorum
2756 3869 3127 3918 contraxerat.

2308 3951 2371 4007 Si
2400 3954 2650 4007 abscondi
2678 3955 2829 4025 quasi
2869 3953 3024 4009 homo
3053 3965 3321 4026 peccatum
3348 3972 3542 4025 meum,
3573 3966 3623 4012 et
3672 3956 3832 4013 celavi

2232 4045 2285 4100 in
2328 4047 2446 4100 sinu
2473 4063 2584 4101 meo
2629 4048 2955 4119 iniquitatem
3000 4065 3188 4105 meam.
3221 4049 3295 4105 De
3324 4051 3412 4106 his
3440 4051 3681 4121 peccatis
3713 4060 3829 4106 tan-

2235 4143 2377 4205 tum,
2427 4153 2551 4208 qum
2598 4139 3023 4208 cogitationibus
3069 4141 3513 4208 committuntur,
3558 4141 3664 4199 hoc
3712 4143 3828 4199 loco

2233 4229 2366 4284 mihi
2407 4229 2617 4286 dixisse
2645 4230 2866 4287 videtur
2903 4249 2918 4288 :
2952 4247 3020 4288 eo
3050 4233 3195 4303 quod
3237 4250 3336 4290 nec
3373 4233 3489 4306 ipsa
3527 4235 3712 4291 celare
3737 4251 3830 4292 vo-

2232 4311 2431 4384 luerit,
2483 4322 2929 4394 quandoquidem
2981 4335 3321 4380 sceretorum
3361 4340 3587 4382 suorum
3637 4326 3827 4382 intima

2233 4413 2664 4470 manifestaverit
2691 4415 3024 4486 hominibus,
3055 4432 3114 4472 se
3134 4418 3498 4473 consensione
3522 4416 3712 4490 iniqua
3735 4434 3830 4476 cu-

536 4501 770 4576 pupillus
789 4515 853 4554 ea:
875 4515 953 4567 ea,
985 4497 1108 4567 quia
1135 4494 1200 4548 ab
1226 4492 1446 4563 infantia
1468 4506 1581 4545 mea
1619 4488 1778 4543 crevit
1805 4501 2004 4541 mecum
2031 4483 2128 4537 mi-

2245 4505 2455 4572 inslibet
2481 4507 2690 4577 peccati
2723 4523 2828 4563 non
2860 4507 3032 4564 fuisse
3060 4509 3406 4581 participem.

536 4595 761 4656 seratio.
796 4601 845 4648 et
887 4591 951 4645 de
988 4598 1133 4643 utero
1165 4585 1346 4642 matris
1389 4598 1517 4638 mete
1554 4597 1761 4654 egressa
1788 4587 1862 4634 est
1904 4592 2122 4632 mecum.

533 4686 884 4747 Manifestum
915 4693 1018 4739 est.

607 4803 666 4859 Si
693 4798 906 4870 despexi
939 4803 1358 4872 prwtereuntem,
1387 4789 1527 4861 quod
1558 4805 1661 4843 non
1691 4784 1927 4840 habuerit
1961 4781 2120 4838 indu-

531 4907 794 4962 mrntum;
823 4903 869 4948 et
900 4892 1087 4962 absque
1128 4890 1447 4961 operimento
1474 4897 1776 4957 pauperem.
1810 4880 1871 4935 Si
1902 4894 2004 4934 non
2033 4878 2120 4930 be-

529 4989 839 5045 nedixerunt
881 4984 1012 5038 mihi
1055 4984 1218 5037 latera
1262 4983 1412 5053 ejus,
1441 4986 1490 5031 et
1528 4976 1592 5029 de
1625 4973 1903 5028 velleribus
1945 4971 2122 5025 ovium

529 5097 762 5137 mearum
793 5079 1078 5147 calefactus
1118 5081 1214 5128 est.
1244 5072 1358 5128 lloc
1388 5069 1535 5124 dicto
1561 5067 1834 5132 ostendit,
1856 5063 2120 5136 quemad-

529 5176 750 5234 modum
792 5187 927 5242 opus
971 5165 1361 5224 misericordia:
1403 5162 1521 5218 lieri
1561 5161 1788 5228 debeat,
1820 5160 1870 5214 id
1913 5170 2018 5217 est.
2051 5173 2119 5214 ue

530 5271 655 5326 aliis
702 5267 946 5334 auferas,
994 5262 1138 5318 unde
1183 5261 1307 5313 aliis
1348 5266 1493 5312 recte
1535 5255 1667 5309 dare
1714 5264 1767 5309 te
1813 5251 2114 5307 arbitreris.

524 5361 684 5420 Unde
712 5360 967 5415 Salomon
992 5357 1062 5409 ait
1092 5374 1102 5409 :
1135 5352 1359 5407 Honora
1387 5347 1556 5402 Deum
1583 5348 1645 5401 de
1667 5349 1770 5400 luis
1792 5345 1954 5416 justis
1984 5344 2121 5398 labo-

529 5455 692 5525 ribus.
723 5453 790 5507 Et
835 5451 1001 5505 Isaias
1034 5463 1048 5501 :
1092 5444 1206 5516 Ego
1254 5442 1509 5496 Dominus
1547 5439 1707 5512 diligo
1737 5437 2034 5510 judicium,
2069 5444 2118 5489 et

525 5551 646 5604 odio
674 5545 833 5599 habeo
860 5541 1100 5613 rapinam
1128 5539 1180 5590 in
1209 5534 1593 5589 holocaustum.

598 5639 657 5692 Si
687 5635 848 5690 levari
881 5647 1032 5701 super
1058 5628 1315 5699 pupillum
1352 5640 1563 5677 mimum
1594 5638 1779 5687 meam,
1809 5621 1963 5674 etiam
1995 5635 2109 5671 cum

513 5730 738 5794 viderem
760 5740 835 5778 me
861 5725 913 5778 in
944 5731 1092 5795 porta
1122 5718 1456 5792 superiorem,
1479 5714 1719 5771 humerus
1757 5729 1896 5771 meus
1922 5729 1954 5767 a
1971 5712 2101 5786 jun-

2308 4598 2370 4654 Si
2417 4601 2598 4671 expavi
2633 4600 2702 4653 ad
2750 4599 3140 4657 multitudinem
3185 4601 3434 4668 nimiam,
3477 4610 3524 4655 et
3567 4601 3824 4675 despectio

2232 4696 2644 4766 prapinquorum
2693 4695 2875 4750 terruit
2915 4711 2993 4749 me
3020 4735 3038 4764 ,
3081 4703 3130 4749 et
3164 4712 3270 4750 non
3316 4696 3480 4772 magis
3518 4696 3696 4765 tacui,
3737 4712 3826 4752 nec

2229 4804 2463 4858 egressus
2491 4802 2606 4840 sum
2633 4787 2844 4841 ostium.
2877 4787 2956 4841 Ad
2990 4789 3415 4858 propinquorum
3434 4801 3666 4844 suorum
3707 4805 3824 4857 per-

2231 4894 2422 4934 sonam
2455 4878 2872 4948 despicientium
2906 4894 3055 4944 cum,
3081 4878 3235 4934 locus
3260 4880 3348 4936 hic
3375 4880 3636 4950 pertinet,
3659 4881 3752 4952 qui
3773 4880 3820 4936 ci

2231 4972 2375 5028 inter
2411 4971 2664 5027 miserias
2705 4971 3080 5028 calamitatum
3113 4970 3315 5041 posito,
3344 4971 3722 5029 indesinenter
3745 4974 3822 5029 in-

2226 5064 2403 5134 jurias
2431 5064 2748 5136 irrogabant
2778 5079 2795 5126 :
2823 5074 3014 5121 contra
3044 5079 3181 5136 quos
3211 5063 3622 5137 sibijurgantes
3645 5066 3820 5137 posuit

2229 5157 2530 5214 custodiam
2565 5159 2647 5212 ori
2681 5173 2802 5212 suo.

2304 5251 2432 5317 Quis
2451 5251 2578 5304 mihi
2600 5251 2790 5304 triluat
2809 5251 3117 5314 auditorem,
3137 5261 3191 5304 ut
3212 5251 3524 5306 desiderium
3547 5269 3816 5307 nteuntauo

2229 5343 2336 5396 diat
2365 5343 2699 5414 Omnipotens
2717 5383 2732 5408 ,
2766 5353 2811 5396 et
2838 5342 3024 5396 librum
3047 5344 3240 5396 scribat
3267 5344 3379 5413 ipse
3404 5344 3492 5412 qui
3511 5344 3746 5416 judicat,
3766 5353 3815 5398 ut

2223 5437 2278 5489 in
2301 5436 2513 5489 Iittinero
2543 5452 2654 5489 meo
2677 5445 2872 5507 portent
2893 5435 3064 5503 illaut,
3095 5445 3141 5488 et
3165 5437 3474 5490 circumdant
3499 5437 3648 5490 illum
3671 5437 3814 5508 quasi

2222 5543 2467 5581 coronam
2490 5528 2658 5581 mihi?
2691 5525 2797 5580 Per
2824 5527 3059 5598 singulos
3084 5529 3278 5597 gradus
3301 5545 3438 5582 meos
3460 5530 3810 5599 pronuntiabo

2218 5623 2388 5690 illum,
2421 5634 2465 5675 ct
2499 5623 2647 5692 quasi
2693 5622 2912 5692 principi
2958 5619 3174 5688 o/feram
3206 5639 3338 5676 eum.
3389 5621 3565 5687 Quem
3617 5623 3808 5678 librum

2219 5723 2439 5775 sanctus
2460 5714 2561 5772 Job
2588 5714 3063 5772 demonstraturus
3087 5715 3324 5786 caeteris,
3350 5714 3410 5773 in
3434 5715 3667 5774 humero
3692 5729 3805 5792 suo,
