4026 6328
213 344 313 404 721

1100 341 1586 404 COMMENTARII
1623 345 1693 403 IN
1731 344 1995 406 LIBRUM
2031 347 2172 407 JOB.
2215 347 2368 406 CAP.
2414 349 2632 407 XXXII.

3412 349 3519 410 722

212 463 269 518 ἱιι
298 463 426 518 ὶοοο
453 459 714 519 Videlicet
739 460 950 518 ειιηοιῖε
977 462 1273 532 conspicuo
1304 456 1512 517 Colll'erl
1541 480 1557 523 :
1585 478 1651 517 ro
1677 463 1824 534 quod
1850 464 1905 526 Α
1933 468 2109 523 versis
2141 467 2276 524 locis
2301 467 2578 540 Scriptura
2609 467 2733 536 Dei,
2764 468 3062 525 secundum
3094 468 3436 527 incrementa
3465 473 3517 525 in

215 554 362 613 libro
389 569 493 626 pro
525 554 732 610 laboris
760 554 843 609 sui
872 553 1080 608 meritis
1105 554 1253 608 velut
1278 569 1481 610 corona
1509 555 1698 624 gloria:
1729 571 1823 611 co-

216 658 466 716 ronatus,
502 663 602 718 per
627 647 871 718 singulos
900 647 1101 718 gradus
1139 648 1425 715 virtutum,
1465 650 1581 704 sive
1606 651 1824 721 profec-

217 751 374 797 tuum
420 754 650 795 suorum
698 741 1038 795 incrementa
1087 750 1212 796 ante
1245 740 1413 796 Deum
1454 744 1818 814 recensendo,

220 833 564 906 pronuntiat.

293 928 358 985 Si
382 929 655 983 aduersum
679 943 759 982 me
780 937 920 982 terra
945 943 1060 982 mea
1089 929 1306 995 clamat,
1339 938 1384 984 et
1413 946 1528 984 cum
1548 930 1666 1000 ipsa
1689 931 1824 986 sulci

217 1026 334 1096 ejus
354 1023 570 1092 deﬂent.
595 1020 656 1076 Si
689 1023 891 1093 fructus
915 1022 1025 1092 ejus
1055 1023 1258 1078 comedi
1285 1022 1476 1096 absque
1505 1027 1750 1094 pecunia,
1773 1035 1824 1079 et

220 1117 452 1170 animam
473 1115 828 1186 agricolarum
861 1114 978 1186 ejus
1019 1115 1194 1185 afﬂixi
1224 1131 1242 1170 :
1267 1132 1362 1187 pro
1393 1117 1654 1187 frumento
1681 1117 1824 1171 oria-

225 1223 315 1268 tur
336 1211 461 1265 milii
491 1208 746 1276 tribulus,
777 1218 827 1262 et
866 1225 960 1281 pro
1001 1207 1199 1264 hordeo
1239 1210 1414 1281 spina.
1460 1210 1653 1277 Terra,
1693 1224 1825 1266 caro

223 1303 464 1361 hominis
494 1311 646 1360 recte
687 1303 946 1358 sentitur.
976 1302 1131 1359 Hanc
1172 1301 1307 1359 dicit
1348 1302 1540 1358 beatus
1569 1303 1674 1358 Job
1719 1303 1824 1360 sibi

222 1397 598 1453 adversariam
623 1410 730 1451 non
754 1393 943 1457 fuisse,
971 1396 1290 1451 necessario
1311 1395 1498 1467 utique
1523 1411 1538 1448 :
1565 1395 1822 1466 quoniam

222 1491 364 1548 bene
392 1489 494 1546 sibi
525 1504 644 1544 eam
677 1486 1027 1544 obedientem
1072 1485 1276 1542 fecerat
1312 1487 1461 1543 circa
1501 1495 1824 1542 ornamenta

221 1585 502 1640 virtutum.
545 1581 712 1652 Cujus
733 1583 898 1637 etiam
926 1580 1113 1636 sulcos
1135 1579 1542 1648 metaphortcos
1561 1578 1824 1650 appellat,

222 1681 319 1751 qui
348 1681 464 1735 sive
489 1687 712 1748 propter
732 1677 910 1734 bonos
933 1691 1116 1732 mores
1137 1675 1492 1740 excolendos.
1521 1674 1638 1730 sive
1663 1689 1827 1745 prop-

222 1782 309 1829 ter
326 1769 714 1828 continendam
739 1784 935 1838 aquam
962 1768 1114 1824 verbi
1139 1768 1268 1834 Dei,
1303 1766 1540 1823 infusam
1562 1767 1827 1823 divinitus

1927 575 1994 616 eo
2020 559 2216 615 divinae
2258 561 2447 627 gratia:
2478 563 2743 616 nominat.
2769 560 2922 618 Unde
2965 562 3182 633 quando
3212 563 3349 617 Ram
3387 563 3524 619 dici-

1927 661 2036 718 tur,
2080 653 2342 710 habeatur
2393 653 2628 709 excelsus
2660 671 2679 709 :
2708 654 2933 726 quando
2981 670 3112 709 vero
3149 655 3361 719 Abram,
3395 671 3524 725 pro-

1925 745 2114 803 ﬁciens
2161 746 2215 802 in
2260 747 2575 815 virtutibus,
2608 760 2758 818 pater
2805 748 3038 803 excelsus
3078 750 3168 803 sit.
3218 747 3350 806 Item
3393 764 3518 804 cum

1926 839 2064 895 ﬁdes
2099 839 2218 910 ejus
2259 841 2515 912 gentibus
2560 840 2628 898 ad
2676 840 3105 898 dominationem
3158 844 3518 914 praeponitur,

1925 933 2226 1002 Abraham,
2254 932 2307 988 id
2331 927 2432 999 est,
2454 944 2600 1003 pater
2625 935 2910 990 multarum
2934 936 3163 1008 gentium
3185 937 3516 1006 appelletur.

1926 1024 2025 1080 Hic
2055 1025 2218 1096 igitur
2263 1023 2444 1091 lleliu,
2492 1027 2632 1080 sicut
2677 1038 2938 1098 apparet,
2969 1027 3268 1083 secundum
3318 1029 3520 1084 bonum

1926 1130 2158 1186 naturae,
2184 1118 2348 1174 homo
2373 1119 2554 1189 justus
2586 1119 2804 1175 videtur
2834 1119 3027 1189 fuisse,
3060 1121 3152 1190 qui
3181 1131 3238 1176 et
3266 1121 3518 1192 spiritum

1925 1210 2116 1266 habuit
2144 1213 2448 1283 prophetiae
2478 1229 2492 1268 :
2525 1212 2625 1269 sed
2660 1221 2795 1284 puto
2847 1231 2953 1270 non
2985 1215 3177 1271 eodem
3219 1216 3402 1281 modo,
3435 1217 3524 1273 vel

1927 1305 2116 1361 eadem
2146 1305 2350 1376 gratia,
2385 1315 2443 1360 ut
2471 1307 2642 1362 sancti
2675 1307 2979 1378 prophetzn.
3012 1307 3167 1364 Unde
3192 1320 3248 1364 et
3271 1310 3386 1380 ipse
3415 1311 3525 1364 Do-

1925 1398 2108 1454 minus
2136 1397 2204 1453 ad
2233 1407 2478 1454 sanctum
2515 1398 2623 1454 Job
2654 1399 2724 1454 de
2766 1415 2834 1455 eo
2860 1399 3077 1456 locutus
3125 1410 3210 1456 est
3242 1419 3254 1455 :
3290 1402 3416 1468 Quis
3445 1411 3522 1456 es!

1924 1490 2020 1544 iste
2063 1489 2324 1544 involvens
2367 1493 2654 1546 sententias
2689 1492 3013 1546 sermonibus
3049 1493 3346 1564 imperitis?
3379 1494 3526 1564 quod

1929 1592 2038 1649 est,
2081 1583 2395 1655 improperii
2426 1585 2609 1641 verbis
2633 1595 2797 1656 atque
2823 1584 3149 1640 inordinatis
3178 1586 3529 1641 sermonibus

1929 1687 2126 1730 sensus
2155 1674 2511 1745 propheticus
2537 1687 2794 1732 narratur
2826 1695 2840 1732 :
2872 1676 2966 1731 ubi
2998 1692 3105 1732 non
3127 1676 3388 1747 reprobat
3419 1677 3532 1732 Do-

1928 1769 2109 1824 minus
2130 1768 2274 1840 quod
2302 1770 2457 1826 Heliu
2485 1769 2756 1842 loquitur,
2784 1771 2880 1827 sed
2906 1771 3052 1842 quod
3078 1787 3430 1842 przepropere
3461 1771 3530 1825 ab

226 1874 393 1920 terra:
421 1878 558 1929 suae,
604 1861 744 1919 sulci
776 1861 846 1916 ab
885 1875 953 1916 eo
981 1860 1114 1916 dicti
1143 1869 1270 1916 sunt
1298 1877 1314 1916 :
1354 1859 1662 1917 secundum
1691 1859 1822 1916 illud
1852 1853 1900 1914 B
1930 1875 1997 1917 eo
2023 1861 2250 1927 dicitur,
2285 1862 2391 1917 hoc
2415 1863 2792 1934 reprehendit.
2812 1863 2890 1919 De
2915 1863 3040 1931 hoc,
3065 1864 3308 1934 inquam,
3343 1863 3520 1931 lleliu,

219 1955 530 2012 Psalmistte
558 1971 575 2010 :
611 1954 802 2011 Sulcos
829 1957 941 2026 ejus
962 1953 1250 2021 inebrians,
1281 1952 1577 2024 multiplica
1611 1970 1825 2024 genera-

223 2051 387 2104 tiones
413 2049 546 2120 ejus.
580 2045 861 2117 Agricolas
888 2053 1071 2100 autem
1104 2045 1238 2100 istos
1269 2053 1432 2100 terra:
1464 2058 1600 2112 suae,
1632 2045 1825 2100 beatus

223 2142 331 2199 Job
352 2149 570 2197 sanctas
594 2139 980 2207 cogitationes,
1022 2147 1079 2192 ut
1115 2137 1374 2202 arbitror,
1421 2135 1558 2192 dixit
1585 2153 1601 2191 :
1625 2136 1824 2208 quibus

225 2235 388 2292 vivus
416 2250 550 2305 ager
581 2233 784 2290 mentis
815 2247 928 2287 sua:
956 2241 1182 2288 strenue
1225 2231 1530 2287 colebatur.
1576 2231 1822 2301 Quorum

225 2328 592 2400 agricolarum
640 2325 764 2383 ideo
801 2325 985 2381 anima
1023 2341 1128 2380 una
1159 2325 1229 2381 ab
1258 2339 1326 2381 eo
1351 2323 1612 2393 refertur,
1645 2331 1703 2379 ut
1729 2323 1826 2378 ad-

223 2430 504 2476 vertamus
535 2433 702 2474 unum
743 2415 1063 2474 eorumdem
1103 2415 1276 2472 fuisse
1312 2430 1669 2473 consensum.
1702 2413 1822 2470 Non

224 2524 311 2573 est
357 2515 463 2571 hoc
510 2515 562 2570 in
606 2512 851 2569 moribus
899 2519 1212 2568 sanctorum
1251 2509 1528 2575 notabile,
1564 2510 1681 2565 sive
1729 2524 1818 2565 re-

236 2605 626 2679 prehensibilc,
649 2603 868 2675 quando
890 2605 1103 2676 seipsos
1128 2601 1375 2659 laudant.
1411 2601 1530 2657 Non
1565 2602 1709 2658 enim
1745 2602 1826 2670 ja-

228 2702 446 2763 ctantia:
475 2701 613 2758 vitio
641 2701 982 2768 detinentur,
1008 2708 1068 2755 ut
1097 2701 1149 2754 in
1177 2698 1294 2754 suis
1321 2696 1572 2752 laudibus
1593 2697 1824 2768 gloriam

228 2798 524 2855 humanam
561 2795 888 2867 requirant:
920 2793 1016 2850 sed
1058 2791 1271 2848 faciunt
1308 2790 1414 2846 hoc
1455 2791 1702 2846 veritatis
1743 2789 1826 2844 in-

225 2891 493 2960 tentione,
514 2905 622 2963 qua
646 2899 772 2946 ante
797 2889 967 2944 Deum
999 2885 1322 2959 simpliciter
1346 2901 1411 2943 ac
1431 2883 1727 2941 sinceriter
1746 2883 1828 2939 vi-

226 2992 387 3040 νυηι.

788 3051 1019 3110 CAPUT
1048 3050 1270 3109 XXXII.

300 3172 600 3228 Omiserunt
646 3179 817 3226 autem
859 3179 960 3224 tres
998 3169 1097 3224 viri
1117 3168 1206 3222 isti
1235 3149 1546 3241 respondere
1587 3164 1720 3233 Job,
1766 3180 1828 3220 eo

227 3265 366 3340 quod
405 3268 584 3339 justus
622 3264 721 3319 sibi
751 3264 1038 3319 uideretur.
1093 3230 1425 3317 Cedenti'bns
1471 3230 1826 3326 adversariis,
1855 3230 1906 3297 θ

228 3359 335 3417 Job
366 3368 489 3430 post
515 3357 682 3414 multa
715 3356 1017 3429 prOphetiaa
1040 3369 1151 3410 sure
1179 3355 1463 3428 mysteria,
1491 3361 1547 3408 et
1568 3353 1684 3423 ipse
1713 3351 1833 3406 ﬁnit

230 3467 566 3510 sermonem.
597 3450 756 3521 Quod
786 3459 969 3506 autem
995 3450 1203 3505 dictum
1233 3459 1342 3518 est,
1384 3449 1692 3504 omiserunt
1731 3463 1833 3503 au-

234 3556 342 3604 tem
375 3555 489 3602 tres
529 3546 631 3600 viri
673 3544 762 3600 isti
810 3542 1148 3614 respondere
1191 3541 1319 3609 Job,
1361 3556 1430 3598 eo
1467 3542 1614 3614 quod
1651 3542 1832 3612 justus

232 3644 338 3701 sibi
382 3640 710 3697 videretur:
759 3639 994 3708 scriptor
1039 3635 1283 3692 historia:
1332 3635 1488 3706 hujus
1545 3651 1612 3690 ex
1666 3650 1836 3692 sensu

233 3733 684 3807 respondentium
715 3731 876 3798 dixit,
910 3745 978 3786 eo
1007 3730 1149 3801 quod
1167 3729 1352 3800 justus
1381 3729 1486 3784 sibi
1520 3729 1828 3797 videretur,

237 3848 347 3888 non
390 3846 459 3886 ex
505 3828 714 3898 judicio
747 3840 850 3882 suo
886 3842 902 3880 :
932 3839 1056 3881 cum
1109 3821 1343 3879 referret
1403 3823 1490 3878 vel
1541 3823 1833 3891 scriberet,

237 3941 359 3998 qua:
383 3923 437 3980 in
471 3921 805 3994 praeconium
835 3918 972 3974 tanti
999 3916 1100 3972 viri
1128 3917 1271 3990 stylo
1294 3916 1410 3972 haec
1440 3929 1540 3970 suo
1567 3915 1841 3987 posterio-

237 4035 361 4076 rum
391 4014 672 4073 memorize
700 4010 1140 4069 commendabat.

313 4108 387 4166 Et
431 4111 600 4163 iratus
646 4106 1045 4177 indignatusque
1085 4111 1160 4159 est
1211 4101 1410 4170 Helia,
1456 4100 1600 4173 ﬁlius
1669 4101 1843 4156 Bara-

239 4206 380 4262 chiel
415 4203 644 4271 Busites,
703 4201 767 4255 de
815 4200 1120 4270 cognatione
1169 4196 1324 4252 Rom.
1376 4196 1452 4251 De
1501 4197 1760 4266 progenie
1790 4202 1845 4250 et

238 4299 598 4374 generatione
647 4297 758 4352 lluz
786 4303 841 4350 et
888 4295 1022 4359 Buz,
1060 4291 1296 4348 ﬁliorum
1344 4289 1563 4346 Nachor
1610 4299 1664 4345 et
1705 4289 1845 4344 Mel-

240 4397 410 4460 chze,
474 4391 679 4448 sororis
733 4389 879 4445 Sane
906 4429 922 4454 ,
985 4387 1176 4442 uxoris
1232 4383 1506 4440 Abraham
1535 4424 1550 4449 ,
1607 4382 1848 4436 nascitur

242 4487 355 4546 Job
395 4494 452 4542 et
494 4483 673 4540 Ileliu.
723 4480 802 4536 De
844 4481 980 4548 Huz,
1029 4477 1132 4534 Job
1185 4477 1458 4543 nascitur,
1503 4484 1557 4532 et
1599 4475 1668 4530 de
1695 4474 1848 4542 Buz,

245 4580 340 4637 hic
397 4579 554 4635 Heliu
609 4593 625 4631 :
695 4575 841 4632 unde
893 4585 949 4631 et
1011 4573 1233 4629 Buzites
1305 4570 1540 4635 dicitur,
1600 4571 1690 4640 qui
1749 4568 1852 4623 fuit

245 4674 395 4728 sicut
436 4669 525 4725 hic
575 4668 859 4736 scribitur,
915 4667 1056 4723 ﬁlius
1105 4664 1406 4721 Barachiel.
1471 4664 1624 4719 Hunc
1682 4664 1850 4733 igitur

249 4766 413 4824 lleliu
435 4808 450 4832 ,
477 4765 781 4821 doctissimi
812 4763 1223 4833 Scripturarum
1264 4759 1457 4814 dicunt
1501 4760 1679 4828 ipsum
1728 4771 1852 4812 esse

253 4859 473 4915 Balaam
517 4856 811 4920 hariolum,
854 4870 1016 4927 quem
1065 4855 1118 4909 in
1165 4851 1529 4908 Numerorum
1563 4851 1704 4908 libro
1750 4851 1855 4906 Ba-

249 4949 402 5014 laeh,
445 4965 538 5005 rex
585 4948 941 5004 Moabitarum
968 4992 983 5016 ,
1032 4946 1100 5000 ad
1130 4943 1382 5001 lsraeletn
1415 4943 1853 5000 maledicendum

253 5044 601 5103 conduxerat
631 5062 644 5097 :
677 5052 732 5098 et
760 5041 876 5098 brec
903 5039 1188 5111 Scriptura
1219 5036 1421 5106 refert,
1459 5037 1602 5110 quod
1630 5036 1717 5091 hic
1749 5037 1858 5092 lle-

255 5139 362 5204 liu,
392 5137 462 5193 de
481 5135 807 5208 cognatione
834 5132 1014 5188 fuerat
1040 5131 1200 5195 Ram,
1234 5139 1292 5186 et
1319 5129 1462 5184 hunc
1492 5127 1652 5195 Ram,
1684 5127 1855 5182 Abra-

258 5231 388 5286 ham
429 5243 554 5284 esse
581 5227 951 5298 intelligamus
979 5243 991 5279 :
1022 5224 1091 5278 de
1130 5221 1284 5294 cujus
1321 5223 1647 5292 cognatione
1691 5231 1744 5275 et
1781 5221 1858 5275 fa-

258 5321 414 5378 milia
434 5319 591 5375 Heliu
620 5317 789 5373 fuerit
815 5324 1156 5386 procreatus.
1189 5314 1326 5369 Hinc
1350 5313 1537 5384 utique
1569 5310 1751 5366 fratris
1773 5312 1860 5368 sui

259 5412 480 5472 Nacbor
515 5410 844 5482 posteritas,
893 5408 1084 5480 procul
1129 5407 1296 5462 dubio
1345 5406 1576 5461 Abrahae
1606 5407 1861 5474 cognatio

258 5507 371 5563 erit
402 5523 418 5560 :
448 5504 540 5560 ubi
570 5501 666 5575 qui
720 5501 866 5557 hunc
909 5500 1109 5556 librum
1153 5497 1373 5564 scribit,
1427 5511 1588 5569 quem
1648 5497 1862 5554 llebrtei

264 5601 459 5658 Mosen
494 5605 810 5662 autumant,
851 5596 906 5650 in
934 5593 1306 5667 generationis
1336 5592 1499 5648 ﬂeliu
1530 5591 1864 5657 nominibus,

270 5689 617 5746 nobilitatem
675 5687 985 5743 nativitatis
1038 5685 1159 5756 ejus
1229 5684 1405 5739 voluit
1459 5683 1863 5738 demonstrare.

1928 1961 1984 2010 et
2007 1955 2089 2008 sui
2121 1953 2418 2022 similibus,
2440 1963 2498 2010 et
2527 1954 2583 2009 in
2608 1955 2877 2025 principio
2905 1954 3030 2010 libri
3062 1955 3221 2024 hujus
3249 1955 3511 2022 diximus,

1927 2044 2072 2117 quod
2103 2045 2412 2116 prOphetia:
2434 2047 2700 2119 mysterio
2722 2047 2804 2101 usi
2833 2047 2941 2102 sint
2971 2047 3159 2113 etiam,
3186 2047 3277 2116 qui
3306 2047 3530 2100 exorbi-

1929 2147 2180 2194 taverant
2209 2153 2238 2192 a
2291 2154 2425 2194 vera
2471 2139 2758 2211 religione,
2789 2144 2916 2212 quia
2957 2149 3014 2196 et
3059 2140 3171 2194 illis
3206 2140 3356 2196 dedit
3384 2141 3530 2196 Deus

1927 2230 2153 2286 verbum
2181 2245 2360 2298 suum,
2390 2239 2452 2286 ut
2477 2231 2737 2304 mysteria
2767 2232 2946 2288 futura
2980 2234 3400 2302 pronuntiarent
3429 2234 3533 2287 ho-

1930 2323 2168 2386 minibus
2193 2341 2206 2377 :
2231 2323 2323 2380 ubi
2366 2324 2602 2381 maxime
2633 2324 2768 2380 ﬁdes
2800 2332 2858 2380 et
2903 2326 3194 2380 admiratio
3233 2327 3524 2397 gentilium

1931 2417 2166 2490 pendet,
2215 2428 2280 2474 ut
2318 2417 2410 2488 qui
2467 2419 2671 2474 nostris
2715 2417 2907 2474 nolunt
2956 2419 3184 2475 credere
3225 2420 3528 2491 prophetis,

1930 2511 2165 2568 credant
2188 2511 2378 2568 saltem
2410 2511 2616 2568 divinis
2663 2521 2717 2567 et
2745 2513 2959 2568 vatibus
2989 2514 3123 2568 suis.
3157 2513 3313 2568 llunc
3342 2515 3528 2582 itaque

1931 2605 2116 2672 Heliu,
2140 2605 2232 2677 qui
2256 2615 2341 2661 est
2372 2605 2614 2671 Balaam,
2642 2606 2868 2678 ﬁguram
2899 2604 3100 2662 habere
3126 2605 3368 2677 gentium
3387 2607 3530 2661 dixi-

1931 2713 2086 2764 mus,
2127 2697 2540 2754 adversantium
2581 2696 2823 2767 Christo,
2856 2699 2997 2754 sicut
3043 2707 3101 2754 et
3149 2700 3275 2754 illos
3321 2699 3528 2753 amicis

1933 2791 2078 2848 beati
2100 2790 2227 2860 Job,
2253 2791 2634 2847 haereticorum
2658 2791 2906 2862 ﬁguram.
2935 2792 3091 2860 Quod
3114 2805 3295 2847 autem
3320 2793 3427 2858 ait,
3459 2793 3491 2846 li
3508 2822 3525 2832 -

1929 2884 2044 2940 nita
2073 2894 2200 2939 sunt
2222 2884 2387 2938 verba
2409 2883 2514 2939 Job
2543 2901 2556 2938 :
2591 2899 2881 2955 possumus
2913 2886 3221 2957 intelligere
3249 2895 3525 2957 tamquam

1932 2978 2170 3044 dixerit,
2202 2977 2520 3033 ﬁrmissime
2561 2977 2800 3032 stabilita
2831 2987 2960 3033 sunt
3002 2979 3172 3036 verba
3220 2979 3401 3034 divina
3424 3022 3439 3046 ,
3473 2990 3529 3034 et

1934 3073 2091 3128 irrita
2115 3085 2239 3129 esse
2259 3084 2366 3126 non
2394 3079 2643 3140 possunt,
2667 3085 2791 3141 quas
2816 3085 2984 3142 usque
3007 3071 3075 3126 ad
3106 3081 3371 3128 aeternam
3399 3087 3524 3142 pro-

1935 3166 2253 3222 missionem
2284 3161 2522 3218 ﬁdeliter
2553 3163 2846 3219 credentes
2886 3163 3210 3232 pcrducunt.
3255 3163 3349 3218 Isti
3375 3179 3529 3228 vero,

1935 3257 2026 3328 qui
2069 3258 2277 3326 justum
2327 3256 2506 3310 virum
2546 3264 2604 3311 et
2646 3254 3044 3324 sempiternum
3101 3254 3530 3325 przesumptione

1935 3349 2354 3404 adinvenlorum
2382 3346 2696 3419 dogmatum
2728 3345 2932 3401 audent
2975 3345 3287 3412 discutere,
3321 3353 3533 3400 aeterno

1937 3443 2263 3515 quandoque
2289 3442 2512 3497 silentio
2540 3441 2932 3497 conticescent.
2964 3440 3120 3506 Quod
3150 3447 3330 3492 autem
3363 3436 3524 3493 Heliu

1938 3541 2153 3597 duobus
2181 3539 2496 3596 nominibus
2529 3537 2818 3606 vocitatur,
2848 3553 2954 3591 non
2985 3546 3070 3592 est
3101 3536 3297 3590 mirum
3327 3554 3339 3589 :
3369 3535 3530 3590 fami-

1938 3635 2075 3691 liare
2115 3645 2196 3690 est
2236 3633 2342 3688 hoc
2369 3632 2672 3703 Scriptura:
2700 3631 2928 3698 divinas,
2980 3640 3038 3684 ut
3066 3629 3326 3686 Salomon
3363 3630 3536 3697 ltlida,

1940 3737 1998 3784 et
2015 3736 2279 3798 cognatus
2308 3725 2441 3780 Mosi
2469 3723 2650 3780 dictus
2676 3733 2758 3779 est
2777 3724 2956 3787 Jetro,
2989 3731 3047 3776 et
3065 3721 3276 3792 Raguel
3295 3766 3309 3789 ,
3343 3731 3399 3776 et
3430 3721 3532 3776 Pe-

1941 3828 2060 3876 trus
2082 3819 2296 3875 Simon.
2321 3817 2475 3874 Unde
2504 3832 2610 3872 non
2636 3832 2857 3888 parvam
2893 3816 3282 3870 obscuritatem
3305 3813 3422 3869 hinc
3446 3829 3538 3869 va-

1941 3915 2112 3972 rietas
2138 3914 2421 3969 nominum
2453 3914 2595 3970 solet
2618 3912 2926 3984 legentibus
2946 3910 3228 3966 exhibere.

2017 4005 2195 4062 Iratus
2224 4016 2300 4062 est
2328 4015 2502 4060 autem
2530 4005 2803 4060 aduersum
2830 4002 2955 4069 Job,
2985 4021 3045 4058 eo
3077 4004 3218 4076 quod
3252 4005 3455 4076 justum
3484 4003 3541 4058 sc'

1945 4116 2056 4158 esse
2095 4101 2289 4155 diceret
2329 4116 2504 4155 coram
2550 4099 2681 4154 Deo.
2714 4099 2882 4153 Porro
2905 4098 3181 4152 adversum
3209 4099 3401 4152 amicos
3429 4101 3546 4170 ejus

1944 4192 2245 4264 indignatus
2271 4202 2380 4258 est,
2413 4208 2472 4247 eo
2517 4191 2656 4263 quod
2687 4208 2791 4246 non
2818 4192 3127 4246 invenissent
3155 4191 3542 4262 responsionem

1946 4285 2348 4351 rationabilem,
2402 4287 2491 4340 sed
2541 4289 2897 4340 tantummodo
2943 4284 3370 4339 condemnassent
3417 4281 3545 4337 Job.

1949 4377 2120 4451 Igitur
2168 4377 2328 4432 Heliu
2374 4379 2688 4450 exspectavit
2717 4377 2818 4432 Job
2847 4376 3139 4448 loquentem
3169 4393 3186 4430 :
3213 4394 3270 4431 eo
3301 4377 3439 4446 quod
3467 4393 3551 4431 se-

1951 4473 2121 4526 niores
2142 4482 2306 4525 essent
2326 4472 2414 4542 qui
2443 4471 2806 4542 loquebantur.
2824 4469 2951 4526 Cum
2976 4479 3146 4524 autem
3172 4471 3384 4524 vidisset
3406 4469 3548 4542 quod

1954 4569 2057 4617 tres
2089 4563 2405 4635 respondere
2433 4578 2534 4616 non
2561 4563 2849 4634 potuissent
2865 4603 2881 4628 ,
2907 4563 3072 4615 iratus
3098 4572 3172 4616 est
3200 4564 3546 4617 vehementer.

1958 4655 2393 4726 Respondensque
2415 4652 2575 4706 Heliu
2598 4655 2741 4723 [ilius
2773 4653 3052 4707 Barachiel
3068 4693 3084 4718 ,
3117 4653 3328 4709 Buzites
3346 4700 3360 4724 ,
3389 4638 3550 4711 dixit.

1958 4748 2187 4804 Videtur
2216 4747 2350 4802 mihi
2390 4747 2534 4818 quod
2569 4746 2684 4802 lucc
2715 4751 2867 4816 prius
2897 4757 3049 4816 gesta
3097 4757 3263 4814 sunt,
3305 4763 3427 4819 qua:
3460 4749 3550 4803 hic

1957 4842 2210 4913 legimus,
2243 4855 2404 4912 quam
2437 4839 2527 4893 illa
2555 4854 2678 4910 quae
2708 4839 2760 4892 in
2787 4837 3037 4893 Numeris
3059 4839 3126 4893 de
3156 4841 3258 4894 hoc
3280 4842 3400 4909 ipso
3440 4841 3552 4895 He-

1959 4933 2034 4988 liu
2077 4931 2190 4987 sive
2241 4930 2460 4986 Balaam
2493 4929 2630 4984 facta
2673 4930 3005 4984 referuntur.
3047 4928 3145 4983 I-lic
3195 4930 3360 4997 igitur
3391 4931 3552 4990 Heliu

1961 5027 2054 5098 qui
2075 5025 2153 5080 ait
2174 5024 2278 5081 Job
2303 5032 2359 5080 et
2385 5023 2593 5079 amicos
2621 5023 2740 5093 ejus
2773 5036 2833 5077 se
2865 5033 3214 5094 exspectasse
3235 5023 3549 5095 loquentes,

1965 5121 2193 5176 honoris
2212 5135 2276 5177 ac
2305 5121 2626 5176 reverentiae
2652 5135 2816 5175 causa
2838 5119 3082 5175 ostendit
3101 5134 3162 5174 se
3191 5117 3385 5175 fecisse
3402 5123 3552 5191 quod

1966 5212 2096 5270 fecit
2126 5232 2138 5268 :
2171 5213 2478 5269 senioribus
2509 5214 2717 5268 scilicet
2745 5212 3064 5269 deferendo.
3095 5212 3214 5269 Jatn
3260 5214 3350 5270 hic
3379 5214 3552 5285 ipsius

1969 5306 2126 5362 Heliu
2159 5307 2324 5362 verba
2352 5315 2502 5371 sunt,
2532 5306 2606 5360 ita
2635 5305 2909 5361 dicentis:

2038 5401 2230 5458 Iunior
2256 5417 2367 5457 sum
2394 5411 2642 5472 tempore,
2671 5417 2759 5455 vos
2784 5411 2956 5455 autem
2985 5400 3300 5470 antiquiores
3323 5416 3341 5455 :
3362 5401 3562 5458 idcirco

1971 5497 2193 5552 demisso
2219 5495 2407 5565 capite,
2437 5496 2626 5548 ueritus
2664 5510 2778 5547 sum
2801 5493 3036 5547 indicare
3068 5493 3209 5548 vobis
3243 5510 3408 5549 meam
3442 5511 3563 5549 sen-

1967 5588 2496 5660 tentiam.Sperabam
2517 5589 2651 5642 enim
2671 5590 2812 5659 quod
2826 5595 2952 5642 retas
2968 5588 3221 5660 prolixior
3237 5589 3556 5660 loqueretur,

1971 5694 2282 5738 etannorum
2301 5680 2576 5734 multitudo
2588 5683 2788 5734 doceret
2809 5681 3134 5752 sapientiam.
3155 5680 3284 5745 Sed,
3309 5689 3363 5733 ut
3385 5680 3558 5750 video,

268 5785 431 5854 Quod
472 5794 655 5838 autem
694 5784 746 5836 in
779 5781 884 5835 hoc
923 5779 1063 5834 libro
1105 5778 1267 5844 R-ttn,
1303 5778 1453 5849 quasi
1498 5777 1699 5847 partito
1752 5779 1868 5833 sive
1969 5778 2181 5849 spiritus
2213 5783 2286 5829 est
2326 5774 2379 5828 in
2417 5773 2731 5837 hominibus,
2776 5782 2824 5827 et
2867 5772 3142 5842 inspiratio
3194 5771 3563 5844 omnipotentis

264 5879 448 5937 diviso
477 5878 720 5944 nomine,
755 5883 983 5930 sanctus
1013 5871 1210 5928 Abram
1241 5870 1440 5926 dicitur
1468 5887 1481 5922 :
1514 5873 1586 5922 ita
1618 5879 1672 5924 et
1703 5869 1754 5923 in
1787 5867 1869 5924 di-

284 5971 300 5980 ⁸
387 5983 398 5994 λ
443 5975 494 6012 :5
1260 5972 1330 5995 ,λς
1364 5963 1466 5995 40M
1496 5965 1540 5996 ναὶ
1573 5951 1910 6010 θειώδη,
1991 5959 2025 5998 ι

1971 5870 2063 5923 dat
2093 5867 2502 5937 intelligentiam.
2557 5867 2681 5922 Non
2720 5879 2836 5921 sunt
2870 5866 3089 5938 longazri
3134 5869 3437 5938 sapientes:
3476 5878 3574 5920 nec

2112 5965 2230 6010 "at...
2282 5959 2326 5990 ἐ
2354 5961 2498 6009 alii.)
2581 5958 2824 5994 his-JLw-
2871 5957 2920 5995 ιο
2949 5947 3053 5990 ανδ
3085 5959 3236 5992 {Jb-Us
3281 5959 3365 5989 ἰ-λι
3395 5965 3420 5989 -ὗ
3444 5964 3453 5984 -”
