4026 6368
1282 249 1633 316 APPENDIX
1667 248 1763 307 AD
1798 242 2048 306 TOMUM
2090 239 2448 302 SEPTIMUM
2484 239 2547 298 S.
2587 232 2994 297 BIERONYMI.
3696 230 3809 288 723

487 270 592 324 7‘27

566 385 828 458 Respiciet
856 383 1103 446 homines,
1127 384 1173 433 et
1194 375 1324 430 dicet
1350 391 1369 427 :
1400 368 1634 436 Peccavi,
1664 374 1711 421 et
1735 381 1850 420 vere
1870 361 2086 432 deliqui,
2116 362 2174 421 Α
2271 359 2396 425 Quis
2438 365 2514 413 est
2556 359 2636 411 vir
2665 363 2722 410 ut
2764 364 2840 410 est
2879 354 3003 418 Iob,
3036 352 3128 424 qui
3166 349 3291 406 bibit
3330 347 3810 405 subsannationen

495 489 543 533 et
575 490 632 534 ut
660 442 802 534 eram
829 478 1018 547 dignus
1042 442 1143 526 non
1170 468 1360 537 recepi.
1405 465 1594 534 Magna
1623 476 1712 516 res
1738 468 1843 524 est,
1870 457 2095 526 Deuque
2197 454 2347 522 quasi
2375 468 2599 523 aquam,
2631 450 2720 518 qui
2758 448 2998 521 graditur
3026 462 3141 500 cum
3169 442 3506 514 operantibus
3541 442 3816 513 iniquita-

499 572 800 644 plurimum
825 535 1173 634 acceptabilis
1196 571 1252 614 ut
1270 535 1436 614 homo
1452 573 1529 610 ert
1545 570 1672 612 ores
1693 568 1824 608 suos
1844 550 2096 607 conﬁteri
2202 557 2325 611 tem,
2349 553 2396 598 et
2422 541 2655 597 ambulat
2682 557 2799 595 cum
2826 539 2951 594 viris
2978 538 3194 610 impiis?
3217 535 3392 607 Cujus
3416 535 3635 590 viscera
3669 541 3813 588 tam-

501 625 615 720 iton
659 625 985 719 erubescatv:
1018 653 1319 727 praesertim
1362 651 1409 706 si
1460 663 1559 720 pro
1599 647 1683 703 eis
1726 661 1789 700 se
1831 642 2100 710 intelligat
2202 650 2363 706 quam
2412 648 2569 705 aquae
2595 631 2928 689 abundantia
2955 644 3167 687 veneno
3200 627 3364 699 hujus
3394 625 3684 699 passionis
3715 627 3816 681 im-

504 754 779 825 castigari,
808 761 863 806 et
894 752 967 804 ita
1016 762 1076 803 se
1124 743 1412 810 bumiliet,
1460 752 1517 797 ut
1556 738 1818 812 quidquid
1866 737 2099 805 castiga-
2202 731 2349 802 pleta
2379 739 2524 786 sunt.

502 817 672 904 tionis
699 817 1038 907 sustinuerit,
1068 854 1169 912 pro
1201 836 1412 894 meritis
1442 834 1558 890 suis
1584 848 1775 905 parum
1798 847 1857 887 se
1876 843 2099 902 passum
2275 823 2425 879 Dixit
2454 825 2594 879 enim
2624 840 2643 879 :
2675 821 2801 877 Non
2826 820 3048 894 placebit
3073 821 3157 876 vir
3183 817 3322 886 Deo,
3357 819 3518 875 etiam
3544 818 3591 873 si
3625 825 3823 871 cicur-

502 937 839 1010 pt'outtnliet.
1075 911 1078 912 ν
2206 919 2333 974 rerit
2359 935 2478 972 cum
2503 934 2584 972 eo.
2619 914 2892 971 luvidiose
2918 914 2986 969 de
3024 929 3093 970 eo
3142 920 3395 969 sanctum
3424 911 3531 968 Job
3559 911 3823 967 locutum

577 1030 841 1086 Liberavit
883 1028 1113 1082 animam
1148 1040 1298 1078 suam
1331 1038 1396 1076 ne
1424 1028 1658 1093 pergeret
1707 1019 1763 1071 in
1803 1016 2102 1083 interitum,
2208 1009 2379 1065 fuisse
2426 1009 2712 1073 mentitur,
2756 1007 2883 1078 quia
2932 1007 3153 1062 beatum
3197 1004 3304 1061 Job
3352 1015 3461 1060 tam
3516 1001 3825 1058 infeliciter

506 1124 598 1181 sed
621 1125 790 1178 uiuens
834 1122 1000 1175 lucem
1046 1118 1256 1172 rideret.
1308 1112 1444 1169 Ecce
1488 1113 1600 1167 haec
1643 1110 1818 1166 omnia
1862 1117 2108 1179 operatur
2211 1105 2461 1173 sapuisse
2488 1117 2596 1156 non
2628 1100 2939 1166 credimus,
2985 1098 3084 1154 sed
3133 1111 3237 1154 nec
3280 1095 3487 1153 alicubi
3530 1110 3665 1152 eum
3722 1094 3827 1149 hoc

513 1217 655 1274 Deus
698 1216 861 1272 tribus
909 1213 1104 1267 vicibus
1146 1228 1238 1285 per
1284 1209 1536 1278 singulos,
1567 1216 1623 1260 ut
1669 1212 1869 1260 revocet
1908 1205 2111 1258 animas
2214 1195 2417 1251 dixisse
2448 1193 2818 1249 meminimus.

508 1325 692 1366 eorum
724 1324 758 1361 a
797 1280 1158 1376 corruptione,
1195 1311 1243 1356 et
1280 1299 1538 1355 illuminet
1580 1297 1694 1350 luce
1733 1295 2027 1349 viventium.
2053 1291 2113 1349 Id
2288 1285 2439 1353 Ideo,
2457 1288 2553 1341 viri
2577 1286 2798 1351 cordati,
2827 1284 3006 1340 audite
3034 1300 3116 1339 nte
3143 1300 3164 1340 :
3188 1283 3325 1339 absit
3351 1300 3385 1338 a
3409 1280 3526 1337 Deo
3546 1284 3826 1356 inspicias,

513 1415 623 1472 est,
656 1400 953 1473 agnitionis
985 1397 1079 1453 Dei
1106 1397 1285 1452 lucem
1326 1402 1382 1450 et
1409 1393 1676 1447 immensa
1708 1386 1971 1443 beneﬁcia
2000 1385 2115 1440 illu-
2217 1391 2265 1438 et
2294 1383 2358 1436 ab
2391 1380 2755 1450 Omnipotente
2783 1380 3059 1450 iniquitas.
3088 1376 3235 1449 Opus
3260 1377 3396 1431 enim
3433 1376 3670 1431 hominis
3700 1377 3831 1430 red-

517 1466 758 1553 minatus
786 1498 1133 1564 agnosceret.
2221 1475 2305 1529 det
2334 1475 2421 1543 ei,
2464 1483 2510 1528 et
2542 1477 2701 1547 juxta
2743 1475 2854 1526 vias
2895 1472 3222 1544 singulorum
3266 1469 3507 1525 restituet
3550 1470 3652 1523 eis.
3700 1466 3834 1523 Vere

594 1587 841 1651 Attende,
867 1586 992 1652 Job,
1023 1594 1068 1637 et
1096 1582 1226 1636 audi
1260 1595 1341 1635 me
1361 1622 1377 1648 ,
1417 1588 1468 1633 et
1496 1586 1606 1631 tace
1645 1576 1769 1629 dum
1789 1590 1882 1646 ego
1912 1572 2112 1643 loquor.
2223 1572 2359 1627 enim
2385 1567 2529 1625 Deus
2565 1585 2669 1624 non
2701 1566 3066 1622 condemnabit
3091 1566 3293 1638 frustra
3311 1608 3327 1632 ,
3356 1580 3452 1618 nec
3490 1564 3831 1637 omnipotens

525 1682 590 1740 Si
620 1690 791 1736 autem
827 1678 1003 1745 habes,
1048 1675 1174 1748 quid
1213 1671 1446 1745 loquaris
1473 1687 1492 1725 :
1526 1669 1781 1739 responde
1821 1668 1969 1721 mihi.
2015 1664 2123 1719 Lo-
2225 1667 2476 1720 subt'ertet
2492 1662 2779 1735 judicium.
2810 1660 2979 1730 Quasi
3017 1657 3265 1729 exposita
3312 1656 3601 1726 impietate
3649 1654 3835 1711 saneti

523 1791 704 1843 quere,
728 1771 843 1827 rolo
865 1771 997 1825 enim
1018 1746 1070 1822 te
1089 1782 1338 1840 apparere
1368 1768 1596 1837 justum.
1645 1759 1797 1827 Quod
1823 1761 1869 1813 si
1896 1776 2001 1812 non
2027 1756 2122 1811 ha-
2150 1749 2202 1812 B
2227 1757 2350 1825 Job,
2375 1767 2429 1814 ει
2452 1759 2506 1813 in
2526 1757 2713 1812 medio
2734 1755 3071 1811 audientium
3095 1750 3307 1824 prolata
3330 1751 3385 1807 in
3408 1749 3685 1807 invidiam
3707 1746 3834 1817 Job,

527 1871 636 1935 bes,
663 1868 790 1922 audi
817 1882 897 1919 me
923 1880 943 1920 :
972 1874 1102 1927 tace,
1126 1872 1174 1917 et
1202 1860 1392 1915 docebo
1414 1869 1460 1913 te
1480 1857 1808 1927 sapientiam.
1830 1855 1997 1924 Quasi
2023 1858 2126 1908 hac
2229 1851 2382 1921 quasi
2412 1848 2580 1920 impia
2610 1846 2684 1903 sit
2711 1847 2949 1902 locutus.

532 1961 752 2015 ratione
776 1958 928 2014 Heliu
958 1964 1208 2009 sanctum
1233 1952 1337 2008 Job
1365 1950 1670 2007 couvicerit
1690 1992 1706 2016 ,
1730 1949 1811 2004 ait
1838 1948 1914 2004 illi
1946 1967 1961 2003 :
1986 1946 2127 2001 Audi
2305 1942 2471 2009 Quem
2496 1940 2761 1996 constituit
2790 1936 2958 1994 alium
2991 1952 3149 2009 super
3174 1945 3366 1992 terram
3389 1952 3409 1991 :
3431 1944 3522 1989 aut
3556 1948 3719 2006 quem
3749 1949 3839 2004 po-

530 2070 633 2123 me,
668 2054 718 2108 id
751 2062 857 2119 est,
887 2049 1110 2106 docenti
1137 2057 1190 2105 te
1214 2045 1479 2102 obediens
1506 2054 1628 2100 esto
1650 2084 1665 2108 ,
1695 2051 1751 2099 et
1778 2042 1962 2114 prmbe
1987 2056 2123 2096 cono
2231 2037 2335 2093 suit
2364 2050 2521 2105 super
2550 2033 2722 2089 orbem
2750 2048 2903 2104 quem
2934 2029 3220 2102 fabricatus
3256 2029 3375 2083 est?
3411 2025 3472 2082 id
3504 2034 3593 2083 est
3620 2068 3640 2093 ,
3678 2041 3843 2081 num-

527 2118 773 2207 sensum.
815 2145 972 2214 Quod
1002 2151 1191 2202 autem
1218 2142 1349 2199 dicit
1376 2186 1391 2211 ,
1422 2148 1484 2195 ut
1514 2145 1694 2194 taceat
1726 2153 1743 2194 :
1775 2136 2130 2207 eloquentem
2234 2127 2364 2200 quid
2395 2126 2560 2183 alium
2594 2135 2866 2181 rectorem
2893 2124 3113 2196 posuit,
3138 2121 3232 2194 qui
3258 2135 3288 2175 a
3318 2120 3588 2178 creatoris
3625 2118 3841 2191 justitia

530 2252 587 2299 et
614 2211 892 2312 tamquam
916 2240 1097 2295 minus
1124 2235 1422 2302 eruditum,
1453 2232 1540 2289 vel
1569 2230 1947 2301 impatientem
1978 2226 2133 2299 jubet
2237 2223 2595 2291 discreparet.
2628 2219 2751 2289 Ipse
2777 2231 2911 2289 ergo
2936 2230 3100 2288 quam
3153 2222 3352 2285 potens
3395 2211 3683 2280 conditor,
3738 2218 3842 2266 tam

533 2345 595 2392 ut
619 2305 801 2392 sileat.
2237 2317 2363 2388 pius
2408 2322 2498 2371 est
2536 2312 2878 2381 moderator,
2938 2310 3067 2383 quia
3108 2321 3247 2380 opus
3292 2321 3453 2364 suum
3493 2305 3753 2377 agnoscit
3792 2311 3847 2362 et

2240 2409 2441 2480 diligit.

2317 2502 2380 2559 Si
2431 2499 2680 2557 diremerit
2710 2498 2779 2555 ad
2816 2514 2938 2556 eum
2985 2513 3075 2554 cor
3108 2511 3282 2563 suum,
3315 2493 3567 2565 spiritum
3606 2492 3762 2547 illius
3799 2497 3852 2548 et

615 2599 981 2683 Pronuntians
1007 2598 1181 2670 itaque
1215 2596 1373 2654 Heliu
1399 2638 1416 2665 ,
1460 2597 1614 2651 etiam
1657 2594 1765 2651 lucc
1796 2595 1994 2650 locutus
2038 2601 2140 2651 est.
2244 2602 2430 2672 ﬂatum
2458 2595 2529 2653 ad
2556 2613 2611 2651 se
2637 2594 2826 2651 traltet.
2851 2591 3073 2663 Deﬁciet
3100 2591 3269 2647 omnis
3300 2604 3427 2645 caro
3451 2586 3645 2656 simul,
3679 2594 3730 2641 et
3760 2586 3851 2639 lto-

542 2680 709 2764 Quasi
741 2694 1069 2750 sententiam
1101 2691 1259 2746 Ilellu
1289 2690 1643 2761 pronuntiare
1669 2688 1894 2757 dicitur,
1925 2698 1978 2744 et
2003 2703 2144 2759 prrc-
2245 2708 2332 2748 mo
2351 2694 2405 2747 in
2427 2692 2651 2746 cinerem
2678 2695 2979 2744 revertetur.
3011 2683 3071 2741 l'd
3101 2692 3209 2751 est,
3238 2680 3426 2739 mundi
3456 2701 3471 2739 :
3498 2695 3634 2736 nam
3663 2680 3712 2735 si
3740 2692 3850 2734 om-

545 2802 730 2849 sentes
748 2791 958 2846 amicos
975 2788 1148 2845 sancti
1162 2785 1343 2843 Jobad
1366 2784 1692 2842 audiendum
1717 2799 1777 2840 se
1797 2785 2140 2840 cohortatur.
2249 2787 2339 2841 nia
2361 2799 2482 2856 quae
2514 2776 2567 2838 in
2594 2796 2663 2839 eo
2688 2779 2935 2853 quotidie
2960 2786 3248 2850 geruntur,
3270 2772 3571 2831 secundum
3602 2772 3845 2843 regulam

1080 2442 1311 2502 CAPUT
1349 2440 1599 2501 ιΧΧιν.

620 2885 835 2951 Audite,
882 2883 1163 2955 sapientes,
1197 2882 1350 2935 verba
1391 2895 1533 2942 mea,
1564 2887 1613 2932 et
1634 2878 1826 2933 eruditi
1855 2878 2147 2935 auscultate
2244 2879 2472 2953 justitia:
2499 2891 2614 2933 sua:
2640 2874 2873 2931 voluerit
2899 2870 3122 2939 intueri,
3149 2869 3368 2927 deﬁciet
3397 2882 3462 2924 ac
3491 2866 3732 2939 peribit;
3760 2862 3848 2920 sed

550 2997 652 3036 me.
692 2980 849 3034 Auris
890 2976 1025 3032 enim
1048 2974 1202 3029 verba
1229 2973 1449 3044 probat,
1484 2980 1531 3027 et
1572 2981 1752 3044 guttur
1778 2988 1922 3028 escas
1964 2980 2147 3042 gustus
2251 2987 2377 3030 cum
2407 2971 2610 3042 pietate
2646 2968 2833 3042 pntius
2879 2964 3154 3036 gubernat
3202 2976 3267 3018 ac
3314 2961 3571 3017 sustinet.
3623 2957 3761 3014 Natu
3808 2956 3850 3012 si

554 3070 835 3139 diiudicat.
863 3066 1340 3137 Quemadmodum
1385 3065 1568 3137 igitur,
1602 3064 1800 3135 inquit,
1831 3079 1863 3118 a
1892 3063 2149 3120 faucibus

2256 3065 2596 3136 iniquitatem
2630 3058 3029 3127 observaverit,
3060 3054 3185 3127 quis
3221 3052 3560 3111 sustinebit?
3586 3048 3848 3120 Spititunt

549 3165 800 3221 ciborum
833 3176 995 3232 sapor
1021 3159 1363 3231 dignoscitur
1395 3176 1406 3212 :
1439 3166 1499 3213 et
1533 3156 1741 3212 idcirco
1767 3202 1782 3227 ,
1817 3157 1895 3212 ait
1939 3156 2100 3213 lleliu
2130 3173 2145 3211 :
2175 3138 2225 3205 C
2254 3158 2393 3215 dixit
2419 3156 2684 3223 animam,
2711 3168 2835 3226 qua;
2876 3149 3121 3207 viviﬁcat
3170 3146 3452 3203 hominem
3480 3188 3496 3213 ,
3527 3154 3588 3201 et
3623 3143 3811 3199 flatum
3834 3181 3849 3209 ,

623 3254 892 3311 Iudicium
915 3254 1163 3325 eligamus
1183 3251 1351 3318 nobis,
1374 3260 1424 3306 et
1445 3250 1579 3304 inter
1607 3265 1700 3304 nos
1730 3249 1994 3305 videamus
2023 3248 2152 3319 quid

545 3354 616 3409 sit
636 3352 840 3406 melius.
864 3348 920 3403 ld
954 3359 1038 3404 est
1064 3393 1077 3419 ,
1112 3346 1266 3416 prius
1290 3344 1653 3401 discutiamus
1676 3385 1692 3412 ,
1725 3353 2021 3415 antequam
2052 3342 2153 3399 lto-

550 3446 755 3505 minem
797 3444 1249 3498 condemnemus.

627 3542 764 3609 Quia
788 3538 923 3593 dixit
950 3534 1053 3591 Job
1084 3552 1103 3591 :
1124 3536 1300 3606 justus
1329 3548 1462 3586 sum.
1510 3530 1627 3586 Non
1655 3544 1963 3587 sermonem
2006 3529 2152 3587 hunc

551 3634 659 3691 Job
685 3632 840 3694 dixit,
860 3628 958 3683 sed
976 3627 1102 3681 dum
1126 3625 1358 3679 virtutes
1380 3621 1716 3692 justitiarunt
1742 3636 1963 3675 suarum
1995 3631 2154 3676 nctus

553 3727 708 3791 fecit,
732 3724 940 3794 justum
970 3715 1332 3789 proculdubio
1359 3730 1419 3769 se
1448 3729 1572 3770 esse
1616 3716 1963 3778 monstravit,
1990 3726 2152 3778 quem

552 3828 611 3877 et
643 3816 905 3874 Dominus
933 3813 1138 3883 justum
1172 3808 1289 3879 jam
1319 3808 1555 3864 dixerat.
1604 3806 1758 3877 Quod
1790 3806 1878 3862 hic
1906 3805 2105 3860 dicitur
2136 3822 2151 3861 :

626 3908 701 3966 Et
742 3907 883 3963 Deus
926 3904 1170 3958 subvertit
1208 3901 1474 3976 judicium
1512 3916 1702 3956 meum.
1754 3898 1822 3955 In
1860 3899 2155 3975 judicando

556 4005 697 4063 enim
725 4018 825 4067 me,
852 3997 1181 4054 mendacium
1209 4005 1307 4063 est,
1335 4005 1383 4050 et
1414 3996 1634 4050 uiolenta
1675 3995 1867 4066 sagitta
1891 4009 2006 4048 mea
2034 3993 2155 4048 abs-

555 4112 656 4171 que
676 4094 785 4150 ullo
808 4100 1037 4163 peccato.
1064 4088 1331 4145 Similiter
1352 4097 1408 4143 et
1431 4088 1535 4142 hoc
1556 4087 1733 4158 ipsum
1759 4102 1865 4142 non
1892 4085 2151 4154 legimus,

554 4188 655 4248 sed
687 4185 947 4255 scriptum
977 4190 1226 4239 tenemus
1254 4199 1269 4235 :
1304 4180 1443 4236 Viuit
1476 4179 1634 4243 Deus,
1662 4180 1748 4249 qui
1775 4179 1982 4233 abstulit
2001 4177 2155 4249 judi-

556 4282 697 4337 cium
723 4294 914 4333 meum.
943 4275 1276 4331 Subvertere
1303 4283 1486 4328 autem
1527 4270 1817 4340 judicium,
1846 4270 1913 4324 ad
1960 4268 2156 4340 iniqui-

558 4384 730 4432 tatem
760 4369 982 4442 reSpicit
1006 4368 1307 4440 judicantis
1335 4385 1349 4420 :
1378 4364 1675 4421 abstulisse
1702 4381 1832 4420 vero
1853 4363 2154 4434 judicium,

559 4467 619 4526 id
664 4474 750 4523 est
772 4505 787 4530 ,
818 4478 923 4534 pro
954 4472 1200 4532 tempore
1227 4459 1503 4515 distulisse
1528 4498 1544 4521 .
1593 4458 1659 4511 ad
1689 4457 2155 4529 dispensationem

2257 3251 2430 3322 ipsam
2461 3252 2787 3319 praesentem
2816 3242 3007 3309 vitam,
3033 3254 3152 3311 qua:
3173 3238 3498 3309 corporibus
3528 3234 3738 3290 nostris
3766 3246 3851 3303 per

2257 3342 2556 3401 anhelitum
2577 3356 2643 3396 ex
2678 3339 2781 3394 hoc
2809 3351 2940 3393 aere
2972 3334 3338 3391 ministratur.
3372 3331 3500 3388 "me
3533 3344 3674 3400 ergo
3704 3327 3849 3384 lleliu

2258 3439 2393 3494 dicit
2418 3435 2486 3493 ad
2528 3449 2591 3491 se
2620 3433 2839 3489 trahere
2881 3430 3051 3486 Deum
3077 3474 3094 3499 ,
3144 3443 3272 3485 cum
3315 3424 3498 3482 aufert
3535 3423 3849 3481 hominibus

2257 3532 2447 3595 vitam,
2473 3542 2635 3599 quam
2660 3526 2747 3583 eis
2774 3521 3014 3581 creando
3041 3520 3334 3577 tribuerat.
3363 3518 3603 3575 Possunt
3629 3531 3733 3587 per
3749 3514 3849 3585 spi-

2257 3626 2422 3681 ritum
2474 3618 2777 3694 prephetim
2825 3618 2947 3673 haec
2990 3615 3108 3672 loca
3154 3614 3228 3670 ita
3277 3611 3449 3669 videri
3478 3611 3755 3683 ﬁgurata,
3798 3614 3850 3663 ut

2260 3732 2406 3774 nunc
2434 3717 2488 3772 in
2517 3712 2739 3771 Christo
2767 3710 3170 3780 compleantur,
3195 3706 3417 3778 quando
3440 3702 3846 3774 dispensatione

2260 3811 2440 3868 carnis
2465 3816 2784 3878 assumpta),
2819 3804 2981 3860 Pater
3006 3799 3262 3858 eumdem
3298 3797 3503 3854 Filium
3534 3811 3734 3864 suum,
3763 3807 3848 3865 per

2259 3919 2421 3976 quem
2452 3900 2634 3957 omnia
2665 3897 2794 3954 fecit
2814 3938 2832 3967 ,
2863 3895 2933 3952 ad
2965 3895 3109 3951 hunc
3154 3891 3417 3949 mundum
3459 3904 3526 3946 ex
3558 3904 3663 3945 suo
3708 3900 3847 3945 eruc-

2262 4007 2438 4053 tatum
2476 3991 2645 4050 corde
2684 3988 2919 4059 direxit,
2964 3997 3025 4044 ut
3049 3986 3305 4057 spiritum
3336 3982 3456 4055 ejus
3483 3993 3540 4039 et
3567 3982 3761 4038 ﬁatttm
3787 3976 3844 4034 ad

2261 4105 2322 4146 se
2346 4088 2611 4152 traheret,
2643 4084 2696 4139 id
2725 4092 2833 4148 est,
2864 4091 2924 4136 ut
2952 4078 3197 4135 auferret
3219 4078 3289 4133 ab
3322 4091 3421 4144 eo,
3453 4090 3555 4146 per
3583 4072 3845 4130 humilita«

2263 4191 2373 4239 tem
2420 4178 2638 4245 crucis,
2688 4176 2985 4246 spiritum,
3019 4172 3071 4228 id
3102 4182 3186 4229 est
3212 4213 3228 4237 ,
3273 4169 3586 4242 superbiam
3633 4167 3846 4239 spiritus

2263 4273 2559 4332 mundialis
2606 4288 2619 4325 :
2662 4267 2851 4325 ﬂatum
2890 4281 3109 4338 quoque
3154 4262 3419 4320 tumentis
3460 4260 3708 4332 eloquii,
3750 4271 3842 4331 quo

2263 4368 2531 4424 anhelans
2552 4363 2889 4436 gloriabatur
2913 4362 2968 4417 in
2993 4359 3344 4417 sermonibus
3365 4356 3499 4412 suis.
3524 4356 3620 4413 Sic
3640 4366 3843 4427 quoque

2264 4462 2428 4518 homo
2459 4460 2513 4514 in
2536 4472 2599 4513 se
2626 4469 2883 4527 represso
2915 4462 3129 4508 tumore
3152 4451 3419 4507 deﬁceret
3442 4466 3456 4503 :
3478 4463 3543 4505 ac
3572 4458 3841 4504 revertens

551 4559 688 4632 justi
730 4555 929 4629 judicis
974 4555 1228 4626 pertinet.
1276 4553 1347 4609 Et
1391 4553 1750 4625 ntultt'plicarit
1789 4552 1999 4608 uulnera
2047 4533 2317 4612 meanin
2351 4554 2618 4625 seipsum,
2668 4554 3033 4618 cognosceret
3077 4558 3137 4600 se
3184 4552 3386 4599 terram
3434 4555 3561 4598 esse
3608 4550 3665 4599 et
3711 4540 3842 4596 cine-

557 4652 718 4708 etiam
741 4651 852 4705 sine
891 4664 1071 4703 causa.
1104 4647 1338 4703 Proinde
1369 4648 1472 4702 huc
1499 4646 1621 4701 loco
1651 4654 1934 4702 asserente
1967 4645 2150 4713 Heliu,

558 4744 651 4801 hic
680 4758 803 4800 esse
835 4756 1029 4797 sensus
1056 4740 1300 4805 videtur,
1333 4740 1476 4808 quod
1522 4752 1643 4793 cum
1685 4736 1791 4793 Job
1811 4735 1886 4791 ita
1913 4737 2115 4793 dixerit
2136 4775 2153 4800 ,

557 4838 755 4895 fefellit
782 4837 953 4892 Deum
977 4834 1243 4905 judicium
1272 4848 1475 4899 meum,
1508 4847 1618 4887 non
1646 4841 1799 4888 recte
1828 4842 1883 4886 et
1905 4845 2035 4886 vere
2061 4830 2154 4900 ju-

559 4932 764 4990 dicavit
788 4973 805 5000 ,
835 4942 889 4987 et
918 4930 1044 4987 ideo
1072 4945 1204 5001 erga
1232 4945 1318 4984 tne
1347 4928 1631 4983 mendacio
1656 4925 1854 4998 agitur.
1900 4926 2034 4991 Qum
2060 4939 2157 4980 au-

557 5033 668 5081 tem
694 5025 910 5081 locutus
953 5030 1041 5079 est
1067 5021 1191 5087 Job,
1224 5020 1396 5091 magis
1424 5021 1642 5075 incaute
1666 5059 1681 5085 ,
1711 5028 1768 5075 et
1815 5032 2157 5088 przesnntens

559 5120 629 5178 de
654 5119 861 5192 justitia
889 5119 986 5173 Dei
1017 5117 1225 5173 dixisse
1246 5114 1559 5173 credendus
1584 5122 1690 5170 est.
1741 5113 1976 5169 Proinde
2009 5113 2157 5184 juste

555 5217 609 5271 ei
652 5222 709 5269 et
747 5212 949 5269 merito
993 5210 1141 5266 Deus
1186 5210 1261 5264 ait
1297 5227 1313 5264 :
1346 5208 1546 5279 Utique
1596 5206 1690 5278 qui
1722 5208 1901 5277 arguit
1959 5209 2153 5276 Deum,

554 5306 721 5364 debet
750 5303 1090 5376 respondere
1120 5303 1169 5357 ei
1194 5320 1208 5357 :
1231 5302 1288 5357 in
1305 5303 1503 5372 quibus
1533 5302 1723 5373 utique
1743 5302 1929 5356 verbis
1952 5300 2045 5355 Dei
2077 5301 2159 5354 in-

561 5405 839 5466 crepatur.
878 5397 989 5451 Iloc
1018 5403 1279 5464 resonat,
1311 5394 1455 5465 quod
1488 5395 1677 5450 beatus
1705 5392 1811 5451 Job
1855 5410 1961 5448 non
2007 5401 2157 5449 recte

565 5489 746 5553 aliqua
771 5489 840 5542 sit
861 5489 1096 5552 locutus,
1116 5489 1210 5542 sed
1235 5487 1325 5556 qui
1348 5488 1551 5557 Optime
1575 5496 1821 5553 noverat,
1840 5487 1987 5558 quod
2016 5486 2155 5540 bona

564 5578 614 5630 in
643 5596 707 5631 eo
732 5577 959 5644 plurima
985 5588 1191 5643 essent,
1220 5579 1360 5633 unde
1389 5591 1443 5634 et
1470 5579 1547 5632 illi
1578 5580 1883 5649 placuerat,
1912 5578 2159 5633 eottccdit

563 5690 625 5722 «ιιι
652 5686 776 5737 qua:
800 5670 1186 5727 inttnodcratus
1213 5690 1339 5728 cum
1369 5674 1512 5745 loqui
1546 5677 1595 5728 in
1629 5679 1863 5729 suttttnis
1896 5674 2158 5743 angustiis

562 5760 727 5815 dolor
758 5762 1042 5828 compulit.

2259 4662 2417 4705 rem:
2445 4644 2534 4701 ttbi
2565 4640 2866 4698 secundum
2918 4637 3183 4694 moralem
3219 4634 3678 4705 intelligentiam,
3727 4627 3841 4688 illud

2258 4742 2328 4799 de
2371 4739 2581 4810 psalmo
2626 4735 2894 4791 sentimus
2934 4749 2948 4785 :
2995 4729 3068 4786 Et
3113 4732 3325 4801 auferes
3354 4728 3599 4802 spiritum
3636 4741 3840 4786 eorum.

2258 4844 2305 4892 et
2346 4834 2609 4905 deficient,
2661 4836 2709 4885 et
2754 4829 2812 4882 in
2856 4835 3054 4881 terram
3093 4840 3243 4879 suam
3284 4831 3665 4878 convertentur.
3702 4822 3841 4879 Post-

2258 4944 2323 4984 ea
2364 4941 2494 4997 ergo
2527 4938 2688 4996 quam
2734 4920 2804 4976 de
2843 4916 3185 4975 virtute‘Dei
3233 4924 3290 4972 et
3319 4914 3537 4987 justitia
3583 4910 3842 4987 praedictis

2260 5022 2474 5079 locutus
2515 5026 2626 5083 est,
2680 5014 2837 5072 lieliu
2885 5028 2948 5069 se
2985 5025 3206 5068 rursum
3246 5010 3313 5066 ad
3342 5008 3447 5065 Job
3481 5018 3837 5073 convertens,

2261 5116 2396 5172 dicit
2427 5132 2442 5171 :

2335 5212 2396 5266 Si
2427 5209 2580 5266 habes
2605 5224 2727 5282 ergo
2756 5205 3099 5271 intellectum,
3128 5203 3254 5258 audi
3288 5200 3431 5273 quod
3464 5200 3659 5256 dicitur
3686 5209 3735 5255 et
3766 5209 3839 5251 stt-

2259 5305 2428 5361 srulta
2449 5319 2618 5357 vocem
2644 5300 2832 5372 eloquii
2855 5298 2973 5353 mei.
2999 5295 3276 5368 Numquid
3302 5296 3390 5366 qui
3415 5310 3519 5349 non
3543 5303 3687 5347 amat
3706 5288 3839 5365 judi-

2263 5399 2423 5462 cium,
2456 5396 2634 5451 sanari
2654 5392 2865 5466 potest?
2891 5390 2958 5445 Et
2977 5389 3187 5461 quando
3218 5397 3274 5442 tu
3302 5403 3418 5443 eum
3443 5387 3533 5457 qui
3551 5389 3733 5459 justus
3756 5389 3837 5446 esi,

2260 5494 2518 5545 itttautum
2563 5486 2927 5542 condemnas?
2959 5485 3063 5550 Qui
3096 5482 3224 5537 dicit
3253 5481 3391 5553 regi,
3434 5488 3680 5550 apostata
3719 5470 3841 5546 :qtti

2262 5594 2406 5637 uocat
2438 5581 2593 5635 duces
2622 5580 2832 5650 intpios.
2882 5576 3229 5633 Manifesutm
3260 5584 3345 5629 est
3364 5615 3379 5638 ,
3408 5570 3625 5642 inquit,
3654 5572 3776 5643 quia
3803 5569 3839 5621 is

2262 5678 2354 5748 qui
2382 5676 2527 5746 juste
2549 5686 2605 5730 et
2632 5683 2780 5729 recte
2801 5671 3048 5744 judicare
3080 5688 3185 5726 non
3211 5669 3388 5740 diligit
3414 5685 3429 5722 :
3454 5684 3634 5739 neque
3662 5675 3843 5723 sanare

2264 5784 2295 5825 a
2314 5767 2463 5824 vitiis
2488 5768 2747 5834 animam,
2774 5780 2949 5838 nequc
2970 5761 3249 5834 corrigere
3274 5773 3602 5833 quemquam
3635 5762 3839 5828 potest:
