4026 6306
102 280 214 342 ’129

976 273 1452 338 COMMENTARII
1488 275 1558 337 ΙΝ
1599 277 1858 341 LIBRUM
1897 279 2040 342 JOB.
2081 281 2239 341 CAP.
2281 278 2541 342 XXXIV.‘

3297 278 3407 365 τδρ

107 412 163 456 et
195 397 470 471 quomodo
513 407 569 455 tu
612 407 834 455 sanator
872 412 932 454 es
972 399 1300 467 languorttm
1348 406 1658 454 nostrorum
1685 442 1701 468 ,
1731 401 1782 463 Α
1809 403 1877 456 ad
1906 420 2022 457 eum
2046 405 2319 459 clamorem
2360 406 2545 479 egeni,
2581 412 2633 462 et
2661 405 2866 463 audiret
2891 419 3065 462 vocem
3093 418 3402 479 pauperum.

108 496 203 566 qui
232 495 542 563 iniquitates
572 501 767 547 notare
799 491 1128 562 pra‘sumis?

185 588 290 654 Qui
330 604 433 642 non
474 587 668 654 accipit
707 601 951 657 personas
985 585 1310 656 principum,
1343 600 1436 639 nec
1471 584 1707 656 cognovit

107 691 428 752 tyrannum,
461 679 586 732 dum
620 679 932 749 disceptaret
984 685 1166 730 contra
1209 693 1510 749 pauperem.
1559 675 1705 747 Opus

109 777 250 831 enim
276 790 526 828 manuum
551 773 664 839 eius
691 780 812 826 sunt
831 772 1078 825 universi.
1105 771 1412 826 Secundum
1444 770 1704 841 mysticos

107 869 448 934 intellectus,
479 867 756 938 principes
775 866 861 921 isti
883 865 1228 932 Judaaorum,
1252 864 1457 921 Scriba?
1485 874 1539 920 et
1565 864 1706 919 Pha-

105 961 279 1030 risaei,
303 970 358 1015 et
380 958 697 1014 sacerdotes
728 969 958 1030 possunt
987 957 1212 1027 intelligi
1241 975 1254 1010 :
1278 972 1416 1026 quos
1447 957 1499 1011 in
1529 956 1707 1010 Evan-

108 1056 256 1126 gelio
289 1053 567 1124 increpat.
613 1052 929 1124 Tyrannum
968 1066 1100 1107 vero
1144 1049 1396 1106 eumdem
1443 1051 1702 1120 populum

109 1145 429 1202 Judaaorum
458 1187 472 1212 ,
504 1159 613 1198 non
647 1144 714 1199 ab
743 1159 804 1199 re
844 1159 967 1199 esse
1007 1144 1308 1200 sentiamus
1333 1186 1347 1210 ,
1379 1144 1469 1214 qui
1511 1152 1703 1200 contra

108 1251 314 1296 emtum
358 1249 673 1294 sanctorum
717 1238 1018 1304 Ecclesiae,
1060 1253 1358 1308 pauperem
1385 1279 1400 1302 ,
1438 1236 1702 1292 humilem

105 1333 325 1402 spiritu,
351 1330 650 1387 contritum
675 1331 866 1397 corde,
893 1331 1194 1401 rejiciendo
1217 1331 1378 1387 hodie
1397 1331 1700 1402 disceptat:

107 1426 250 1498 quod
285 1428 467 1483 facere
494 1435 552 1482 et
584 1437 830 1498 tempore
866 1428 1240 1497 apostolorum
1269 1442 1373 1482 non
1399 1428 1702 1495 desinebat,

107 1519 329 1591 quando
370 1535 470 1590 per
495 1535 687 1576 omnes
723 1521 978 1576 civitates
1017 1531 1204 1576 contra
1245 1535 1341 1576 eos
1395 1535 1605 1590 pugnas
1651 1530 1706 1577 et

107 1611 418 1668 seditiones
445 1613 658 1684 agebat.
692 1612 802 1668 Hos
835 1613 1000 1684 igitur
1031 1623 1088 1669 ut
1127 1611 1375 1668 inﬁdeles
1413 1621 1471 1668 et
1509 1615 1706 1684 impios

108 1706 377 1761 Dominus
425 1721 533 1761 non
581 1716 873 1778 cognoscet
914 1724 929 1762 :
968 1706 1276 1778 quibusque
1315 1706 1484 1762 etiam
1525 1706 1704 1761 mani-

1811 499 2016 554 Omues
2047 499 2190 554 enim
2221 513 2538 570 peccatores
2565 510 2622 557 et
2646 501 2796 572 impii
2827 510 3022 557 contra
3051 499 3278 554 inditum
3304 495 3407 550 sibi

1809 591 2013 647 bonum
2044 603 2254 648 naturre
2281 603 2484 664 agunt:
2513 594 2654 650 sicut
2680 592 2977 663 Apostolus
3004 593 3079 647 ait
3111 609 3125 646 :
3161 590 3261 657 Qui
3290 604 3406 643 cum

1813 683 2167 753 cognovissent
2202 682 2368 737 Deum
2396 727 2411 749 ,
2460 700 2561 739 non
2594 688 2728 739 sicut
2760 681 2930 738 Deum
2958 681 3404 755 gloriﬁcaverunt.

1809 772 1911 830 Ubi
1944 781 2126 828 autem
2157 784 2531 845 cognoverunt
2555 776 2754 842 Deum,
2809 775 2913 830 nisi
2947 772 3311 843 inspiratione
3352 778 3408 826 et

1805 865 2012 936 judicio
2040 867 2278 922 mentis?
2308 867 2413 924 Ubi
2444 883 2577 937 ergo
2607 866 2722 924 Deo
2752 866 2978 937 gloriam
3011 879 3163 921 suam
3192 861 3404 918 habue-

1808 968 1938 1015 runt
1962 961 2298 1029 contemptui
2335 979 2346 1014 :
2384 961 2478 1015 ubi
2507 961 2580 1015 ab
2606 975 2670 1016 ea
2701 969 2890 1016 contra
2930 975 3084 1015 suam
3111 955 3404 1014 conscien-

1810 1051 1940 1106 tiam
1975 1060 2364 1119 recessernnt,
2401 1067 2702 1124 omnesque
2726 1052 2844 1108 vias
2867 1050 3245 1107 mandatorum
3277 1049 3403 1118 Dei,

1808 1159 1944 1214 quas
1971 1144 2082 1200 suis
2108 1144 2372 1200 cordibus
2397 1144 2604 1200 habent
2631 1146 2923 1216 ingenitas,
2959 1159 3124 1200 nosse
3155 1155 3207 1199 et
3238 1142 3404 1199 intel~

1808 1236 1981 1307 ligere
2010 1237 2418 1300 detrectarunt,
2449 1251 2572 1292 cum
2606 1236 2926 1291 hominibus
2954 1249 3169 1308 quoque
3197 1235 3270 1289 ita
3298 1233 3398 1288 im-

1809 1328 1897 1400 pie
1939 1339 1994 1384 et
2020 1329 2222 1400 injuste
2270 1338 2527 1399 egerunt,
2559 1338 2619 1384 ut
2655 1329 2721 1384 ad
2750 1330 2917 1384 Deum
2955 1342 3254 1397 pauperum
3299 1340 3402 1396 op-

1809 1435 2124 1492 prcssorum
2169 1421 2379 1476 clamor
2423 1419 2759 1477 ascenderit.
2790 1419 2922 1477 Sive
2957 1419 3175 1475 Judzcos
3207 1418 3403 1488 impios

1807 1526 1974 1588 atque
2002 1516 2311 1572 incredulos
2360 1518 2629 1586 percussit
2659 1517 2804 1573 Deus
2842 1517 2896 1572 in
2930 1517 3051 1572 loco
3077 1515 3401 1582 videntium,

1808 1606 1863 1662 id
1893 1614 2000 1673 est,
2032 1608 2085 1662 in
2118 1607 2236 1679 lege
2265 1608 2501 1664 Mosaica
2531 1626 2544 1664 :
2580 1609 2671 1664 ubi
2699 1608 3002 1680 prophetat,
3035 1606 3127 1678 qui
3156 1605 3406 1662 videntes

1809 1697 1943 1754 dicti
1970 1708 2130 1764 sunt,
2163 1699 2493 1756 inhabitant.
2531 1699 2588 1756 ln
2633 1701 2750 1771 ipsa
2781 1700 2964 1771 itaque
3003 1713 3100 1770 spe
3133 1699 3266 1770 legis
3290 1742 3306 1766 ,
3352 1705 3408 1752 et

105 1800 250 1856 {este
276 1801 521 1856 dicturus
543 1809 627 1856 est
658 1819 672 1855 :
702 1798 823 1855 Non
843 1804 965 1855 novi
992 1817 1078 1855 ros
1098 1817 1116 1855 :
1137 1800 1384 1854 discedite
1406 1817 1438 1852 a
1460 1815 1562 1865 me,
1590 1817 1700 1854 om-
1734 1801 1783 1862 B
1812 1791 2206 1859 Promissorum
2247 1791 2646 1862 comp05itione
2668 1831 2685 1859 ,
2737 1800 3012 1861 tamquam
3069 1791 3120 1845 in
3170 1787 3407 1860 quadam

104 1910 197 1948 nes
222 1894 314 1964 qui
337 1894 624 1966 aperamini
644 1894 990 1964 iniquitatem.
1021 1893 1278 1962 Sequitur
1299 1892 1516 1949 dicente
1546 1894 1703 1950 Heliu

103 1985 173 2042 de
203 1985 313 2052 his,
345 1987 414 2042 de
443 1987 642 2056 quibus
669 1985 798 2042 dicit
827 1986 1080 2057 superius
1113 2004 1127 2041 :

179 2079 370 2135 Subito
402 2081 693 2135 morientur
717 2120 734 2146 ,
784 2090 831 2134 et
872 2081 928 2135 in
969 2082 1145 2136 media
1182 2090 1350 2137 nocte.
1384 2079 1704 2137 Secundum

103 2186 334 2227 sensum
363 2169 608 2242 Apostoli
640 2179 761 2238 est,
794 2170 884 2241 qui
916 2171 992 2226 ait
1022 2170 1168 2226 istud
1193 2171 1262 2226 de
1292 2170 1423 2226 ﬁliis
1455 2170 1705 2226 tenebra-

103 2276 252 2317 rum.
278 2258 414 2317 Cum
443 2259 587 2317 enim
610 2258 811 2316 dixerit
833 2273 939 2331 pax
963 2270 1019 2316 et
1042 2260 1330 2326 securitas,
1356 2271 1483 2316 tunc
1511 2277 1705 2330 repen-

101 2355 254 2411 tinus
285 2355 369 2411 eis
393 2353 745 2426 superveniet
770 2353 1043 2411 interitus.
1069 2354 1299 2411 Mediam
1325 2370 1458 2411 vero
1488 2365 1702 2412 noctem

103 2446 315 2503 dictam
356 2445 478 2502 ideo
514 2447 808 2512 existimo,
857 2461 926 2502 eo
963 2445 1106 2517 quod
1139 2447 1192 2501 in
1221 2446 1490 2518 profunda
1522 2449 1704 2504 cordis

103 2538 357 2595 czccitate
381 2538 572 2610 positi,
601 2539 956 2610 spiritualiter
988 2539 1311 2596 moriantur.

181 2630 557 2686 Turbabuntur
584 2633 805 2701 populi,
849 2642 896 2687 et
922 2634 1342 2704 pertransibunt,
1388 2643 1438 2690 et
1466 2635 1704 2707 auferent

103 2723 391 2778 violentum
424 2723 613 2794 absque
652 2741 832 2778 manu.
877 2723 1030 2778 Oculi
1069 2726 1209 2779 enim
1247 2727 1360 2797 ejus
1405 2743 1560 2796 super
1597 2729 1704 2782 vias

1807 1882 2103 1938 videntium
2127 1883 2272 1952 loco,
2301 1883 2450 1954 juste
2479 1884 2720 1955 percussi
2741 1899 2772 1939 a
2796 1884 2911 1939 Deo
2934 1892 3065 1939 sunt
3091 1901 3106 1940 :
3135 1882 3402 1938 intantom

1807 1986 1864 2031 ut
1892 1978 2069 2032 oratio
2087 1977 2254 2044 illius,
2274 1979 2364 2050 qui
2390 1989 2617 2050 propter
2639 1992 2738 2034 nos
2762 1992 2970 2050 pauper
2981 1978 3153 2033 lactus
3179 1985 3401 2033 estcum

1807 2079 1951 2124 esset
1983 2068 2135 2125 dives
2164 2110 2180 2136 ,
2226 2070 2549 2126 ascenderet
2578 2070 2645 2126 ad
2673 2070 2842 2127 Deum
2868 2085 2884 2128 :
2909 2067 3163 2142 Disperge
3187 2068 3307 2123 illos
3347 2068 3400 2123 in

1805 2163 1994 2216 virtute
2016 2173 2126 2218 tua.
2169 2161 2297 2219 Sive
2325 2164 2574 2220 viventes
2601 2172 2728 2219 sunt
2748 2177 2962 2228 omnes,
2991 2162 3083 2234 qui
3107 2162 3161 2217 in
3182 2158 3403 2216 Christo

1805 2271 1874 2311 ex
1906 2255 2008 2311 ﬁde
2035 2256 2226 2312 vivunt
2256 2274 2270 2312 :
2305 2257 2360 2312 in
2389 2256 2492 2313 hac
2523 2257 2666 2312 enim
2696 2271 2794 2328 spe
2820 2257 3010 2327 positi,
3058 2263 3240 2310 mente
3268 2267 3402 2308 con-

1810 2348 2143 2419 templantur
2172 2348 2410 2404 futuram
2433 2347 2848 2405 beatitudinem.
2868 2347 2926 2403 ln
2953 2347 3056 2402 hoc
3074 2345 3236 2418 igitur
3257 2345 3399 2412 loco,

1808 2444 1898 2500 ubi
1929 2444 2087 2515 quasi
2113 2443 2218 2499 ﬁde
2247 2450 2459 2500 stantes
2484 2452 2646 2510 sunt,
2697 2441 2917 2514 quidam
2949 2440 3052 2496 sub
3083 2439 3207 2495 ﬁdei
3239 2437 3403 2507 hujus

1809 2537 2107 2604 vocabulo,
2142 2537 2343 2594 habent
2371 2538 2613 2608 speciem
2643 2537 2867 2609 pietatis
2893 2553 2908 2592 :
2932 2535 3202 2590 virtutem
3225 2543 3409 2588 autem

1808 2632 1928 2702 ejus
1967 2639 2100 2686 sunt
2138 2632 2498 2702 abnegantes.
2535 2631 2600 2686 ili
2633 2631 2737 2702 ipsi
2771 2630 2936 2702 igitur
2959 2668 2978 2694 ,
3021 2628 3113 2698 qui
3159 2621 3406 2681 haeretici

1810 2723 2200 2794 intelliguntur
2219 2765 2236 2790 ,
2270 2726 2324 2780 in
2350 2729 2476 2780 loco
2507 2724 2601 2778 Dei
2631 2723 2773 2779 male
2803 2732 3042 2788 stantes,
3072 2735 3100 2774 a
3135 2720 3252 2775 lico
3277 2733 3408 2789 per-

106 2822 380 2874 Iwminum
403 2835 422 2875 :
444 2829 492 2875 et
519 2837 692 2875 omnes
713 2837 918 2893 gressus
941 2837 1120 2875 eorum
1150 2822 1468 2876 considerat.
1499 2823 1708 2878 Secun-
1802 2822 2122 2886 cutiuntur,
2154 2820 2426 2889 apostolis
2457 2829 2512 2876 et
2543 2818 2922 2874 Ecclesiarum
2956 2815 3280 2872 doctoribus
3299 2855 3314 2883 ,
3346 2811 3404 2869 id

103 2912 239 2967 dum
269 2911 620 2967 Psalmistam
647 2929 661 2966 :
693 2911 823 2966 Cum
852 2914 1040 2968 viderit
1066 2956 1080 2980 ,
1124 2911 1342 2983 inquit,
1379 2917 1559 2986 justus
1586 2915 1705 2968 vin-

102 3005 307 3058 dictam
340 3003 621 3072 impiorum
646 3044 662 3072 ,
708 3005 1025 3076 exemplum
1071 3005 1324 3062 videlicet
1361 3014 1705 3074 peccatorum

102 3091 396 3148 hominum
428 3094 861 3162 pertimescens,
896 3111 1084 3148 manus
1113 3110 1234 3150 suas
1272 3094 1464 3149 lavabit
1491 3097 1549 3151 in
1578 3115 1705 3152 san-

101 3187 266 3258 guine
291 3185 600 3256 peccatoris.
645 3184 759 3242 Hoc
798 3186 962 3258 igitur
1002 3188 1168 3243 modo
1212 3189 1576 3246 turbabuntur
1605 3207 1701 3260 po-
1733 3189 1780 3255 C

104 3276 262 3347 puli,
309 3291 415 3347 qua
446 3278 859 3347 perturbatione
887 3288 1093 3335 terram
1119 3280 1439 3337 sensibilem
1473 3283 1708 3355 legimus

103 3369 494 3424 conturbatum
531 3386 545 3425 :
585 3370 726 3426 sicut
767 3372 1033 3442 propheta
1064 3374 1141 3430 ait
1170 3374 1237 3430 ad
1269 3376 1436 3431 Deum
1485 3393 1501 3430 :
1548 3376 1705 3432 Com-

103 3464 319 3518 movisti
347 3473 562 3528 terram,
595 3474 643 3520 et
667 3467 992 3522 conturbasti
1020 3485 1131 3523 eam
1162 3485 1181 3524 :
1207 3487 1336 3526 sana
1365 3472 1706 3529 contritiones

103 3557 223 3628 ejus
252 3555 379 3626 quia
406 3563 547 3610 mota
575 3565 672 3611 est.
718 3556 812 3614 Sic
851 3560 998 3614 enim
1033 3561 1188 3631 quasi
1212 3561 1344 3617 boui
1375 3563 1615 3620 viatores
1641 3565 1710 3621 ad

103 3648 350 3703 futurum
380 3649 643 3705 sacculum
672 3650 1128 3720 pertransibunt,
1158 3653 1250 3709 ubi
1285 3654 1440 3710 locus
1470 3672 1574 3711 non
1606 3658 1711 3713 erit

105 3739 284 3810 impio
317 3757 331 3795 :
362 3740 526 3797 aliter
554 3742 762 3798 nullum
794 3743 1018 3799 habebit
1048 3745 1378 3816 adjutorium
1411 3747 1706 3815 violentus,

105 3848 219 3904 quo
241 3831 465 3889 defendi
498 3833 585 3889 vel
625 3837 742 3891 erui
769 3837 992 3907 possita
1018 3839 1462 3910 pertrahentibus
1492 3858 1614 3898 eum
1638 3843 1710 3899 ad

102 3927 436 3996 supplicium
463 3929 679 3986 mortis.

182 4021 311 4077 Non
336 4031 456 4076 sunt
480 4024 723 4092 tenebris,
745 4032 791 4080 et
810 4040 918 4080 non
944 4034 1022 4082 est
1050 4027 1234 4083 umbra
1260 4032 1440 4086 mortis
1462 4049 1481 4087 :
1507 4041 1564 4087 ut
1588 4035 1711 4089 abs-

112 4109 414 4164 condantur
449 4110 522 4163 ibi
558 4111 646 4181 qui
675 4123 960 4181 operantur
986 4115 1333 4183 iniquitatem.
1369 4119 1496 4175 Sive
1527 4132 1582 4175 ut
1614 4123 1709 4179 alii

103 4202 370 4258 dixerunt
401 4203 452 4258 iu
484 4202 591 4259 ﬁne
623 4205 783 4276 hujus
806 4208 1060 4263 versiculi
1090 4249 1104 4272 ,
1150 4220 1210 4265 ut
1240 4211 1457 4267 latitent
1502 4215 1591 4284 qui
1625 4215 1710 4269 la-

102 4297 264 4352 ciunt
290 4296 654 4366 iniquitatem.
693 4300 854 4368 Quod
897 4311 1186 4374 utrumque
1228 4306 1533 4362 secundum
1577 4309 1706 4365 illud

103 4388 420 4444 Psalmistae
449 4404 670 4446 sensum
692 4404 799 4457 εει,
827 4393 898 4447 ita
922 4393 1189 4450 dicentis:
1222 4395 1336 4463 Quo
1358 4399 1440 4453 ibo
1462 4416 1493 4452 a
1515 4400 1708 4470 spiritu

100 4492 226 4544 tuo.
261 4488 312 4535 et
339 4499 372 4535 a
402 4483 534 4553 facie
558 4491 648 4536 tua
678 4499 780 4555 quo
808 4485 1046 4556 fugiam?

1809 2922 1917 2982 est,
1944 2912 2285 2984 pauperibus
2335 2909 2540 2967 Christi
2572 2919 2764 2967 contra
2798 2924 2892 2966 eos
2922 2906 3309 2965 resistentibus
3352 2913 3410 2962 et

1810 3007 1878 3063 ad
1910 3006 2081 3061 Deum
2112 3004 2506 3062 clamantibus.

1817 3150 1825 3158 '
1884 3144 2012 3217 Ipso
2043 3145 2176 3200 enim
2203 3145 2511 3200 concedente
2539 3159 2752 3216 pacem,
2783 3141 2898 3211 quis
2929 3147 3000 3194 est
3029 3139 3117 3211 qui
3144 3137 3394 3193 condem-

1813 3240 1933 3294 net?
1960 3237 2236 3309 Propheta
2277 3238 2351 3292 ait
2381 3236 2450 3290 ad
2481 3235 2742 3306 populum
2776 3251 2790 3290 :
2839 3233 2998 3288 Orate
3028 3249 3123 3302 pro
3151 3231 3253 3285 vita
3287 3229 3400 3284 Na-

1810 3330 2228 3400 buchodonosor,
2261 3337 2317 3382 ut
2339 3327 2483 3382 illius
2509 3342 2636 3400 pace
2659 3326 2725 3381 sit
2747 3341 2852 3396 pax
2871 3325 3033 3378 vobis.
3059 3323 3191 3378 Sive
3215 3335 3405 3392 pacem

1811 3421 2076 3480 Ecclesire
2103 3463 2119 3490 ,
2165 3431 2221 3476 et
2260 3421 2496 3490 quietem
2551 3422 2667 3490 ipse
2710 3415 2998 3483 concedit,
3040 3413 3263 3486 quando
3288 3426 3398 3470 non

1810 3525 2042 3588 surgunt
2075 3516 2342 3572 adversus
2381 3529 2502 3571 cam
2544 3527 2742 3585 pugnat
2779 3510 3259 3584 persecutionum,
3291 3507 3409 3563 sive

1810 3609 2028 3680 quando
2049 3607 2374 3664 ltazreticoru
2385 3624 2434 3662 ιιι
2461 3607 2612 3675 lites,
2633 3614 2689 3662 et
2710 3603 2972 3661 scandala
2990 3600 3406 3674 conquiescunt.

1809 3701 1922 3758 Nec
1950 3717 2059 3758 non
2089 3709 2282 3756 contra
2315 3701 2572 3756 vitiorum
2603 3699 2748 3756 bella
2769 3740 2785 3764 ,
2826 3697 3030 3769 quietis
3066 3706 3122 3752 et
3148 3696 3297 3766 pacis
3337 3694 3413 3750 si-

1812 3795 2041 3852 lentium
2085 3796 2204 3866 ipse
2233 3794 2404 3850 donat
2437 3811 2450 3849 :
2495 3791 2720 3866 quando
2750 3792 2983 3848 devictis
3009 3788 3089 3845 eis
3118 3834 3132 3858 ,
3179 3797 3236 3844 et
3264 3786 3415 3843 velut

1813 3885 2100 3942 acerrimis
2133 3886 2386 3941 hostibus
2417 3883 2787 3956 expugnatis,
2836 3898 2940 3954 pax
2986 3881 3048 3937 ﬁt
3091 3881 3145 3937 in
3189 3878 3413 3935 homine

1811 3995 2025 4037 summa
2055 3981 2342 4041 virtutum.
2385 3979 2541 4048 Quod
2570 3988 2752 4036 autem
2783 3978 2860 4034 ait
2887 3993 2902 4033 :

1884 4095 1970 4152 Ea:
1994 4113 2096 4169 quo
2122 4095 2448 4151 absconderit
2470 4095 2670 4150 vultum
2690 4135 2705 4160 ,
2733 4094 2848 4164 quis
2873 4101 2948 4148 est
2974 4092 3063 4163 qui
3097 4089 3413 4161 contemple-

1813 4201 1896 4248 tur
1924 4209 2041 4247 eum
2067 4193 2092 4247 ?
2133 4189 2200 4245 Et
2238 4207 2394 4264 super
2423 4199 2596 4261 gentes
2625 4231 2641 4257 ,
2684 4198 2734 4244 et
2761 4204 2914 4261 super
2946 4203 3122 4242 omnes
3151 4185 3410 4240 homines.

1813 4285 1927 4342 Hoc
1955 4298 2060 4355 est,
2089 4287 2235 4358 quod
2265 4285 2371 4340 nisi
2394 4285 2511 4355 ipse
2531 4284 2791 4356 dignatus
2812 4283 2982 4339 fuerit
3004 4295 3065 4337 se
3088 4278 3298 4336 homini
3325 4293 3414 4333 re-

1813 4380 1994 4433 velare
2029 4396 2042 4432 :
2074 4379 2199 4449 quis
2228 4376 2426 4448 estqui
2456 4379 2629 4448 possit
2649 4391 2780 4432 eum
2809 4375 2928 4430 suis
2946 4374 3154 4428 viribus
3182 4370 3408 4438 intueri,

1810 4471 1901 4526 vel
1927 4471 2328 4541 perscrutanda
2358 4471 2425 4524 ad
2459 4469 2798 4540 majestatem
2819 4467 2940 4538 ejus
2962 4463 3265 4522 accedere?

177 4572 370 4645 Neque
399 4575 535 4628 enim
561 4575 700 4629 ultra
722 4576 777 4629 in
802 4574 1030 4632 hominis
1054 4587 1305 4649 potestate
1328 4589 1424 4643 est,
1455 4589 1511 4634 ut
1539 4583 1710 4637 veniat
1736 4586 1789 4647 D
1889 4585 1992 4654 Qui
2016 4601 2233 4655 regnare
2263 4585 2388 4655 facit
2416 4583 2676 4638 hominem
2707 4581 3032 4652 hypocritam
3056 4585 3270 4651 propter
3291 4592 3413 4650 pec-

98 4670 171 4723 ad
196 4666 372 4722 Deum
399 4669 453 4723 in
470 4670 758 4741 judicium.
793 4671 848 4726 ld
869 4680 972 4736 est,
1003 4675 1047 4727 si
1074 4673 1336 4729 habuerit
1357 4675 1410 4729 in
1435 4687 1710 4746 potestate

99 4774 161 4820 ut
185 4763 400 4831 veniat,
429 4773 612 4835 potest
643 4764 845 4821 habere
879 4775 936 4820 ιιι
962 4783 1070 4821 non
1102 4768 1308 4823 veniat.

176 4854 425 4911 Conteret
455 4855 643 4910 multos
667 4898 684 4922 ,
723 4865 773 4911 et
809 4857 1214 4914 innumerabiles
1236 4899 1252 4924 ,
1295 4870 1345 4914 et
1385 4868 1530 4915 stare
1557 4863 1712 4932 faciet

97 4952 241 5007 alios
267 4966 364 5020 pro
391 4950 484 5006 eis.
520 4949 590 5006 Ut
615 4949 684 5006 de
711 4950 833 5006 Heli
863 4953 1152 5008 sacerdote
1179 4963 1236 5007 et
1267 4953 1547 5026 Samucle,
1575 4955 1707 5013 Saul

99 5055 159 5103 et
185 5043 379 5112 David,
409 5041 725 5099 Iudaeorum
749 5045 948 5114 populo
972 5053 1027 5099 et
1053 5045 1318 5116 gentium.

177 5136 236 5192 Ν
240 5137 345 5191 ovit
359 5137 499 5191 enim
515 5153 670 5205 opera
697 5152 895 5203 eorum,
911 5147 958 5192 et
977 5137 1172 5192 idcirco
1188 5139 1396 5194 inducet
1421 5150 1646 5208 noctem,
1663 5152 1712 5198 et

106 5238 465 5285 conterentur.
497 5228 659 5294 Quasi
688 5230 875 5300 impios
913 5232 1167 5299 percussit
1195 5248 1281 5286 eos
1308 5233 1362 5285 in
1393 5233 1504 5286 loco
1534 5235 1712 5289 viden-

108 5325 261 5380 tium.
286 5323 399 5380 Sub
423 5321 506 5377 his
528 5336 744 5392 quoque
775 5322 955 5377 verbis
984 5323 1138 5378 lleliu
1171 5323 1513 5394 signiﬁcasse
1535 5328 1712 5395 potuit

106 5417 176 5473 ob
202 5415 400 5472 merita
423 5430 520 5469 sua
542 5413 763 5470 Judtcos
787 5427 946 5470 nocte
969 5415 1305 5470 inﬁdelitatis
1327 5418 1704 5483 excaecandos,

107 5523 164 5568 ιιι
185 5518 616 5566 conteranturet
633 5507 1011 5575 humiliantur,
1035 5510 1176 5563 sicut
1196 5511 1456 5580 pr0pheta
1485 5520 1537 5564 et
1564 5510 1709 5578 Apo-

107 5603 283 5660 stolus
313 5602 386 5657 ait
413 5617 430 5657 :
463 5600 615 5654 Dedit
647 5600 756 5655 illis
788 5600 927 5655 Deus
952 5602 1192 5672 spiritunt
1227 5602 1657 5674 compunctionis.

185 5697 286 5763 Qui
317 5697 466 5766 quasi
497 5695 561 5749 de
589 5695 850 5748 industria
887 5704 1203 5749 recesserunt
1233 5694 1296 5748 ab
1328 5711 1385 5749 eo
1410 5739 1424 5764 ,
1456 5703 1503 5749 et
1535 5712 1709 5752 omnes

111 5791 218 5846 vias
247 5791 362 5863 ejus
386 5787 679 5862 intelligere
708 5786 1028 5856 noluerunt,
1071 5797 1128 5844 ut
1163 5789 1428 5866 pervenire
1473 5791 1702 5864 facerent

1816 4691 1932 4736 cata
1955 4680 2155 4752 populi.
2187 4678 2344 4746 Quod
2378 4677 2676 4733 manifeste
2707 4676 2758 4729 in
2784 4675 2948 4730 Saule
2980 4687 3106 4744 rege
3136 4671 3412 4742 apparuit,

1819 4783 1875 4831 et
1898 4774 2045 4828 sicut
2067 4771 2328 4827 Dominus
2352 4771 2428 4826 ait
2455 4770 2739 4841 :Auferam
2761 4768 2826 4823 de
2845 4766 3138 4822 Jerusalem
3153 4765 3410 4836 judicem,

1815 4877 1864 4923 et
1893 4864 2222 4939 prapltetam,
2254 4871 2303 4919 et
2329 4864 2643 4930 sapientem,
2678 4870 2725 4915 et
2756 4859 3116 4916 consiliarium
3151 4873 3170 4912 :
3201 4863 3250 4911 et
3279 4855 3414 4910 dabo

1814 4976 2004 5034 pueros
2030 4959 2289 5031 principes
2314 4972 2494 5011 eorum
2525 4997 2541 5020 ,
2588 4964 2635 5009 et
2680 4952 2966 5020 effeminati
3009 4949 3414 5004 dominabuntur

1815 5054 1909 5108 eis.
1958 5051 2026 5106 Et
2073 5048 2585 5106 Nabuchodonosor
2614 5045 2762 5116 justo
2801 5041 3008 5112 judicio
3039 5040 3135 5096 Ιιεί
3165 5083 3180 5106 ,
3233 5039 3404 5095 multa

1814 5159 1983 5216 regna
2011 5188 2026 5212 ,
2082 5150 2140 5200 et
2180 5141 2448 5212 plurimas
2491 5139 2746 5194 nationes
2785 5137 3018 5206 accepit.
3070 5134 3302 5198 Potest,
3357 5141 3415 5189 et

1815 5236 2065 5292 diabolus
2109 5236 2271 5289 homo
2314 5234 2424 5289 iste
2465 5230 2736 5303 intelligi,
2770 5229 2883 5300 qtti,
2914 5227 3128 5300 perdita
3158 5225 3410 5296 angelica

1817 5328 2110 5400 dignitate,
2145 5324 2384 5381 hominis
2415 5339 2614 5380 nomen
2645 5323 2871 5378 sortitus
2901 5329 2988 5378 est
3018 5338 3034 5375 :
3060 5319 3130 5376 de
3163 5335 3272 5390 quo
3307 5319 3413 5376 Do-

1816 5424 1998 5478 minus
2039 5422 2117 5476 ait
2161 5422 2216 5476 in
2254 5419 2552 5489 Evangelio
2605 5435 2620 5474 :
2667 5416 2923 5472 Inimicus
2955 5416 3107 5472 homo
3139 5414 3236 5469 hoc
3267 5414 3408 5484 fecit.

1819 5515 2111 5589 llypocrita
2144 5529 2276 5569 vero
2318 5522 2373 5568 et
2411 5512 2698 5568 simulator
2747 5510 2872 5566 ideo
2923 5522 3007 5565 est
3050 5507 3357 5581 appellatus
3384 5547 3403 5576 ,

1811 5612 2069 5682 quoniam
2105 5609 2456 5677 transﬁgurat
2481 5620 2540 5660 se
2572 5606 2623 5660 in
2652 5605 2902 5676 angelum
2933 5603 3067 5659 lucis
3091 5621 3104 5657 :
3131 5618 3254 5658 cum
3284 5603 3403 5673 ipse

1811 5703 1991 5775 potius
2021 5710 2210 5756 auctor
2233 5702 2303 5754 sit
2333 5699 2700 5765 tenebrarum,
2726 5697 2780 5754 id
2803 5704 2907 5767 est,
2932 5697 3175 5753 omnium
3206 5695 3394 5752 crimi-

1809 5809 1938 5853 num
1965 5802 2021 5852 et
2047 5801 2401 5867 peccatorum
2431 5792 2705 5850 inventor.
