4026 6314
110 398 229 462 7'53

1658 300 1755 315 .nﬂ
1814 297 1844 311 η
1896 302 1903 309 ¹
1948 302 2132 317 “-”¹ίῆτ·““
2172 304 2251 333 ίτν
2310 304 2345 315 ι.

959 345 1472 471 ίροΜΜεΝτΑιιιι
1513 392 1580 452 lN
1620 393 1705 452 ιιι

1821 392 1886 455 [Μ
1926 393 2068 453 JOB.
2110 395 2271 457 CAP.
2310 342 2599 457 ὶχχγιη-
2650 440 2678 451 .,
2734 436 2747 451 κ
2814 444 2823 451 .

3328 298 3435 319 ὀρ

3329 332 3374 351 ..Ω

3266 394 3435 467 .73‘

2900 424 3047 457 η’ρῙ-,υἳ
3074 422 3087 437 ν
3146 434 3235 457 ’,ιαμ

109 523 364 588 quatuor
394 514 615 587 vigilias
640 512 950 578 distributa,
981 519 1036 566 ut
1062 528 1093 568 a
1116 510 1384 582 principio
1406 513 1594 566 mundi
1616 529 1708 569 us-
1735 512 1790 570 A
1886 508 2043 564 Nunc
2074 511 2215 565 enim
2248 527 2351 565 non
2375 513 2535 583 infert
2558 516 2784 582 furorem
2815 529 2969 568 suum
2998 530 3009 569 ;
3038 528 3131 567 nec
3164 512 3431 567 ulciscitur

113 627 229 681 que
273 610 346 664 ad
386 609 667 665 Christum
702 608 985 663 Dominum
1027 614 1270 661 nostrum
1318 606 1456 662 hanc
1502 617 1717 665 noctem

109 703 407 768 dicamus,
432 710 496 757 ut
514 701 585 755 sit
610 700 780 770 prima
804 699 983 770 vigilia
1003 700 1179 754 noctis
1201 698 1380 768 hujus,
1409 700 1525 768 ipte
1551 702 1719 756 Adam

107 794 341 866 primus
362 835 376 858 ,
409 802 465 849 et
494 804 651 865 pater
679 791 959 846 hominum
996 807 1011 845 :
1044 807 1139 861 per
1163 791 1322 861 cujus
1351 791 1717 848 conditionem

101 886 350 959 evigilet
374 888 593 941 animus
624 885 901 941 humanus
920 926 936 951 ,
964 894 1025 939 ut
1052 883 1237 939 credat
1262 894 1572 941 creatorem
1603 902 1721 941 om-

102 984 272 1038 nium
309 996 500 1037 rerum
531 982 720 1035 Deum.
753 978 1003 1036 Secunda
1029 994 1159 1033 vero
1181 978 1363 1049 vigilia
1387 979 1460 1033 sit
1480 988 1722 1048 tempore

96 1076 254 1146 Noe,
308 1091 421 1148 quo
466 1075 808 1145 naufragium
830 1072 1016 1129 mundi
1040 1073 1241 1128 factum
1264 1074 1355 1137 sit,
1385 1082 1445 1129 ut
1464 1074 1721 1145 evigilent

99 1170 370 1225 homines
393 1211 410 1236 ,
452 1184 523 1225 ne
562 1177 618 1222 ct
645 1167 751 1238 ipsi
784 1168 1080 1223 intereant.
1112 1167 1295 1222 Tertia
1324 1175 1504 1222 autem
1537 1169 1716 1239 vigilia

97 1263 293 1319 sancti
328 1262 566 1319 Abrahae
604 1260 943 1332 temporibus
977 1259 1246 1314 habeatur
1270 1300 1285 1325 ,
1316 1275 1416 1329 per
1441 1275 1599 1328 quem
1628 1276 1720 1316 co-

102 1364 354 1427 gnoscat
383 1355 642 1419 mundus,
671 1353 1128 1426 quemadmodum
1160 1354 1230 1407 sit
1255 1354 1362 1409 fide
1380 1355 1677 1411 vivendum
1700 1398 1715 1422 ,

104 1457 167 1503 et
204 1448 327 1503 Deo
346 1446 693 1518 placendum.
727 1446 927 1514 Quarta
957 1461 1086 1500 vero
1117 1444 1298 1516 vigilia
1323 1447 1555 1502 sitcirca
1582 1458 1716 1503 tem-

97 1554 244 1611 pora
278 1538 693 1610 prophetarum,
729 1539 818 1609 qui
844 1552 1061 1592 aurorae
1082 1547 1138 1593 et
1165 1538 1355 1593 lumini
1378 1538 1485 1595 diei
1514 1555 1714 1611 appro-

94 1634 437 1707 pinquantis
483 1630 774 1689 viciniores
848 1632 1111 1700 fuerunt,
1167 1633 1367 1703 quique
1422 1633 1472 1687 in
1532 1634 1712 1704 ipsum

93 1728 394 1784 Christum
428 1726 733 1798 proximum
761 1726 866 1782 sibi
887 1725 1031 1780 diem
1071 1740 1212 1796 pene
1242 1726 1472 1781 electam
1497 1739 1711 1782 noctem

96 1818 237 1874 ﬁdei
270 1820 448 1874 oculis
475 1816 849 1874 intendebant.
876 1816 939 1872 ln
967 1816 1069 1872 hac
1095 1817 1263 1886 igitur
1286 1827 1445 1872 noete
1478 1833 1573 1887 per
1600 1820 1712 1873 εἰη·-
1768 1812 1781 1823 ’

1826 603 1996 656 scelus
2012 602 2455 671 ualdeQuoniam
2474 603 2835 674 igitm'Statuit
2849 604 3017 672 diem,
3036 606 3087 659 in
3102 604 3433 675 quojndicel

1826 694 1894 751 de
1931 697 2063 751 orbe
2094 703 2381 760 terrarum,
2416 698 2705 753 idcirco’in
2731 698 3426 767 tmctemporevindictam

1822 786 2057 858 justitize
2078 804 2196 843 sua:
2224 805 2335 844 non
2368 790 2697 859 generaliter
2723 799 2970 846 exercet.
3004 790 3073 845 Et
3094 836 3101 845 .
3119 790 3222 846 hoc
3249 798 3425 845 totum

1825 880 1879 936 in
1906 883 2389 950 CXpl‘Obl’Iilitillelli
2420 884 2592 937 sancti
2622 883 2724 937 Joh
2752 884 3024 955 loquitur,
3058 898 3221 956 quem
3270 887 3424 942 velut

1823 988 1977 1029 reum
2007 974 2295 1031 criminum
2348 976 2399 1029 in
2432 976 2534 1029 hoc
2564 975 2765 1030 malum
2796 980 3102 1046 pinnarum;
3154 978 3249 1032 Dei
3293 991 3421 1033 sen-

1822 1066 1988 1121 tentia
2021 1082 2117 1135 pro
2152 1076 2301 1135 parte
2328 1067 2678 1122 condemnat.
2729 1065 2881 1125 Unde
2919 1069 3114 1124 scribit
3143 1069 3276 1135 ,ctti
3330 1084 3422 1125 re;-

1820 1167 1965 1214 stent
2022 1159 2293 1230 plurim,
2340 1175 2463 1232 qua:
2491 1160 2669 1217 adhuc
2716 1161 2791 1217 sit
2828 1162 3170 1232 postmodum
3226 1160 3418 1238 recep-

1819 1262 1998 1309 1111³118.
2849 1272 2909 1281 “’
2984 1274 2991 1277 ⁷
3064 1274 3069 1281 ’
3206 1264 3245 1279 ”
3394 1274 3399 1279 ’

1893 1344 2036 1416 Ergo
2053 1344 2157 1400 Job
2184 1350 2381 1415 frustra
2403 1346 2584 1418 aperit.
2608 1362 2667 1399 os
2704 1362 2881 1415 suum,
2910 1355 2972 1401 et
2991 1348 3182 1417 absque
3204 1349 3420 1405 scientia

1814 1437 1971 1491 verba
1994 1437 2326 1507 multiplicat.
2352 1438 2509 1493 Juxta
2550 1438 2665 1494 lnec
2692 1438 3005 1494 convictum
3026 1451 3285 1495 sanctum
3313 1439 3419 1495 Job

1816 1528 1970 1584 lleliu
2003 1530 2320 1600 arbitratur,
2354 1540 2410 1586 et
2455 1531 2687 1601 quadam
2714 1531 3002 1586 verborum
3033 1534 3247 1587 ratione
3275 1545 3408 1587 con-6

1816 1627 2052 1682 clusum.
2832 1650 2841 1655 -

2352 1698 2584 1755 CAPUT
2625 1698 2873 1755 XXXVI.

1884 1815 2096 1869 Alidem
2125 1830 2324 1886 quoque
2358 1814 2515 1869 Helia
2555 1814 2899 1871 hwc'loctttus
2914 1814 2997 1871 'e'st
3024 1834 3042 1870 :
3070 1816 3285 1872 Sustine
3336 1824 3420 1872 me

93 1905 228 1983 Sd“
280 1918 541 1981 tempora.
573 1910 962 1981 pradictorum
989 1955 1003 1980 ,
1045 1910 1160 1966 sive
1204 1911 1510 1981 propheliis
1535 1951 1549 1975 ,
1593 1906 1706 1967 sive
1742 1894 1784 1953 Β
1812 1907 2082 1976 paululum
2109 1918 2160 1963 et
2191 1908 2435 1962 indicabo
2459 1908 2571 1962 tibi.
2598 1909 2786 1964 Adhuc
2811 1911 2949 1963 enim
2978 1910 3139 1964 habet!
3161 1910 3303 1981 quod
3322 1918 3417 1981 p'rl)

95 2002 601 2074 signiﬁcationibus
623 2042 640 2069 ,
683 2001 751 2057 de
786 2001 1009 2058 Christo
1040 2002 1159 2057 laeta
1202 2002 1511 2073 gandioqtte
1540 2004 1715 2074 plena

99 2095 478 2166 prmnuntiata
505 2100 652 2149 sunt.
690 2095 931 2165 Itemque
961 2094 1027 2148 ad
1056 2095 1204 2149 illam
1233 2096 1715 2163 comparationem

101 2187 313 2243 futurae
342 2186 694 2243 revelationis
719 2187 954 2242 ﬁliorum
986 2185 1079 2243 Dei
1105 2227 1121 2253 ,
1151 2187 1241 2242 ubi
1270 2188 1497 2258 gloriam
1519 2188 1709 2246 interni

100 2282 258 2338 illius
297 2281 405 2338 diei
435 2283 746 2353 percepturi
786 2290 913 2337 sunt
936 2323 951 2349 ,
1000 2292 1056 2339 et
1107 2283 1161 2337 in
1190 2298 1251 2337 re
1277 2283 1391 2353 ipsa
1421 2282 1711 2339 beatitudi-

104 2390 234 2431 nem
267 2376 575 2445 possessuri
609 2393 621 2429 :
654 2386 761 2429 nox
792 2384 878 2432 est
906 2390 1149 2445 prasens
1168 2377 1289 2432 hcce
1316 2376 1448 2443 vita,
1478 2378 1564 2432 cui
1592 2376 1711 2431 fru-Y

103 2481 233 2528 etus
263 2470 350 2525 sui
380 2470 433 2524 in
460 2468 699 2525 futurum
728 2469 1035 2526 absconditi
1061 2480 1187 2525 sunt
1213 2513 1229 2539 ,
1276 2481 1331 2526 et
1377 2471 1503 2527 ideo
1531 2469 1710 2527 adhuc

106 2577 218 2618 nox
246 2572 367 2629 est,
400 2562 522 2633 quia
554 2562 791 2619 nondum
814 2561 967 2618 vides
987 2563 1137 2635 quod
1155 2578 1365 2634 speras.
1393 2563 1633 2620 Proinde
1654 2564 1709 2618 in

106 2654 213 2712 hac
249 2665 414 2711 nocte
444 2656 884 2728 exspectationis,
918 2655 1100 2727 hymni
1133 2664 1188 2712 et
1213 2657 1419 2712 cantica
1450 2654 1704 2726 Scriptu-

104 2766 299 2807 rarum
330 2748 474 2805 dicta
503 2758 628 2804 sunt
671 2748 830 2805 nobis
853 2791 867 2817 ,
910 2749 1085 2806 donec
1121 2749 1365 2805 discussa
1393 2760 1555 2806 nocte
1587 2749 1708 2806 lidei

105 2841 178 2898 ad
206 2840 359 2896 diem
389 2850 611 2897 :eternae
650 2840 953 2897 mansionis
984 2829 1387 2911 peFvcniamus.

182 2933 290 3001 Qui
314 2934 461 2988 docet
491 2950 589 2989 nos
602 2949 760 3003 super
762 2935 1001 3006 jumenta
1028 2942 1199 2998 terrae,
1216 2942 1273 2988 et
1289 2949 1447 3002 super
1473 2932 1709 2989 uolucres

103 3025 225 3081 caeli
240 3026 416 3081 erudit
433 3041 548 3080 nos.
575 3025 743 3081 Docet
762 3025 817 3079 in
844 3024 1233 3080 communibus
1254 3024 1554 3091 eruditum,
1579 3026 1709 3081 sub-

105 3117 387 3174 tilioribus
415 3135 429 3172 :
458 3117 623 3174 docet
645 3132 752 3172 non
782 3116 965 3173 solum
1016 3132 1115 3187 per
1143 3125 1351 3173 naturae
1393 3118 1535 3173 dona
1557 3159 1573 3186 ,
1607 3117 1704 3174 sed

100 3211 277 3267 etiam
309 3225 403 3280 per
428 3210 891 3280 gratiasmunera.
912 3209 1244 3266 Secundum
1276 3211 1539 3282 tropicum
1571 3225 1703 3267 vero

104 3300 481 3369 intellectum,
519 3304 789 3371 iumenta,
823 3302 1073 3359 homines
1102 3303 1353 3359 carnales
1385 3305 1709 3375 plerumque

103 3394 491 3465 intelliguntur
514 3435 531 3463 ,
559 3394 664 3465 tqui
694 3395 839 3465 gula;
866 3405 925 3450 ct
955 3396 1130 3451 ventri
1161 3430 1176 3464 ,
1205 3407 1261 3452 et
1286 3397 1519 3452 luxurim
1540 3397 1709 3453 dediti

102 3497 256 3543 sunt.
288 3486 396 3543 Alii
426 3497 609 3544 autem
641 3487 967 3545 volatilibus
984 3501 1400 3559 comparantur,
1433 3490 1552 3547 sive
1583 3506 1710 3561 pro-

103 3590 228 3650 pter
256 3578 538 3653 levitateut
562 3594 775 3635 morum
796 3619 812 3645 ,
832 3580 958 3635 sive
980 3590 1212 3651 propter
1233 3582 1570 3651 superbiam,
1600 3595 1706 3652 qua

104 3679 380 3733 tumentes
407 3670 563 3740 quasi
593 3669 650 3733 in
678 3670 844 3727 altum
860 3671 1165 3727 elevantur.
1206 3670 1363 3727 Unde
1394 3672 1532 3728 dicit
1560 3672 1710 3742 Apu-.

102 3768 315 3825 stolus:
342 3765 471 3823 Noli
495 3767 664 3823 altum
691 3784 894 3837 sapere.
925 3767 993 3823 Et
1009 3767 1272 3823 Dominus
1295 3768 1350 3822 in
1372 3767 1702 3838 Evangelia:

108 3862 252 3931 Quia
287 3861 424 3934 quod
471 3870 550 3917 est
596 3864 650 3916 in
696 3860 993 3917 hominibus
1037 3862 1234 3931 altum,
1286 3862 1599 3917 abominatio
1629 3872 1703 3918 cst

101 3964 226 4010 ante
257 3954 441 4010 Deum.
472 3953 609 4012 Nam
641 3955 697 4010 in
739 3953 938 4011 Grieco
961 3954 1228 4026 superbus
1258 3956 1583 4032 ὑπερηφάνης
1616 3957 1703 4011 die

102 4047 266 4111 citur,
309 4046 455 4117 quod
501 4054 588 4102 est
613 4058 1050 4119 superopparens
1074 4087 1091 4115 ,
1125 4054 1184 4101 ut
1218 4047 1417 4102 elatam
1466 4054 1701 4104 mentem

102 4138 362 4208 hominis,
394 4139 761 4210 tnmidamque
782 4138 1071 4210 signiﬁcet.

179 4232 261 4287 lbi
289 4233 585 4288 clamabunt
625 4242 677 4289 et
716 4249 821 4288 non
856 4233 1116 4300 exaudiet,
1166 4243 1374 4304 prepter
1404 4234 1701 4303 superbiam

100 4322 376 4395 uitulorum.
399 4322 557 4390 Quod
588 4324 749 4392 dixit,
782 4325 853 4381 ibi
884 4325 1220 4391 clamabunt,
1254 4325 1504 4382 fortassis
1534 4327 1701 4397 signi-

103 4417 269 4473 licare
310 4418 485 4473 voluit
523 4417 701 4473 locum
734 4420 1171 4489 plenarum,.ubi
1216 4436 1322 4474 non
1372 4422 1705 4477 cxaudiendi

101 4519 230 4564 sunt
261 4519 595 4577 peccatores,
627 4512 1187 4580 proptersuperbiam
1237 4511 1503 4567 malorum
1534 4529 1551 4569 :
1584 4513 1700 4567 sive

101 4612 161 4656 ut
183 4600 276 4656 alii
294 4600 570 4668 dixerunt,
592 4602 656 4656 ab
676 4603 893 4671 injuriis
912 4604 1189 4674 malorum,
1225 4604 1351 4675 quia
1382 4605 1506 4661 mali
1541 4605 1694 4659 bonis

102 4703 158 4751 et
173 4695 339 4765 justis
360 4696 740 4755 inseetationis
770 4697 992 4766 injurias
1020 4699 1264 4770 irrogare
1287 4713 1395 4754 non
1414 4698 1689 4753 desinunt.

172 4786 300 4842 Non
335 4804 462 4862 ergo
482 4793 683 4860 frustra
703 4790 883 4845 audiet
923 4788 1088 4854 Deus,
1134 4801 1183 4844 et
1214 4792 1536 4863 amnipotens
1566 4808 1695 4845 cau-

102 4898 187 4936 sas
205 4882 532 4953 singulorum
565 4884 866 4939 intuebitur.
900 4884 1016 4940 Hoc
1054 4884 1128 4939 ait
1155 4926 1169 4951 ,
1202 4885 1343 4957 quod
1373 4896 1694 4957 peccatores

101 4977 460 5048 persistentes
504 4976 569 5032 in
612 4977 768 5037 malis
794 4978 919 5034 suis
945 5018 960 5041 ,
992 4994 1103 5033 non
1134 4978 1321 5035 audiat
1350 4979 1493 5034 Dens
1520 4995 1534 5033 :
1558 4995 1692 5049 quo-

102 5070 244 5125 niam
269 5070 573 5132 sineeausa
598 5070 784 5141 utique
806 5071 875 5126 ad
899 5086 1022 5131 eum
1042 5072 1300 5140 clament,
1325 5072 1412 5143 qui
1438 5086 1549 5128 non
1575 5087 1692 5129 me-

99 5171 286 5219 rentur
310 5162 508 5219 audiri.

170 5255 343 5311 Etiam
366 5273 485 5312 cum
511 5258 727 5325 dixeris,
758 5274 860 5317 non
890 5259 1180 5315 considerat
1204 5275 1224 5315 :
1244 5261 1489 5330 judicare
1516 5276 1691 5315 coram

98 5348 219 5421 illo,
253 5356 301 5401 et
319 5357 563 5420 exspecta
607 5366 746 5405 eum.
775 5350 1005 5418 Quando
1034 5350 1220 5417 vides,
1255 5351 1392 5417 Job,
1427 5353 1549 5421 quia
1581 5367 1687 5407 non

100 5440 280 5497 statim
307 5441 448 5498 Deus
490 5442 669 5498 reddit
691 5443 1070 5511 peccatoribus
1099 5460 1220 5515 quae
1244 5452 1542 5512 merentur,
1576 5446 1687 5501 noli

100 5533 542 5603 pusillanimitatc
575 5536 768 5603 frangi,
805 5544 861 5589 ut
892 5535 945 5590 in
980 5535 1370 5605 hlaSphemiam
1406 5552 1683 5607 erumpas,

102 5637 155 5681 et
183 5626 323 5681 dicas
351 5628 521 5684 Deum
554 5627 840 5696 injuszum,
871 5631 984 5684 sive
1017 5631 1255 5699 inimum
1285 5650 1295 5685 :
1324 5631 1416 5685 St‘tl
1444 5631 1688 5698 judicare

103 5734 222 5779 cum
248 5734 311 5774 eo
335 5720 529 5788 debes,
565 5723 616 5778 id
644 5729 751 5788 est,
780 5722 1001 5791 jndiciis
1049 5724 1166 5794 ejus
1209 5724 1543 5789 consewlre,
1578 5742 1683 5780 non

100 5822 280 5889 contra
316 5827 440 5869 eum
492 5825 932 5887 prmSumptuoso
948 5815 1156 5888 judicio
1198 5827 1289 5873 tuo
1321 5818 1371 5874 in
1396 5818 1515 5889 ejus
1547 5819 1687 5890 inju-

99 5909 226 5972 riam
241 5905 541 5988 prosilire,

1812 1997 2147 2069 Deoloquar.
2177 1999 2234 2054 ld
2265 2010 2351 2055 est
2376 2042 2388 2065 ,
2437 2016 2535 2068 pro
2556 2001 2856 2071 justitiaet
2895 1996 3065 2057 'causa
3105 2002 3225 2057 Dei.
3372 2010 3415 2037 πε

1887 2093 2135 2164 Repetam
2156 2096 2425 2149 scientiam
2453 2112 2620 2149 meum
2640 2112 2672 2149 a
2709 2097 2989 2169 principio,
3022 2106 3069 2151 et
3096 2103 3415 2169 op‘eratbrent

1810 2200 1984 2238 meum
2026 2185 2259 2256 probabo
2280 2190 2507 2259 justum.
2552 2186 2678 2243 Vere
2720 2188 2865 2242 enim
2907 2188 3099 2260 absque
3134 2183 3417 2245 emendatio

1810 2279 2061 2332 sermonis
2089 2280 2189 2332 mei
2207 2321 2221 2344 ,
2254 2290 2301 2334 et
2332 2280 2561 2349 perfecta
2588 2282 2807 2335 scicntia
2852 2280 3153 2352 probabitur
3181 2280 3291 2336 tibi.
3350 2283 3416 2338 Et

1810 2367 1865 2423 in
1896 2371 1999 2425 hoc
2019 2381 2215 2441 quarto
2240 2385 2498 2427 sermone
2525 2388 2648 2438 suo,
2676 2374 2745 2428 de
2767 2374 3037 2443 singulari
3064 2372 3278 2445 justitia
3292 2375 3414 2428 Do-

1812 2463 1966 2529 mini,
1993 2464 2320 2533 profundum
2356 2467 2579 2521 nimium
2600 2509 2615 2535 ,
2666 2475 2719 2523 et
2746 2468 2974 2538 copioso
3000 2464 3257 2524 sermone
3287 2478 3417 2540 pro?

1810 2556 2102 2625 sequitur:
2148 2558 2237 2612 ubi
2289 2559 2456 2613 multa
2476 2561 2686 2615 ’arcaua
2732 2560 2788 2615 in
2820 2560 3076 2618 obsemo'
3099 2572 3415 2618 saeramenv

1812 2655 1991 2703 torum
2037 2649 2342 2718 recondita,
2393 2661 2449 2707 et
2487 2652 2647 2723 longe
2675 2663 2887 2710 remota
2924 2650 3195 2727 'mjsterla
3225 2649 3415 2713 dicere

1808 2740 2045 2803 videtur.
3214 2766 3219 2773 ι
3274 2762 3297 2775 τ’
3406 2760 3415 2771 ·

1878 2832 2021 2888 Deus
2049 2845 2279 2903 potentes
2323 2855 2429 2893 non
2456 2839 2661 2911 objicit,
2694 2854 2815 2895 cum
2862 2854 2908 2897 et
2959 2843 3069 2915 ipse
3094 2844 3166 2898 sis
3190 2852 3367 2916 potens
3386 2858 3408 2899 :

1808 2927 1899 2982 sed
1928 2944 2031 2981 non
2060 2929 2228 2984 salvat
2254 2932 2462 3001 impios.
2499 2932 2627 2987 time
2652 2945 2739 2989 est
2764 2935 2993 3004 justitite
3026 2936 3145 3006 ejus
3174 2938 3411 2991 immen-

1807 3016 1968 3086 sitas,
2013 3028 2069 3075 et
2098 3025 2311 3077 naturae
2342 3022 2496 3079 bonae
2548 3024 2828 3095 voluntas,
2880 3036 2938 3082 ut
2985 3028 3116 3083 nulli
3146 3022 3413 3093 invideat,

1807 3113 1929 3182 quia
1968 3128 2129 3169 nemo
2161 3117 2240 3181 ei,
2270 3118 2522 3186 quamvis
2554 3130 2749 3188 potens
2772 3121 2862 3185 sit,
2895 3130 3072 3190 potest
3111 3124 3415 3192 coaequari'.

1879 3206 1947 3261 Et
1954 3208 2220 3281 judicium
2243 3211 2561 3284 pauperibus
2587 3213 2788 3268 tribuit.
2810 3213 2971 3270 Juxta
2997 3215 3223 3283 jttStitia:
3246 3215 3415 3285 mquis

1732 3278 1778 3339 ί)
1814 3300 1940 3356 latis
1970 3316 2083 3355 suae
2116 3313 2386 3360 tenorem.
2431 3305 2664 3360 Sanetos
2689 3314 2871 3361 autem
2905 3314 2961 3361 et
2989 3307 3306 3362 imioeentes
3331 3309 3415 3361 vi:

1812 3405 1905 3447 ros
1933 3396 2217 3451 consuevit
2260 3396 2543 3466 Scriptura
2571 3398 2752 3453 divina
2784 3396 3056 3470 pauperes
3103 3400 3407 3470 appellare.

1846 3518 1854 3527 ο
1884 3485 2008 3540 Νοη
2039 3491 2237 3556 auferet
2264 3506 2295 3541 a
2313 3492 2462 3561 justo
2484 3490 2668 3545 oculos
2695 3506 2838 3545 suos.
2869 3491 2981 3546 lloc
3001 3488 3097 3557 ait,
3129 3497 3186 3546 et.
3214 3490 3410 3548 beatus

1808 3576 1978 3634 David
2005 3597 2021 3634 ξ
2046 3580 2200 3636 Oculi
2224 3580 2436 3637 Domini
2461 3599 2619 3653 super
2629 3588 2823 3657 justus,
2848 3586 2975 3643 etc-

1880 3671 1949 3726 Et
1970 3690 2113 3745 reges
2138 3675 2195 3729 in
2220 3675 2352 3730 solio
2379 3676 2604 3731 collocat
2632 3677 2683 3731 in
2714 3685 3022 3750 perpetuum
3042 3720 3054 3743 ,
3084 3684 3135 3731 et
3154 3675 3266 3731 illic
3297 3677 3413 3733 eri3

1805 3777 2018 3835 guntur.
2052 3768 2153 3825 llic
2181 3785 2337 3839 reges
2385 3785 2492 3824 non
2545 3770 2741 3825 solum,
2767 3772 2957 3826 saeculi
2990 3770 3179 3842 hujus,
3212 3771 3411 3827 sedet

1806 3858 2070 3916 Ecclesia:
2104 3876 2261 3931 reges
2285 3870 2339 3917 et
2362 3863 2649 3932 opt-inpositi
2675 3864 2905 3934 intelligi
2937 3870 3189 3933 possunt.
3227 3860 3410 3919 Et'se-J

1803 3955 2042 4010 eundum
2068 3956 2306 4025 lropicos
2340 3957 2671 4024 intellectus,
2708 3971 2889 4027 reges,
2914 3957 3087 4012 animi
3120 3956 3409 4011 hominum

1804 4058 1953 4115 Stlnl,
1983 4048 2075 4117 qui
2112 4051 2441 4117 corporibus
2464 4052 2637 4105 recte‘
2676 4050 3060 4118 dominantur,
3118 4049 3409 4120 quibusin

1804 4139 2019 4209 psalmo
2035 4139 2265 4196 dicitur:
2292 4139 2361 4195 Et
2387 4158 2545 4211 nunc,
2573 4157 2741 4213 rcges,
2769 4142 3070 4213 intelligite;
3097 4138 3398 4207 crudimini,

1801 4234 1891 4304 qui
1911 4234 2169 4307 judicatis
2189 4244 2404 4292 terram.
2435 4236 2511 4291 lta
2544 4236 2599 4291 hi
2628 4252 2788 4308 reges
2818 4237 3151 4308 eriguntura
3170 4236 3304 4303 Deo,
3335 4243 3397 4291 ut

1800 4326 2028 4383 sedeant
2057 4345 2180 4385 cum
2212 4331 2577 4400 principibus.

1871 4420 1941 4473 Et
1968 4422 2012 4475 si
2040 4424 2232 4493 fuerint
2277 4426 2330 4478 in
2360 4426 2572 4489 catenis,
2630 4434 2676 4480 et
2705 4426 2995 4479 vinciantur
3026 4424 3234 4496 funibus
3273 4422 3406 4497 ραιιὲ

1798 4515 2011 4584 perlatis
2041 4530 2059 4567 :
2085 4517 2330 4571 indicabit
2359 4520 2432 4571 eis
2461 4535 2623 4588 opera
2653 4534 2860 4584 eorum,
2892 4527 2947 4571 et
2967 4516 3164 4572 scelera
3186 4522 3403 4583 eorum;

1764 4594 1920 4681 Iquia
1951 4607 2157 4664 violenti
2190 4612 2421 4678 fuerunt.
2457 4611 2520 4665 Hi
2571 4611 2741 4681 igitur
2794 4612 2846 4664 in
2897 4610 3108 4665 catenis
3139 4609 3393 4679 fortibus,

1800 4698 2051 4755 videlicet
2077 4701 2280 4771 judicis
2326 4702 2553 4767 Dei,.et
2604 4702 2943 4772 paupertatis
2971 4701 3191 4757 funibus
3242 4697 3407 4756 collis}

1796 4802 1998 4863 gantur
2029 4812 2041 4847 :
2071 4793 2124 4849 id
2152 4804 2258 4859 est,
2314 4810 2472 4865 apem
2523 4796 2691 4849 divini
2720 4794 2909 4849 auxilii
2940 4810 3048 4853 non
3080 4793 3399 4859 habentes,"

1798 4886 1976 4955 plenis
2047 4887 2442 4958 temporalibus
2511 4888 2669 4959 quasi
2721 4887 2954 4942 vinculis
2999 4886 3407 4955 astringentur;

1795 4979 1975 5034 omnis
2007 4980 2087 5036 rei
2117 4981 2278 5035 bona:
2308 4979 2500 5049 inopes
2527 4978 2703 5035 effecti
2737 4994 2839 5051 pro
2862 4977 3128 5050 qualitate
3150 4975 3391 5031 merito-

1790 5086 1934 5127 l‘ollltl.
2527 5075 2549 5094 ⁶
2616 5091 2635 5105 ’τ
2842 5094 2881 5125 ⁸,
2930 5092 2955 5103 "
3276 5100 3281 5111 υ
3342 5086 3349 5095 ⁸

1870 5162 2129 5220 Revelabit
2154 5181 2353 5237 quoque
2381 5182 2559 5220 aurem
2592 5172 2885 5233 eorum-ut
2907 5161 3157 5227 corripiat
3189 5175 3208 5214 :
3230 5168 3281 5214 et
3308 5159 3391 5210 1ος-

1798 5267 2002 5330 quetur,
2028 5268 2435 5319 utrevertantur
2463 5259 2527 5313 ab
2558 5259 2851 5330 iniquitate.
2898 5257 3103 5311 Aurem
3124 5297 3138 5320 ,
3186 5252 3402 5322 inquit,"

1799 5352 1977 5408 cordis
2010 5353 2076 5407 ad
2120 5353 2485 5409 obedientium
2519 5352 2623 5406 sibi
2677 5353 2819 5406 Deus
2859 5366 2956 5414 per
2998 5345 3391 5417 castigationes

1797 5454 1852 5503 et
1881 5455 2122 5501 secretas
2150 5445 2542 5515 iuspiratioues
2560 5444 2793 5513 aperiet.
3384 5444 3385 5451 “

1873 5542 1932 5594 Si
1958 5542 2214 5595 audierint
2243 5550 2287 5593 et
2320 5538 2714 5601 obsci-"nvcrint,
2771 5534 3095 5608 complebunt
3118 5533 3226 5585 dies
3268 5546 3390 5585 suos

1796 5635 1848 5688 in
1879 5635 2031 5698 bono,
2066 5644 2112 5687 rt
2140 5651 2302 5687 anno;
2326 5650 2446 5687 suos
2470 5634 2524 5687 in
2550 5634 2737 5703 gloria.
2774 5634 2883 5685 Ilnc
2931 5639 3014 5685 est.
3042 5628 3183 5699 quod
3225 5625 3387 5683 Salo~

1796 5744 1922 5783 mon
1945 5729 2020 5781 ait
2052 5746 2064 5781 2
2096 5727 2346 5781 Memoria
2368 5729 2502 5799 justi
2530 5745 2643 5780 cum
2668 5726 2930 5781 laudibus.

1868 5822 1928 5876 Si
1960 5834 2131 5875 autem
2164 5840 2266 5875 non
2297 5823 2557 5876 aut’irrint
2592 5837 2610 5875 :
2636 5820 2927 5876 transibunt
2959 5837 3050 5893 per
3075 5819 3315 5891 gladium
3341 5825 3392 5874 et

1795 5924 2161 5979 constituentur
2190 5916 2253 5999 in,
2282 5915 2525 5978 stultitia.
2562 5914 2623 5975 ld
2669 5922 2782 5989 est,
2812 5915 2862 5979 si
2897 5914 3210 5980 instruente
3237 5912 3388 5987 Deo,
