4032 6322
554 288 670 350 ⁸155
1341 284 1693 349 APPENDIX
1730 284 1823 347 AD
1861 281 2103 344 TOMUM
2145 278 2494 340 SEPTIMUM
2535 281 2593 342 S.
2635 278 3038 341 HIERONYMI.
3764 287 3844 346 736

564 410 658 482 qui
699 409 861 467 docet
906 409 1185 467 hominem
1214 407 1497 464 scientiam
1530 452 1544 474 ,
1588 405 1779 461 audire
1809 413 2156 474 contempse-
2184 399 2231 459 A
2258 414 2413 468 super
2442 414 2521 451 me
2558 407 2742 470 puteus
2783 415 2839 453 os
2864 416 3036 456 suum.
3075 398 3312 456 Proinde
3368 399 3699 458 nOverimus
3742 406 3843 473 quis
3912 382 3913 389 ‘

567 504 700 572 rint,
733 520 831 575 per
854 502 1115 575 gladium,
1148 500 1198 555 id
1245 508 1348 565 est,
1384 514 1478 569 per
1500 498 1639 552 hanc
1671 497 2059 552 mortalitatem
2089 496 2159 550 de
2269 492 2385 546 loca
2433 491 2782 547 infernalium
2837 496 3234 564 ergastulorum
3263 539 3277 563 ,
3339 495 3656 551 secundum
3711 497 3846 552 (idem

569 597 674 652 hoc
715 598 914 652 sreculo
959 595 1347 666 pra-teribunt,
1381 602 1440 647 ut
1470 592 1522 646 in
1558 591 1807 656 Stultitia,
1854 589 1907 645 id
1938 600 2055 656 est,
2108 590 2163 645 in
2268 583 2710 654 Scripturarum,
2762 587 2904 641 inter
2957 587 3252 643 immensas
3300 589 3480 660 abyssi
3537 603 3718 659 aquas
3767 593 3851 645 sint

3907 110 3909 197 γ

3910 208 3911 287 l

3910 306 3913 389 l

3913 404 3915 469 l

3914 502 3917 561 l

570 689 678 745 illis
726 690 888 753 locis,
923 688 1011 743 ubi
1058 687 1209 742 stulti
1264 686 1697 758 deputabuntur,
1728 686 1818 756 qui
1869 684 2061 739 dicunt
2110 683 2165 738 in
2269 679 2562 732 constituta
2596 695 2607 733 :
2639 679 2708 731 ab
2743 678 3028 735 illisinferi
3069 680 3293 736 sedibus
3342 682 3523 736 nullus
3554 680 3731 735 homo
3760 699 3853 737 Ille-

569 782 737 838 corde
780 797 903 847 suo,
958 798 1058 835 non
1087 790 1162 835 est
1208 779 1370 847 Deus,
1404 778 1627 836 reternis
1656 779 1990 834 cruciatibus
2032 794 2167 833 con.
2271 770 2374 824 rito
2402 784 2501 824 suo
2524 770 2784 825 liberatus
2814 782 2920 841 est,
2952 774 3057 827 nisi
3087 775 3263 843 gratia
3294 774 3505 829 Domini
3536 775 3724 829 noSIri
3752 775 3854 831 lese

571 882 879 929 sumantur.
2270 861 2494 918 Christi.
2524 862 2589 916 Et
2617 878 2720 916 non
2746 864 2946 931 solum,
2983 864 3157 935 inquit
3196 864 3376 929 Helio,
3406 880 3435 919 a
3484 866 3759 920 tartareis
3785 881 3860 919 an-

642 965 1250 1022 Simulatoresetcallidi
1272 975 1551 1035 provocant
1578 964 1712 1017 iram
1736 962 1854 1030 Dei,
1881 980 2042 1036 neque
2060 964 2169 1017 cla-
2270 958 2465 1028 gustiis
2515 957 2830 1013 liheraberis
2862 999 2875 1016 .
2926 973 3117 1013 verum
3162 958 3324 1015 etiam
3372 958 3423 1013 in
3469 959 3752 1013 latissimo
3797 976 3861 1013 re-

568 1058 781 1112 mabunt
808 1074 923 1111 cum
951 1059 1108 1112 uincti
1133 1058 1347 1126 fuerint.
1377 1057 1559 1127 Ipsum
1587 1065 1838 1111 sanctum
1867 1058 1969 1112 Job
2009 1072 2171 1128 aper—
2273 1051 2477 1121 frigorii
2519 1066 2770 1117 nemore,
2808 1052 2953 1108 velut
2986 1052 3038 1107 in
3067 1051 3275 1122 campis
3311 1052 3575 1123 spatiosis
3612 1051 3757 1107 liber
3799 1053 3864 1107 iu-

573 1149 684 1206 tius
714 1150 769 1205 in
793 1150 899 1206 hoc
926 1150 1143 1205 videtur
1172 1149 1327 1204 Heliu
1351 1151 1505 1221 quasi
1532 1164 1597 1205 ex
1616 1149 1840 1220 obliquo
1862 1162 2168 1220 percurrere,
2274 1146 2459 1202 cedes.
3930 1186 3931 1221 ι

573 1242 717 1313 quod
744 1250 801 1299 et
825 1244 940 1313 ipse
964 1244 1117 1312 quasi
1141 1243 1335 1297 callide
1363 1250 1417 1297 et
1444 1242 1695 1311 nequiter
1721 1252 1909 1313 ageret
1944 1261 1956 1296 :
1992 1244 2170 1299 virum
2349 1242 2573 1313 Requies
2602 1250 2774 1295 autem
2822 1256 3013 1296 mentm
3050 1250 3153 1295 ture
3190 1240 3286 1296 erit
3329 1240 3483 1309 plena
3534 1239 3864 1311 pinguedine.
3932 1284 3933 1307 η

573 1349 790 1406 quoque
817 1336 1096 1407 egregium
1120 1336 1424 1392 simularet.
1452 1335 1667 1407 Quique.
1690 1337 1851 1392 etiam
1881 1352 2005 1393 eum
2029 1347 2175 1393 esset
2277 1333 2663 1390 Amoenitatem
2693 1335 2952 1403 paradisi,
2978 1347 3030 1389 et
3052 1333 3472 1403 iucunditatem.
3496 1331 3751 1399 requiem
3787 1349 3868 1384 no-
3934 1382 3935 1397 χ

573 1428 793 1483 vinctus
824 1428 997 1499 plaga:
1021 1428 1182 1499 hujus
1208 1428 1580 1498 compedibus,
1612 1430 1850 1484 clamare
1880 1430 1945 1483 ad
1981 1430 2169 1497 Deum,
2279 1427 2538 1481 minando
2581 1426 2929 1497 significavit.
2963 1424 3290 1481 lmmensam
3322 1439 3454 1479 vero
3482 1423 3871 1478 abundantiam
3936 1478 3937 1503 ι

576 1529 631 1575 ει
653 1521 912 1577 invocare
934 1536 1083 1586 eum,
1115 1532 1228 1576 uta
1260 1521 1468 1592 laqueis
1494 1522 1799 1593 poenalibus
1824 1522 2058 1591 illigatus
2083 1522 2177 1577 ah-
2280 1522 2403 1575 vitae
2444 1520 2639 1583 beatae,
2666 1534 2786 1588 qua:
2817 1525 2966 1573 esset
3005 1516 3164 1585 plena
3199 1514 3470 1571 ubertatis
3519 1512 3868 1583 pinguedine,

576 1613 911 1681 solveretur,
946 1614 1172 1669 minime
1213 1623 1474 1679 curaret,
1532 1615 1675 1686 quod
1702 1615 1885 1685 utique
1915 1614 2176 1683 despera-
2280 1626 2344 1667 ac
2373 1612 2477 1667 loci
2536 1611 2685 1667 illius
2713 1610 2887 1667 felicis
2935 1608 3145 1666 referta
3173 1608 3410 1673 deliciis,
3443 1608 3627 1661 voluit
3661 1606 3873 1661 detuon-
3938 1576 3939 1643 ι

580 1704 730 1761 tione
784 1706 900 1762 sive
944 1716 1263 1777 contemptu
1315 1706 1546 1762 faceret.
1592 1707 1669 1763 De
1717 1709 1935 1763 caeteris
1962 1723 2177 1779 quoque
2282 1713 2458 1759 strare
2486 1721 2499 1758 :
2531 1704 2689 1772 cujus
2720 1714 2922 1759 terram
2980 1712 3225 1757 sanctam
3270 1699 3544 1755 mansueti
3579 1697 3873 1754 secundum

580 1800 963 1869 peccatoribus
1007 1800 1264 1857 similiter
1314 1800 1418 1857 hoc
1470 1803 1647 1872 ipsum
1697 1810 1874 1871 potest
1904 1802 2175 1874 intelligi,
2208 1794 2258 1855 B
2285 1796 2765 1867 repromissionem
2795 1796 3008 1851 Domini
3039 1792 3419 1866 possidebunt.

581 1892 673 1963 qui
704 1907 826 1948 cum
858 1894 1107 1949 venerint
1157 1894 1217 1948 in
1247 1893 1574 1964 profundum
1609 1894 1896 1962 malorum,
1928 1904 2173 1950 contem-
2352 1890 2527 1945 Causa
2579 1900 2669 1943 tua
2718 1888 2864 1958 quasi
2900 1888 3049 1960 impii
3083 1887 3328 1958 judicata
3375 1893 3473 1952 est,
3497 1900 3726 1938 causam
3743 1881 3879 1953 judi.

582 1992 714 2039 nent
760 2000 775 2038 :
826 1993 881 2040 et
912 1984 981 2040 de
1004 1984 1233 2053 Iudaeis,
1264 1985 1413 2041 etde
1436 1984 1733 2052 haereticis,
1763 1989 1854 2056 qui
1898 1985 2020 2042 ficta
2046 1986 2181 2058 dog-
2281 1988 2516 2057 ciumqne
2553 1984 2790 2054 recipies.
2837 1981 3048 2038 Judicio
3091 1981 3181 2036 Dei
3227 1988 3285 2035 ut
3335 1978 3563 2047 impius,
3598 1987 3659 2033 et
3712 1991 3879 2048 piens-

580 2086 724 2133 mata
754 2080 907 2150 quasi
947 2080 1195 2135 veritatis
1222 2079 1501 2136 velamine
1539 2081 1881 2151 operientes,
1916 2082 1970 2135 in
2002 2081 2179 2136 noctis
2282 2095 2400 2135 rum
2429 2078 2642 2135 debitor
2671 2092 2796 2133 reus
2846 2078 3102 2132 inventus
3128 2088 3212 2140 es,
3244 2082 3304 2129 et
3336 2072 3542 2129 idcirco
3585 2073 3877 2128 secundum

579 2173 806 2246 perfidia
836 2176 1115 2230 obstinato
1144 2183 1204 2231 et
1233 2175 1493 2229 obturato
1525 2174 1694 2229 corde
1723 2174 2043 2244 persistunt.
2283 2174 2538 2228 meritum
2584 2186 2763 2227 causa:
2814 2178 2941 2234 tum,
2974 2169 3233 2240 judicium
3284 2165 3712 2222 severissimum
3745 2180 3882 2221 rece-

653 2267 909 2324 Morietur
929 2270 983 2324 in
1014 2278 1315 2337 tempestate
1343 2270 1518 2323 anima
1545 2282 1749 2335 eorum,
1797 2277 1844 2322 et
1869 2268 1975 2321 vita
2004 2284 2182 2323 eorum
2283 2267 2433 2338 pisti.
2466 2265 2531 2321 Et
2564 2265 2655 2320 ttbi
2687 2264 2891 2320 dictqu
2934 2272 3038 2328 est,
3064 2276 3283 2316 causam
3310 2258 3706 2329 iudiciumque
3751 2258 3880 2313 reci-

575 2360 712 2414 inter
741 2359 1086 2428 effeminatos.
1123 2358 1363 2415 Vitiosos
1413 2368 1469 2415 et
1499 2361 1623 2414 vitia
1670 2374 1792 2415 esse
1818 2360 2138 2416 noverimus
2163 2404 2179 2428 ,
2285 2359 2423 2431 pies,
2452 2358 2541 2413 alii
2563 2358 2839 2422 dixerunt,
2870 2364 3082 2428 propter
3106 2354 3422 2426 impietatem
3447 2367 3755 2415 munerum,
3777 2365 3883 2420 qua:

582 2466 703 2524 quae
741 2453 880 2509 sicut
934 2453 1005 2508 de
1036 2454 1335 2509 virtutibus
1387 2452 1554 2508 animi
1599 2452 1736 2507 nihil
1787 2454 1839 2508 in
1871 2468 1932 2509 se
1984 2454 2185 2510 habent
2285 2452 2669 2523 accipiebant:
2721 2450 2813 2505 ubi
2857 2449 2958 2504 sub
3008 2447 3319 2518 pluralitate
3356 2445 3661 2501 locutionis
3693 2486 3709 2511 ,
3766 2459 3884 2498 san-

583 2549 828 2620 quietum
854 2588 871 2614 ,
926 2548 1109 2617 virile,
1140 2558 1197 2604 et
1226 2548 1405 2617 frugi,
1435 2546 1533 2604 sed
1559 2556 1736 2602 totum
1768 2548 2139 2605 turbulentum
2168 2591 2183 2615 ,
2288 2554 2432 2600 ctum
2456 2544 2559 2600 Job
2599 2543 2756 2599 Heliu
2789 2540 3001 2597 videtur
3025 2539 3189 2595 ferire
3228 2538 3597 2594 sermonibus-

585 2638 875 2696 remissum
904 2646 962 2695 et
988 2637 1181 2710 fragile
1214 2657 1227 2693 :
1262 2639 1335 2694 ita
1364 2654 1593 2695 necesse
1625 2647 1709 2695 est
1742 2648 1798 2694 ut
1843 2639 1997 2694 velut
2049 2649 2188 2695 tem-
2361 2636 2483 2692 Non
2509 2645 2558 2692 te
2586 2646 2706 2708 ergo
2734 2644 2936 2707 superet
2956 2634 3058 2698 ira,
3086 2642 3141 2686 ut
3166 2630 3393 2703 aliquem
3436 2632 3714 2703 opprimas
3746 2648 3766 2698 ;
3808 2645 3888 2682 nec

583 2739 795 2805 pestate
824 2731 1061 2787 animam
1102 2747 1319 2803 semper
1349 2733 1463 2789 suis
1516 2732 1794 2789 illecebris
1841 2734 2185 2805 inquietent,
2289 2733 2567 2788 multitudo
2610 2733 2870 2786 donorum
2913 2730 3126 2784 inclinet
3159 2736 3225 2783 te.
3258 2728 3498 2783 Docetur
3529 2728 3601 2781 ah
3632 2727 3795 2782 llvliu
3815 2728 3887 2780 vir

588 2831 911 2895 portumque
942 2825 1205 2880 virtutum
1238 2824 1516 2880 hominem
1546 2840 1651 2880 non
1675 2826 2187 2897 sinantappreheu-
2292 2826 2571 2897 patientia:
2610 2832 2666 2880 et
2704 2815 3057 2893 integritatis.
3084 2820 3283 2876 virtute
3329 2819 3704 2875 fortissimus.
3752 2819 3889 2886 Opti-

588 2915 742 2984 dere,
775 2924 833 2974 et
856 2917 919 2973 lit
948 2918 1066 2974 istis
1095 2918 1292 2973 talibus
1323 2918 1601 2985 ﬂuctibus,
1625 2918 1769 2989 quod
1790 2918 2050 2975 Salomon
2072 2920 2145 2973 ait
2171 2960 2186 2983 ,
2292 2936 2413 2974 mus
2439 2918 2604 2989 judex
2628 2928 2746 2984 est,
2780 2918 2868 2989 qui
2903 2915 2992 2971 his
3020 2915 3297 2986 pessimis,
3329 2913 3620 2969 iracundia
3666 2922 3723 2969 et
3752 2914 3889 2983 cupi-

590 3018 649 3064 ut
675 3009 853 3081 jaceat
900 3011 1079 3065 anima
1115 3019 1389 3082 tamquam
1436 3011 1489 3066 in
1521 3011 1689 3068 corde
1721 3012 1910 3077 maris,
1943 3022 1998 3068 et
2041 3012 2193 3067 velut
2292 3010 2482 3076 ditale,
2530 3010 2741 3066 duobus
2768 3009 2911 3065 vitiis
2942 3025 3051 3064 non
3105 3018 3327 3065 tenetur
3356 3026 3369 3063 :
3415 3009 3620 3079 quibus
3649 3007 3756 3063 hoc
3786 3008 3891 3062 loco

588 3102 923 3175 gubernator
970 3104 1025 3159 in
1076 3119 1266 3174 magna
1319 3113 1670 3177 tempestate.
1706 3104 1806 3161 Vel
1862 3104 2025 3159 aliter
2057 3115 2193 3160 tem—
2296 3107 2363 3161 ab
2395 3104 2551 3161 Helio
2583 3114 2803 3159 sanctus
2831 3104 2914 3159 vir
2936 3114 3224 3174 correptus
3255 3102 3525 3173 arguitur.

589 3206 775 3269 pestas
807 3199 1075 3256 adventus
1100 3216 1166 3256 ac
1190 3200 1458 3272 judicium
1491 3202 1587 3257 Dei
1609 3210 1715 3269 est,
1737 3201 1806 3259 de
1826 3218 1935 3275 quo
1955 3204 2105 3267 dicit,
2135 3203 2188 3258 in
2217 3184 2261 3245 (ἶ
2371 3200 2580 3272 Depone
2608 3201 3014 3271 magnitudinem
3041 3209 3185 3253 tuam
3214 3198 3403 3269 absque
3427 3198 3773 3253 tribulatione
3796 3236 3811 3263 ,
3849 3204 3893 3249 et

585 3290 862 3345 circumitu
884 3295 996 3364 ejus
1019 3303 1291 3366 tempestas
1310 3293 1503 3349 valida.
2294 3310 2467 3349 omnes
2486 3296 2724 3349 robustos
2746 3294 3075 3365 fortitudine.
3105 3293 3159 3348 Id
3187 3300 3292 3359 est,
3319 3307 3419 3348 nec
3441 3307 3641 3363 parvos
3665 3307 3769 3348 nec
3790 3304 3891 3345 nta-

661 3382 865 3454 Eripiet
904 3388 967 3440 de
993 3387 1234 3458 angustia
1277 3405 1375 3441 sua
1406 3404 1705 3458 pauperem.
1739 3388 2044 3461 Pauperem
2073 3387 2191 3445 Sal.
2292 3403 2427 3458 gnos
2456 3398 2545 3442 tua
2578 3387 2778 3458 injusta
2804 3386 3088 3456 opprimas
3134 3385 3505 3440 dominatione
3529 3426 3544 3451 ,
3585 3385 3674 3441 vel
3712 3396 3892 3439 omnes

590 3488 840 3533 vatorem
882 3490 1130 3534 nostrum
1156 3479 1534 3549 intelligimus,
1563 3480 1652 3551 qui
1686 3491 1909 3552 propter
1938 3498 2037 3537 nos
2062 3498 2194 3553 pau-
2294 3494 2476 3538 motus
2504 3482 2720 3553 depone
2746 3482 3065 3537 fortitudine
3097 3482 3374 3552 superbire
3399 3482 3728 3537 roboratus.

590 3586 691 3643 per
716 3573 891 3628 factus
923 3582 1009 3627 est
1029 3614 1045 3639 ,
1074 3571 1167 3643 qui
1207 3572 1260 3627 in
1291 3572 1485 3628 diebus
1509 3574 1691 3628 carnis
1720 3589 1862 3642 sure,
1898 3590 2086 3645 preces
2129 3591 2192 3631 ac
2371 3572 2454 3627 Ne
2496 3572 2772 3642 protrahas
2810 3582 3028 3641 noctem,
3061 3580 3117 3626 ut
3166 3572 3447 3626 ascendant
3468 3574 3655 3645 populi
3687 3589 3785 3645 pro
3808 3571 3889 3626 eis.

590 3662 1018 3734 supplicationes
1046 3663 1196 3719 Patri
1226 3663 1423 3719 obtulit
1450 3705 1465 3730 ,
1496 3673 1555 3719 ut
1593 3674 1780 3736 posset
1806 3682 1834 3719 a
1864 3678 2039 3724 morte
2078 3669 2190 3724 sal-
2295 3666 2415 3721 Jam
2438 3665 2627 3721 suftlcit
2664 3666 3017 3738 hucusquein
3041 3666 3141 3722 hac
3169 3667 3416 3726 caecitate
3441 3665 3803 3723 visisseJam
3830 3665 3888 3718 ad

592 3775 720 3815 vum
752 3759 937 3815 facere
959 3774 1277 3830 pauperem,
1306 3769 1555 3815 sanctum
1598 3760 1857 3831 populum
1887 3761 1985 3817 Dei
2018 3763 2186 3817 humi-
2298 3759 2474 3814 lucem
2510 3759 2811 3829 prudentia:
2840 3775 2903 3815 ac
2943 3760 3172 3830 justitite
3215 3759 3400 3816 venire
3435 3760 3711 3817 contende
3746 3778 3759 3811 :
3790 3760 3891 3815 sive

592 3850 704 3907 lem
771 3852 991 3921 spiritu.
1050 3850 1148 3907 Vel
1216 3865 1507 3922 pauperem
1562 3853 1869 3924 quemlibet
1921 3853 2193 3923 justorum
2297 3859 2515 3907 noctem
2539 3867 2700 3923 quam
2729 3854 2824 3907 tibi
2853 3868 2919 3908 ex
2941 3852 3172 3909 diversis
3196 3854 3433 3924 peccatis
3454 3853 3819 3920 contexuiSIi,
3841 3860 3891 3905 ut

594 3952 751 4000 eruet
772 3943 842 3999 de
866 3944 1115 4014 angustia
1140 3957 1546 4014 pressurarum,
1572 3947 1714 4001 sicut
1732 3945 1896 4001 etiam
1924 3947 1977 4002 in
1997 3947 2196 4003 divinis
2299 3944 2354 3998 in
2376 3959 2441 3999 ea
2485 3944 2635 3999 velut
2664 3944 2717 3999 in
2764 3945 3036 4001 continuis
3060 3961 3123 4001 ac
3144 3946 3367 4017 jngibus
3404 3954 3459 4001 et
3497 3946 3783 4017 perpetuis
3814 3956 3887 4000 te-

595 4036 897 4106 Scripturis
926 4036 1147 4092 diverso
1173 4037 1337 4093 modo
1367 4037 1595 4109 legimus
1625 4039 1907 4094 liberatos.
2300 4036 2483 4093 nebris
2508 4037 2820 4091 ambulares
2844 4055 2859 4093 :
2887 4039 2996 4108 jam
3024 4054 3231 4109 quaeso,
3263 4040 3358 4106 ait,
3386 4053 3455 4094 ne
3475 4039 3656 4094 adhuc
3686 4051 3889 4111 protra-

667 4126 738 4182 Et
765 4127 1007 4183 reuelabit
1029 4129 1085 4182 in
1117 4129 1455 4184 tribulatione
1478 4147 1658 4184 aurem
1688 4133 1825 4202 ejus.
1862 4130 1918 4185 ld
1946 4140 2051 4195 est,
2084 4131 2196 4188 for-
2302 4130 2399 4185 bas
2421 4177 2434 4201 ,
2465 4139 2521 4186 et
2550 4139 2821 4202 tamquam
2846 4142 3049 4187 restem
3092 4133 3347 4189 addendo
3372 4143 3593 4203 peccata
3625 4134 3888 4203 peccatis,

598 4222 668 4278 tis
698 4223 770 4277 sit
798 4223 1169 4295 unusquisque
1198 4238 1391 4279 eorum
1424 4224 1476 4279 in
1526 4225 1897 4293 tribulatione,
1932 4230 2199 4281 corroho-
2297 4225 2352 4279 in
2382 4223 2600 4292 longmn
2630 4224 2920 4280 delecteris
2956 4224 3256 4281 extendere
3285 4243 3299 4280 ε
3330 4225 3536 4281 lumine
3561 4241 3694 4297 ergo
3716 4240 3891 4281 corre-

601 4327 757 4372 rante
781 4316 1099 4373 visitatione
1129 4316 1341 4383 divina,
1374 4317 1594 4387 quando
1622 4333 1651 4372 a
1682 4318 1795 4373 Deo
1827 4318 1995 4373 homo
2028 4320 2199 4375 tribu-
2302 4316 2502 4385 ptionis
2534 4314 2696 4384 hujus
2737 4315 2847 4386 jam
2898 4317 3060 4371 linem
3105 4316 3304 4371 talibus
3351 4317 3571 4387 impone
3609 4318 3890 4389 peccatis:

600 4409 702 4465 lari
753 4410 1111 4480 permittitur,
1154 4410 1588 4466 consolatiOnem
1637 4411 1692 4465 in
1724 4426 1857 4467 aure
1878 4412 2061 4467 cordis
2094 4412 2200 4467 Do-
2302 4427 2430 4467 nam
2470 4412 2843 4483 protractione
2876 4412 2976 4467 hac
3022 4411 3446 4468 inemendabilis
3494 4412 3603 4468 vita
3660 4426 3753 4468 tua
3788 4413 3889 4473 lict,

601 4502 757 4569 mini,
792 4503 901 4559 illic
928 4502 1201 4559 audiendo
1232 4505 1512 4575 percipiet.
2302 4517 2362 4561 ut
2384 4520 2485 4577 pro
2505 4505 2759 4562 omnibus
2787 4505 2941 4560 malis
2962 4504 3227 4575 operibus
3256 4505 3387 4569 tuis,
3419 4505 3752 4575 potiulorum
3783 4517 3894 4575 pre-

672 4594 847 4668 lgitur
867 4597 1087 4667 salvabit
1116 4606 1165 4653 te
1206 4598 1270 4652 de
1298 4613 1388 4653 ore
1416 4613 1638 4670 angusto
1681 4600 1951 4669 latissime,
2002 4611 2053 4656 et
2095 4619 2198 4657 non
2226 4577 2281 4637 D
2305 4616 2399 4655 ces
2428 4598 2728 4655 ascendant
2780 4599 2848 4653 ab
2902 4598 3070 4653 Deum
3107 4614 3122 4652 :
3154 4613 3294 4668 quos
3324 4598 3520 4668 utique
3563 4597 3895 4668 iniquissime

601 4686 819 4743 habente
840 4689 1234 4761 fundamentum
1264 4690 1438 4747 subter
1466 4708 1539 4747 se.
1572 4693 1686 4748 Hoc
1716 4693 1769 4749 in
1812 4696 1934 4751 loco
1958 4695 2199 4751 inferno-
2306 4692 2674 4762 deprimebas,
2710 4690 3175 4761 interpellantium
3212 4698 3405 4745 contra
3438 4699 3511 4754 te,
3541 4703 3782 4761 suasque
3803 4689 3893 4742 mi-

602 4797 723 4838 rum
747 4781 1060 4839 habitacula
1086 4785 1154 4841 ab
1181 4786 1338 4842 lleliu
1360 4785 1765 4853 describuntur,
1791 4804 1911 4856 qua:
1934 4790 2198 4843 immensa
2305 4787 2477 4839 serias
2499 4783 2601 4838 sibi
2633 4798 2663 4837 a
2692 4792 2747 4838 te
2774 4782 3060 4853 irrogatas,
3092 4792 3218 4839 ante
3242 4782 3427 4838 sedem
3450 4782 3651 4838 divina:
3672 4779 3893 4853 justitize

601 4877 901 4947 capacitate
926 4877 1031 4940 sui.
1059 4877 1470 4935 fundamentum
1504 4896 1609 4935 non
1642 4879 1903 4936 habeant.
1943 4882 2021 4936 Ad
2061 4897 2201 4953 quo-
2306 4879 2718 4949 deponentium.

601 4984 721 5024 rum
755 4978 937 5026 tamen
968 4969 1323 5027 fundamenta
1355 4973 1409 5027 in
1443 4973 1724 5043 prophetis
1774 4972 2027 5044 legimus,
2061 4975 2199 5030 luci-
2375 4968 2508 5025 Cave
2535 4986 2597 5024 ne
2625 4970 2850 5025 declines
2881 4970 2949 5025 ad
2975 4971 3345 5041 iniquitatem:
3377 4971 3511 5026 hanc
3538 4973 3676 5026 enim
3707 4969 3893 5044 coepisti

600 5062 775 5119 ferum
806 5065 896 5136 qui
924 5079 1086 5122 mane
1121 5065 1399 5122 oriebatur
1428 5066 1737 5137 depositum
1774 5084 1785 5121 :
1823 5068 2192 5126 multitudines

2305 5064 2450 5135 sequi
2478 5074 2591 5133 post
2616 5063 2897 5117 miseriam.
2931 5062 3067 5131 lloc,
3096 5064 3273 5134 inquit
3299 5063 3482 5131 lleliu,
3508 5079 3578 5121 ne
3607 5064 3663 5119 in
3693 5064 3882 5135 deSpe-

599 5171 817 5229 quoqne
843 5172 1056 5229 regum,
1104 5170 1159 5215 et
1195 5161 1423 5231 populos
1449 5161 1884 5217 innumerabiles
1930 5165 2195 5232 gentium.
2308 5157 2580 5211 rationem
2610 5155 2855 5212 declines
2885 5166 3034 5227 peto,
3074 5167 3127 5212 et
3161 5156 3517 5227 blaSphemite
3558 5158 3892 5229 iniquitatem

599 5248 710 5304 Ore
735 5258 917 5306 autem
940 5261 1174 5322 angusto
1205 5250 1364 5307 inferi
1401 5249 1523 5306 ideo
1550 5252 1922 5323 appellantur,
1956 5270 2022 5309 eo
2054 5254 2200 5325 quod
2306 5251 2417 5321 jam
2449 5264 2677 5315 caveas,
2710 5251 2806 5305 sed
2841 5252 3043 5305 reverti
3093 5249 3320 5306 fesnnes
3368 5252 3434 5307 ad
3486 5252 3678 5306 Deum.
3734 5251 3893 5305 Video

600 5340 839 5411 amplum
862 5342 933 5397 sit
958 5340 1026 5395 ad
1050 5342 1454 5411 recipiendum,
1479 5352 1772 5413 angustum
1800 5344 1868 5399 ad
1919 5344 2203 5401 dimitten-
2308 5344 2451 5400 enim
2483 5354 2536 5400 te
2564 5352 2689 5414 post
2712 5342 2874 5414 hujus
2901 5344 3079 5415 plagae
3104 5355 3206 5399 uno
3232 5344 3565 5400 horrendam
3600 5345 3893 5405 miseriam.

600 5434 734 5490 dum
775 5435 1034 5505 quoniam
1069 5446 1316 5491 mortuos
1348 5437 1492 5491 intra
1524 5451 1583 5490 se
1612 5446 1861 5505 teneant,
1890 5448 1946 5493 et
1996 5453 2092 5493 eos
2132 5438 2200 5494 ad
2305 5438 2371 5492 ad
2397 5439 2675 5493 interitum
2704 5446 2877 5505 tuum,
2923 5438 3065 5494 hanc
3093 5438 3394 5508 impietatis
3425 5438 3580 5509 sequi
3604 5437 3747 5492 velle
3777 5450 3893 5507 per-

603 5529 771 5583 vitam
803 5545 910 5584 non
942 5529 1214 5599 patiantur
1238 5530 1410 5585 exire.
1438 5529 1604 5584 David
1635 5545 1855 5602 quoque
1887 5543 2107 5587 sanetus
2130 5534 2204 5586 si-
2305 5532 2523 5603 niciem,
2547 5542 2603 5588 et
2625 5531 2961 5588 voluntatem
2988 5541 3158 5599 tuam,
3192 5532 3682 5604 etcogitationem,
3714 5530 3780 5585 ad
3810 5528 3898 5584 ad-

601 5619 806 5675 militer
839 5620 913 5675 ait
936 5620 1003 5675 ad
1054 5620 1223 5676 Deum
1252 5619 1479 5676 :Libera
1506 5638 1587 5676 me
1614 5638 1680 5676 ea:
1706 5623 1999 5677 odientibus
2022 5640 2122 5689 me,
2156 5632 2203 5677 et
2307 5627 2608 5681 versarium
2642 5625 2865 5682 mittere
2893 5624 3354 5696 pusillanituitate
3390 5624 3690 5695 dejectum.

603 5715 667 5766 de
696 5712 972 5783 profundis
1014 5731 1290 5785 aquarum.
1328 5716 1449 5770 Non
1496 5732 1577 5769 me
1624 5718 1886 5789 dentergal
1934 5729 2205 5789 tempestas
2385 5715 2518 5771 Ecce
2546 5716 2683 5769 Deus
2714 5718 2947 5771 excelsus
2978 5717 3029 5770 in
3061 5716 3373 5787 fortitudine
3422 5733 3536 5782 sua,
3571 5723 3618 5768 et
3649 5716 3828 5769 nullus
3855 5710 3898 5766 ei

604 5820 775 5875 aquae,
830 5820 994 5873 neque
1023 5806 1290 5861 absorbent
1338 5824 1418 5862 me
1444 5808 1803 5876 profundunt:
1836 5826 1994 5879 neque
2029 5820 2209 5881 urgeat
2314 5809 2497 5863 similis
2538 5810 2588 5862 in
2621 5806 3027 5877 legis/alaribus.
3055 5809 3110 5866 Si
3143 5809 3349 5880 poterit
3381 5807 3428 5866 ei
3457 5821 3582 5865 esse
3609 5805 3901 5878 quispiam,
