4032 6388
1337 75 2198 101 __________________’.'

129 317 230 379 737

1011 316 1494 375 COMSILNTAllll
1533 315 1596 373 ΙΝ
1639 314 1898 374 LIBRUM
1937 315 2079 373 JOB.
2121 313 2279 373 CAP.
2326 312 2564 374 XXXVI.

3310 312 3418 374 7'58

130 449 184 496 ct
211 435 448 510 potentia
472 443 528 492 et
549 433 759 491 virtute
787 434 1010 501 similis,
1036 433 1536 505 poteritetjnstitia
1558 441 1720 502 atque
1746 432 1801 492 Α
1828 429 1908 485 vel
1944 431 2080 486 tacta
2112 441 2262 499 sunt,
2290 431 2344 486 in
2372 430 2708 486 revelatione
2730 429 2998 487 adventus
3025 429 3260 498 Domini,
3295 430 3421 485 obs-

132 531 413 604 s:ipientia,
446 529 692 600 legisque
722 527 1212 595 multiplicatione,
1243 524 1465 594 judiciis
1496 539 1718 596 quoque

134 627 246 695 ejus
262 621 453 678 similis
471 621 730 676 inveniri.
752 619 822 675 Et
846 619 968 675 ideo
988 633 1291 689 cegnusce,
1324 618 1422 684 ait,
1451 616 1575 688 quia
1601 616 1718 670 nul-

135 717 214 773 lus
240 732 269 772 a
302 715 438 780 Deo,
464 713 558 785 qui
589 713 739 768 solus
766 720 853 769 est
883 722 938 768 et
963 709 1121 768 fortis
1147 720 1202 766 et
1239 710 1480 781 sapiens,
1517 709 1719 778 injuste

137 807 332 880 poterit
353 805 731 862 condemnari.
945 819 948 824 ‘

203 899 327 966 Quis
349 897 537 963 poterit
563 895 788 952 scrutari
814 898 922 951 uias
943 899 1078 970 ejus.
1104 895 1241 963 Quis
1259 893 1467 966 utique,
1489 893 1593 950 nisi
1621 893 1724 948 im-

137 996 275 1068 pius,
302 993 592 1064 superbus,
625 992 744 1047 sive
766 990 1091 1061 sacrilegus,
1122 989 1238 1045 vias
1261 989 1570 1045 divinorum
1595 1003 1725 1059 ope-

139 1102 252 1142 rum
289 1081 520 1140 scrutari
553 1083 886 1150 prasumat?
928 1083 1072 1150 quod
1104 1097 1211 1137 non
1237 1082 1397 1148 licet;
1435 1089 1492 1137 et
1537 1091 1722 1135 tamen

140 1177 420 1249 quantavis
451 1176 758 1234 intentione
786 1175 985 1232 mentis
1016 1175 1318 1247 perquirat,
1349 1188 1443 1231 eas
1477 1174 1726 1230 invenire

142 1289 245 1328 non
277 1271 496 1341 peterit.

211 1363 306 1419 Aut
325 1363 440 1435 quis
468 1364 624 1419 audet
655 1365 703 1418 ei
737 1363 907 1419 dicere
933 1378 952 1418 :
985 1361 1242 1432 Operatus
1270 1378 1322 1418 es
1360 1359 1728 1433 iniquitatem?

143 1457 266 1526 Quis
293 1472 425 1527 ergo
453 1466 564 1512 tam
589 1456 939 1522 temerarius,
970 1465 1024 1511 et
1043 1455 1260 1525 iniquus
1282 1461 1446 1525 alque
1471 1453 1728 1522 injustas,

143 1548 226 1618 qui
251 1545 350 1601 hoc
370 1544 571 1602 audeat
595 1545 778 1617 loqui?
800 1544 927 1601 Haec
949 1545 1203 1601 omniain
1231 1544 1485 1615 injuriam
1509 1543 1613 1600 Job
1640 1542 1727 1599 di-

144 1651 256 1695 Clllli
268 1655 346 1694 lll‘o

1821 523 2052 579 curitate
2101 524 2188 579 sui
2239 533 2292 578 et
2355 523 2731 596 profunditate
2788 525 3200 598 mysteriorum,
3253 524 3424 584 veluti

1821 617 2004 670 clausa
2046 618 2200 685 signa
2248 616 2468 672 inventa
2515 625 2664 673 sunt.
2698 616 2957 672 lmbrium
2997 631 3129 674 vero
3175 617 3417 684 nomine,

1821 706 1970 778 large
1987 706 2212 764 eﬂ'usam
2232 709 2462 780 gratiam
2486 708 2726 780 Spiritus
2747 709 2923 765 sancti
2943 723 3068 766 esse
3089 708 3424 778 noverimus,

1822 798 1963 854 sicut
1997 799 2076 852 ait
2104 799 2421 869 Apostolus,
2454 816 2547 870 per
2586 802 2855 856 lavacrum
2881 801 3230 874 generationis
3267 813 3317 856 et
3342 817 3427 858 re-

1822 893 2120 949 novationis
2144 893 2376 965 Spiritus
2404 894 2598 966 sancti,
2629 912 2777 965 quem
2799 894 2989 964 effudit
3016 894 3072 950 in
3098 913 3192 952 nos
3221 893 3425 951 abunde

1823 1001 1915 1057 per
1940 983 2124 1039 Jesum
2155 984 2446 1042 Christum.

1900 1076 2004 1146 Qui
2047 1078 2115 1132 de
2147 1079 2368 1133 nubibus
2399 1082 2592 1151 ﬂuunt,
2624 1097 2740 1152 qute
2786 1092 3078 1152 prcetexunt
3109 1094 3295 1140 cuncta
3325 1083 3423 1139 de-

1825 1185 2002 1240 super.
2038 1169 2224 1226 Nubes
2254 1171 2461 1227 scimus
2495 1171 2824 1244 plerumque
2862 1175 2915 1230 in
2957 1174 3264 1247 Scripturis
3298 1190 3426 1232 san-

1826 1272 1945 1317 ctos
1966 1262 2255 1332 appellari,
2279 1265 2423 1319 sicut
2443 1272 2500 1319 et
2528 1263 2879 1321 manifestum
2902 1277 2989 1322 est
3015 1267 3250 1338 quodam
3277 1267 3424 1339 loco,

1827 1355 2048 1414 dicente
2080 1356 2313 1413 Domino
2343 1373 2358 1416 :
2383 1355 2454 1412 Et
2480 1357 2701 1413 nubibus
2729 1358 3012 1426 mandabo,
3043 1376 3106 1414 ne
3134 1361 3318 1432 pluunt
3337 1377 3426 1416 su-

1827 1467 1917 1521 per
1951 1467 2064 1504 eam
2093 1449 2326 1519 pluviam
2358 1466 2379 1505 :
2412 1451 2463 1506 id
2503 1460 2610 1519 est,
2647 1451 2892 1518 vineam,
2923 1449 3074 1521 quod
3111 1462 3194 1507 est
3217 1491 3233 1518 ,
3263 1466 3428 1523 super

1829 1557 2044 1615 gentem
2079 1546 2445 1618 peccatricem
2474 1546 2792 1604 Judatorum
2826 1563 2841 1604 :
2870 1547 3055 1604 verbis
3077 1547 3195 1603 suis
3233 1548 3429 1606 salutis

1831 1637 2067 1707 pluviam
2097 1654 2203 1694 non
2235 1638 2596 1696 etl'underent.
2631 1640 2711 1697 De
2741 1639 2941 1696 talibus
2968 1638 3138 1711 igitur
3169 1640 3426 1710 nubibus,

210 1731 468 1788 Memento
491 1733 631 1804 quod
658 1731 863 1803 ignores
893 1748 1023 1802 opus
1047 1734 1184 1805 ejus,
1214 1731 1281 1787 de
1306 1748 1406 1803 quo
1435 1731 1731 1786 cecinerunt
1831 1730 2094 1799 apostolis
2119 1730 2401 1796 videlicet,
2429 1743 2484 1788 et
2515 1734 2835 1803 apostolicis
2863 1734 3023 1806 viris,
3055 1732 3433 1806 praedicatori-

141 1830 249 1884 riri.
279 1829 375 1885 Vel
405 1844 572 1883 ontne
597 1827 860 1899 generale
881 1841 1021 1897 opus
1043 1825 1184 1897 ejus,
1208 1826 1292 1882 vel
1315 1833 1465 1882 certe
1494 1823 1729 1895 speciale
1757 1813 1804 1872 Β
1837 1822 1934 1877 bus
1956 1822 2225 1890 veritatis,
2252 1823 2328 1878 illi
2362 1824 2570 1880 imbres
2591 1825 2783 1895 pluunt
2813 1826 2975 1884 talem
3003 1827 3271 1899 pluviam,
3309 1841 3434 1898 quas

141 1937 272 1994 opus
295 1922 435 1993 ejus.
470 1921 648 1992 Super
678 1919 859 1977 omnia
904 1921 1049 1976 enim
1092 1934 1308 1990 magna,
1353 1927 1408 1974 et
1456 1916 1730 1972 mirabilia

143 2030 298 2086 opera
340 2015 498 2084 ejus,
535 2021 621 2069 est
657 2011 1082 2084 dispensationis
1126 2009 1334 2066 Christi
1377 2009 1723 2081 mysterium,

143 2107 271 2181 quod
295 2107 478 2162 oculus
499 2123 600 2162 non
627 2106 776 2172 uidit,
807 2121 898 2160 nec
922 2105 1064 2160 auris
1080 2103 1302 2172 audivit,
1336 2119 1426 2158 nec
1447 2103 1499 2157 in
1527 2118 1616 2156 cor
1637 2105 1734 2156 Ito-

147 2203 287 2257 minis
314 2201 571 2256 ascendit.
612 2200 719 2255 Alii
749 2199 1004 2256 dixerunt
1028 2216 1040 2252 :
1066 2197 1358 2264 Memento,
1391 2197 1514 2269 quia
1539 2213 1731 2270 magna

143 2296 236 2351 sint
263 2298 370 2368 ejus
399 2310 588 2365 opera,
633 2308 746 2365 qua
784 2291 1132 2347 laudauerunt
1175 2291 1292 2346 viri.
1348 2290 1426 2346 De
1472 2289 1730 2346 omnibus

143 2387 386 2459 operibus
414 2387 520 2444 Dei
543 2387 695 2450 dicit,
724 2401 850 2456 qua:
879 2385 1056 2442 sancti
1079 2385 1177 2440 viri
1204 2383 1259 2440 in
1291 2383 1562 2439 honorem
1593 2382 1734 2439 divi-

148 2495 222 2535 na:
243 2495 434 2536 venera
451 2479 621 2534 tionis
654 2479 851 2533 merito
877 2476 1272 2533 laudaverunt.

215 2571 396 2629 Omnes
433 2571 679 2627 homines
716 2570 889 2626 vident
937 2587 1075 2636 eum,
1118 2569 1472 2641 unusquisque
1509 2569 1737 2623 intuetur

149 2665 334 2737 procul.
373 2666 488 2723 Per
524 2677 738 2722 natura:
774 2665 1009 2732 bonum,
1047 2664 1242 2720 notitia
1285 2663 1552 2720 creatoris
1593 2662 1740 2720 inest

151 2761 387 2817 cordibus
420 2761 746 2827 hominum;
779 2771 829 2814 et
873 2759 1122 2830 quamvis
1154 2758 1351 2830 aliquis
1384 2766 1490 2813 tam
1537 2773 1738 2829 parvus

153 2854 217 2908 sit
240 2863 292 2909 et
320 2852 575 2925 frigidus,
605 2863 664 2908 ut
685 2851 904 2908 alienus
926 2866 1047 2908 esse
1070 2850 1286 2906 studeat
1313 2866 1343 2905 a
1363 2858 1614 2905 creatore
1641 2864 1741 2905 suo

154 2944 276 3012 Deo,
299 2947 478 3003 nullus
504 2954 693 3002 tamen
717 2956 801 3002 est
829 2945 923 3016 qui
948 2959 1006 3001 se
1026 2942 1363 3000 abscondita
1387 2943 1573 3000 calore
1595 2943 1734 3012 ejus.

154 3042 211 3096 Et
239 3040 356 3098 ideo
381 3041 761 3113 unusquisque
785 3039 1120 3109 mortalium,
1148 3037 1276 3094 licet
1299 3037 1369 3092 de
1397 3037 1581 3108 longe,
1617 3051 1742 3092 sen-

155 3135 211 3191 tit
244 3146 296 3192 et
339 3135 640 3206 intelligit,
686 3132 1028 3190 dissimiliter
1068 3129 1292 3204 quidem
1322 3129 1570 3196 omnino,
1618 3127 1744 3198 quia

1833 1914 2033 1972 habeat
2052 1916 2104 1971 in
2127 1932 2187 1972 se
2212 1917 2623 1974 similitudinem
2645 1922 2944 1991 gurgitum,
2965 1930 3188 1994 propter
3207 1936 3437 1978 arcano-

1831 2023 1951 2062 rum
1977 2008 2282 2065 cmlestium
2311 2012 2645 2078 onacitatem
2677 2027 2693 2070 :
2725 2013 2816 2069 ubi
2845 2027 3086 2084 congrue
3116 2013 3250 2070 illud
3275 2013 3438 2070 Davi-

1837 2100 2022 2156 dicum
2055 2100 2256 2158 dicitur
2290 2119 2303 2156 :
2337 2101 2635 2159 Tenebrosa
2659 2122 2797 2178 aqua
2825 2105 2881 2161 in
2909 2105 3130 2161 nubibus
3150 2106 3308 2161 aeris.
3337 2105 3434 2162 Ηω

1835 2196 1999 2269 igitur
2056 2199 2247 2263 nubes,
2293 2200 2538 2270 inquam,
2589 2215 2688 2272 per
2716 2215 2856 2272 quas
2905 2199 3110 2256 imbres
3156 2201 3434 2272 gurgitum

1835 2290 2013 2346 tluuut
2039 2290 2093 2346 in
2118 2301 2347 2359 terram,
2380 2301 2698 2362 praetexunt
2718 2301 2917 2348 cuncta
2939 2292 3194 2363 desuper.
3223 2291 3438 2349 Haben-

1839 2394 1919 2441 tes
1940 2385 2086 2441 enim
2110 2384 2252 2441 intra
2279 2400 2339 2442 se
2357 2400 2528 2458 aquas
2552 2386 2866 2459 Evangelii,
2894 2395 2952 2443 ut
2969 2386 3190 2442 ﬂumina
3214 2385 3282 2442 de
3303 2401 3437 2445 ven-

1839 2487 1923 2536 tre
1953 2494 2141 2535 eorum
2179 2479 2352 2536 ﬂuant
2391 2496 2548 2552 aqua:
2588 2483 2757 2551 vivat,
2798 2481 2869 2538 de
2913 2480 3291 2552 superioribus
3320 2495 3440 2554 my-

1839 2572 2043 2639 steriis,
2063 2573 2218 2644 quasi
2239 2573 2477 2644 quodam
2509 2584 2800 2646 praetextu,
2829 2588 2883 2630 et
2903 2574 3244 2632 obscuritate
3271 2589 3442 2647 aqua-

1840 2681 1994 2734 rum,
2025 2667 2366 2722 obstaculum
2397 2666 2709 2724 carnalibus
2739 2667 2946 2724 faciunt
2975 2677 3030 2725 et
3061 2669 3331 2725 terrenis.‘

1915 2760 1978 2817 Si
2005 2761 2226 2816 voluerit
2256 2761 2529 2816 extendere
2580 2761 2740 2816 nubes
2767 2763 2917 2827 quasi
2943 2763 3219 2818 tentorium
3266 2778 3439 2833 suum,

1843 2867 1890 2912 et
1917 2855 2189 2928 fulgurare
2214 2856 2534 2925 luntinesuo,
2558 2857 2781 2927 desuper
2805 2857 3041 2912 cardines
3067 2873 3269 2929 quoque
3283 2857 3443 2912 maris

1843 2949 2062 3019 aperiet.
2090 2949 2168 3004 Ita
2197 2949 2344 3006 enim
2370 2947 2659 3020 praedictas
2689 2949 2864 3006 nubes
2890 2949 3160 3018 extendit,
3192 2962 3250 3007 ut
3269 2950 3339 3008 de
3361 2951 3445 3008 eis

1845 3043 1898 3098 in
1933 3057 2151 3100 omnem
2192 3053 2392 3100 terram
2423 3043 2624 3100 exierit
2653 3059 2828 3100 sonus
2856 3060 3072 3115 eortttn,
3122 3057 3180 3102 et
3218 3046 3273 3102 in
3303 3046 3442 3104 lines

1847 3135 1996 3190 orbis
2043 3145 2204 3192 terra:
2239 3135 2402 3193 verba
2446 3136 2665 3192 illorum
2701 3154 2714 3190 :
2747 3137 3207 3208 quemadmodum
3253 3149 3443 3210 postea

155 3247 248 3286 non
279 3202 554 3302 tamquam
575 3242 775 3300 corpus
795 3238 889 3283 aut
909 3227 1050 3282 sicut
1068 3202 1464 3298 quemcumque
1490 3224 1742 3293 spiritum
1771 3202 1816 3266 (ἶ
1848 3226 2060 3282 locutus
2082 3235 2168 3284 est
2191 3227 2576 3308 ad‘discipulos
2605 3202 2835 3296 suos,'id
2857 3238 2962 3296 est,
2993 3229 3167 3286 nubes
3190 3202 3340 3298 suas,
3364 3229 3448 3286 di-

153 3334 402 3392 creatum,
439 3325 515 3379 ita
573 3321 736 3378 sentit
781 3335 904 3377 esse
944 3320 1138 3384 Deum,
1171 3318 1287 3373 sive
1330 3315 1604 3386 intelligit,
1638 3315 1735 3370 sed

155 3415 254 3472 alio
284 3419 450 3473 multo
479 3425 544 3473 et
576 3413 840 3472 iueﬂ‘abili
869 3413 1052 3481 modo,
1087 3427 1195 3483 quo
1229 3412 1372 3468 Deus
1397 3411 1515 3468 acie
1543 3411 1744 3467 mentis

156 3520 229 3566 est
253 3510 555 3566 intuendus
578 3527 592 3562 :
613 3508 706 3564 ubi
729 3509 782 3564 in
812 3507 930 3578 ipso
949 3507 1139 3564 obtutu
1157 3504 1340 3561 cordis
1364 3503 1743 3575 intelligendo,

156 3602 293 3659 videt
313 3601 478 3659 homo
503 3599 658 3673 quod
688 3614 852 3671 supra
883 3599 1061 3668 ipsum
1093 3605 1179 3653 est
1207 3595 1341 3652 illud
1372 3596 1615 3652 divinum
1646 3610 1743 3650 no-

156 3710 299 3764 men,
330 3696 474 3766 quod
504 3693 874 3764 contemplari
902 3703 1155 3748 conatur.

220 3786 347 3843 Ecce
373 3786 518 3845 Deus
558 3803 775 3860 magnus
803 3786 1011 3840 vincens
1042 3784 1310 3840 scientiam
1341 3793 1593 3839 nostram.
1630 3781 1750 3838 Nu-

155 3897 312 3940 merus
329 3897 600 3937 mmorum
627 3882 743 3952 ejus
769 3877 1166 3934 intestimabilis.
1195 3876 1434 3934 Vincens
1461 3877 1746 3934 scientiam

157 3988 385 4034 nostram
417 3973 800 4050 magnitudine
846 3972 1090 4030 scientiae
1124 3988 1237 4029 sum
1267 3982 1322 4030 et
1349 3972 1638 4028 altitudine
1661 3972 1749 4044 ju-

158 4067 412 4125 diciorum
443 4084 546 4125 suo
557 4083 701 4123 rum.

227 4161 324 4228 Qui
349 4163 517 4232 aufert
550 4157 725 4216 stillas
763 4157 970 4230 pluvias,
1001 4167 1050 4212 et
1078 4156 1299 4225 eﬂundit
1331 4156 1524 4212 imbres
1554 4157 1627 4209 ad
1657 4157 1744 4211 iu-

158 4264 259 4308 star
287 4257 568 4327 gurgitum.
605 4253 759 4309 Hanc
789 4267 919 4324 ergo
952 4251 1208 4322 pluviam,
1244 4250 1418 4320 legem
1451 4250 1624 4322 Moysi
1658 4251 1746 4304 iu-

162 4348 482 4420 tclligamus,
523 4363 650 4422 qum
677 4348 745 4403 de
789 4346 932 4402 cmlo
962 4346 1109 4401 velut
1150 4345 1334 4417 pluvia
1363 4346 1514 4400 venit
1543 4345 1750 4415 populo

159 4442 485 4500 Judmorum.
523 4445 591 4500 Et
621 4442 799 4512 pluvia
825 4441 964 4497 dicta
992 4450 1078 4496 est
1107 4447 1330 4510 pr0pter
1353 4447 1750 4510 prrcceptorum

160 4537 587 4603 multitudinem,
621 4537 768 4592 sicut
798 4545 855 4591 et
883 4535 1000 4606 ipse
1030 4534 1247 4606 Moyses
1277 4533 1343 4590 de
1371 4533 1560 4589 eadem
1588 4545 1750 4602 gente

160 4630 467 4687 Judteorum
498 4631 608 4695 ait,
639 4628 832 4684 dicens
865 4643 880 4686 :
914 4625 1254 4698 Exspectetur
1281 4625 1412 4679 sicut
1438 4623 1618 4698 pluvia
1646 4624 1754 4680 elo-

160 4725 330 4795 quium
363 4740 559 4779 meum.
587 4721 756 4792 Hujus
784 4718 946 4792 igitur
971 4717 1175 4788 pluvia:
1201 4717 1377 4774 stillas
1405 4716 1472 4772 de
1505 4717 1596 4772 illa
1625 4731 1754 4787 geu-

163 4825 211 4871 te
241 4816 469 4872 abstulit
497 4816 666 4880 Deus,
699 4822 758 4870 ut
779 4822 861 4869 cst
882 4811 976 4868 vel
1004 4810 1073 4866 de
1099 4809 1476 4866 incarnatione
1506 4807 1594 4865 vel
1623 4824 1754 4879 pas-

162 4908 334 4974 sione,
367 4908 449 4965 vel
479 4907 552 4964 de
586 4907 993 4964 resurrectione
1021 4902 1252 4970 Christi,
1284 4917 1406 4973 quae
1432 4900 1606 4958 Judrei
1635 4915 1758 4957 cre-

163 5001 291 5057 dere
318 5010 600 5058 exczccato
623 5000 789 5056 corde
813 5001 1128 5063 noluerunt,
1153 5011 1273 5066 quae
1296 5007 1422 5050 sunt
1447 5011 1609 5066 parva
1631 4995 1754 5065 qui—

162 5091 281 5149 dem
303 5094 563 5151 maudata
590 5093 806 5165 legalia.
830 5099 891 5149 ut
909 5107 974 5148 ea
1003 5090 1069 5146 ad
1095 5087 1373 5159 Evangelii
1393 5087 1556 5144 fidem
1581 5099 1763 5144 trans-

165 5185 350 5255 ferret,
385 5187 531 5244 sicut
569 5187 651 5241 ait
688 5185 985 5256 Apostolus
1018 5201 1032 5237 :
1078 5182 1299 5239 Verbum
1341 5182 1480 5235 enim
1519 5197 1762 5236 consum—

168 5294 312 5333 mans
336 5289 378 5333 et
397 5279 638 5334 brevians
657 5280 708 5333 in
726 5279 1017 5348 iniquitate,
1033 5287 1088 5331 et
1111 5274 1336 5346 reliqua.
1364 5273 1427 5328 Et
1451 5273 1622 5328 dehis
1643 5275 1761 5329 stil-

171 5370 256 5436 lis,
284 5373 575 5441 parvisque
598 5371 789 5440 guttis,
817 5379 1042 5425 tonante
1065 5368 1382 5438 Evangelio,
1420 5365 1761 5436 praedicatio-

170 5461 466 5519 nisChrisli
491 5465 699 5519 imbres
719 5465 875 5520 etl‘usi
905 5474 1032 5519 sunt
1053 5478 1214 5532 super
1238 5474 1462 5516 terram.
1491 5462 1553 5516 Et
1575 5461 1626 5516 hi
1658 5462 1759 5515 iiii-

172 5558 292 5612 bres
321 5558 390 5612 ad
424 5560 600 5612 instar
634 5559 902 5628 gurgitum
935 5571 1059 5610 esse
1105 5557 1359 5610 dicuntur
1395 5572 1408 5609 :
1438 5557 1528 5623 qui
1579 5556 1764 5623 utique

173 5663 290 5704 cum
327 5652 378 5706 in
425 5659 630 5708 terram
662 5653 882 5719 copiose
924 5649 1280 5717 descendant,
1335 5647 1762 5716 profunditatem

174 5746 226 5799 in
259 5760 318 5799 se
357 5755 411 5800 et
437 5744 833 5799 obscuritatem
867 5744 1144 5796 continent
1177 5741 1588 5810 mysteriorum,
1645 5754 1765 5802 qum

170 5831 226 5900 in
255 5835 398 5910 Lege
421 5845 475 5894 ct
497 5835 781 5910 prephctis
805 5850 900 5908 per
922 5835 1119 5908 ﬁguras
1140 5844 1193 5892 et
1216 5833 1602 5892 similitudines
1620 5831 1764 5890 dicta

1845 3333 1975 3374 cens
2007 3335 2024 3378 ς
2056 3317 2123 3373 Et
2151 3319 2297 3375 eritis
2325 3319 2454 3373 mihi
2481 3327 2634 3374 testes
2662 3321 2718 3374 in
2762 3318 3079 3390 Jerusalem,
3110 3331 3158 3377 et
3181 3320 3369 3379 Iudaea
3395 3332 3448 3379 et

1847 3409 2116 3474 Samaria,
2144 3421 2191 3466 et
2213 3428 2376 3484 usque
2391 3411 2460 3467 ad
2483 3412 2723 3468 ultimum
2747 3422 2938 3470 teme:
2965 3429 3064 3484 per
3091 3430 3229 3486 quas
3255 3417 3446 3489 utique

1848 3503 2022 3557 nubes
2057 3517 2153 3558 sua
2186 3502 2399 3574 fulgura
2432 3505 2839 3575 praedicationis
2883 3507 3364 3578 reSpleuduerunt,
3389 3517 3448 3567 et

1848 3591 2086 3649 nominis
2113 3594 2318 3650 Christi
2353 3595 2495 3650 fama
2525 3595 2597 3653 de
2637 3597 2780 3653 coelo
2817 3598 2969 3654 velut
3009 3598 3192 3655 lumen
3220 3599 3443 3658 etl'ulsit.

1849 3688 2015 3743 Maris
2053 3689 2242 3755 etiam,
2283 3689 2472 3744 mundi
2530 3690 2782 3747 videlicet
2821 3689 2982 3762 hujus
3010 3692 3262 3750 cardines
3287 3710 3451 3753 occu-

1852 3779 2053 3849 pavit:
2100 3780 2216 3836 sive
2261 3780 2517 3838 cardines
2564 3783 2754 3839 tnuudi
2803 3798 3089 3853 possumus
3141 3786 3448 3860 intelligere

1851 3875 2148 3947 principes,
2182 3885 2237 3932 et
2283 3877 2464 3948 capita
2510 3881 2756 3950 gentium
2796 3881 3136 3938 diversarum
3170 3899 3448 3956 :quorutn

1853 3968 2133 4025 erroribus
2167 3983 2232 4024 ac
2270 3971 2454 4040 pravis
2483 3970 2857 4029 doctrinarum
2898 3975 3252 4033 suasionibus
3293 3993 3454 4033 mun-

1850 4058 1954 4114 dus
1974 4059 2026 4114 in
2057 4061 2180 4116 loco
2213 4061 2623 4133 superstitionis
2645 4064 3039 4123 daemoniorum
3072 4067 3222 4124 velut
3253 4069 3306 4124 in
3329 4083 3452 4126 car-

1852 4153 1980 4209 dine
2007 4154 2348 4211 vertebatur.

1925 4247 2030 4303 Per
2050 4248 2162 4304 Itcec
2189 4251 2330 4305 enim
2351 4251 2560 4324 judicat
2586 4252 2828 4324 papulas,
2859 4263 2912 4308 et
2950 4254 3040 4309 dat
3085 4271 3227 4312 escas
3275 4258 3454 4314 multis

1854 4342 2178 4397 mortalibus.
2206 4342 2329 4398 lstis
2354 4345 2499 4399 enim
2538 4344 2706 4400 rebus
2740 4356 3213 4404 sacramentorum
3254 4349 3456 4419 praedi-

1854 4434 1976 4497 ctis,
1999 4432 2190 4488 statuit
2215 4433 2356 4491 Deus
2377 4434 2602 4505 pietatis
2621 4452 2731 4492 suae
2747 4436 2954 4508 judicio
2977 4441 3248 4496 universis
3273 4456 3454 4512 popu-

1856 4525 1925 4581 lis
1961 4525 2234 4593 misereri,
2267 4536 2322 4583 et
2357 4527 2490 4585 dare
2520 4544 2676 4586 escas
2705 4531 2971 4588 doctrinas
2997 4534 3159 4590 verbi
3198 4534 3307 4606 sui,
3340 4536 3456 4593 sive

1860 4617 2250 4688 mysteriorum
2303 4619 2514 4674 cunctis
2564 4621 2912 4692 mortalibus,
2961 4623 3264 4682 secundum
3310 4628 3456 4698 quod

1859 4709 1978 4780 ipse
2020 4709 2092 4766 ait
2141 4726 2158 4766 :
2208 4708 2325 4782 Ego
2369 4729 2486 4768 sum
2527 4716 2678 4786 panis
2727 4715 2891 4784 vivus,
2935 4718 3027 4788 qui
3072 4719 3138 4774 de
3180 4718 3310 4778 caelo
3357 4722 3454 4776 de-

1859 4802 2053 4857 scandi.

1934 4896 2004 4951 In
2039 4897 2276 4953 manibus
2315 4898 2579 4953 abscondit
2607 4897 2798 4971 lucem,
2827 4909 2878 4955 et
2903 4902 3139 4973 praecipit
3176 4903 3224 4959 ei
3248 4913 3304 4958 ut
3331 4921 3457 4960 rur-

1861 5004 1949 5042 sus
1978 4987 2241 5045 adveniat.
2273 4987 2548 5044 Potestate
2571 4988 2703 5058 justi
2731 4990 2924 5058 jndicii
2960 4993 3067 5057 sui,
3101 4994 3282 5050 lumen
3317 4997 3461 5053 noti-

1865 5082 1956 5137 tia:
1992 5098 2106 5137 suae
2143 5082 2430 5138 abscondit
2461 5098 2492 5138 a
2525 5083 2905 5153 peccatoribus
2937 5084 3145 5142 malum
3183 5090 3462 5157 operanti-

1866 5175 1991 5242 bus,
2012 5185 2070 5232 et
2096 5176 2282 5232 venire
2303 5192 2423 5232 eam
2456 5177 2521 5231 ad
2553 5176 3008 5235 illuminatiouetn
3042 5181 3240 5238 mentis
3273 5185 3465 5253 praeci-

1867 5271 1980 5340 pit;
2007 5272 2051 5326 si
2078 5270 2249 5326 Deum
2278 5271 2584 5342 adjutorcm
2609 5271 2728 5344 ejus
2757 5273 3031 5344 quispiam
3059 5274 3296 5334 ﬁdeliter
3316 5293 3463 5350 quaso

1866 5373 2033 5418 reret.

1940 5456 2223 5508 Anuuntiut
2249 5457 2310 5508 de
2346 5471 2406 5508 ea
2440 5456 2608 5508 amico
2643 5472 2758 5523 suo,
2786 5458 2926 5526 quod
2963 5461 3213 5529 possessio
3241 5464 3352 5533 ejus
3373 5463 3460 5532 sit,

1871 5558 1916 5602 et
1945 5552 2012 5600 ad
2037 5564 2151 5600 eum
2173 5548 2330 5618 possit
2355 5548 2650 5601 ascendere.
2684 5548 2832 5602 Deus
2865 5549 2988 5604 luce
3014 5552 3466 5612 munire-stationis

1873 5655 1986 5693 sua:
2018 5637 2230 5692 ﬁdelem
2255 5638 2359 5693 sibi
2387 5639 2621 5692 amicum
2651 5638 2703 5692 itt
2745 5639 2915 5694 c0t'de
2948 5640 3108 5698 docet
3131 5654 3186 5697 et
3228 5646 3467 5703 instruit.

1875 5731 2142 5786 Erndieus
2178 5747 2393 5801 quoque
2419 5733 2705 5785 annuntiat
2737 5732 2809 5797 ei,
2843 5733 2988 5803 quod
3019 5735 3109 5788 lux
3137 5736 3252 5791 sive
3290 5737 3380 5794 illa
3405 5741 3470 5797 il-

1874 5825 2248 5885 luminationis
2268 5826 2464 5902 gratia,
2492 5826 2609 5884 sive
2628 5824 2936 5894 divinorum
2965 5825 3205 5891 Charitas
3234 5836 3476 5916 promis?
