4026 6336
582 193 689 258 73')

1382 182 1723 249 APPENDIX
1768 185 1857 246 AD
1897 182 2137 245 Τυιιιιιι
2179 177 2528 245 SEPTIMUM
2570 183 2628 245 S.
2677 175 3080 242 lliERONi’MI.

3786 179 3876 247 τιο

588 294 667 375 εστ
687 335 771 372 ιιεη
807 310 1082 387 ιιοεςοεςίςι
1110 307 1225 379 ejus
1260 309 1349 376 sit,
1385 320 1439 364 ct
1481 309 1545 363 ad
1570 324 1712 375 cam,
1745 307 1790 363 si
1820 308 2074 377 disponat
2095 322 2177 362 as-
2205 305 2469 369 A’vcniat
2495 319 2667 376 usque
2691 305 2743 360 in
2769 303 2990 360 cmlum.
3027 299 3179 360 Unde
3200 306 3257 360 et
3285 293 3493 360 tonabit
3522 303 3606 361 eis
3627 299 3872 366 Dominus

586 414 879 469 censioucs
904 411 955 463 in
997 406 1161 463 corde
1189 421 1309 471 suo,
1341 402 1587 474 quotidie
1618 400 1953 472 prolicicudo
1989 414 2176 470 [ευπο-
2210 412 2255 438 λ-
2288 414 2423 455 voce
2452 408 2850 469 praeceptorum
2882 412 3129 465 suorum,
3156 406 3221 452 ut
3251 397 3474 453 timeant
3520 413 3552 453 a
3584 397 3724 456 facie
3750 401 3872 472 ejus.

591 516 726 563 ’Μ’
878 538 909 631 ί
1064 524 1335 631 eaeor
1377 565 1648 624 xxxv".

592 687 965 762 ,ηδιψει-Ἰιοσ
1008 686 1341 756 erpnviteor
1382 698 1570 737 meum.
1606 682 1731 736 Sive
1777 679 2045 750 obstupuit
2094 694 2184 731 τεν

586 790 891 852 maturauit?
920 779 1331 835 aliiatiixcruuh
1410 804 1417 809 ο
1462 780 1468 787 ’

592 873 732 928 κεῖ
754 880 979 927 emotum
1002 866 1327 927 es'tdeteoe
1345 884 1460 923 suo.
1494 864 1781 922 Pratdictis
1818 864 2028 920 divinis
2066 878 2186 935 my-

585 965 799 1031 steriis,
830 972 885 1020 et
926 963 1049 1019 luce
1087 961 1426 1033 cognitionis
1454 959 1557 1015 Dei
1589 957 1877 1032 patefacta,
1910 974 2035 1029 quae
2080 956 2187 1012 nisi

584 1056 904 1114 aulicis‘Dei
940 1064 1006 1112 et
1031 1054 1289 1110 ﬁdelibus
1314 1052 1737 1111 demonstratur
1776 1067 1790 1105 :
1839 1050 2185 1120 perterritum

580 1159 684 1216 est,
708 1149 916 1219 inquit,
937 1146 1055 1203 cor
1089 1160 1268 1202 meum
1303 1145 1487 1212 lleliu,
1516 1152 1574 1200 et
1609 1144 1731 1199 zelo
1776 1143 2096 1213 ignorantiae
2118 1143 2186 1198 ad

583 1232 1054 1305 sacratnentorom
1085 1242 1451 1312 cognitionem
1483 1240 1830 1294 translatum.

619 1337 848 1391 v'Audiet
872 1335 1202 1393 auditionem
1243 1334 1300 1386 in
1345 1342 1542 1385 terrore
1571 1331 1709 1384 vocis
1752 1334 1886 1403 ejus,
1917 1338 1965 1384 et
2005 1345 2187 1384 sonum

587 1432 652 1486 de
681 1447 771 1485 ore
799 1427 945 1483 illius
974 1426 1358 1495 procedentem.
1398 1423 1868 1490 Quemadmodum
1896 1423 2012 1477 vult
2045 1422 2190 1476 Deus

590 1519 950 1591 auditisquod
976 1517 1135 1585 dicit,
1182 1518 1254 1572 ita
1296 1516 1488 1571 audite
1520 1532 1535 1574 ι
1567 1516 1825 1585 quoniam
1872 1524 2037 1569 terret
2080 1528 2186 1567 vox

587 1611 895 1685 ejns‘tantis
923 1609 1291 1671 sacramentis
1314 1608 1700 1680 mysteriorum
1724 1604 2021 1676 praevalida
2052 1621 2067 1658 :
2098 1620 2188 1659 so-

2285 494 2403 563 Quo
2437 493 2653 563 fragore
2681 488 2907 547 tonitrni
2947 490 3108 546 simul
3138 505 3395 567 agnosce,
3425 492 3556 562 quia
3592 492 3734 548 Deus
3763 509 3870 552 an'e

2284 588 2619 644 desiderium
2652 589 2841 643 eorum
2885 578 3467 656 inchtigabili‘S'slt‘et
3489 586 3810 643 immensus.

2359 680 2579 734 Tonubi!
2621 678 2761 733 Deus
2790 681 2843 733 in
2872 694 2992 733 voce
3013 695 3107 731 sua
3138 677 3467 747 mirabiliter,
3498 680 3589 750 qui
3634 676 3755 751 fecit
3781 700 3869 735 int:-

2284 790 2388 846 gna
2437 781 2482 827 et
2529 771 2909 826 inscrutubilia.
2944 772 3050 825 Alii
3103 770 3363 826 dixerunt
3409 782 3425 829 :
3469 766 3675 827 tonabit
3725 771 3867 830 Deus.

2289 865 2432 919 Deus
2461 864 2786 919 mirabiliter
2823 873 3105 935 operatur,
3157 864 3372 933 quando
3403 864 3554 921 istud
3590 867 3867 924 tonitruum

2288 957 2522 1014 nominis
2563 957 2668 1023 sui,
2711 972 2817 1027 quo
2859 956 2912 1011 in
2947 963 3067 1011 toto
3092 954 3299 1011 mundo
3329 958 3489 1013 fama:
3534 957 3658 1028 ejus
3696 960 3872 1017 notitia

2287 1051 2691 1118 crcbreseit,=in
2721 1048 2943 1106 auribus
2975 1050 3102 1105 facit
3133 1052 3329 1106 animae
3358 1048 3683 1122 personare.

2362 1145 2465 1213 Qui
2520 1145 2771 1217 prwcipit'
2798 1143 2927 1211 nivi,
2961 1152 3017 1199 ut
3061 1143 3342 1199 descendat
3389 1156 3546 1218 Super
3576 1155 3791 1216 terram,
3836 1156 3873 1203 et

2289 1238 2485 1307 Iryemis
2507 1236 2716 1305 pluviis,
2732 1247 2776 1290 rt
2797 1236 2947 1289 imbri
2975 1236 3296 1308 fortitudinis
3318 1253 3447 1293 suta.
3465 1230 3659 1293 Nivem
3682 1241 3871 1296 cando-

2288 1328 2405 1384 rem
2450 1328 2656 1399 gratim,
2700 1345 2819 1399 qure
2866 1343 2965 1399 per
2991 1322 3322 1400 baptismum
3362 1318 3627 1386 ﬁdelibus
3646 1320 3875 1404 Spiritus

2289 1423 2464 1477 sancti
2487 1421 2629 1477 dona
2660 1422 2936 1489 tribuitur,
2968 1423 3220 1494 saperius
3252 1423 3491 1480 diximus
3523 1441 3685 1495 posse
3716 1427 3874 1498 signi-

2290 1514 2465 1582 ﬁcari,
2497 1526 2549 1570 et
2579 1515 2829 1585 exempla
2859 1515 2990 1570 'illic
3021 1516 3460 1574 testintoniOrum
3482 1519 3563 1575 ’de
3592 1519 3878 1591 Scripturis

2291 1606 2456 1660 multa
2490 1606 2835 1676 protulimus,
2861 1606 2929 1662 de
2958 1608 3158 1678 quibus
3181 1618 3235 1664 et
3258 1608 3389 1665 illud
3416 1610 3777 1680 Davidicum,
3802 1612 3878 1667 ubi

586 1721 829 1778 umente
856 1704 969 1760 oris
996 1703 1137 1774 ejus,
1179 1701 1294 1758 sive
1340 1712 1394 1754 ut
1438 1701 1531 1755 alii
1562 1699 1843 1764 dixerunt,
1884 1698 2177 1766 strepitum,
2211 1691 2254 1751 B
2286 1701 2364 1757 ait
2401 1700 2453 1755 in
2506 1700 2757 1770 psalmo:
2796 1699 2932 1755 Nive
2970 1700 3361 1757 dealbabuntur
3384 1704 3439 1758 in
3470 1704 3716 1773 Selmon,
3749 1707 3876 1777 quod

589 1799 706 1870 pari
738 1798 900 1854 modo
944 1794 1151 1851 audite.
1200 1794 1299 1850 Hic
1327 1806 1666 1863 ergosonns
1709 1798 1792 1845 est
1841 1790 2181 1843 maxillarum

587 1893 711 1960 Dei,
736 1894 825 1962 qui
850 1889 1224 1955 forteidcirco
1246 1902 1414 1943 sonus
1443 1887 1624 1941 dictus
1655 1895 1758 1952 est,
1792 1900 1899 1938 non
1923 1883 2186 1954 simplici-

584 1994 666 2041 ter
682 1998 888 2048 sermo,
923 1980 1368 2035 utinohcdientia
1386 1978 1618 2044 surdos,
1638 1988 1694 2033 et
1718 1977 1993 2031 obdurato
2017 1977 2189 2033 corde

581 2075 898 2133 incredulos
921 2087 1026 2130 vox
1049 2074 1250 2129 clarior
1278 2082 1608 2143 percuteret,
1634 2068 1692 2126 et
1715 2080 1861 2125 totos
1892 2069 1960 2125 ad
1994 2071 2187 2125 timcn-

582 2169 711 2226 dnm
747 2168 1041 2224 Dominum
1060 2176 1455 2220 enuntiaret-et.
1536 2204 1539 2207 λ

592 2296 623 2306 σ.
670 2258 1067 2314 Subteremnes
1091 2255 1246 2311 ctelos
1281 2256 1390 2326 ipse
1431 2254 1746 2322 considerat,
1778 2264 1828 2310 et
1846 2253 2019 2309 lunten
2045 2254 2189 2311 illius

585 2368 741 2424 super
771 2351 1226 2406 terminosterraz.
1261 2349 1401 2415 Quid
1434 2350 1505 2402 sit
1550 2350 1651 2403 hoc
1682 2349 1880 2404 mirum
1909 2349 1978 2405 de
2006 2349 2187 2404 omni-

590 2446 833 2523 potantia
866 2444 985 2511 Dei,
1020 2444 1116 2514 qui
1148 2445 1353 2512 ubique
1381 2455 1464 2498 est
1496 2445 1551 2499 in
1581 2444 1742 2511 caelo,
1771 2445 1905 2500 etin
1932 2456 2100 2513 terra,
2133 2445 2190 2501 in

588 2538 752 2605 mari,
785 2539 923 2595 etin
945 2537 1183 2610 abyssis.
1220 2538 1335 2595 Sed.
1353 2538 1640 2594 videamus
1662 2541 1960 2596 secundum
1987 2542 2191 2614 allego—

592 2626 1174 2697 ricumintellectum,
1202 2631 1332 2701 quid
1377 2631 1447 2686 sit
1473 2633 1618 2702 quod
1650 2632 1719 2688 de
1746 2633 1853 2689 Deo
1888 2634 2042 2691 lieliu
2070 2638 2145 2690 ait
2172 2651 2189 2696 :

591 2724 794 2797 subter
824 2737 1017 2781 omnes
1042 2723 1213 2779 caelos
1240 2725 1576 2779 considerat.
1608 2724 1838 2780 Sane-tos
1873 2727 2046 2795 viros,
2075 2743 2189 2785 coe-

590 2818 682 2880 Los
696 2817 981 2893 Scriptura
1006 2818 1190 2873 divina
1216 2820 1493 2888 appellare
1508 2820 1815 2886 consuevit,
1840 2830 2065 2892 propter
2081 2838 2192 2880 ete-

589 2911 788 2973 lestem
822 2913 1008 2983 utique
1051 2913 1558 2981 conversationem,
1591 2914 1788 2985 quibus
1835 2914 1910 2971 ita
1938 2918 2141 2974 dicitur
2174 2936 2194 2975 :

590 3006 915 3070 conversatio
946 3014 1114 3061 vestm
1144 3007 1209 3059 .in
1240 3005 1382 3060 uelis
1420 3016 1518 3060 est.
1552 3008 1813 3064 Dominus
1852 3027 1982 3082 ergo
2003 3014 2193 3071 subter

2288 1803 2372 1849 est
2412 1793 2464 1847 in
2499 1792 2696 1846 umbra.
2741 1792 2856 1848 Hoc
2888 1794 3052 1864 igitur
3082 1794 3193 1861 ait,‘
3212 1797 3355 1867 quod
3387 1798 3654 1867 caelestis,
3686 1798 3740 1855 id
3781 1811 3873 1871 est,

2288 1885 2431 1940 Deus
2462 1885 2529 1940 de
2558 1885 2700 1941 (mlo
2726 1887 2987 1955 veniens,
3004 1900 3163 1959 rcges
3187 1898 3401 1960 quoque
3424 1889 3772 1948 discreturos
3794 1893 3875 1959 sit,

2288 1988 2343 2035 et
2372 1987 2728 2047 separaturus
2761 1995 2776 2031 :
2815 1980 2934 2035 sive
2967 1980 3017 2035 in
3049 1981 3241 2036 umbra
3273 1981 3383 2038 sint
3415 1982 3717 2039 dealbandi
3751 2002 3768 2045 ;
3797 1986 3876 2041 ubi

2290 2071 2393 2125 hoc
2416 2070 2545 2125 mihi
2568 2070 2876 2141 significare
2900 2071 3140 2139 videtur,
3166 2076 3291 2144 quia
3322 2068 3674 2147 regeneratio
3702 2084 3878 2134 vetus-

2290 2162 2625 2218 tissimorum
2674 2163 2951 2218 hominum
2995 2164 3049 2220 in
3091 2163 3333 2242 Christo,
3365 2164 3733 2226 obumbrante
3778 2170 3878 2242 Spi-

2290 2254 2398 2310 ritu
2429 2264 2643 2323 sancto,
2671 2265 2817 2312 esset
2843 2255 3149 2314 efficienda.
3182 2240 3309 2315 [iure
3333 2252 3497 2332 igitur
3520 2264 3724 2333 gratia,
3757 2240 3879 2322 nivis

2294 2346 2514 2403 nomine
2540 2348 2864 2419 significata,
2887 2364 2950 2405 ex
2981 2360 3258 2422 praecepto
3282 2352 3881 2413 divinitatisdescendit

2293 2443 2346 2498 in
2381 2451 2604 2510 terram,
2635 2442 2777 2512 quod
2821 2451 2928 2510 est,
2961 2459 3057 2514 per
3080 2442 3266 2500 Jesunt
3312 2444 3592 2502 Christum
3639 2448 3788 2503 venit
3824 2448 3880 2503 ad

2294 2534 2564 2601 homines,
2604 2548 2703 2605 per
2729 2550 2889 2606 quam
2924 2546 3167 2594 vetustas
3196 2546 3381 2595 nostra
3416 2540 3812 2599 instauraretur
3838 2544 3881 2599 in

2292 2629 2507 2684 melius.
2549 2629 2751 2684 Contra
2795 2629 2932 2686 hanc
2968 2634 3194 2702 gratiam
3237 2631 3466 2701 ChriSti,
3512 2634 3882 2692 tribulationes

2296 2724 2738 2793 persecutionum
2782 2723 2993 2779 futuras
3034 2725 3089 2781 in
3127 2726 3329 2797 pluviis
3352 2727 3705 2801 hycmalibus
3727 2730 3882 2786 voluit

2294 2814 2557 2885 iudieare,
2587 2826 2643 2871 et
2674 2826 2895 2887 propter
2923 2833 3117 2889 graves
3151 2833 3433 2890 pressurus
3464 2822 3752 2895 hyemales
3777 2824 3883 2895 plu-

2297 2909 2410 2962 vias
2437 2908 2613 2965 dixit:
2659 2924 2795 2980 quas
2830 2917 3010 2967 tamen
3052 2911 3228 2968 imber
3278 2913 3618 2972 fortitudinis
3657 2917 3881 2991 Spiritus

2299 3005 2469 3057 sancti
2500 3012 2645 3058 esset
2669 3012 3031 3075 superaturu's
3056 3049 3070 3075 ,
3106 3008 3235 3078 quia
3262 3007 3341 3064 eis
3371 3002 3577 3066 dictum
3608 3020 3733 3068 est:
3773 3012 3880 3068 Non

592 3095 696 3163 hos
715 3096 1236 3167 mlosconsiuerat,
1261 3097 1352 3154 vel
1374 3097 1503 3154 dum
1518 3115 1580 3155 ea
1606 3116 1727 3170 qua,
1755 3103 1898 3157 intra
1921 3117 2015 3160 eos
2042 3117 2185 3172 sum,
2220 3082 2266 3147 C
2296 3096 2431 3150 enim
2455 3112 2542 3150 vos
2573 3097 2696 3151 estis
2712 3098 2808 3169 'qui
2830 3098 3116 3167 loquimini,
3158 3100 3250 3155 sed
3268 3101 3480 3174 spiritus
3513 3102 3693 3160 Patris
3721 3107 3881 3174 uestri,
3942 3166 3943 3169 η

588 3204 913 3263 arcanorum
931 3201 1206 3247 scrutator
1247 3193 1581 3263 introspicit,
1625 3194 1707 3249 vel
1743 3196 1875 3251 dum
1906 3197 2193 3254 imbecilli—

590 3290 753 3350 tatem
794 3299 1088 3354 corporum
1125 3300 1345 3349 eormn,
1382 3301 1503 3356 ιμιτο
1533 3287 1699 3343 animi
1750 3289 1985 3359 imperio
2010 3292 2190 3346 crucis

589 3374 791 3439 virtute
814 3374 1198 3444 subdiderint.,
1226 3376 1499 3447 gubernat
1528 3393 1591 3433 ac
1630 3380 1884 3449 sustinet,
1918 3390 1975 3436 et
2002 3392 2190 3437 contra

586 3468 887 3536 carnalium
926 3471 1249 3540 passionum
1299 3470 1437 3526 bella
1479 3472 1821 3527 corroborat.
1874 3476 2195 3531 Secundum

587 3560 997 3630 liunesensum.
1016 3571 1123 3628 est,
1158 3563 1317 3631 quod.
1338 3563 1535 3619 timore
1560 3580 1866 3621 concussus
1892 3567 2197 3638 Propheta,-

585 3655 706 3715 ait;
748 3656 1028 3717 Et,subtus
1066 3673 1146 3710 me
1174 3658 1385 3712 turbata
1403 3668 1479 3713 est
1504 3661 1759 3715 habitudo
1779 3680 1912 3719 mea.
1947 3666 2192 3724 Termini

586 3750 976 3828 quoque..sive
1007 3750 1146 3805 ﬁnes
1176 3760 1338 3806 terra:
1367 3752 1469 3820 ipsi
1507 3754 1678 3808 sancti
1711 3765 1863 3821 sunt,
1886 3756 2191 3816 iiuern’ler-

588 3843 741 3909 120.1355
784 3843 1131 3914 passionibus
1172 3855 1233 3901 et
1275 3846 1663 3916 cupiditatibus
1701 3850 2077 3922 imponentes,
2122 3862 2192 3911 eo

591 3934 737 4004 quod
768 3950 874 3991 non
902 3936 1016 3994 sint
1036 3941 1092 3991 in
1118 3938 1299 3993 medio
1331 3940 1644 4013 Babylonis,
1668 3959 1772 4000 nec
1805 3947 1991 4003 sreculi
2023 3948 2187 4021 hujus

592 4025 740 4082 vitiis
763 4026 1200 4098 circumdentur,
1242 4033 1541 4088 secundum
1569 4036 1715 4105 quod
1744 4036 1935 4094 Petrus
1960 4054 2189 4112 aposm-

589 4117 677 4172 lus
707 4117 783 4172 ait
807 4136 822 4181 ;
847 4118 1085 4178 Christus
1114 4125 1274 4196 igitur
1301 4127 1356 4180 in
1386 4145 1540 4182 carne
1567 4147 1771 4201 passus,
1803 4132 2190 4207 reliquit’uobis

589 4208 908 4281 exemplum,
940 4214 1062 4281 quia
1086 4232 1272 4287 passus
1301 4228 1379 4272 est
1406 4221 1457 4273 in
1489 4237 1660 4289 carne,
1693 4224 1987 4283 desiibcsse
2012 4248 2042 4283 a
2075 4246 2190 4299 pee-

588 4303 740 4371 catis,
790 4313 843 4357 ut
876 4308 995 4377 jam
1032 4322 1135 4361 non
1173 4308 1442 4364 hominum
1489 4314 1776 4385 desideriis,
1814 4320 1904 4372 sed
1935 4320 2190 4379 voluntati

594 4393 713 4463 Dei,
738 4397 879 4465 quod
905 4397 1158 4469 reliquum
1176 4410 1251 4455 est
1274 4402 1326 4456 in
1349 4418 1522 4469 carne,
1547 4408 1681 4461 vivat
1704 4413 1983 4481 temporis:
2007 4415 2057 4469 id
2081 4427 2184 4485 est,

590 4485 777 4559 \tjvens
802 4504 898 4558 pro
931 4499 1198 4561 tempore,
1239 4494 1614 4554 desinentibus
1644 4500 1699 4555 in
1731 4518 1896 4560 carne
1921 4510 2183 4575 peccatis,

589 4579 738 4648 velut
766 4581 819 4637 in
854 4584 1053 4641 finibus
1083 4585 1290 4643 habitet
1324 4592 1526 4645 carnis.
1564 4593 1618 4647 in
1664 4593 1749 4648 his
1778 4596 1980 4653 ﬁnibus
2012 4602 2184 4670 posita

515 4680 533 4696 ‘
586 4674 774 4742 regina
794 4674 958 4741 Saba,
982 4684 1314 4749 quaatypusu
1338 4683 1559 4751 gerebat
1581 4685 1860 4754 Ecclesia;
1886 4686 1998 4746 veri
2021 4692 2185 4749 Salo-

593 4767 770 4822 monis
798 4768 998 4823 meruit
1028 4770 1223 4827 audire
1250 4773 1595 4843 saﬂentiam.
1630 4780 1789 4837 Tales
1813 4782 1980 4855 igitur
2004 4791 2189 4845 terrui-

589 4874 692 4932 nqs
722 4860 863 4927 Dentis
881 4860 1085 4925 lumine
1108 4864 1295 4937 gratia:
1306 4882 1419 4924 sua:
1434 4878 1595 4942 atque
1609 4874 1899 4944 agnationis
1928 4879 2182 4938 illustrat.

612 4952 789 5024 ,Rost
813 4971 932 5017 eum
958 4961 1126 5031 rugiet
1154 4963 1377 5018 sonitus.
1405 4966 1531 5023 Sive
1558 4976 1616 5022 ut
1638 4966 1729 5023 alii
1760 4968 2018 5029 dixerunt
2044 4988 2057 5034 :
2082 4977 2188 5047 fre:-

586 5056 691 5117 met
719 5065 834 5113 vox.

606 5195 627 5203 ,
658 5140 881 5203 Tonabit
902 5160 1020 5200 voce
1049 5150 1421 5221 magnitudinis
1444 5171 1574 5221 sum,
1597 5166 1644 5210 et
1667 5172 1769 5212 non
1797 5158 2186 5237 int'estigabitur

586 5252 705 5307 cum
731 5239 913 5297 audita
943 5242 1227 5312 fueritrvoa:
1251 5248 1386 5318 ejus.
1428 5245 1561 5305 Cum
1613 5253 1802 5319 positis
1843 5254 1895 5309 in
1940 5266 2185 5314 extremo

588 5340 751 5387 terra:
786 5332 1123 5403 hominibus,
1156 5336 1301 5393 Deus
1330 5339 1384 5394 in
1413 5342 1733 5398 memoriam
1767 5348 2003 5415 venerit,
2037 5349 2186 5406 illico

589 5437 755 5503 super
802 5423 1119 5485 infirmitate
1170 5430 1519 5488 mortalitatis
1581 5449 1717 5502 suae,
1778 5447 2062 5505 gementes
2117 5441 2185 5497 ad

588 5528 713 5571 eum
762 5518 1007 5587 rugieut,
1047 5519 1188 5575 sicut
1220 5522 1485 5593 propheta
1528 5528 1605 5582 ait
1649 5544 1663 5582 :
1697 5529 1978 5603 Rugiebam
2035 5553 2065 5587 (ι
2097 5551 2187 5605 ge-

590 5608 719 5661 mitu
749 5608 920 5663 cordis
946 5611 1084 5676 mei;
1115 5624 1170 5669 et
1215 5623 1343 5670 tunc
1374 5616 1464 5673 hic
1496 5621 1710 5691 rugitus
1738 5622 1901 5678 faciet
1945 5626 2182 5684 sonitum

592 5698 647 5757 in
674 5697 874 5757 alleetu
901 5701 1191 5772 orationis,
1219 5707 1569 5769 clamantium
1600 5713 1669 5771 ad
1692 5712 1891 5784 Deum,
1929 5717 2022 5791 qui
2049 5731 2176 5795 per-

2294 3185 2382 3256 qui
2411 3185 2642 3257 loquitur
2672 3176 2724 3241 in
2752 3187 2913 3242 vobis.

2369 3280 2471 3348 Qui
2503 3282 2558 3335 in
2587 3298 2742 3336 manu
2773 3283 3004 3337 omnium
3033 3282 3302 3339 hominum
3331 3286 3534 3358 signat,
3571 3296 3635 3343 ut
3663 3289 3884 3345 steterint

2293 3374 2489 3447 singuli
2525 3391 2685 3446 Opera
2715 3391 2833 3429 sua.
2864 3374 2921 3430 In
2953 3391 3146 3445 manu,
3182 3377 3232 3432 id
3264 3388 3367 3447 est,
3406 3379 3460 3434 in
3491 3380 3652 3437 liberi
3684 3382 3883 3438 arbitrii
3942 3380 3943 3413 ‘

2296 3476 2585 3537 potestate,
2609 3468 2906 3523 secundum
2931 3469 3222 3540 imaginem
3255 3479 3311 3526 et
3333 3471 3749 3530 similitudinem
3775 3473 3880 3539 Del,
3942 3510 3943 3515 η

2294 3575 2401 3629 qua
2441 3560 2603 3616 homo
2644 3570 2735 3617 est
2781 3577 2811 3615 a
2871 3563 2980 3621 Deo
3032 3565 3286 3621 conditus
3324 3576 3377 3621 et
3416 3576 3637 3623 creatus
3676 3584 3690 3623 :
3734 3568 3882 3625 habet
3942 3608 3943 3625 ι

2294 3649 2435 3707 hanc
2465 3652 2780 3721 sapientiam
2822 3654 2991 3710 veluti
3022 3655 3253 3726 quodam
3284 3657 3442 3727 signo
3470 3656 3675 3714 divina:
3702 3674 3882 3730 operm
3942 3682 3943 3723 ξ

2296 3744 2459 3799 ιιοιεὶε
2501 3746 2863 3819 impressam,
2899 3755 2958 3803 ut
2997 3748 3149 3818 juxta
3174 3748 3338 3806 liberi
3381 3751 3600 3807 arbitrii
3627 3751 3877 3822 judicium

2294 3840 2508 3893 noverit
2561 3842 2945 3911 Unusquisque
2980 3841 3263 3897 hominum
3306 3856 3485 3914 opera
3513 3858 3637 3913 sua,
3680 3846 3795 3902 sive
3833 3855 3880 3901 ut
3942 3904 3943 3919 χ

2292 3932 2384 3987 alii
2425 3932 2703 3999 dixerunt,
2744 3933 3102 4004 inﬁrmitatem
3134 3950 3294 3989 suam
3338 3937 3556 4004 noverit,
3600 3937 3658 3993 id
3689 3948 3794 4006 est,
3822 3946 3871 3994 ut

2293 4039 2417 4078 vasa
2449 4024 2656 4094 fragilia
2682 4040 2743 4081 se
2769 4027 2947 4081 subita
2971 4036 3151 4082 morte
3184 4029 3476 4101 confringi.
3544 4038 3551 4049 ‘

2363 4115 2697 4186 lngredietur
2736 4117 2897 4172 bestia
2938 4117 3215 4174 latibulum
3242 4124 3392 4175 suum
3411 4163 3426 4187 ,
3455 4129 3505 4175 et
3535 4122 3592 4177 in
3621 4131 3771 4178 antro
3794 4139 3874 4177 suo

2292 4207 2594 4264 morabitur.
2628 4209 2861 4265 Bestiam
2888 4210 3069 4278 istam,
3099 4212 3439 4269 inventorem
3471 4213 3741 4272 malorum
3764 4215 3872 4269 dia-

2294 4302 2473 4359 bolum
2510 4320 2620 4358 non
2650 4304 2883 4361 absurde
2909 4306 3198 4374 sentimus,
3231 4308 3321 4377 qui
3348 4307 3580 4380 ideireo,
3613 4317 3671 4365 et
3698 4309 3870 4381 singu-

2292 4396 2421 4451 laris
2462 4396 2609 4453 i‘erus
2650 4398 2869 4466 dicitur,
2902 4399 3027 4470 quia
3059 4399 3340 4470 prmcedit,
3372 4402 3492 4458 sive
3521 4411 3748 4474 superat
3774 4417 3877 4457 ma-

2298 4489 2409 4545 litia
2433 4490 2551 4558 ejus
2583 4491 2843 4546 malitiam
2866 4492 3109 4547 omnium
3134 4494 3475 4564 operantium
3504 4494 3873 4567 iniquitatem.

2293 4585 2418 4640 litec
2460 4585 2624 4653 igitur
2666 4586 2843 4642 hostia
2888 4586 3225 4644 rationabilis
3258 4589 3561 4660 ingreditur
3590 4587 3869 4647 latibulum

2289 4693 2467 4745 suum,
2514 4690 2709 4750 pectus
2744 4680 2953 4737 scilicet
2994 4682 3289 4739 humanum
3333 4697 3348 4738 :
3392 4683 3618 4755 quando
3659 4701 3724 4741 ex
3762 4696 3880 4756 per-

2291 4773 2456 4827 missu
2486 4773 2674 4841 judieii
2708 4772 2826 4841 Dei,
2858 4779 3186 4843 potestatem
3215 4774 3761 4845 accipil'ltominibns
3789 4776 3876 4831 do-

2290 4866 2555 4934 minandi,
2579 4877 2633 4922 et
2660 4866 2714 4922 in
2742 4877 2959 4923 antrum
2992 4868 3138 4939 quod
3168 4876 3327 4926 suam
3361 4868 3510 4939 fecit,
3543 4868 3663 4927 sibi
3680 4860 3873 4928 consu-

2297 4960 2401 5014 tuit
2426 4959 2838 5015 habitationem.
2872 4960 3247 5018 Siveantrum
3283 4963 3369 5019 vel
3396 4964 3562 5019 etiam
3598 4965 3875 5021 latibulum

2294 5054 2515 5122 diaboli,
2560 5070 2751 5112 omnes
2796 5066 3110 5127 peccatores
3152 5057 3490 5129 intelligendi
3541 5054 3674 5114 sunt
3715 5056 3868 5113 iduri

2293 5145 2545 5201 videlicet
2574 5146 2895 5203 infidelitate
2926 5148 3009 5204 vel
3034 5149 3205 5217 saxei,
3235 5164 3372 5220 quos
3397 5149 3547 5205 vitiis
3574 5151 3691 5206 suis
3717 5160 3869 5222 atque

2295 5240 2570 5296 illecebris
2606 5241 2873 5311 possidet,
2904 5253 2957 5298 et
2989 5241 3044 5298 in
3075 5258 3313 5314 quorum
3336 5236 3605 5301 cordibus
3636 5246 3871 5303 crimini-

2293 5332 2504 5403 busque
2530 5334 2849 5404 requiesrit.

2360 5449 2435 5501 Ab
2468 5448 2799 5504 interioribus
2839 5451 3130 5524 egredietur
3172 5460 3462 5522 tempestas,
3496 5462 3547 5508 et
3574 5454 3640 5509 ab
3669 5464 3867 5537 arcturo
3942 5482 3943 5539 ι

2288 5541 2474 5612 frigus.
2518 5540 2632 5596 Non
2671 5542 2801 5597 mihi
2836 5543 3045 5598 videtur
3076 5544 3221 5613 quod
3249 5543 3315 5598 de
3348 5542 3504 5599 iStius
3546 5548 3738 5603 mttndi
3773 5548 3872 5617 pla-

2287 5633 2393 5702 gis,
2424 5633 2540 5687 sive
2570 5634 2948 5703 qualitatibus,
2981 5635 3065 5689 vcl
3104 5635 3269 5690 etiam
3302 5636 3535 5692 secretis
3565 5638 3689 5710 ejus
3719 5639 3865 5695 modo
3942 5702 3943 5715 χ

2289 5726 2391 5784 bus
2428 5726 2637 5784 dixerit
2684 5744 2698 5787 :
2746 5725 2865 5805 sed,
2904 5725 3364 5815 quemadmodum
3394 5720 3640 5815 diximus
3670 5741 3892 5815 antron:
3942 5730 3943 5809 ξ

2568 5818 2573 5829 ι
2786 5816 2795 5827 ι
3040 5808 3043 5815 ’
3110 5834 3123 5841 ⁴
3500 5804 3659 5839 ‘|".'
3778 5804 3943 5879 -..δ’
