4032 6302
555 265 666 325 74⁸5

1309 254 1705 315 l’APPENDlX
1742 255 1836 312 AD
1873 250 2117 310 TOMUM
2155 247 2509 308 SEPTIMUM
2549 247 2608 307 S.
2650 244 3058 304 HIERONYMI.

3771 239 3877 300 7M

561 386 898 444 validissimo
945 383 1192 439 tonitruo
1237 379 1440 450 ubique
1479 386 1796 445 resonante,
1842 385 1902 430 ιιι
1940 389 2160 430 omnem
2189 378 2241 436 Α
2266 379 2553 442 cupantur.
2583 369 2740 426 Heliu
2765 379 2944 426 autem
2977 370 3022 426 si
3049 367 3346 440 prophetia:
3371 366 3626 438 spiritum
3651 365 3872 432 habuit,

563 490 764 536 terram
819 478 887 532 ad
934 476 1094 531 fidem
1146 472 1432 544 religionis
1483 481 1722 526 tremore
1771 476 2087 524 concuteret
2137 484 2154 524 :

562 569 700 626 alius
725 569 775 624 iu
795 566 981 624 Judata
1008 580 1105 635 per
1129 563 1382 621 iteratam
1404 562 1745 618 nativitatem
1766 569 2009 628 exortus,
2040 558 2157 614 vel—

565 670 623 718 ut
661 675 822 730 parva
852 656 1120 714 nubecula
1162 656 1235 712 ita
1273 655 1477 719 crevit,
1507 662 1565 709 et
1594 651 1760 708 ﬂante
1789 651 1985 726 spiritu
2021 649 2160 705 dila-

568 761 710 808 tatus
740 758 844 819 est,
874 760 934 806 ut
961 748 1178 819 pluvias
1207 747 1595 819 mysteriorum
1621 760 1650 798 a
1677 743 1890 800 sacculis
1916 748 2160 797 secreto-

565 862 684 902 rum
709 843 966 917 perfectae
987 843 1252 907 scientiae,
1278 855 1453 912 usque
1471 839 1538 894 ad
1561 837 1834 910 Illyricum
1855 842 2158 906 spargeret,

559 942 807 1015 aliasque
866 942 1033 998 totius
1076 937 1264 996 mundi
1307 938 1558 1008 regiones
1598 933 1763 1005 largis
1801 930 2160 987 effusionibus

562 1037 842 1108 irrigaret.
877 1034 947 1090 Et
973 1032 1104 1089 hinc
1139 1041 1224 1088 est
1252 1039 1314 1087 ut
1346 1028 1514 1100 aliqui
1542 1042 1730 1083 eorum
1757 1023 2162 1095 appellarentur

563 1131 663 1187 lilii
691 1129 946 1198 tonitrui,
978 1127 1117 1183 alius
1146 1141 1281 1182 vero
1304 1123 1578 1179 diceretur
1605 1119 1753 1174 illius
1777 1113 2163 1187 suspendentis

561 1237 757 1294 aquas.

639 1314 833 1370 Nonne
855 1312 1159 1368 vestimenta
1187 1317 1278 1362 tua
1300 1304 1474 1361 calida
1499 1313 1638 1373 sunt,
1664 1319 1780 1358 cum
1804 1303 2025 1374 per/lata
2052 1303 2164 1370 fue-

563 1407 632 1465 rit
663 1417 800 1462 terra
841 1404 1082 1460 Austro?
1125 1400 1230 1457 Alii
1260 1399 1540 1464 dixerunt,
1572 1408 1661 1451 tua
1703 1395 1836 1450 stola
1863 1392 2036 1448 calida
2064 1400 2160 1446 est.

563 1497 682 1554 Hoc
709 1495 930 1569 quidem
962 1509 1152 1550 verum
1182 1499 1286 1559 est,
1320 1488 1466 1560 quod
1511 1487 1846 1544 meridianus
1877 1493 2072 1541 ventus
2095 1481 2168 1537 sit

563 1590 800 1658 calidus,
833 1605 943 1661 quo
973 1589 1141 1644 ﬂante
1182 1585 1349 1642 etiam
1379 1584 1706 1640 vestimenta
1738 1580 2045 1646 hominum,
2080 1577 2165 1634 vel

564 1697 883 1752 corporum,
915 1697 1036 1754 qua:
1065 1680 1368 1735 animarum
1392 1677 1714 1735 vestimenta
1736 1682 1888 1741 sunt,
1917 1671 2168 1728 concale-

2259 463 2556 519 secundum
2609 463 2754 516 hunc
2793 462 3132 518 intellectum
3173 476 3333 532 quem
3379 461 3642 520 diximus,
3695 460 3876 528 patuit

2257 555 2722 625 contemplatione
2774 556 2975 610 mentis
3019 569 3132 610 suae
3179 556 3294 610 hinc
3345 554 3398 610 in
3441 552 3673 610 Christo
3711 569 3875 608 reve-

2258 649 2418 704 landa
2462 662 2832 719 cognoscere,
2885 660 2941 704 et
2983 647 3105 704 aliis
3151 648 3352 714 modis,
3395 648 3595 718 quibus
3648 647 3877 703 videtur

2257 743 2524 799 caelorum
2569 742 3034 813 nuncupationem
3075 741 3338 806 sensisse,
3379 740 3510 797 licet
3555 741 3664 797 hoc
3694 741 3876 812 ipsum

2260 835 2315 891 in
2346 835 2657 891 irrisionem
2683 835 2855 890 sancti
2885 833 2990 890 Job
3014 834 3121 891 dici
3153 849 3258 890 non
3286 832 3563 890 debuerit.

2336 927 2562 982 Ostende
2604 927 2773 991 nobis,
2813 927 2940 998 quid
2985 927 3222 981 dicamus
3258 927 3358 981 illi.
3404 924 3522 981 Nos
3565 925 3775 997 quippe
3802 925 3881 979 in-

2258 1020 2509 1076 volvimur
2539 1020 2779 1074 tenebris.
2816 1017 3136 1075 lusultantis
3177 1018 3403 1075 verbum
3439 1028 3548 1085 est,
3577 1028 3637 1074 et
3669 1034 3879 1090 expro-

2262 1113 2494 1180 brantis,
2523 1112 2754 1169 ostende
2773 1113 2951 1179 nobis,
2983 1127 3108 1168 cum
3143 1111 3276 1168 illud
3312 1112 3539 1167 verbum
3569 1111 3744 1179 dicat,
3781 1111 3881 1167 sed

2262 1206 2331 1263 ad
2360 1206 2826 1278 comparationem
2861 1205 3110 1262 scientiae
3139 1206 3243 1262 sub
3271 1205 3599 1276 ignorantiae
3631 1203 3882 1262 tenebris

2264 1309 2633 1358 commanent.
2661 1298 2796 1355 Nam
2825 1298 3102 1371 quomodo
3131 1313 3161 1354 a
3189 1307 3381 1354 sancto
3419 1297 3524 1353 Job
3547 1298 3772 1355 discere
3801 1297 3885 1353 in-

2263 1393 2456 1465 quirit,
2489 1408 2651 1465 quem
2677 1393 2731 1448 in
2767 1391 2954 1448 verbis
2978 1392 3100 1447 suis
3131 1389 3488 1462 reprehendit
3510 1400 3568 1446 et
3593 1389 3884 1461 reprobat.

2267 1487 2526 1554 Ostende,
2555 1487 2756 1559 inquit,
2780 1502 2814 1543 o
2842 1485 2968 1553 Job,
2991 1485 3038 1541 si
3069 1485 3273 1557 aliquid
3304 1485 3563 1556 amplius,
3591 1493 3651 1541 et
3676 1483 3882 1540 melius

2271 1597 2437 1638 nosse
2465 1591 2518 1638 te
2549 1580 2864 1649 arbitraris,
2891 1579 3150 1652 quoniam
3176 1593 3278 1635 nos
3299 1578 3522 1651 grandis
3552 1579 3887 1651 ignorantia:

2269 1686 2437 1746 atque
2482 1672 2784 1730 inscientiae
2835 1672 3083 1728 tenebris
3134 1671 3468 1728 detinemur.
3515 1671 3750 1729 Certum
3805 1680 3886 1728 est

567 1784 747 1833 scunt.
799 1773 906 1831 Sed
952 1773 1077 1843 quia
1127 1769 1323 1833 nubes,
1374 1767 1627 1824 homines
1672 1773 1927 1830 sanctos,
1974 1762 2175 1818 veritas
2204 1765 2410 1839 Bergo
2454 1766 2600 1839 quod
2651 1766 2809 1824 neliu
2857 1765 3118 1823 deridens
3165 1767 3269 1824 Job
3323 1773 3488 1838 atque
3531 1767 3886 1825 subsannans

568 1863 874 1938 prophetia:
918 1877 1019 1919 nos
1056 1860 1366 1930 intelligere
1389 1857 1655 1928 compulit
1681 1863 1903 1913 ventum
1930 1853 2169 1911 calidum

566 1973 598 2014 a
628 1957 858 2016 meridie
886 1957 1187 2028 spirantem
1207 1995 1224 2023 ,
1253 1953 1562 2009 ferventem
1595 1949 1781 2017 tidem,
1813 1949 1904 2005 vel
1933 1947 2172 2019 gratiam

567 2051 802 2123 Spiritus
850 2049 1027 2107 sancti
1073 2048 1376 2115 ardentem,
1421 2055 1476 2102 et
1521 2045 1728 2101 clarius
1773 2043 2170 2100 illuminantem

568 2144 958 2215 intelligamus,
990 2141 1079 2198 vel
1117 2141 1294 2210 ipsum
1338 2138 1628 2194 Dominum
1661 2146 1932 2204 nostrum,
1968 2135 2036 2190 de
2063 2149 2172 2206 quo

578 2239 814 2310 legimus
862 2253 877 2291 :
926 2233 1067 2292 Deus
1105 2235 1168 2290 ab
1207 2235 1398 2290 Austro
1439 2232 1601 2288 veniet
1642 2272 1660 2301 ,
1700 2246 1808 2302 quo
1851 2227 2173 2286 rationalem

573 2341 774 2388 terram
824 2328 1116 2401 perﬂante,
1162 2327 1397 2383 virtutes
1441 2325 1633 2393 animi,
1675 2340 1797 2394 quae
1838 2329 1969 2380 sunt
2005 2321 2173 2378 vesti-

571 2431 753 2479 menta
794 2420 1076 2478 interioris
1117 2419 1381 2485 hominis,
1415 2417 1792 2484 inardescunt,
1836 2424 1894 2472 et
1922 2415 2046 2472 ideo
2073 2429 2172 2471 ve-

566 2517 826 2575 stimenta
872 2515 1240 2588 appellantur,
1279 2513 1540 2584 quoniam
1588 2512 1713 2582 ipsi,
1741 2510 1831 2583 qui
1863 2511 1944 2566 eis
1975 2509 2169 2576 utitur,

569 2607 855 2680 pulchram
892 2607 1130 2664 animam
1171 2604 1416 2672 faciunt,
1462 2613 1519 2660 et
1545 2603 1826 2660 decoram.
1865 2602 1936 2658 Et
1971 2602 2040 2659 ob
2069 2600 2176 2658 hoc

567 2700 818 2758 hortatur
843 2699 1138 2772 Apostolus
1165 2697 1354 2754 dicens
1384 2737 1400 2752 .
1433 2693 1676 2767 Fratres,
1698 2696 1900 2751 induite
1927 2712 2016 2750 vos
2039 2697 2176 2750 sicut

570 2793 716 2853 electi
754 2793 883 2862 Dei,
923 2801 974 2848 et
1013 2791 1210 2861 dilecti,
1242 2791 1440 2847 viscera
1466 2790 1853 2856 misericordite,
1885 2789 2177 2863 benignita-

567 2899 709 2959 tem,
753 2886 1136 2954 humilitatem,
1179 2885 1529 2952 modestiam,
1567 2884 1915 2957 patientiam,
1955 2893 2063 2939 etc.
2106 2881 2176 2937 Et

569 2980 689 3036 hanc
717 2979 885 3051 igitur
908 2979 981 3036 ab
1009 2978 1194 3046 Helio,
1235 2977 1381 3034 sicut
1404 2985 1461 3033 et
1485 2975 1618 3045 alia,
1649 2975 1846 3048 spiritu
1875 2973 2176 3047 prophetia:

570 3071 853 3128 dicuntur.

2276 1862 2392 1918 hac
2413 1861 2579 1916 dicat.

2351 1955 2480 2023 Quis
2502 1954 2737 2010 narrabit
2759 1955 2805 2010 ei
2829 1971 2947 2027 qua:
2971 1954 3155 2026 loquor
3179 1952 3206 2008 7
3229 1952 3454 2008 Etiamsi
3485 1952 3697 2009 locutus
3721 1952 3886 2025 fuerit

2277 2048 2449 2116 homo,
2475 2047 2827 2103 devorabitur.
2856 2045 2985 2103 Dixi
3010 2045 3106 2103 tibi
3134 2046 3376 2117 quidem,
3405 2063 3439 2102 ο
3462 2045 3588 2116 Job,
3612 2054 3680 2101 ut
3698 2055 3889 2101 osten-

2275 2140 2435 2197 deres
2462 2140 2600 2197 mihi
2625 2140 2755 2211 quid
2786 2141 2932 2212 loqui
2958 2155 3174 2212 possem
3209 2158 3222 2193 :
3256 2139 3353 2196 sed
3379 2139 3499 2195 haec
3523 2139 3640 2211 ipsa
3671 2156 3802 2213 quae
3821 2139 3887 2197 de

2276 2233 2391 2290 Deo
2421 2233 2567 2299 dico,
2598 2234 2723 2305 quis
2763 2235 2814 2290 ei
2845 2249 3011 2290 ausus
3039 2243 3124 2290 est
3167 2233 3315 2305 loqui
3343 2236 3366 2289 Ἰ
3394 2232 3559 2292 Certe
3587 2237 3634 2291 si
3670 2236 3888 2293 locutus

2276 2326 2440 2384 fuerit
2477 2327 2745 2400 quispiam
2775 2371 2790 2397 ,
2819 2328 2966 2400 quod
3007 2328 3058 2384 ei
3087 2328 3315 2384 omnino
3345 2343 3453 2384 non
3485 2328 3752 2398 expedit,
3788 2344 3888 2397 pro

2277 2421 2381 2477 hoc
2435 2420 2553 2492 ipso
2585 2429 2810 2492 peccato
2842 2421 3171 2478 temeritatis
3219 2429 3274 2477 et
3302 2421 3686 2478 irreverentia:
3718 2423 3887 2479 devo-

2276 2516 2506 2579 rabitur,
2549 2522 2606 2571 ut
2655 2514 2744 2572 hic
2799 2516 2958 2572 lleliu
2993 2517 3088 2571 ait.
3119 2515 3197 2571 Ita
3235 2515 3290 2571 in
3333 2516 3560 2586 psalmis
3606 2516 3882 2587 legimus:

2277 2605 2522 2662 Devorati
2547 2615 2670 2662 sunt
2692 2610 2853 2681 juxta
2879 2617 3081 2680 petram
3099 2605 3313 2677 judices
3342 2622 3522 2661 eorum
3546 2622 3565 2662 :
3587 2607 3682 2662 ubi
3711 2606 3882 2663 intel-

2275 2698 2463 2770 ligitur
2485 2740 2500 2765 ,
2553 2710 2780 2770 peccato
2817 2698 3131 2754 difﬁdentia:
3160 2699 3461 2755 devoratos
3490 2707 3653 2769 atque
3692 2701 3886 2755 absor-

2278 2802 2400 2865 ptos
2421 2792 2636 2866 judices
2670 2792 2859 2865 populi
2889 2791 3109 2850 lsraelis
3133 2793 3184 2848 in
3213 2808 3420 2858 eremo,
3452 2794 3543 2864 qui
3565 2809 3676 2849 non
3706 2792 3887 2849 credi-

2278 2883 2478 2940 derunt
2539 2883 2683 2956 quod
2733 2894 2958 2956 possent
3001 2885 3071 2942 de
3124 2895 3275 2956 petra
3335 2899 3600 2957 aquarum
3659 2884 3887 2942 ﬂumina

2286 2978 2487 3034 virtute
2517 2977 2716 3035 divina:
2744 2978 3126 3050 promissionis
3152 2978 3332 3035 educi.

2347 3072 2411 3126 At
2453 3088 2594 3126 nunc
2639 3088 2742 3127 non
2782 3073 2953 3127 vident
2994 3073 3183 3128 lucem.
3217 3073 3403 3130 Subito
3445 3091 3537 3131 aer
3584 3086 3803 3150 coaetur
3831 3077 3880 3129 in

643 3164 728 3220 Tu
769 3166 991 3237 forsitan
1033 3181 1151 3222 cum
1187 3180 1249 3220 eo
1287 3162 1576 3236 fabricatus
1601 3177 1653 3217 es
1692 3161 1843 3217 caelos
1889 3200 1904 3227 ,
1930 3161 2021 3232 qui
2049 3159 2180 3215 soli-
2210 3155 2257 3220 C
2288 3166 2471 3233 nubes,
2501 3175 2551 3221 et
2584 3174 2763 3221 ventus
2792 3168 3051 3222 transiens
3077 3167 3278 3241 fugabit
3308 3153 3413 3223 cas.
3445 3168 3522 3223 Ita
3557 3167 3884 3225 infelicitate

570 3259 796 3326 dissimi,
837 3259 992 3332 quasi
1019 3275 1120 3316 tere
1151 3257 1253 3332 [usi
1278 3266 1418 3312 sunt.
1452 3257 1581 3311 llaec
1606 3254 1676 3311 ab
1716 3255 1870 3310 lleliu
1893 3253 2053 3324 juxta
2087 3253 2174 3308 lit-

571 3363 740 3410 teram
781 3355 837 3410 in
879 3355 1133 3426 injuriam
1175 3352 1278 3410 Job
1317 3368 1413 3421 per
1450 3350 1682 3407 ironiam
1721 3349 1993 3406 dicuntur.
2047 3348 2175 3405 llaec

573 3448 738 3520 igitur
765 3448 940 3520 prima
973 3446 1155 3503 fronte
1180 3443 1489 3500 intellectus
1515 3442 1678 3513 hujus
1699 3441 1841 3497 dicta
1867 3441 1995 3496 sint.
2019 3439 2175 3496 Nunc

566 3557 701 3598 vero
740 3538 1040 3598 secundum
1087 3536 1389 3608 prophetia:
1418 3535 1699 3606 spiritum,
1731 3549 1954 3590 sensum
1981 3531 2173 3605 mysti-

565 3650 690 3692 cum
731 3645 1144 3704 persequamur,
1188 3637 1250 3683 ut
1289 3626 1459 3683 caelos
1505 3625 1817 3695 Scripturas
1847 3633 2065 3680 sanctas
2093 3624 2175 3678 in-

565 3725 869 3797 telligamus
901 3764 917 3792 ,
982 3736 1104 3791 quae
1166 3719 1236 3774 de
1278 3719 1420 3775 caelo
1463 3717 1605 3772 data:
1658 3724 1789 3771 sunt
1834 3713 2170 3784 hominibus,

564 3833 795 3888 quarum
843 3813 1262 3886 perpetuitatem
1302 3827 1369 3866 ex
1408 3810 1534 3865 uaris
1562 3806 1840 3865 soliditate
1877 3808 2051 3864 voluit
2080 3807 2176 3864 de-

565 3918 890 3967 monstrare.
943 3907 1054 3963 Sed
1099 3905 1232 3961 dicit
1267 3904 1534 3977 quispiam
1585 3921 1598 3958 :
1639 3901 1916 3973 quomodo
1954 3911 2174 3958 :eterna:

566 4010 728 4060 erunt
768 3999 1065 4071 Scriptura:
1105 3997 1302 4054 divina:
1327 4037 1344 4066 ,
1376 3998 1420 4052 si
1451 3995 1686 4052 mundus
1715 4003 1866 4051 certo
1897 3993 2026 4058 fine,
2060 3993 2175 4049 Deo

573 4093 954 4158 denuntiante,
985 4098 1070 4146 est
1099 4086 1517 4146 terminandus?
1543 4087 1624 4143 sic
1650 4088 1794 4142 enim
1817 4086 1892 4141 ait
1911 4085 1966 4140 in
1995 4086 2176 4142 Evan-

576 4191 720 4264 gelio
753 4208 767 4246 :
799 4188 996 4245 Cretum
1020 4198 1068 4244 et
1101 4197 1236 4242 terra
1262 4185 1574 4241 transibunt.
1599 4184 1801 4240 Verum
1827 4191 1911 4240 est
1931 4182 2172 4252 quidem,

568 4285 713 4357 quod
748 4284 1014 4340 librorum
1047 4280 1320 4354 pellicula:
1349 4295 1472 4336 cum
1501 4279 1634 4350 ipsis
1666 4278 1864 4334 litteris
1887 4277 2176 4334 abolendae

565 4385 723 4442 sunt;
763 4373 862 4430 sed
900 4374 1027 4445 quia
1073 4371 1352 4442 subjungit
1384 4370 1679 4441 Dominus,
1721 4369 1885 4425 Verba
1914 4387 2030 4425 vero
2061 4385 2175 4423 mea

564 4489 666 4527 non
690 4470 1020 4544 prwteribunt
1049 4484 1066 4523 :
1099 4467 1288 4539 procul
1314 4466 1482 4523 dubio
1509 4467 1654 4537 quod
1689 4466 1895 4523 eisdem
1927 4466 2174 4537 apicibus

2276 3257 2586 3328 hujusmodi
2608 3258 2868 3314 excazcati
2889 3268 3040 3327 sunt,
3062 3269 3120 3314 ut
3143 3259 3274 3314 ﬂant
3300 3259 3767 3331 quemadmodum
3791 3276 3883 3317 aer

2275 3350 2494 3422 quando
2526 3351 2821 3407 crassescit
2862 3351 2916 3407 in
2957 3351 3133 3407 nubes
3156 3393 3170 3417 .
3215 3361 3271 3409 et
3303 3355 3376 3409 ita
3413 3353 3467 3408 in
3491 3353 3643 3425 justo
3675 3354 3881 3424 judicio

2277 3443 2371 3499 Dei
2411 3445 2560 3500 velut
2598 3444 2744 3500 venti
2796 3443 2851 3499 in
2891 3445 3097 3516 impetu
3141 3445 3481 3514 auferantur,
3529 3449 3675 3502 sicut
3706 3448 3876 3519 impii,

2276 3553 2412 3607 quos
2459 3537 2648 3608 dejicit
2693 3548 2889 3594 ventus
2938 3555 2969 3595 a
3024 3538 3164 3595 facie
3206 3548 3386 3596 terrte.
3426 3540 3534 3596 Alii
3578 3542 3873 3598 dixerunt:

2280 3629 2529 3684 Omnibus
2556 3639 2731 3686 autem
2761 3647 2861 3686 non
2895 3640 2970 3686 est
3002 3631 3206 3687 uisibile
3235 3633 3430 3701 lumen,
3461 3634 3608 3704 quod
3637 3635 3801 3707 fulget
3829 3637 3877 3690 in

2275 3721 2516 3789 nubibus,
2547 3732 2594 3776 et
2631 3724 2842 3795 spiritus
2882 3725 3073 3779 transit
3108 3735 3157 3779 et
3190 3724 3391 3796 fugabit
3423 3741 3528 3779 eas.
3556 3725 3657 3783 Hic
3694 3728 3878 3800 mysti-

2272 3830 2395 3872 cum
2419 3819 2605 3873 nescio
2629 3817 2757 3888 quid
2789 3817 3001 3874 locutus
3030 3828 3136 3885 est,
3164 3818 3309 3890 quod
3334 3819 3447 3890 jam
3480 3836 3588 3875 non
3622 3822 3874 3876 omnibus

2276 3909 2586 3978 reSpIcudet
2631 3909 2958 3966 illuminatio
3011 3911 3318 3983 Evangelii.
3368 3911 3466 3967 His
3515 3913 3716 3984 utique
3768 3928 3872 3968 non

2277 4001 2617 4071 resplendet,
2646 4017 2878 4072 quorum
2924 4017 3119 4059 sensus
3149 4005 3443 4060 cxcazcavit
3483 4005 3649 4069 Deus,
3682 4014 3744 4061 ut
3771 4021 3875 4061 non

2277 4097 2496 4153 videant
2516 4097 2699 4152 lumen
2730 4098 3011 4169 Evangelii
3035 4099 3221 4168 gloria:
3235 4097 3458 4167 Christi,
3479 4097 3574 4169 qui
3594 4107 3680 4156 est
3703 4100 3872 4170 imago

2278 4190 2570 4246 invisibilis
2602 4190 2798 4246 Patris.
2831 4191 2932 4247 Hic
2957 4191 3121 4263 igitur
3148 4192 3371 4263 spiritus
3394 4194 3560 4263 justas
3589 4195 3872 4252 sententiis

2279 4281 2372 4336 Dei
2399 4279 2605 4352 iugabit
2633 4298 2728 4339 eos
2754 4298 2784 4338 a
2810 4296 2954 4340 cmtu
2984 4285 3296 4352 beatorum,
3325 4293 3384 4341 ut
3412 4301 3524 4342 non
3547 4287 3774 4345 videant
3797 4289 3873 4345 lu-

2279 4391 2401 4430 tncn
2431 4373 2707 4445 Evangelii
2738 4377 2928 4447 gloria:
2957 4376 3182 4434 Christi.

2351 4469 2427 4523 Ab
2463 4468 2718 4540 Aquilone
2765 4487 2952 4525 aurum
2997 4473 3183 4538 veniet,
3221 4482 3269 4528 et
3313 4491 3346 4528 ιι
3391 4473 3506 4530 Deo
3536 4476 3873 4547 formidolosa

562 4561 874 4634 pollicetur,
904 4562 1015 4617 erit
1056 4571 1343 4616 aeternum.
1387 4558 1496 4614 llos
1537 4558 1700 4630 igitur
1729 4558 1923 4626 caelos,
1958 4559 2033 4613 ait
2064 4557 2170 4614 He—
2193 4548 2249 4610 D
2273 4561 2530 4617 laudatio.
2562 4563 2756 4618 Audivi
2787 4563 3075 4634 quemdam
3103 4563 3176 4619 ita
3208 4564 3504 4636 dicentem,
3536 4567 3683 4639 quod
3721 4579 3873 4625 aesta-

557 4655 656 4720 liu,
701 4653 754 4710 in
801 4652 1000 4725 quibus
1047 4660 1132 4708 est
1169 4650 1476 4708 divinitatis
1522 4660 1736 4708 secreta
1763 4651 2074 4723 dispositio,
2111 4661 2169 4707 tu

559 4745 786 4803 forsitan
813 4759 938 4802 cum
969 4743 1111 4813 Deo,
1145 4743 1290 4801 velut
1317 4743 1482 4800 simili
1522 4744 1734 4815 pollens
1762 4745 2055 4814 sapientia,
2087 4743 2169 4798 fa-

561 4840 800 4898 bricatus
827 4855 887 4896 es
917 4857 932 4894 :
962 4853 1103 4910 quos
1132 4838 1278 4896 Deus
1308 4849 1550 4895 aeternus
1576 4849 1706 4895 ante
1737 4838 1922 4894 mundi
1949 4838 2166 4894 consti-

561 4936 827 4992 tutionem
858 4932 1148 5006 praelinivit
1175 4932 1503 5004 quandoque
1531 4947 1822 5003 erumpere
1849 4934 1903 4988 in
1932 4946 2164 5004 corpora

558 5027 892 5094 litterarum,
936 5027 1031 5096 qui
1078 5026 1132 5081 in
1175 5025 1272 5081 illo
1317 5024 1654 5082 atterualiter
1704 5037 1881 5090 erant,
1915 5041 2020 5080 non
2048 5025 2161 5094 jam

557 5119 884 5186 existentes,
930 5117 1026 5174 sed
1068 5117 1173 5188 ipsi
1203 5116 1308 5173 soli
1339 5117 1705 5187 praescientiaa
1736 5133 1848 5174 suae
1879 5118 2002 5175 luce
2027 5133 2162 5173 con-

556 5214 754 5282 spicui.
806 5212 875 5267 Et
910 5212 1106 5277 caelos,
1137 5219 1359 5265 sanctos
1385 5211 1606 5280 angelos
1635 5226 1740 5267 non
1773 5212 2007 5267 absurde
2037 5226 2163 5268 sen-

557 5305 742 5372 timus,
770 5305 862 5377 qui
883 5316 1103 5374 propter
1123 5303 1392 5360 caalorum
1418 5303 1834 5372 habitationem,
1864 5307 2165 5361 rectissime

554 5401 680 5456 caeli
727 5399 1008 5467 dicuntur,
1054 5406 1111 5453 et
1139 5408 1266 5452 sunt
1291 5398 1439 5452 velut
1474 5411 1548 5452 aes
1578 5399 1883 5453 aeternitate
1911 5398 2154 5454 solidati.

556 5493 634 5547 De
678 5493 876 5563 quibus
928 5491 1214 5547 Psalmista
1257 5490 1518 5560 singulari
1553 5493 1777 5547 nomine
1806 5491 1883 5545 ait
1916 5509 1929 5544 :
1965 5491 2159 5546 Caelum:

555 5587 668 5639 εωιὶ
702 5583 944 5637 Domino.
982 5583 1292 5640 Secundum
1327 5583 1597 5650 tropicum
1634 5585 1976 5639 intellectum
2008 5584 2154 5652 caeli,

554 5674 724 5728 sancti
769 5687 960 5726 omnes
1007 5682 1232 5754 propter
1262 5673 1544 5726 coeleSIem
1573 5676 2050 5728 conversationem
2104 5685 2159 5729 et

547 5772 780 5851 propter
808 5765 1260 5841 praedicationem
1290 5767 1670 5825 mandatorum
1691 5769 2000 5828 caelestium
2025 5785 2158 5832 nun-

2278 4655 2348 4711 tis
2387 4667 2652 4727 tempore,
2698 4659 2815 4712 sole
2851 4658 2906 4712 in
2942 4658 3195 4729 aquilone
3232 4671 3514 4728 nascente,
3557 4676 3760 4719 aurora
3788 4680 3872 4721 ar-

2275 4746 2494 4803 dentior
2517 4747 2729 4816 rutilat,
2755 4751 2828 4802 ita
2861 4757 2918 4803 ut
2957 4751 3075 4820 ipse
3101 4750 3182 4806 sol
3215 4751 3454 4806 colorem
3484 4767 3716 4810 aureum
3744 4771 3875 4825 prte-

2269 4840 2413 4897 ferat
2446 4858 2460 4895 :
2505 4849 2563 4896 et
2607 4842 2736 4898 inde
2772 4842 2931 4898 Heliu
2961 4843 3111 4915 loqui
3146 4845 3393 4900 videatur
3435 4861 3629 4903 aurum
3661 4851 3870 4919 venire,

2269 4934 2320 4991 id
2341 4944 2446 5000 est,
2472 4934 2677 4990 mundo
2697 4935 3006 4992 ﬂammeam
3028 4947 3205 4993 rotam
3229 4939 3364 4995 solis
3387 4941 3617 5006 oboriri,
3644 4953 3870 5015 etsnper

2265 5024 2371 5082 hoc
2403 5027 2731 5096 praeclarum
2757 5026 2911 5083 sidus
2940 5028 3013 5084 sit
3035 5028 3104 5086 ad
3136 5029 3309 5086 Deum
3341 5031 3659 5090 hominibus
3687 5035 3870 5091 formi-

2266 5119 2457 5176 dolosa
2485 5121 2742 5177 laudatio.
2775 5121 2886 5177 Nos
2909 5133 3091 5180 autem
3123 5140 3314 5181 aurum
3350 5139 3577 5185 sanctos
3611 5129 3870 5202 intelligi-

2267 5231 2410 5282 mus,
2437 5214 2529 5282 qui
2560 5216 2864 5272 secundum
2897 5219 3238 5289 spiritualem
3272 5237 3495 5279 sensum
3525 5225 3594 5280 ab
3620 5227 3868 5296 aquilone

2274 5305 2514 5372 diabolo,
2569 5309 2829 5378 sanguine
2882 5311 3099 5366 Domini
3134 5314 3493 5371 redimuntur.
3549 5318 3663 5374 Hoc
3710 5321 3868 5390 igitur

2265 5401 2428 5456 modo
2453 5403 2600 5458 venit
2628 5404 2699 5460 ad
2729 5405 2898 5461 Deum
2930 5418 3104 5464 cmtus
3127 5419 3448 5466 sanctorum
3477 5428 3600 5469 cum
3629 5425 3867 5473 tremore

2265 5496 2598 5552 laudantium
2626 5514 2771 5565 eum,
2804 5517 2869 5556 ac
2899 5502 3002 5557 sibi
3026 5518 3148 5561 cum
3178 5505 3409 5574 quadam
3440 5507 3767 5575 formidine,
3795 5510 3866 5564 in~

2265 5587 2531 5644 credibile
2553 5590 2960 5661 arbitrantium,
2991 5595 3132 5665 quod
3156 5608 3448 5666 potuerunt
3473 5599 3544 5654 de
3566 5599 3730 5656 hoste
3750 5617 3864 5672 gra—

2264 5682 2489 5738 vissimo
2545 5685 2786 5739 liberari.
2817 5688 3067 5754 Quotidie
3094 5705 3309 5759 quoque
3345 5694 3858 5764 examinationibus,

2267 5775 2418 5834 velut
2445 5790 2641 5835 aurum
2663 5777 2898 5840 ﬂammis
2926 5783 3286 5844 tentatiouum
3317 5795 3627 5860 excoctum,
3660 5787 3734 5850 de
3756 5788 3865 5849 for-
