4032 6362
166 329 274 385 ἰδῖ

1042 324 1520 387 COMMENTARII
1558 322 1622 381 IN
1664 321 1924 382 LIBRUM
1963 322 2104 382 JUB.
2146 324 2297 382 CAP.
2339 321 2630 383 XXXVIII.

3368 325 3472 383 746

185 461 317 503 nace
351 443 535 501 mundi
566 442 724 499 istius
755 453 1040 501 eruuntur.
1075 445 1179 501 Alii
1211 444 1489 510 dixerunt,
1522 444 1596 498 Ab
1627 443 1773 514 aqui-
1802 447 1849 508 Α
1878 441 2024 507 mihi,
2074 443 2120 496 si
2167 442 2325 496 habes
2364 441 2786 514 intelligentiam.
2830 442 2944 497 Deo
2987 440 3322 512 respuitdcrc
3364 456 3473 497 non

187 539 301 594 lane
346 537 500 592 nubes
530 535 723 591 coloris
759 538 929 605 aurei,
972 538 1025 591 in
1067 538 1148 592 Itis
1182 547 1256 593 est
1297 554 1487 608 magna
1526 539 1693 608 gloria
1729 546 1779 592 et

184 630 348 685 honor
369 629 774 703 omnipotentis:
804 646 910 683 non
940 630 1232 684 invenimus
1258 628 1655 684 similitudinem
1678 631 1781 684 uir-

186 724 308 779 tutis
335 724 469 796 ejus.
503 723 579 778 Ita
608 724 754 779 enim
780 733 1000 779 sanctos
1021 724 1295 784 homines.
1326 725 1416 796 qui
1448 732 1578 779 sunt
1604 727 1779 780 nubes

186 815 302 881 Dei,
330 821 503 869 tentat
534 807 703 884 lrigitr
728 812 1022 885 aquilonis,
1051 822 1110 867 ut
1136 828 1234 870 eos
1255 816 1547 883 pretiosos,
1578 822 1634 869 ct
1657 815 1779 886 igne

183 907 464 963 charitatis
512 907 711 962 rutilos
747 906 957 963 reddat.
1004 906 1071 961 Et
1118 906 1327 963 idcirco
1364 921 1559 978 magna
1603 907 1776 979 gloria

184 1001 400 1057 Domini
446 1008 503 1057 et
541 1000 721 1056 honor
748 997 1149 1071 omnipotentis
1187 1008 1292 1054 est.
1339 998 1457 1054 Non
1499 998 1778 1055 invenitur

180 1095 315 1150 alius
348 1092 550 1149 similis
578 1093 800 1150 virtutis
825 1093 950 1163 ejus
973 1132 989 1160 ,
1021 1092 1112 1164 qui
1146 1099 1296 1147 tanta
1328 1091 1467 1147 bona
1499 1106 1567 1148 ex
1610 1091 1778 1147 rebus

181 1188 470 1247 contrariis
491 1197 702 1259 speret.

249 1281 423 1355 Digne
446 1299 563 1338 eum
592 1283 821 1340 invenire
850 1300 953 1338 non
982 1299 1281 1356 possumus.
1317 1282 1543 1355 Magnus
1565 1283 1778 1355 fortitu-

184 1376 302 1431 dine
331 1384 380 1430 et
399 1374 612 1449 judicio
631 1384 683 1431 et
695 1375 936 1447 justitia,
961 1385 1008 1429 et
1030 1378 1270 1430 enarrari
1297 1392 1399 1430 non
1426 1383 1612 1447 potest.
1646 1373 1776 1430 Ideo

185 1469 433 1525 timebunt
456 1485 573 1525 eunt
598 1469 717 1539 riri,
748 1477 795 1524 et
820 1486 921 1524 non
944 1468 1206 1525 audebunt
1230 1470 1570 1542 contemplari
1599 1486 1777 1525 omnes

183 1563 269 1635 qui
296 1562 396 1617 sibi
418 1563 661 1618 videntur
686 1579 792 1618 esse
815 1564 1093 1635 sapientes.
1124 1562 1419 1630 Quoniam,
1446 1563 1645 1635 inquit,
1672 1564 1779 1619 sic-

182 1668 239 1715 ut
263 1657 594 1714 fortitudine
626 1673 856 1729 maguus
887 1664 944 1714 et
974 1668 1177 1729 potens
1206 1668 1293 1714 est
1320 1658 1466 1714 Deus
1492 1676 1504 1712 :
1533 1658 1606 1714 ita
1632 1657 1780 1727 judi-

179 1752 264 1809 cio
286 1760 342 1808 et
365 1752 583 1824 jnstitia
611 1767 779 1809 verus
806 1763 911 1820 est,
943 1760 1000 1809 et
1026 1751 1281 1810 enarrari
1312 1768 1421 1808 non
1456 1760 1657 1822 potest.
1688 1751 1779 1808 ld-

1884 533 2092 603 potuit:
2116 535 2272 604 quasi
2304 535 2407 590 hoc
2441 534 2602 590 modo
2633 534 2874 606 loquitur
2899 534 2950 589 ei
2979 532 3146 589 Deus.
3176 532 3255 587 'l‘u
3284 532 3471 603 igitur,

1877 625 2002 697 Job,
2033 628 2124 698 qui
2148 627 2297 683 circa
2320 644 2487 683 unum
2518 628 2914 685 homunculum
2941 626 3143 696 injuste
3172 641 3262 681 me
3290 624 3476 697 arguis

1878 720 2093 792 operari
2119 740 2132 776 :
2156 722 2248 776 ubi
2275 736 2400 777 eras
2429 738 2553 777 cum
2576 737 2679 792 ego
2705 720 2991 786 mundum,
3022 733 3184 790 quem
3208 734 3276 773 ex
3303 717 3479 773 nihilo

1880 812 2146 882 feceram,
2192 812 2599 881 gubernarem?
2644 820 2701 868 et
2742 827 2870 869 cum
2915 826 3133 867 omnem
3171 817 3479 866 creaturam

1879 903 2253 960 moderatione
2293 904 2523 974 justitia:
2552 920 2760 976 regam,
2810 905 2862 959 in
2911 914 2965 960 te
3007 918 3157 959 eram
3192 900 3478 973 injustititc

1876 999 2082 1070 aliquid
2110 1001 2377 1057 acturus?
2406 1002 2504 1058 Hic
2533 1002 2680 1058 Deus
2712 1004 2815 1059 hoc
2841 1016 3099 1059 sermone
3134 1000 3239 1057 sub
3263 1002 3476 1056 anima-

1878 1090 2033 1157 lium,
2061 1093 2351 1165 aviumque
2380 1094 2719 1162 nominibus,
2744 1110 2941 1167 magna
2960 1103 3017 1152 et
3036 1094 3194 1152 valde
3218 1095 3474 1164 obscura,

1877 1190 1935 1237 et
1964 1181 2225 1238 Ecclesiae
2254 1194 2598 1240 sacramenta
2631 1188 2897 1242 contexit.
2930 1187 3075 1243 Deus
3121 1202 3255 1258 ergo
3279 1202 3477 1243 secun-

1877 1276 2008 1332 dum
2040 1279 2306 1349 mysticus
2329 1278 2644 1335 intellectus
2673 1280 2725 1335 in
2749 1279 3476 1350 prmdestinationeaposto-

1880 1369 1961 1425 los
1990 1372 2300 1442 prazcipuos
2331 1379 2554 1428 sanctos
2583 1371 2848 1428 Ecclesia:
2886 1372 3236 1428 lundamenta
3275 1374 3482 1429 consti-

1881 1466 1982 1521 tuit
2003 1507 2019 1535 ,
2051 1465 2194 1522 sicut
2221 1467 2301 1522 ait
2328 1468 2608 1538 apostolus
2638 1485 2652 1523 :
2687 1467 3140 1541 Supertediﬁcati,
3168 1470 3364 1540 inquit,
3392 1486 3482 1523 su—

1880 1572 1972 1627 per
1991 1556 2331 1627 fundamenta
2352 1557 2708 1628 apostolorum
2738 1568 2786 1613 et
2812 1557 3212 1629 prapltetarum.
3235 1559 3390 1627 Sive,
3425 1568 3485 1615 ut

1881 1647 1975 1702 alii
2005 1646 2283 1716 dixerunt,
2322 1647 2422 1704 Ubi
2444 1666 2558 1705 eras
2585 1666 2704 1704 cum
2736 1649 3018 1721 fundarem
3047 1658 3265 1717 terram,
3295 1649 3349 1705 id
3375 1658 3482 1717 est,

1880 1754 2002 1795 cum
2036 1741 2340 1797 Ecclesium
2385 1742 2455 1798 de
2483 1752 2628 1799 terra
2660 1743 2883 1798 humani
2921 1742 3143 1814 generis
3184 1757 3487 1816 congrega—

179 1846 324 1902 circo
352 1845 520 1901 sicuti
544 1854 650 1914 est,
691 1861 721 1899 a
748 1856 1000 1902 creatura
1034 1860 1131 1901 sua
1156 1860 1277 1917 qua:
1308 1845 1444 1902 adeo
1488 1845 1781 1901 imbecillis
1809 1833 1856 1893 Β
1887 1841 2019 1902 Iam,
2050 1833 2249 1889 νίτίιιῑθ
2280 1832 2406 1889 ﬁdei
2435 1835 2763 1891 Slabilil‘em-

179 1946 258 1995 est
288 1949 344 1995 et
393 1938 640 2006 inﬁrma,
683 1954 791 1994 non
821 1947 1003 2009 potest
1046 1938 1276 1994 inveniri
1312 1954 1325 1992 :
1372 1946 1599 2009 propter
1632 1935 1779 2009 quod

178 2034 357 2107 magni
381 2034 495 2090 viri
517 2043 682 2107 atque
703 2032 917 2090 cordati
943 2049 1052 2089 non
1080 2042 1417 2104 prmsument
1435 2032 1670 2088 scrutari
1700 2032 1782 2087 in-

178 2126 735 2200 comprehcnsibilem
759 2168 775 2193 ,
814 2140 995 2198 neque
1034 2125 1396 2195 contemplari
1447 2123 1778 2180 invisibilem

178 2223 549 2281 conabuntur.
577 2221 695 2279 lloc
725 2228 906 2277 autem
937 2229 1110 2275 tntum
1143 2220 1196 2275 in
1237 2218 1413 2275 sancti
1441 2218 1544 2275 Joh
1573 2233 1779 2289 expro-

180 2318 488 2375 brationem
535 2317 774 2373 dicitur:
804 2315 895 2388 qui
926 2314 1131 2372 dixerit
1169 2329 1229 2371 se
1266 2330 1295 2368 a
1339 2313 1452 2370 Deo
1496 2314 1619 2369 sine
1662 2311 1780 2369 ullo

182 2410 487 2484 iniquitatis
529 2408 728 2466 merito
774 2408 1132 2480 ﬂagellatam.
1179 2405 1290 2463 Alii
1336 2406 1593 2463 dixerunt
1628 2423 1641 2459 :
1678 2404 1783 2473 Qui

175 2508 311 2579 juste
337 2503 555 2577 judicat
573 2544 588 2569 ,
625 2518 728 2557 non
757 2509 910 2575 putas
936 2501 1124 2556 audire
1149 2501 1304 2555 eum?
1325 2508 1599 2571 propterea
1636 2501 1787 2553 time-

186 2602 302 2656 bunt
325 2615 443 2655 eum
477 2597 738 2662 homines,
773 2597 1247 2665 timebuntquoque
1273 2605 1320 2650 et
1343 2595 1603 2667 sapientes
1629 2610 1649 2649 :
1679 2594 1783 2651 hoc

188 2697 461 2767 inquiunt,
503 2692 631 2764 quia
664 2691 984 2762 Deusjuste
1007 2689 1241 2761 iudicat,
1286 2688 1429 2760 apud
1468 2704 1631 2760 quem
1671 2704 1780 2745 non

185 2799 268 2846 est
285 2800 650 2861 personarum
674 2785 941 2856 acceptio.
961 2784 1164 2841 Omnes
1184 2783 1468 2853 sapientes
1492 2789 1549 2839 et
1573 2781 1779 2853 idiotte,

186 2882 603 2940 considerantes
629 2880 985 2950 semetipsos,
1030 2876 1298 2933 timebunt
1338 2890 1463 2932 eum
1499 2892 1514 2928 :
1544 2875 1783 2932 scientes

185 2977 302 3049 quia
332 2974 640 3033 secundum
678 2974 899 3031 modum
925 2971 1156 3044 justitim
1192 2986 1307 3027 sum
1338 2970 1484 3025 ultor
1530 2968 1787 3041 iniquita-

187 3080 293 3128 tutn
321 3079 406 3129 est
437 3089 450 3128 :
487 3068 747 3128 exaudiet
768 3069 913 3126 enim
939 3067 1124 3140 iniqua
1154 3065 1448 3139 patientes.

701 3186 931 3245 CAPUT
960 3183 1252 3241 XXXVIII.

258 3320 598 3394 Respondeas
643 3326 817 3373 autem
846 3315 1105 3372 Dominus
1143 3314 1244 3370 Job
1272 3314 1337 3370 de
1373 3312 1575 3369 turbine
1624 3310 1779 3368 dixit.

188 3413 450 3470 Sermone
504 3410 737 3468 terribili
786 3418 846 3467 et
882 3408 1225 3480 increpativo
1269 3405 1584 3478 arguendus
1637 3403 1779 3470 Job,

187 3522 512 3579 responsum
539 3520 569 3561 a
599 3505 828 3561 Domino
849 3504 1084 3575 accepit,
1118 3503 1222 3559 hoc
1250 3503 1395 3558 enim
1430 3502 1608 3572 ipsum
1636 3501 1781 3572 quod

185 3598 253 3656 de
279 3600 503 3656 turbine
531 3596 755 3666 dicitur,
785 3597 855 3654 ad
875 3606 1147 3655 terrorem
1179 3597 1418 3667 pertinet
1445 3594 1783 3667 objurgatio-

188 3694 287 3761 nis,
319 3694 466 3766 quod
519 3702 685 3760 esset,
741 3703 801 3749 ut
846 3692 982 3761 dixi,
1035 3690 1401 3764 increpandus
1449 3706 1480 3745 a
1529 3689 1779 3746 Domino.

192 3785 406 3843 Dixerat
434 3786 585 3843 enim
629 3785 732 3843 Job
770 3799 830 3842 se
853 3785 1061 3857 justum
1091 3784 1296 3856 injuste
1331 3799 1361 3839 a
1393 3783 1631 3840 Domino
1659 3798 1784 3840 cas-

192 3877 413 3950 tigatum
441 3896 455 3933 :
485 3878 556 3935 de
588 3878 805 3935 turbine
833 3892 965 3950 ergo
991 3877 1258 3934 Dominus
1278 3877 1374 3934 ait.

260 3962 386 4038 Quis
409 3979 487 4026 est
507 3971 607 4026 iste
636 3969 898 4026 involvens
925 3969 1204 4025 sententias
1229 3968 1549 4025 sermonibus
1572 3970 1787 4042 imperi-

193 4063 289 4117 tis?
332 4063 430 4118 liis
470 4063 660 4120 verbis
698 4070 984 4119 amovetur
1012 4061 1168 4119 Helia
1213 4075 1335 4117 cum
1385 4062 1501 4118 suis
1540 4060 1786 4119 confusis

190 4167 346 4228 atque
388 4156 687 4229 permixtis
727 4156 1189 4229 disputationibus
1236 4166 1424 4212 contra
1473 4154 1579 4212 Job
1630 4173 1644 4211 :
1693 4154 1784 4211 ubi

192 4247 286 4305 Dei
332 4250 502 4306 verba
550 4248 811 4306 videntur
852 4248 1104 4320 intelligi.
1148 4248 1219 4303 Et
1254 4248 1301 4304 si
1343 4258 1425 4319 tu,
1455 4263 1489 4304 ο
1527 4247 1652 4314 Job,
1703 4247 1789 4303 io-

192 4342 403 4411 quendo
430 4342 566 4397 talia
596 4342 650 4397 in
679 4358 788 4409 me,
814 4341 1026 4398 .delicta
1053 4339 1238 4412 aliqua
1273 4340 1599 4397 commisisti
1631 4356 1647 4397 :
1681 4340 1783 4396 iste

190 4436 306 4505 quis
334 4444 419 4492 est
449 4436 544 4508 qui
588 4444 643 4493 te
686 4435 893 4493 audeat
921 4436 1274 4506 redarguere,
1308 4434 1614 4505 praisertim
1656 4449 1780 4491 cum

193 4527 257 4583 ad
286 4528 687 4600 increpandam
726 4545 835 4585 non
874 4530 945 4586 sit
973 4528 1229 4597 idoneus,
1269 4529 1360 4601 qui
1405 4529 1556 4585 velut
1587 4529 1780 4585 melior

1958 1924 2089 1990 Quis
2112 1925 2287 1995 posuit
2315 1941 2584 1980 mensuras
2604 1929 2742 1999 ejus,
2769 1926 2813 1982 si
2839 1927 3000 1994 nosti,
3030 1926 3108 1983 vel
3132 1927 3250 1999 quis
3273 1928 3487 1985 tetendit

1881 2033 2040 2087 super
2067 2032 2183 2071 eam
2214 2016 2446 2073 lineam?
2494 2018 2765 2075 Virtutem
2796 2034 2951 2075 suam
2986 2020 3152 2089 Deus,
3195 2029 3252 2078 ct
3292 2029 3488 2092 poten-

1884 2108 2013 2163 tiam
2042 2122 2463 2180 mensurasque,
2496 2120 2555 2165 et
2578 2111 2771 2166 mundi
2792 2110 3170 2169 conditionem
3197 2112 3484 2183 describit,

1883 2211 2050 2269 super
2083 2215 2248 2269 quem
2279 2201 2480 2256 lineam
2525 2202 2651 2257 boni
2697 2203 2944 2274 rectique
2974 2204 3160 2274 operis
3190 2204 3275 2260 sui
3306 2213 3486 2262 teten-

1882 2293 2045 2351 derit.
2076 2294 2259 2351 Aliter
2291 2313 2306 2350 :
2339 2310 2615 2353 mensurae
2652 2297 2916 2352 Ecclesia:
2951 2308 3079 2353 sunt
3115 2314 3145 2353 a
3187 2298 3319 2354 solis
3359 2306 3485 2355 ortu

1882 2403 2057 2460 usque
2083 2388 2151 2445 ad
2177 2404 2474 2446 occasum:
2512 2391 2565 2447 in
2592 2406 2699 2462 qua
2736 2391 2916 2448 adhuc
2945 2407 3219 2449 mensurae
3250 2393 3485 2466 intelligi

1884 2489 2135 2551 possunt,
2160 2481 2448 2553 aequalitas
2468 2491 2523 2539 et
2544 2482 2832 2554 plenitudo
2856 2483 3161 2555 Trinitatis,
3187 2486 3273 2540 cui
3298 2484 3491 2542 Eccle-

1884 2576 1981 2632 siae
2009 2575 2210 2633 dicitur
2240 2593 2340 2648 per
2367 2579 2696 2649 prophetam
2729 2593 2743 2632 :
2775 2577 2842 2633 In
2868 2589 3051 2634 exortu
3085 2583 3198 2652 ejus
3222 2581 3387 2635 dilata
3409 2580 3490 2635 lo-

1884 2686 2001 2724 cum
2029 2668 2351 2725 tabernaculi
2382 2669 2479 2735 tui,
2511 2679 2560 2725 et
2595 2669 2755 2741 pelles
2783 2670 3245 2726 tabernaculorum
3281 2680 3490 2728 tuorum

1882 2763 2121 2828 extende,
2148 2778 2213 2816 ne
2233 2777 2444 2832 pareas,
2464 2761 2651 2832 longos
2679 2763 2767 2832 {ac
2787 2764 3057 2834 funiculo:
3079 2771 3216 2831 tuos,
3244 2773 3290 2819 et
3317 2763 3488 2819 clavos

1884 2863 2002 2911 tuos
2040 2855 2335 2922 consolida,
2374 2854 2443 2909 ad
2471 2855 2708 2910 dextram
2747 2865 2795 2910 et
2841 2856 3109 2911 sinistram
3152 2858 3442 2929 penetrabis
3470 2873 3491 2911 :

1883 2963 2056 3003 semen
2082 2947 2221 3001 enim
2247 2955 2393 3001 tuum
2422 2956 2599 3019 gentes
2624 2946 2973 3016 hwreditabit,
2995 2958 3045 3003 et
3063 2950 3297 3005 civitates
3317 2950 3491 3005 deser-

1885 3050 1966 3095 tas
1995 3040 2326 3095 inhabitabit.
2369 3040 2548 3112 Super
2587 3042 2685 3096 has
2714 3042 2878 3113 igitur
2903 3058 3196 3099 mensuras
3240 3045 3490 3101 locorum

1887 3133 2165 3199 omnium,
2213 3134 2528 3189 universum
2562 3134 2822 3190 mundum
2857 3146 3021 3192 recta:
3072 3135 3199 3192 ﬁdei
3233 3137 3485 3205 tetendit,

1806 3218 1851 3280 C
1886 3237 1943 3283 ut
1991 3235 2137 3284 esset
2181 3228 2432 3285 omnibus
2468 3227 2521 3282 in
2567 3227 2845 3284 Christum
2888 3229 3238 3285 credentibus
3278 3230 3484 3287 labium

1888 3337 2056 3377 unum
2090 3340 2102 3375 :
2137 3321 2256 3377 haec
2282 3336 2414 3393 ergo
2457 3322 2719 3393 mysteria
2757 3330 2886 3379 alite
2922 3323 3127 3378 saecula
3165 3324 3488 3392 constituta,

1883 3412 1991 3470 Job
2012 3413 2214 3485 quippe
2236 3413 2331 3485 qui
2355 3413 2482 3469 dum
2507 3429 2615 3470 non
2641 3426 2810 3484 esset,
2834 3415 2979 3472 scire
3007 3430 3115 3472 non
3141 3418 3335 3487 potuit.
3362 3418 3490 3475 Sive

1885 3521 2173 3563 mensuras
2203 3507 2492 3577 Ecclesize,
2523 3509 2872 3566 diversitates
2892 3511 3195 3582 gratiarum
3225 3522 3376 3571 recte
3405 3516 3489 3570 in-

1883 3598 2200 3670 telligimus,
2233 3615 2369 3670 quas
2396 3602 2694 3672 Apostolus
2719 3602 3021 3660 divisiones
3042 3605 3272 3675 spiritus
3295 3608 3489 3678 appel-

1883 3692 2037 3760 lavit,
2084 3694 2176 3764 qui
2214 3693 2288 3750 ita
2319 3709 2443 3750 cum
2489 3694 2558 3751 de
2587 3696 2825 3752 diversis
2855 3697 3050 3769 gratiis
3083 3699 3315 3767 diceret,
3365 3702 3441 3756 ait
3473 3720 3489 3758 :

1885 3783 2017 3840 Haec
2042 3794 2215 3842 autem
2240 3787 2414 3842 omnia
2442 3797 2691 3860 operatur
2720 3804 2855 3843 unus
2884 3797 3034 3860 atque
3060 3790 3198 3844 idem
3225 3793 3447 3862 spiritus
3465 3835 3482 3862 ,

1885 3877 2115 3932 dividens
2167 3878 2454 3951 unicuique
2497 3888 2651 3950 prout
2690 3880 2818 3934 vult.
2862 3880 2993 3936 Item
3034 3881 3158 3937 ait:
3193 3881 3490 3957 Unicuique

1884 3975 2057 4024 autem
2096 3980 2331 4025 nostrum
2359 3970 2486 4025 data
2528 3980 2604 4025 est
2648 3972 2823 4043 gratia
2861 3972 3147 4029 secundum
3187 3990 3487 4031 mensuram

1885 4061 2185 4117 donationis
2213 4060 2427 4119 Christi.
2457 4063 2561 4119 Per
2586 4061 2686 4118 has
2718 4063 2884 4135 igitur
2911 4065 3115 4136 gratias
3148 4065 3380 4125 intentio
3401 4082 3489 4125 est

1884 4154 2391 4225 contemplationis,
2443 4156 2597 4212 velut
2646 4156 2788 4212 linea
2838 4167 2990 4215 recte
3031 4159 3375 4216 credentium
3429 4162 3484 4219 in

1884 4248 2018 4315 Deo,
2045 4249 2193 4305 sicut
2216 4247 2416 4305 dicitur
2434 4247 2490 4305 in
2518 4248 2748 4306 Actibus
2769 4250 3160 4322 Apostolorum
3191 4269 3204 4308 :
3228 4250 3360 4309 Erat
3379 4252 3488 4311 illis

1884 4357 1973 4396 cor
1994 4358 2154 4398 unum
2180 4349 2225 4397 et
2253 4343 2431 4398 animo
2452 4358 2558 4398 una
2581 4343 2639 4397 in
2667 4342 2859 4398 Deum.

1959 4435 2130 4507 Super
2161 4451 2263 4505 quo
2291 4435 2437 4491 bases
2475 4434 2620 4491 illius
2657 4437 2899 4493 solidata:
2920 4440 3079 4494 sunt?
3113 4438 3269 4497 Unde
3312 4442 3492 4513 potuit

1883 4537 2137 4583 creatura
2168 4528 2452 4584 rationalis
2479 4538 2534 4585 et
2571 4530 2795 4600 sapiens
2826 4546 2963 4602 opus
2986 4532 3296 4604 Creatoris,
3333 4546 3490 4592 antc-

193 4619 483 4692 objurgare
518 4628 575 4678 te
612 4620 843 4678 debeat?
869 4619 1069 4676 Amoto
1100 4620 1268 4692 igitur
1297 4619 1457 4676 lleliu
1487 4619 1557 4676 de
1599 4619 1780 4676 medio
1810 4601 1864 4662 Ῑ)
1887 4636 2049 4693 quam
2087 4628 2235 4677 esset
2281 4620 2423 4692 ipsa,
2453 4635 2814 4693 cognoscere,
2853 4601 2977 4681 cum
3022 4627 3185 4683 etiam
3222 4601 3365 4685 nunc
3394 4629 3486 4687 vix

192 4724 313 4765 cum
338 4711 608 4783 imperitis
638 4713 759 4785 ejus
788 4712 1099 4779 sententiis,
1131 4712 1405 4769 convertit
1431 4726 1494 4768 se
1518 4711 1782 4769 Dominus

193 4804 258 4862 ad
280 4805 407 4873 Job,
426 4815 483 4863 et
508 4808 582 4863 ait
609 4809 685 4875 ei,
706 4818 765 4865 ut
783 4808 852 4865 ad
870 4808 1294 4879 increpationem
1317 4807 1436 4878 ejus
1452 4804 1781 4863 audiendam

193 4913 252 4957 se
280 4910 643 4972 praepararet,
673 4902 863 4960 dicens
893 4902 997 4960 hoc
1026 4901 1189 4959 modo
1217 4921 1227 4956 :

263 4993 488 5067 Accinge
518 4997 651 5053 sicut
692 4998 771 5053 vir
800 4997 1004 5054 lumbos
1042 5006 1158 5053 tuos
1189 4995 1560 5068 :interrogabo
1600 5004 1649 5051 te
1669 5039 1683 5065 ,
1735 5003 1783 5050 et

193 5089 448 5161 responde
474 5089 622 5147 mihi.
655 5090 847 5149 Omnis
877 5091 1043 5164 igitur
1070 5091 1162 5163 qui
1200 5104 1323 5147 cum
1374 5090 1486 5147 Deo
1513 5098 1601 5147 cst
1628 5088 1784 5144 locu-

192 5187 364 5248 turus,
393 5178 615 5240 lumbos
642 5184 792 5255 prius
819 5184 1072 5241 castitate
1096 5182 1320 5255 jubetur
1349 5182 1653 5253 accingere.
1684 5182 1787 5237 Po-

190 5272 345 5340 pulus
366 5273 533 5329 etiam
568 5276 744 5348 legem
776 5277 1086 5344 auditurus,
1112 5284 1167 5333 et
1188 5274 1384 5348 pascha
1413 5273 1787 5332 celebraturus

189 5364 242 5420 in
266 5380 477 5434 eremo,
504 5366 729 5427 lumbos
754 5373 958 5427 mentis
977 5369 1198 5441 jubetur
1219 5369 1528 5440 accingere,
1557 5383 1627 5425 ne
1653 5367 1789 5425 ﬁuc-

189 5464 404 5515 tuantes
434 5462 601 5518 sinus
623 5463 925 5520 carnalium
951 5464 1369 5535 cogitationum,
1396 5477 1646 5533 gressum
1667 5476 1786 5518 san-

188 5558 288 5607 ctae
341 5556 795 5614 conversationis
847 5557 1173 5629 impediant,
1218 5557 1305 5613 vel
1350 5571 1518 5629 super
1567 5558 1788 5614 lumbos

190 5649 404 5700 nostros
430 5659 742 5715 corporeus
768 5647 1092 5705 vestimenta
1116 5648 1522 5722 praecingimus.
1550 5647 1789 5706 Dicendo

194 5746 327 5803 ergo
354 5753 369 5788 :

281 5823 380 5882 Ubi
395 5842 509 5884 eras
528 5833 737 5901 quando
761 5832 1013 5903 ponebam
1034 5833 1374 5905 fundamenta
1395 5833 1583 5893 terris!
1605 5832 1633 5891 Ι
1641 5833 1792 5891 ndica

486 5924 760 5989 Parum"
806 5927 1043 5991 XXVI.

1887 4721 2072 4785 posset
2097 4712 2279 4782 aliqua
2305 4728 2373 4769 ex
2400 4714 2659 4784 operibus
2678 4715 2798 4785 ejus
2824 4731 3021 4773 sensus
3050 4719 3341 4790 attingere.
3373 4720 3490 4777 Ali-

1892 4813 1997 4873 ter,
2021 4809 2186 4875 Super
2205 4819 2313 4876 quo
2337 4804 2499 4861 bases
2527 4813 2692 4861 terra:
2716 4807 2980 4864 Ecclesia:
3000 4810 3173 4866 solide
3204 4811 3489 4868 stabiliun-

1892 4908 2001 4964 tur,
2035 4897 2140 4953 nisi
2166 4913 2332 4969 super
2357 4897 2637 4955 Christum
2666 4909 2900 4970 petram,
2931 4902 3020 4973 qui
3045 4913 3129 4958 est
3159 4903 3484 4975 principium

1891 4990 2369 5047 fundamentorum
2417 4992 2558 5062 ejus.
2609 4992 2780 5049 Bases
2824 5002 3008 5049 autem
3056 4993 3315 5050 Ecclesia:
3360 5006 3491 5054 sunt

1891 5082 2069 5139 sancti
2090 5083 2290 5155 quique
2313 5092 2566 5155 potentes
2583 5094 2636 5140 ct
2661 5085 2850 5153 lortes,
2874 5099 2905 5140 a
2927 5084 3125 5155 quibus
3149 5086 3344 5143 eadem
3366 5101 3490 5145 sus-

1890 5178 2094 5233 tinetur
2134 5186 2190 5233 et
2227 5179 2451 5249 regitur.
2497 5178 2602 5234 Alii
2630 5177 2923 5235 dixerunt:
2952 5179 3129 5251 Super
3166 5196 3270 5249 quo
3309 5183 3491 5239 circuli

1890 5276 2003 5347 ejus
2030 5272 2123 5340 ﬁxi
2149 5273 2309 5329 sunt?
2332 5284 2389 5329 ut
2415 5273 2786 5346 intelligamus
2808 5276 3022 5347 pondus
3055 5276 3270 5334 roboris
3298 5280 3491 5338 mundi

1890 5365 2188 5424 secundum
2222 5366 2373 5422 illum
2402 5382 2626 5425 sensum
2657 5384 2800 5440 esse,
2830 5387 2939 5441 quo
2976 5369 3262 5428 Psalmista
3284 5373 3354 5431 de
3381 5375 3489 5433 hoc

1890 5458 2158 5532 loquitur,
2189 5459 2381 5516 dicens
2419 5477 2434 5516 :
2469 5459 2675 5517 Etenim
2714 5462 2941 5533 ﬁrmavit
2976 5465 3148 5521 orbem
3178 5475 3331 5523 teme
3351 5511 3365 5535 ,
3397 5472 3490 5543 qui

1890 5568 1993 5608 non
2033 5552 2453 5610 commovebitur.
2495 5553 2703 5610 Circuli
2730 5554 2879 5613 enim
2909 5558 3129 5615 rotundi
3163 5559 3333 5633 ﬁgura
3362 5573 3482 5632 est,

1891 5646 2085 5719 ﬁguris
2131 5647 2341 5704 creteris
2390 5647 2695 5719 pulchrior.
2747 5648 2882 5707 Nam
2932 5652 3178 5710 circulus
3230 5670 3297 5713 ex
3341 5657 3495 5713 omni

1896 5751 2049 5812 parte
2088 5739 2191 5796 sibi
2216 5749 2301 5796 est
2326 5753 2600 5812 congruns
2622 5750 2675 5797 et
2700 5742 2927 5815 aequalis
2957 5758 2974 5811 ;
3005 5753 3257 5819 totusque
3280 5762 3382 5819 per
3402 5761 3495 5806 se-

1896 5833 2187 5908 metipsum
2201 5832 2408 5893 solidus
2429 5833 2602 5905 vadit,
2627 5844 2683 5892 et
2704 5834 2850 5896 inter
2870 5838 3155 5899 oculorum
3181 5843 3378 5911 aciem,
3402 5858 3501 5917 per

2926 5931 3005 6000 24
