4032 6314
592 291 697 346 747

597 416 758 462 suum
784 395 1054 454 inﬁnitum
1097 387 1364 450 habitum,
1393 381 1518 452 quia
1549 378 1668 434 sine
1698 372 1816 430 ullo
1843 371 1950 426 ﬁne
1973 379 2189 435 semper
2216 361 2272 424 Α

599 500 655 554 ἰιι
685 493 1038 562 semetipsum
1070 480 1331 547 recurrit,
1362 485 1421 533 et
1454 469 1915 543 inexplicabiliter
1955 463 2192 520 ducitur.

603 592 704 646 llic
731 554 900 659 igitur
916 577 1224 652 signiﬁcare
1253 572 1388 629 milti
1411 569 1628 625 videtur
1657 563 1936 621 hominem
1963 559 2016 612 in
2047 554 2198 610 nullo

603 681 708 739 sibi
750 653 1132 734 adversantem
1164 681 1343 736 neque
1382 678 1443 717 se
1487 676 1556 716 ex
1603 665 1760 729 parte
1803 653 1985 722 aliqua
2022 660 2198 717 oppu-

602 779 884 847 gnantem,
910 765 1101 838 quales
1130 757 1371 817 eruntin
1401 755 1587 810 futuro
1619 751 1780 806 beato
1803 743 2006 802 saeculo
2032 759 2044 796 :
2071 750 2200 796 tunc

601 867 749 923 enim
772 877 900 920 caro
928 874 1035 914 non
1061 852 1411 923 concupiscet
1433 847 1698 902 adversus
1718 839 1990 911 spiritum,
2018 842 2074 890 et
2093 832 2204 901 spi-

601 960 740 1016 ritus
773 955 1038 1010 adversus
1063 960 1315 1005 carnem.
1359 938 1622 1010 Quamvis
1653 934 1813 1002 hujus
1844 931 1991 1001 pacis
2029 923 2206 981 beati-

601 1051 848 1108 tudinem
873 1045 1037 1102 etiam
1060 1041 1117 1096 in
1144 1041 1248 1094 hoc
1271 1033 1478 1091 smculo
1500 1025 1752 1084 nonnulli
1773 1019 1947 1079 sancti
1967 1034 2034 1073 ex
2053 1024 2205 1087 parte

605 1139 1048 1218 praesenserint:
1097 1147 1203 1187 non
1233 1127 1454 1199 quidem
1495 1122 1700 1178 nullam
1731 1110 2014 1172 interioris
2053 1118 2209 1164 exte-

606 1237 882 1305 riorisqne
911 1246 972 1286 se
1003 1231 1055 1283 in
1089 1225 1222 1294 ipsis
1251 1217 1542 1277 sentiendo
1562 1211 1921 1274 discordiam,
1951 1204 2049 1262 sed
2085 1205 2210 1257 hos-

608 1331 759 1386 tilem
797 1325 1051 1380 vitiorum
1079 1316 1388 1373 exercitum
1417 1305 1806 1365 resistentibus
1836 1298 2093 1356 fortiores
2120 1308 2213 1348 su-

609 1418 855 1494 perando
886 1410 1207 1475 virtutibus,
1229 1403 1562 1467 utllelcana,
1599 1406 1754 1469 pater
1781 1391 1952 1449 sancti
1985 1391 2214 1445 Samue-

609 1517 712 1581 lis,
752 1513 837 1568 vir
865 1521 1006 1564 unus
1028 1505 1209 1560 dictus
1249 1507 1352 1555 est.
1393 1496 1484 1552 Sic
1512 1495 1697 1562 itaque
1726 1496 1873 1544 totus
1904 1485 1960 1539 in
1987 1497 2047 1537 se
2084 1478 2209 1547 erit,

614 1575 830 1675 sibique
859 1597 1216 1660 conveniens,
1251 1601 1306 1647 et
1343 1586 1701 1644 immobiliter
1729 1582 1782 1636 in
1821 1578 1912 1634 illa
1943 1575 2116 1644 gloria
2150 1584 2215 1625 ac

614 1664 873 1757 sine-ﬁne
902 1693 1233 1750 consistens.
1259 1685 1322 1740 Hi
1354 1683 1517 1753 igitur
1539 1675 1732 1733 circuli
1758 1671 1971 1741 figurati
2007 1682 2101 1737 per
2127 1664 2211 1719 die

618 1791 872 1848 lectionis
903 1786 996 1840 Dei
1027 1781 1279 1852 copulam
1303 1819 1318 1842 ,
1353 1776 1502 1844 ligno
1537 1770 1720 1828 crucis
1759 1764 1904 1819 afﬁxi

614 1881 988 1952 unusquisque
1013 1886 1203 1930 eorum
1233 1869 1366 1924 dicit
1395 1885 1406 1922 :
1445 1861 1668 1932 Conﬁdo
1703 1857 1860 1921 enim,
1895 1853 2018 1920 quia
2056 1865 2218 1920 neque

616 1995 776 2042 mors,
802 1989 966 2045 neque
991 1971 1122 2036 vita,
1155 1975 1263 2022 etc.

688 2036 793 2126 Aut
817 2036 936 2139 quis
962 2061 1168 2118 demisit
1195 2055 1426 2128 lapidem
1446 2050 1758 2124 angularem
1785 2049 1896 2117 ejus
1913 2043 1938 2095 ?
1967 2041 2065 2096 Hic
2087 2036 2222 2108 lapis

621 2130 901 2236 angularis
929 2156 1204 2214 Christus,
1245 2150 1336 2220 qui
1381 2163 1412 2202 a
1450 2147 1561 2200 Deo
1601 2143 1762 2196 Patre
1795 2135 2005 2208 positus
2040 2141 2128 2187 est
2169 2130 2222 2185 in

617 2257 979 2314 fundamento
999 2259 1162 2302 terrae
1192 2239 1488 2298 Dominicaa
1515 2253 1528 2289 :
1559 2235 1677 2303 ipse
1703 2238 1787 2286 est
1815 2227 1960 2282 enim
1989 2237 2095 2278 non
2129 2236 2222 2276 so-

623 2351 738 2404 lum
769 2334 1218 2399 fundamentalis,
1247 2329 1342 2386 sed
1371 2339 1427 2382 et
1455 2318 1763 2391 angularis,
1790 2319 1843 2372 in
1865 2329 1973 2386 quo
1993 2313 2103 2368 duo
2127 2329 2220 2380 po-

619 2442 757 2512 puli,
787 2435 1102 2492 .ludaaorum
1130 2424 1390 2481 videlicet
1430 2429 1486 2475 et
1524 2414 1804 2478 Gentium,
1847 2408 2220 2465 continentur.

622 2498 702 2588 De
743 2498 854 2599 quo
888 2533 942 2580 et
970 2517 1258 2576 Psaltnista
1291 2513 1366 2567 ait
1399 2529 1413 2564 :
1450 2507 1611 2576 Lapis
1650 2519 1800 2576 quem
1831 2498 2228 2570 reprobaverant

627 2591 968 2692 (adiﬁcantcs,
1004 2613 1088 2667 hic
1116 2610 1286 2679 factus
1317 2613 1390 2660 est
1411 2604 1465 2656 in
1492 2609 1648 2670 caput
1677 2595 1877 2666 anguli.
1903 2591 1970 2647 Et
1993 2591 2226 2660 Aposto-

624 2717 713 2772 lus
733 2681 815 2768 ait
841 2729 853 2764 :
899 2708 1024 2780 Ipso
1055 2717 1255 2760 summo
1284 2695 1529 2769 angulari
1559 2689 1731 2763 lapide
1759 2687 1966 2742 Christo
1991 2683 2143 2749 Jesu,
2177 2681 2229 2734 in

626 2823 730 2880 quo
761 2803 930 2859 omnis
959 2806 1221 2853 structura
1251 2788 1611 2860 compaginata
1657 2780 1836 2836 crescit
1877 2779 1932 2830 in
1975 2771 2232 2844 templum

630 2911 888 2957 sanctum.
920 2893 1077 2948 lluuc
1113 2889 1277 2958 igitur
1307 2884 1463 2938 l‘ater
1493 2876 1702 2934 dimisit
1744 2874 1801 2930 in
1832 2883 2059 2938 terram,
2089 2877 2148 2923 ttt
2178 2866 2232 2920 in

630 2993 1048 3051 fundamentum
1082 2989 1400 3054 poneretur.

704 3085 832 3140 Cum
862 3098 941 3134 me
967 3053 1245 3132 laudarent
1271 3069 1426 3128 simul
1454 3078 1600 3122 astra
1636 3061 1908 3125 matutina,
1955 3068 2002 3113 et
2033 3053 2236 3128 jubila-

1365 261 1714 326 APPENDIX
1753 258 1843 315 AD
1882 251 2130 310 TOMUM
2169 244 2520 308 SEPTIMUM
2563 243 2620 298 S.
2665 233 3070 298 HIERONYMI.

3776 219 3855 276 id!

2295 363 2487 420 faciem
2514 357 2718 430 abyssi,
2749 365 2879 410 tunc
2905 348 3209 408 secundum
3235 344 3393 400 ﬁdem
3429 337 3562 396 libri
3591 337 3854 401 Geneseos,

2299 453 2556 526 prtecepit
2597 453 2736 505 Deus
2766 447 2856 503 die
2886 446 3050 502 tertio
3074 484 3089 509 ,
3131 451 3191 496 ut
3217 451 3406 494 omnes
3441 448 3608 504 aquas
3632 431 3684 485 in
3714 431 3859 484 locum

2301 563 2466 604 unum
2481 548 2968 615 congregarentur.
2989 535 3200 602 Quibus
3215 533 3380 588 etiam
3394 526 3697 584 terminum
3713 523 3862 577 ﬁuctu-

2301 654 2408 710 que
2440 636 2721 707 imposuit,
2761 650 2831 688 tte
2856 645 2916 687 se
2953 629 3103 684 foras
3131 625 3334 681 limites
3365 633 3520 684 suos,
3563 617 3634 672 ad
3657 617 3861 686 operient

2301 708 2426 790 dam
2489 741 2686 786 terram
2732 739 2952 782 rursum
2991 718 3359 778 elfunderent.
3411 712 3656 768 Vulvam
3695 708 3758 762 de
3789 724 3862 776 qua

2301 840 2450 882 mare
2476 822 2808 895 procederet
2835 819 3300 894 καταχρηστικῶς.
3335 810 3514 879 ipsam
3549 814 3748 859 terram
3772 801 3866 855 sub-

2298 919 2575 989 iacentem
2616 926 2906 983 possumus
2946 907 3276 977 intelligere,
3311 910 3373 958 ut
3411 901 3485 956 de
3528 912 3620 963 ea,
3664 903 3718 951 et
3758 895 3868 948 inea

2305 1025 2502 1082 aquam
2532 1015 2777 1063 creatam
2827 1019 2858 1058 a
2906 1003 3016 1058 Deo
3062 1014 3187 1056 esse
3223 993 3540 1052 credamus.
3588 989 3725 1043 Duas
3758 987 3868 1040 enim

2308 1113 2492 1174 partes
2519 1097 2706 1155 mundi
2738 1110 2979 1166 magnas,
3003 1092 3203 1148 caelum
3230 1099 3285 1144 et
3310 1096 3546 1153 terram,
3571 1081 3712 1136 Deus
3737 1093 3795 1133 ex
3816 1079 3871 1131 ni-

2310 1195 2422 1250 hilo
2453 1194 2607 1257 fecit,
2633 1199 2689 1246 et
2715 1191 2822 1244 ima
2849 1201 3040 1242 earum
3071 1184 3140 1238 de
3161 1180 3385 1237 materia
3417 1174 3669 1238 informi,
3691 1181 3872 1226 caeteras

2311 1298 2492 1342 autem
2534 1293 2814 1339 creaturas
2852 1278 3140 1335 distinctas
3186 1273 3306 1330 sive
3345 1271 3624 1328 formatas
3659 1264 3872 1328 instituit,

2313 1378 2458 1434 inter
2487 1390 2718 1448 quarutn
2750 1372 3087 1428 creationem
3123 1377 3179 1424 et
3205 1379 3373 1437 aquas
3405 1360 3690 1418 credimus
3720 1356 3874 1420 factas,

2313 1486 2547 1542 quarunt
2577 1467 2796 1539 quidem
2832 1462 3206 1520 conditionem
3230 1501 3245 1527 ,
3292 1457 3345 1512 in
3378 1451 3658 1526 principio
3687 1450 3820 1506 Gene
3847 1451 3877 1500 is

2313 1565 2577 1635 scriptum
2620 1575 2727 1617 non
2755 1559 3018 1630 legimus;
3071 1555 3299 1610 aliarum
3333 1564 3468 1607 vero
3506 1560 3651 1617 pene
3679 1543 3873 1596 omnium

2316 1657 2523 1712 factura
2577 1656 2628 1709 in
2671 1652 2829 1708 libris
2861 1647 3156 1705 Dominicis
3181 1649 3506 1701 recensetur
3552 1656 3565 1692 :
3603 1637 3725 1692 licet
3757 1632 3878 1689 etde

1950 1770 2076 1817 sunt
2101 1802 2115 1827 ,
2163 1765 2216 1812 et
2242 1746 2293 1808 Β
2322 1749 2439 1820 ipso
2483 1748 2620 1802 mari
2652 1752 2876 1801 sanctus
2909 1741 3077 1796 David
3105 1735 3328 1800 dixerit,
3360 1749 3486 1790 cum
3515 1730 3587 1786 de
3617 1730 3768 1785 beato
3793 1725 3878 1778 viro

2319 1843 2637 1912 loquereur
2661 1857 2673 1892 :
2707 1838 2838 1910 Spes
2865 1838 2982 1910 ejus
3006 1835 3061 1889 in
3083 1831 3305 1886 Domino
3329 1827 3440 1882 Deo
3473 1825 3669 1896 ipsius,
3695 1821 3774 1891 qui
3794 1822 3880 1890 fecit

2322 1935 2504 1990 cazlum
2527 1944 2572 1987 et
2595 1941 2810 1996 terram,
2839 1943 2981 1984 mare
3002 1938 3052 1982 et
3078 1925 3256 1980 omnia
3279 1935 3394 1994 qua:
3414 1919 3469 1973 in
3497 1917 3576 1972 eis
3596 1922 3735 1970 sunt.
3763 1911 3878 1966 llunc

2321 2041 2454 2096 ergo
2489 2025 2652 2080 maris
2695 2035 3039 2092 processum,
3086 2015 3404 2073 eﬁ‘usionent
3439 2023 3707 2081 aquarum
3738 2005 3880 2059 dicere

2325 2119 2455 2175 mihi
2486 2117 2725 2183 videtur,
2755 2115 2846 2186 qui
2874 2115 2942 2168 de
2973 2111 3203 2167 occultis
3233 2121 3500 2164 venarum
3539 2114 3697 2158 terra:
3725 2099 3880 2155 ﬁnibus

2325 2210 2613 2267 emanabat
2638 2247 2654 2274 ,
2685 2217 2740 2262 et
2768 2203 3053 2275 Operiebat
3081 2215 3298 2257 omnem
3330 2197 3534 2254 faciem
3566 2205 3740 2250 terrae.
3766 2188 3883 2257 Quod

2328 2305 2382 2359 itt
2408 2301 2615 2359 diluvio
2653 2297 2998 2356 manifestius
3029 2296 3231 2352 factum
3267 2292 3526 2362 legimus,
3569 2286 3664 2342 ubi
3689 2284 3878 2340 dicitur:

2331 2393 2397 2450 Et
2428 2412 2602 2449 omnes
2631 2394 2801 2465 fontes
2848 2390 3019 2462 abyssi
3065 2401 3270 2458 magna:
3299 2382 3467 2452 crupti
3514 2388 3658 2434 sunt.
3697 2373 3882 2431 Proinde

2330 2488 2545 2544 vulvam
2604 2483 2791 2551 maris,
2854 2497 3017 2539 terra:
3063 2481 3240 2535 sinum
3275 2476 3482 2532 dictum
3528 2473 3799 2532 existimo,
3845 2474 3883 2518 ut

2333 2597 2482 2635 mare
2535 2579 2605 2636 de
2655 2578 2844 2634 eadem
2893 2572 3238 2646 progenitum
3281 2568 3623 2624 noverimus.
3667 2561 3764 2618 Sed
3791 2559 3885 2612 dicit

2333 2674 2530 2744 aliquis
2574 2690 2586 2726 :
2640 2672 2750 2739 Ego
2790 2683 3051 2740 aquarum
3105 2665 3278 2721 moles
3323 2661 3463 2717 cmlo
3515 2669 3571 2713 ct
3613 2664 3762 2711 terra:
3797 2652 3884 2704 dico

2336 2783 2458 2822 esse
2481 2764 2800 2836 congenitas
2820 2803 2833 2829 ,
2867 2772 2920 2815 et
2951 2757 3110 2814 simul
3139 2765 3369 2812 creatas.
3414 2749 3664 2820 Denique
3687 2746 3748 2802 de
3770 2743 3885 2812 aquis

2337 2855 2802 2931 quemadmodum
2851 2863 2906 2910 et
2954 2851 3021 2907 de
3073 2860 3217 2906 terra
3267 2848 3393 2904 fecit
3444 2844 3618 2908 Deus,
3648 2840 3755 2896 sive
3795 2851 3885 2905 pro—

2338 2952 2499 3008 duxit
2543 2960 2774 3007 caeteras
2822 2954 3117 3002 creaturas.
3175 2941 3231 2998 Si
3290 2955 3419 3010 ergo
3466 2937 3575 2991 hoc
3623 2929 3881 3005 opinionem

2341 3050 2499 3104 istaut
2530 3045 2840 3110 conﬁrmat,
2887 3051 2946 3097 ut
2991 3041 3113 3096 ideo
3143 3047 3200 3094 et
3242 3051 3395 3107 aqua:
3423 3049 3486 3088 ex
3535 3029 3704 3086 nihilo
3732 3033 3884 3081 creatu-

704 3117 832 3140 uuus
864 3117 938 3134 ηιιι
967 3117 1145 3132 iuni-Iv:
1161 3117 1244 3128 Vl-v
1271 3117 1424 3128 νυν-ην.-
1457 3117 1550 3122 π---
1572 3117 1594 3119 η
1638 3117 1657 3118 η
1693 3117 1697 3118 ,
1896 3117 1908 3125 '
2033 3117 2053 3128 ν

628 3189 739 3235 rent
767 3191 940 3232 omnes
981 3171 1081 3243 ﬁlii
1127 3167 1260 3222 Dei?
1290 3163 1535 3220 Detnisso
1564 3159 1747 3228 itaque
1779 3155 1831 3209 in
1865 3150 2236 3207 fundamentis
2263 3125 2310 3192 (ἶ
2339 3142 2632 3205 dicantur,
2689 3140 2812 3208 quia
2861 3148 2912 3192 et
2963 3135 3042 3190 de'
3080 3131 3209 3203 ipsis
3261 3131 3390 3194 alia,
3439 3139 3494 3182 ct
3543 3125 3645 3181 alia
3697 3123 3744 3177 in
3788 3117 3883 3186 ipsis

2599 3235 2630 3243 n
2965 3229 2977 3243 '
3056 3229 3064 3236 ’
3191 3222 3479 3243 *λ-εί-Αλ--ίῖη
3514 3219 3881 3243 --ΑιιιΛι-δηνιηιί·

634 3273 768 3329 Sion
798 3241 1267 3338 lapideipretioso,
1298 3257 1387 3326 qui
1417 3264 1503 3310 est
1531 3248 1800 3307 secundus
1827 3245 1992 3299 homo
2013 3243 2080 3296 de
2097 3241 2238 3296 caelo

631 3361 900 3425 caelestis,
923 3355 1283 3412 laudaverttnt
1303 3389 1316 3412 ,
1345 3345 1557 3415 inquit,
1591 3358 1678 3396 me
1701 3337 1868 3394 simul
1895 3344 2040 3389 astra
2066 3344 2240 3386 matu-

637 3459 771 3521 tina,
796 3463 851 3509 et
875 3449 1235 3520 injubilarunt
1262 3453 1458 3498 omnes
1483 3435 1580 3491 ﬁlii
1605 3433 1724 3488 Dei.
1756 3433 1915 3486 Astra
1944 3438 2000 3483 et
2023 3426 2120 3480 ﬁlii
2145 3424 2241 3480 Dei

637 3514 822 3620 angeli
868 3514 1311 3608 intelliguntur,
1344 3531 1439 3600 qui
1493 3529 1547 3580 itt
1605 3523 1888 3578 nativitatc
1941 3514 2243 3575 Salvatoris

639 3607 1080 3698 exsultaverunt.
1113 3627 1264 3684 Sicut
1303 3623 1382 3676 ait
1411 3617 1639 3688 angelus
1669 3615 1737 3668 ad
1771 3619 2018 3680 pastores
2063 3627 2074 3660 :
2113 3607 2245 3661 Ecce

641 3729 938 3802 evangelizo
963 3721 1104 3777 vobis
1125 3715 1377 3790 gaudium
1406 3723 1676 3779 magnum,
1705 3703 1829 3775 quia
1850 3711 2002 3754 natus
2029 3708 2102 3753 est
2130 3697 2246 3752 Sal-

642 3787 811 3884 uatori,
854 3817 943 3888 qui
986 3822 1061 3868 est
1102 3787 1338 3864 Christus
1387 3800 1659 3864 Dominus,
1707 3796 1760 3849 in
1803 3791 2010 3845 civitate
2050 3787 2243 3843 David.

639 3919 780 3974 ltem
802 3882 1157 3978 Evangelista
1183 3919 1197 3954 :
1225 3900 1290 3954 Et
1313 3897 1479 3954 subito
1505 3898 1648 3966 facta
1668 3898 1742 3945 est
1762 3903 1878 3943 cum
1905 3884 2090 3956 angelo
2110 3882 2249 3938 mul-

646 4005 838 4071 titudo,
868 4011 920 4055 et
957 3975 1177 4052 austera.
1213 3993 1337 4047 ldeo
1374 3997 1556 4044 autem
1588 3982 1767 4054 angeli
1805 3988 1952 4035 astra
1980 3975 2246 4032 matutina

647 4101 928 4157 dicuntur,
958 4091 1081 4162 quia
1112 4088 1258 4142 inter
1288 4093 1572 4138 creaturas
1601 4074 1894 4132 rationales
1925 4070 2082 4141 primi
2119 4068 2246 4123 facti

647 4202 774 4251 sunt
800 4190 855 4244 itt
881 4186 971 4242 die
1003 4183 1093 4254 qui
1127 4187 1214 4234 est
1243 4177 1519 4238 Christus,
1550 4183 1605 4228 et
1650 4169 1746 4224 ﬁlii
1791 4166 1888 4222 Dei
1915 4175 2039 4219 sunt
2082 4181 2093 4215 :
2139 4178 2244 4217 non

653 4291 782 4340 sunt
805 4279 899 4334 lilii
923 4273 1299 4335 tenebrarum,
1331 4267 1472 4322 sicut
1492 4263 1570 4317 illi
1595 4261 1688 4332 qui
1712 4259 1781 4314 de
1804 4273 1995 4314 eorum
2021 4268 2249 4310 numero

653 4371 888 4443 collapsi
925 4377 1072 4434 sunt,
1104 4363 1226 4419 facti
1267 4375 1376 4414 non
1406 4357 1579 4411 solum
1615 4353 1706 4407 ﬁlii
1739 4349 2120 4414 tenebrarum,
2151 4345 2248 4401 sed

654 4468 817 4524 etiam
846 4470 1089 4518 rectores
1121 4453 1495 4517 tenebrarum,
1523 4447 1572 4502 id
1606 4457 1710 4513 est,
1747 4443 2026 4499 hominum
2059 4454 2249 4510 pecca-

651 4571 856 4616 torum.
903 4553 1056 4608 Tunc
1093 4562 1225 4603 Voce
1268 4557 1486 4614 magna,
1536 4540 1681 4594 sicut
1721 4533 2092 4607 supradictunt
2137 4542 2241 4599 est,

652 4652 1023 4710 laudaverunt
1051 4656 1138 4699 me
1170 4653 1362 4696 omnes
1389 4635 1564 4705 angeli
1607 4631 1736 4688 mei.
1777 4623 2243 4698 Quemadmodum

647 4748 708 4804 in
748 4744 891 4801 illius
923 4735 1178 4801 ovicttlm,
1213 4727 1434 4786 humani
1473 4725 1689 4797 generis
1727 4720 1927 4784 salute,
1963 4715 2246 4772 laudantes

655 4841 826 4895 Deum
862 4831 1027 4904 gavisi
1057 4836 1204 4883 sunt.
1246 4825 1374 4879 lteut
1407 4831 1552 4875 aSIra
1587 4814 1847 4872 matutina
1881 4823 2072 4866 omnes
2102 4807 2247 4863 ﬁlios

651 4902 911 4987 Ecclesia:
945 4938 1050 4978 non
1085 4915 1324 4974 absurde
1354 4912 1642 4974 sentimus,
1677 4905 1766 4976 qui
1802 4919 1897 4974 per
1917 4902 2243 4971 baptismum

651 5034 1014 5082 renascuntur
1044 5013 1265 5068 Christo
1291 5053 1306 5077 ,
1340 5007 1485 5065 sicut
1520 5006 1597 5058 ait
1638 4998 1935 5070 Apostolus
1962 4995 2027 5050 ad
2061 4994 2249 5050 Eccle-

650 5119 788 5174 sium
830 5111 1078 5169 scribens
1127 5126 1139 5158 :
1183 5103 1372 5160 Omnes
1426 5114 1512 5152 vos
1555 5094 1674 5150 estis
1693 5091 1812 5163 {ﬁlii
1861 5106 1951 5160 per
1991 5088 2147 5156 ﬁdem
2193 5087 2248 5141 in

652 5211 856 5269 Christo
882 5203 1030 5258 Jesu.
1064 5200 1128 5254 lli
1153 5211 1284 5267 ergo
1309 5202 1529 5264 propter
1558 5187 1794 5258 vigiliam
1821 5181 2167 5247 matutinum,
2195 5180 2246 5235 in

651 5320 758 5377 qua
785 5299 1052 5356 Dominus
1085 5289 1388 5349 resurrexit
1409 5328 1422 5350 ,
1464 5293 1610 5338 astra
1642 5278 1905 5335 matutina
1946 5276 2206 5332 dicuntur
2229 5315 2246 5342 ,

651 5399 740 5456 vel
770 5411 869 5465 pro
907 5389 1203 5460 incipiente
1247 5384 1325 5440 eis
1353 5379 1539 5452 gratiae
1578 5392 1717 5432 novo
1744 5374 1978 5439 lumine,
2020 5371 2163 5427 unde
2191 5376 2248 5427 et

651 5487 916 5560 neophyti
945 5490 1347 5552 nuncupantur.

726 5558 858 5652 Quis
889 5579 1142 5635 conclusit
1174 5575 1318 5630 ostiis
1345 5589 1504 5632 mare,
1535 5567 1744 5641 quando
1775 5559 2070 5632 erumpebat
2098 5558 2246 5628 quasi

650 5679 713 5730 de
744 5672 896 5728 vulva
919 5669 1219 5740 procedens.
1255 5665 1392 5722 Cum
1421 5665 1474 5718 in
1511 5659 1825 5717 conditione
1857 5653 2042 5710 mundi
2089 5667 2244 5723 aqua:

651 5777 870 5819 omnem
901 5770 1105 5816 terram
1139 5756 1436 5827 cperirent,
1477 5761 1537 5814 et
1567 5750 1808 5808 tenebrae
1849 5751 2038 5803 essent
2075 5759 2242 5816 super

2337 3237 2566 3308 jubente
2597 3235 2706 3288 Deo
2737 3246 2896 3302 quam
2929 3229 3162 3298 pluritna
3186 3222 3484 3278 animantia
3514 3219 3881 3290 processerunt:

2342 3307 2411 3384 de
2446 3328 2587 3383 cmlo
2615 3323 3028 3396 quid‘dicemus
3054 3359 3069 3384 ,
3116 3316 3260 3388 quod
3286 3325 3369 3371 est
3415 3328 3548 3384 pars
3580 3307 3754 3365 mundi
3780 3316 3883 3374 przr-

2342 3421 2596 3488 alantior,
2630 3418 2698 3472 de
2728 3431 2836 3486 quo
2866 3432 2971 3469 non
3005 3414 3256 3482 legimus,
3290 3406 3436 3478 quod
3469 3421 3548 3461 ex
3578 3420 3642 3460 eo
3672 3397 3804 3472 quasi
3827 3397 3882 3448 in-

2345 3512 2501 3569 formi
2533 3511 2759 3566 materia
2789 3505 2993 3576 aliquid
3018 3513 3364 3576 procreatum
3405 3500 3496 3554 sit.
3530 3499 3591 3554 1n
3614 3510 3717 3567 quo
3739 3492 3878 3548 etiam,

2343 3604 2488 3677 quod
2511 3603 2578 3660 ad
2610 3602 2870 3672 majorem
2901 3596 3120 3653 decoris
3150 3596 3267 3664 eius
3307 3592 3552 3662 pertinet
3584 3580 3882 3660 pulchritudi-

2346 3714 2493 3764 nem,
2526 3696 2715 3752 stellas
2740 3708 2805 3750 ac
2833 3693 3079 3748 diversos
3101 3699 3369 3744 astrorum
3400 3684 3596 3756 globos
3621 3681 3751 3736 Deus
3774 3674 3878 3734 fecit

2345 3789 2638 3854 ordinavit,
2685 3795 2742 3840 et
2760 3783 3086 3854 composuit.
3115 3781 3181 3836 Et
3197 3781 3349 3850 juxta
3383 3781 3523 3832 hanc
3556 3771 3877 3830 assertionem.

2347 3882 2568 3938 meliora
2615 3887 2776 3935 erunt
2815 3877 2980 3933 maris
3006 3886 3061 3931 et
3090 3884 3248 3930 terra:
3292 3871 3589 3934 elementa,
3637 3878 3780 3936 quam
3805 3873 3878 3912 cuc-

2347 3973 2458 4028 lutn
2479 4014 2493 4037 ,
2532 3970 2690 4042 cujus
2720 3979 2971 4025 ornatum
2999 3965 3430 4039 pulcherrimum
3467 3959 3786 4017 admirantes
3819 3963 3879 4001 su.

2347 4066 2608 4137 spiciutus
2640 4082 2650 4117 :
2684 4061 2942 4132 quoniam
2990 4058 3255 4132 praecellit
3307 4055 3392 4112 vel
3437 4052 3676 4110 maxime
3702 4052 3877 4102 cetera:

2347 4165 2652 4213 creaturas.

2420 4247 2550 4302 Cant
2578 4263 2818 4319 ponerem
2856 4244 3041 4300 nubem
3078 4243 3434 4298 aestimentur»
3460 4241 3608 4310 ejus,
3636 4241 3680 4288 et
3712 4224 3879 4295 caligine

2349 4341 2485 4396 illud
2506 4341 2655 4412 quasi
2678 4340 2863 4412 pannis
2886 4337 3122 4408 infantia:
3148 4335 3487 4390 absolverem.
3509 4328 3645 4387 Cum
3661 4338 3794 4394 ergo,
3812 4316 3877 4378 nil.

2353 4451 2605 4506 magnum
2637 4435 2710 4490 sit
2743 4447 2895 4488 mare
2922 4430 3248 4494 latitudine,
3282 4436 3334 4483 et
3366 4424 3700 4496 longitudine
3727 4424 3878 4481 ctpr0'

2274 4508 2324 4570 Ῑ)
2352 4526 2521 4583 fundo
2555 4545 2566 4581 :
2604 4541 2698 4596 per
2727 4523 3104 4580 fortitudinem
3136 4530 3314 4575 tamen
3347 4495 3609 4589 potentiae
3641 4524 3762 4568 mea!
3787 4495 3878 4557 illud

2355 4621 2744 4690 vclntparvunt
2773 4617 3129 4682 elementum,
3149 4613 3289 4668 nube
3315 4620 3588 4679 tamquam
3615 4600 3879 4659 vestimento

2353 4713 2573 4770 contexi
2600 4719 2655 4767 et
2685 4710 2951 4779 caligine;
2979 4707 3210 4762 ntodicis
3241 4703 3516 4765 videlicet,
3549 4709 3604 4756 et
3627 4695 3797 4752 vilibus
3821 4698 3878 4739 rc-

2353 4807 2456 4861 bus
2485 4804 2676 4875 operui
2707 4848 2721 4871 ,
2766 4818 2888 4872 quae
2927 4799 3302 4855 assimilantur
3334 4796 3529 4868 pannis
3570 4785 3802 4848 infantiae.
3836 4775 3879 4830 Ει

2353 4900 2478 4970 quia
2522 4912 2673 4952 mare
2715 4897 2966 4965 superius
2994 4893 3229 4948 diximus
3259 4891 3414 4962 quasi
3447 4887 3518 4943 de
3559 4884 3712 4942 vulva
3738 4883 3878 4948 procc-

2353 4992 2487 5048 dere
2510 5033 2525 5058 ,
2561 5005 2786 5049 servans
2816 4986 3235 5042 translationem
3267 4981 3540 5046 nominis,
3582 4979 3742 5047 ipsum
3770 4973 3878 5020 mare

2351 5089 2501 5143 velut
2545 5085 2830 5157 parvulum
2867 5090 3254 5154 procreatum:
3304 5086 3577 5145 tamquam
3618 5063 3790 5142 pannis
3819 5055 3875 5108 iu-

2350 5180 2535 5234 fantiae
2561 5179 2636 5233 ait
2657 5152 2889 5248 caligine
2916 5174 3257 5238 obvolutum,
3288 5170 3424 5237 sive,
3457 5177 3518 5221 ttt
3549 5163 3638 5220 alii
3658 5152 3874 5215 dixerunt.

2351 5283 2397 5328 et
2429 5271 2616 5327 nebula
2647 5268 2843 5324 obvolvi
2870 5265 3024 5321 illud.

2423 5363 2751 5421 Circumdedi
2795 5359 2933 5415 illud
2975 5357 3203 5413 terminis
3232 5355 3389 5420 meis,
3429 5362 3478 5408 et
3504 5347 3652 5424 posui
3677 5335 3876 5398 vectem“

2350 5461 2484 5516 ostia
2509 5499 2525 5524 ,
2569 5469 2618 5512 et
2644 5457 2752 5511 dixi
2775 5471 2792 5510 :
2838 5452 3010 5522 Usque
3037 5451 3138 5504 ltuc
3166 5449 3333 5504 venies
3364 5458 3409 5501 et
3439 5462 3543 5500 non
3565 5436 3781 5513 procedes
3798 5438 3873 5479 am‘

2351 5552 2508 5626 plius,
2539 5560 2591 5604 et
2613 5550 2696 5604 hic
2722 5548 3016 5620 confringes
3038 5553 3288 5598 tumentes
3307 5543 3498 5613 ﬂuctus
3525 5547 3656 5592 tuos.
3686 5514 3871 5585 Termini

2350 5647 2464 5712 isti,
2508 5643 2680 5699 divini
2719 5655 3005 5698 sermones
3035 5648 3190 5704 sunt,
3230 5637 3321 5708 qui
3351 5633 3619 5691 sententia
3643 5611 3868 5682 immobili.

2350 5711 2498 5798 velut
2545 5735 2766 5795 termini
2800 5731 2967 5792 deﬁxi
2996 5731 3398 5803 intelliguntur,
3433 5725 3537 5783 hoc
3567 5724 3729 5796 ipsum
3755 5717 3820 5768 est
3837 5711 3873 5757 ει
