4032 6354
150 303 273 363 ἠθ

992 303 1476 364 ΩΟΜΜΕΝΤΑΒΠ
1512 305 1581 363 IN
1619 302 1876 365 LIBRUM
1912 305 2055 364 JOB.
2096 306 2256 365 CAP.
2296 303 2581 367 χχιιτιη.

3350 313 3457 370 750

152 420 296 477 illud
330 421 481 493 quod
522 420 800 492 sequitur,
849 421 963 477 Deo
997 420 1249 489 dicente,
1282 422 1439 493 posui
1465 428 1673 478 vectem
1700 429 1757 478 et
1781 422 1837 483 Α
1860 436 2078 492 quoque
2110 421 2456 478 inﬁdelitatis
2485 420 2756 488 abstrusi,
2791 430 2849 478 ut
2877 422 3221 493 quantalibet
3250 433 3457 495 lempc-
3509 430 3516 437 '

151 514 324 568 ostia.
369 515 576 581 Aliter,
607 514 736 584 quis
763 513 1035 571 conclusit
1060 515 1219 571 ostiis
1244 514 1434 571 mare?
1489 514 1760 572 Saeculum

156 605 272 661 hoc
318 604 619 677 Scriptura:
660 604 865 661 divinae
906 605 1226 678 frequenter
1259 621 1411 662 mare
1454 607 1753 676 appellant,

150 705 221 754 ut
264 700 432 755 etiam
461 709 686 756 sanctus
717 699 884 755 David
914 700 1032 755 ait:
1065 699 1184 755 Hoc
1221 716 1363 755 mare
1393 716 1639 772 magnum
1663 742 1680 769 ,
1713 708 1760 756 et

148 794 451 863 spatiosum
494 790 760 848 manibus.
810 792 984 849 Item:
1027 792 1130 861 Qui
1158 794 1476 849 descendunt
1519 808 1660 849 me
1705 793 1759 848 in

149 884 396 939 nauibus.
453 883 520 938 Et
547 883 802 941 Abacuc:
836 883 1031 941 Misisti
1067 888 1122 941 in
1153 902 1297 943 more
1319 901 1475 959 equos
1500 896 1638 942 tuos.
1693 886 1762 943 Et

150 976 373 1033 Isaias:
425 974 633 1031 Occidit
671 987 841 1032 cetum
879 979 969 1049 qui
1010 978 1066 1033 in
1095 981 1354 1035 moriest.
1384 977 1625 1035 Proinde
1655 978 1761 1033 hoc

147 1083 316 1125 mare
352 1070 643 1140 pra-ceptis
672 1069 912 1136 divinis,
950 1071 1099 1126 velut
1140 1071 1461 1140 quibusdam
1492 1071 1759 1128 limitibus

150 1179 445 1221 sacrorum
475 1164 824 1235 eloquitur-um
854 1165 1222 1237 concluditur,
1261 1176 1319 1222 ut
1345 1168 1415 1223 de
1446 1175 1601 1222 utero
1637 1181 1760 1222 cor-

150 1256 247 1313 dis
284 1256 369 1313 sui
391 1298 407 1322 ,
452 1257 542 1312 ubi
588 1256 1019 1328 cogitationibus
1062 1258 1215 1314 velut
1239 1273 1308 1315 ex
1332 1259 1568 1322 semine,
1596 1272 1757 1313 curas

149 1358 321 1421 atque
352 1349 646 1406 illecebras
671 1349 978 1407 ntundiales
1001 1351 1372 1423 voluptatum,
1396 1351 1759 1408 delectatione

150 1442 549 1514 concipiebat,
586 1441 700 1514 jam
747 1457 855 1498 non
908 1443 961 1498 itt
1013 1458 1154 1515 opus
1199 1443 1354 1516 quasi
1395 1443 1757 1515 parturiendo

150 1544 519 1607 erumperet,
564 1551 735 1607 seque
782 1534 1097 1594 effunderet
1137 1537 1196 1593 in
1240 1537 1457 1595 diversa
1508 1537 1754 1594 facinora

151 1627 555 1700 perpetranda;
603 1638 660 1685 et
705 1627 834 1685 ideo
874 1644 1003 1686 eum
1040 1628 1267 1685 vidisset
1302 1628 1570 1701 propheta
1595 1646 1755 1686 mun-

150 1723 288 1779 dum
313 1723 631 1781 credentem
661 1722 808 1790 Deo,
852 1723 961 1780 hoc
996 1723 1200 1780 bonum
1231 1723 1286 1780 itt
1315 1739 1376 1780 se
1404 1724 1757 1781 continentia:

1866 525 2067 571 statum
2096 531 2162 573 ac
2186 518 2622 587 persecutionum
2646 516 2930 582 violentia,
2960 518 3173 575 deﬁxos
3191 519 3459 576 obedieuo

1866 607 1959 664 tia:
2021 608 2225 665 limites
2275 609 2669 666 transcendere
2706 610 3089 682 compellatur.
3146 611 3453 682 Numquam

1862 700 2151 759 cbaritatis
2200 718 2338 759 mea:
2395 704 2765 774 circumsepta
2811 706 3112 768 transiliat.
3165 706 3256 762 cui
3304 707 3454 763 disi:

1862 794 2155 866 ﬂuensque
2201 799 2392 854 venies
2416 839 2432 865 ,
2464 806 2521 853 et
2563 813 2670 855 non
2696 799 2963 869 procedes
2992 799 3249 870 amplius,
3281 811 3339 856 et
3368 800 3454 856 hic

1861 888 2177 959 coniringes
2204 897 2478 946 tumentes
2506 888 2708 945 ﬂuetus
2737 900 2882 946 tuos.
2913 888 2974 945 Id
3000 899 3107 956 est,
3134 891 3180 946 si
3200 892 3292 961 qui
3316 894 3454 948 forte

1856 981 2252 1053 cogitationum
2303 983 2571 1039 malarum
2618 984 2819 1040 ﬁuctus
2866 995 2917 1040 te
2962 986 3102 1041 intra
3132 985 3357 1058 pelagus
3378 985 3455 1040 tui

1858 1073 2045 1131 cordis
2090 1074 2392 1146 exagitant,
2416 1084 2724 1147 ventusque
2754 1075 2966 1132 validus
2996 1093 3374 1148 prcssurarum
3403 1086 3456 1133 te

1859 1164 2111 1223 funditus
2156 1181 2508 1223 commovere
2566 1176 2883 1239 pertentat,
2928 1168 2998 1225 de
3043 1179 3190 1226 statu
3234 1185 3451 1242 quoque

1863 1267 1954 1315 tuo
1985 1258 2040 1315 in
2067 1258 2276 1316 aridam
2305 1258 2637 1329 siccitatem,
2660 1261 2811 1317 velut
2837 1260 2895 1317 in
2921 1275 3084 1317 arena
3110 1263 3329 1318 steriles
3355 1264 3451 1316 im.

1861 1350 2052 1421 pellat.
2095 1351 2225 1408 lltec
2247 1352 2587 1408 munimenta
2615 1351 2739 1409 ﬁdei
2769 1362 2823 1409 et
2851 1353 3140 1411 charitatis
3163 1371 3297 1411 utea:
3323 1371 3454 1412 cave

1860 1459 1930 1500 ne
1957 1454 2203 1503 transeas
2229 1461 2244 1501 :
2270 1454 2331 1502 et
2357 1446 2434 1501 ita
2461 1445 2555 1505 ﬁet
2573 1489 2590 1516 ,
2624 1456 2688 1503 ut
2709 1446 2956 1504 minaces
2985 1447 3137 1504 venti
3168 1449 3455 1520 insurgen-

1860 1545 1945 1593 tes
1967 1537 2109 1593 allisi
2141 1538 2195 1595 in
2228 1549 2384 1608 petra
2412 1539 2744 1597 validissima
2775 1540 3166 1597 dissolvantur.

1930 1630 2207 1701 Numquid
2249 1644 2365 1707 post
2402 1644 2576 1693 ortum
2607 1645 2754 1692 tuum
2782 1638 3079 1708 prmcepisti
3115 1635 3380 1703 diluculo,
3409 1647 3455 1692 et

1857 1724 2134 1781 ostendisti
2166 1743 2373 1783 aurorae
2410 1729 2582 1783 locum
2616 1746 2795 1786 suum.
2836 1730 2954 1786 Hoc
2987 1730 3257 1787 Dominus
3283 1732 3358 1786 ait
3386 1731 3452 1786 ad

149 1818 443 1889 possidere
466 1859 481 1886 ,
525 1818 817 1890 gratulans
850 1819 930 1873 ait
957 1818 1026 1874 ad
1056 1818 1229 1875 Deum
1257 1836 1273 1874 :
1327 1818 1407 1873 Tu
1433 1820 1755 1890 conﬁrmasti
1787 1816 1832 1878 Β
1859 1816 1986 1886 Job,
2018 1818 2165 1890 quod
2194 1820 2539 1877 conditarum
2568 1837 2634 1878 ac
2654 1833 2993 1880 secretarum
3018 1840 3202 1880 rerum
3231 1840 3454 1879 suarum

150 1911 213 1965 in
251 1911 440 1966 virtute
481 1920 573 1965 tua
614 1928 781 1967 mare.
824 1910 1077 1967 Mundutn
1121 1910 1248 1967 dico
1289 1910 1504 1967 ﬁdelem
1548 1920 1757 1967 sancta:

151 2001 413 2059 Ecclesizc
443 2003 702 2075 populnnt
732 2022 744 2058 :
790 2004 880 2075 qui
919 2020 1068 2059 mare
1099 2003 1419 2074 specialiter
1446 2002 1668 2070 dicitur,
1701 2013 1759 2060 et

150 2099 369 2155 habitat
393 2099 444 2155 iu
480 2098 585 2155 hoc
612 2100 838 2155 mundo.
882 2100 951 2156 Et
987 2100 1091 2156 iste
1118 2108 1206 2156 est
1233 2099 1325 2155 ille
1358 2098 1593 2154 mundus
1624 2098 1755 2154 ﬁde-

152 2190 289 2248 lium
314 2230 332 2257 ,
382 2190 451 2247 de
497 2206 610 2263 quo
652 2193 916 2249 Dominus
954 2193 1073 2250 ait:
1116 2192 1208 2250 Sic
1233 2193 1370 2248 enim
1400 2193 1585 2248 dilexit
1615 2191 1755 2248 Deus

151 2285 297 2340 hunc
322 2286 601 2349 mundum,
634 2298 690 2341 ut
720 2284 925 2342 Filium
951 2304 1103 2342 suum
1132 2286 1453 2358 unigenitum
1482 2287 1631 2341 daret
1660 2303 1756 2356 pro

150 2395 237 2434 eo.
283 2378 377 2433 Est
407 2388 463 2436 et
502 2379 740 2436 mundus
773 2379 1219 2448 incredulorum,
1250 2379 1319 2435 dc
1357 2393 1469 2451 quo
1497 2378 1757 2435 similiter

157 2469 426 2528 Dominus
458 2473 534 2529 ait
555 2473 623 2529 ad
646 2473 946 2545 discipulos
969 2488 1100 2530 suos
1121 2492 1139 2529 ;
1164 2474 1224 2528 Si
1248 2475 1476 2528 mundus
1501 2489 1588 2528 nos
1608 2474 1755 2527 odit:

155 2564 340 2620 scitote
368 2566 491 2634 quia
519 2565 745 2636 priorem
776 2582 856 2620 nte
884 2567 1004 2620 odio
1029 2566 1242 2631 habuit,
1284 2576 1392 2621 etc.
1456 2564 1551 2622 Sic
1572 2564 1757 2636 itaque

154 2657 296 2712 duos
320 2656 553 2713 mundos
582 2658 906 2729 populorum
931 2658 987 2713 in
1021 2658 1125 2715 hoc
1148 2657 1447 2727 corporali,
1475 2665 1533 2715 et
1554 2658 1606 2712 in
1636 2657 1757 2712 ani-

155 2747 290 2805 mali
320 2749 524 2806 mundo
546 2750 778 2807 dicimus
803 2750 1078 2820 habitare,
1106 2751 1199 2822 qui
1229 2763 1281 2806 et
1315 2735 1644 2817 dno'maria,
1670 2765 1757 2806 se-

154 2844 396 2901 cundum
435 2844 749 2916 exemplum
781 2845 1035 2916 superius
1063 2846 1338 2912 positum,
1368 2843 1474 2900 dici
1502 2855 1751 2915 possunt,

153 2936 228 2994 ab
257 2936 362 2995 hoc
392 2939 612 2995 scilicet
641 2939 781 2996 mari
805 2956 1072 3010 aquarum
1112 2938 1521 3009 metaphoricos
1554 2955 1755 2994 nomen

154 3032 494 3103 accipientes
515 3076 532 3104 ,
573 3035 701 3105 quia
745 3042 801 3090 et
830 3034 1024 3090 domus
1051 3034 1225 3103 bona,
1256 3035 1374 3090 sive
1405 3034 1570 3099 mala,
1597 3042 1653 3088 et
1681 3034 1759 3088 ci-

152 3128 299 3183 vitas
328 3127 534 3197 Optima
558 3170 572 3192 ,
604 3129 723 3183 sive
752 3129 1015 3199 pessima.
1056 3128 1207 3184 Mare
1247 3143 1379 3184 vero
1413 3127 1653 3199 tropicos
1677 3125 1759 3182 di-

1862 1925 1959 1980 pcr
2005 1926 2172 1983 gyros
2197 1927 2328 1969 suos
2346 1925 2694 1971 recurrentes
2720 1915 2788 1970 ad
2816 1915 3071 1972 ordinata
3101 1918 3243 1983 loca,
3273 1918 3455 1974 redire

1858 2003 2108 2073 quotidie
2137 2004 2256 2075 ipse
2278 2004 2537 2078 disponat
2572 2022 2586 2061 :
2616 2015 2675 2063 et
2700 2007 2907 2064 idcirco
2933 2010 3040 2064 Joh
3069 2011 3336 2080 arguitur,
3365 2012 3454 2079 qui

1859 2096 2030 2153 Deum
2086 2098 2353 2156 factorem
2395 2109 2452 2156 ct
2496 2101 2925 2171 gubernatorem
2982 2118 3165 2160 rerum
3210 2105 3450 2158 omnium

1858 2188 2068 2245 diceret
2111 2191 2267 2251 nullo
2306 2191 2681 2248 moderamine
2723 2195 3000 2265 a'quitatis
3039 2207 3324 2265 operatum
3359 2205 3459 2252 :et

1858 2281 2015 2351 quasi
2050 2282 2123 2336 ita
2165 2280 2357 2338 dicens
2387 2284 2465 2338 ait
2487 2284 2578 2338 ei:
2632 2284 2713 2339 'I‘n
2751 2287 2840 2355 qui
2886 2286 3045 2341 valde
3069 2288 3372 2355 sapientem
3403 2295 3455 2342 te

1858 2375 2143 2430 arbitraris
2168 2418 2183 2442 ,
2233 2386 2290 2431 et
2338 2375 2495 2449 quasi
2538 2378 2839 2444 coaequans
2878 2379 3054 2435 locem
3084 2395 3262 2434 meam
3287 2380 3457 2435 fueris

1859 2465 2186 2536 fabricatus,
2221 2475 2278 2523 et
2302 2467 2372 2521 de
2402 2468 2538 2523 meis
2563 2467 2786 2539 judiciis
2814 2468 3100 2539 disputare
3129 2486 3290 2539 posse
3330 2487 3452 2527 cre-

1858 2559 1945 2617 dis
1984 2579 1999 2615 :
2050 2561 2096 2616 si
2147 2558 2415 2617 elementa
2477 2571 2763 2619 astrorum
2816 2572 3149 2634 pra‘ceptum
3194 2565 3456 2633 impleant

1858 2654 2183 2722 Creatoris,
2211 2664 2265 2711 te
2311 2653 2544 2713 forsitan
2584 2655 2911 2727 disponente
2945 2658 3189 2728 mysterii
3222 2659 3302 2713 sui
3336 2674 3455 2728 pcr-

1857 2755 1997 2818 gunt
2018 2760 2268 2815 cursum,
2303 2763 2425 2802 cum
2460 2746 2563 2803 ista
2605 2749 2929 2819 priusquam
2980 2759 3036 2804 tu
3068 2748 3120 2806 in
3154 2749 3326 2805 Adam
3362 2768 3455 2820 prt'

1861 2852 1950 2893 tne
1991 2837 2260 2893 existeres
2286 2878 2302 2905 ,
2350 2838 2462 2894 sint
2506 2850 2713 2895 creata.
2770 2841 2981 2896 Aliter:
3010 2840 3127 2897 Hoc
3154 2842 3452 2899 diluculum

1860 2930 2111 2988 Salvator
2162 2941 2349 2987 noster
2392 2940 2511 2998 est,
2541 2934 2632 3002 qtti
2661 2943 2720 2989 et
2762 2933 2843 2989 sol
2870 2935 3097 3003 iustitia:
3126 2938 3455 3007 appellatur.

1859 3021 1983 3092 Ipse
2016 3022 2205 3079 calore
2250 3022 2374 3078 ﬁdei
2426 3032 2483 3077 et
2528 3024 2826 3093 Splendnre
2876 3026 3068 3095 gratiae
3091 3043 3225 3095 sum,
3272 3029 3459 3085 Eccle—

1859 3117 2028 3185 siam,
2062 3116 2324 3173 mundum
2352 3118 2563 3173 scilicet
2589 3119 2911 3174 rationalem
2942 3119 3236 3176 illuminat.
3291 3123 3459 3192 lgilttr

155 3220 572 3292 ευηιιηοροριιιί
604 3196 939 3277 ﬂuctuantes
964 3266 981 3292 ,
1029 3222 1123 3293 qui
1156 3221 1209 3275 in
1238 3222 1339 3275 hac
1368 3218 1476 3275 vita
1505 3196 1758 3290 inquieto
1783 3196 1833 3261 C
1864 3208 2125 3279 numquid
2152 3208 2367 3275 tu.Job,
2393 3210 3455 3282 przecepistihnicdiluculo,utorirctur

155 3323 315 3372 motu
356 3314 678 3386 incertoque
717 3315 1021 3385 jactantur.
1080 3316 1216 3369 Cum
1261 3329 1520 3386 ponerem
1552 3313 1752 3368 nubem

155 3407 551 3465 vestimentum
576 3408 733 3480 ejus,
764 3417 818 3464 et
844 3408 1078 3480 caligine
1105 3407 1237 3464 illud
1268 3409 1415 3464 velut
1446 3408 1640 3476 pannis
1666 3406 1755 3461 in-

154 3504 345 3563 fantiae
368 3503 742 3559 obvolverem.
782 3501 991 3560 Nubem
1028 3504 1214 3560 omnia
1248 3502 1595 3573 operientem
1627 3500 1753 3571 Spi-

156 3599 327 3654 ritum
376 3606 630 3652 sanctum
652 3635 672 3661 ,
722 3597 996 3652 creaturis
1031 3596 1285 3651 omnibus
1311 3593 1552 3651 infusum
1575 3609 1640 3649 ac
1665 3608 1757 3651 su-

155 3686 448 3759 perfusum
481 3686 817 3757 accipiamus
836 3728 851 3753 ,
889 3685 958 3742 de
987 3702 1098 3758 quo
1126 3687 1202 3742 ait
1233 3704 1247 3741 :
1284 3686 1517 3759 Spiritus
1547 3685 1758 3740 Domini

153 3780 577 3854 superferebatur
610 3797 766 3852 super
795 3798 976 3851 aquas.
1036 3779 1225 3853 Caligo
1255 3789 1439 3836 autem
1494 3778 1755 3850 quidquid

156 3886 245 3932 est
286 3876 450 3931 inane
498 3884 652 3930 trans
693 3874 1002 3930 mundum:
1036 3873 1130 3929 ubi
1181 3874 1377 3929 levitas
1415 3881 1501 3928 est
1524 3914 1539 3936 ,
1573 3871 1627 3927 id
1650 3878 1753 3936 est,

155 3978 312 4024 retro
335 3965 588 4023 defectus
616 3966 844 4039 intelligi
870 3975 1070 4037 potest.
1104 3964 1381 4020 Moraliter
1402 3973 1584 4019 autem
1604 3963 1755 4035 juxta

156 4063 547 4120 auctoritatem
593 4061 931 4133 Scripturte,
991 4059 1168 4116 nubes
1213 4068 1339 4114 sunt
1384 4057 1761 4127 unusquisque

158 4156 418 4214 veritatis
442 4154 820 4212 annuntiator.
871 4153 1076 4210 Horum
1110 4152 1277 4223 igitur
1299 4150 1489 4207 verbis
1508 4148 1761 4206 consola-

158 4247 322 4305 toriis
353 4258 517 4319 atque
541 4247 791 4303 doctrina
815 4287 832 4313 ,
876 4244 1111 4302 rorando
1151 4243 1415 4314 desuper,
1456 4244 1539 4298 ait
1569 4242 1758 4298 Domi-

155 4358 293 4411 nus,
319 4323 581 4398 mundum
603 4338 848 4396 ﬁdelium
876 4337 945 4393 ab
969 4347 1109 4394 aestu
1132 4320 1493 4393 tent'ationum
1519 4331 1757 4406 protexi,

154 4435 333 4505 eique
370 4432 616 4491 umbram
646 4446 811 4501 supra
859 4430 1228 4501 promissione
1266 4440 1489 4485 reterns:
1530 4427 1762 4482 beatitu-

152 4527 308 4584 dinis
362 4526 606 4597 praebui,
663 4525 769 4580 hoc
800 4535 884 4580 est
909 4569 924 4595 ,
971 4525 1361 4581 vestimentum
1400 4537 1500 4594 per
1539 4528 1759 4576 sanctos

154 4634 317 4677 meos
346 4618 633 4675 ministros
656 4616 934 4690 Evangelii
966 4617 1017 4674 ei
1043 4633 1210 4689 super
1247 4631 1403 4673 mare
1433 4613 1761 4687 populorum

153 4709 443 4783 expandi:
496 4724 566 4766 ne
597 4709 861 4767 videlicet
901 4709 1105 4766 inﬁdeli
1152 4717 1402 4766 caumate
1433 4713 1760 4761 torreretur.

154 4802 320 4871 Quod
368 4804 533 4858 etiam
578 4816 734 4858 mare
772 4802 1102 4873 populorum
1141 4801 1286 4857 intra
1319 4797 1760 4871 prmdicationem

152 4897 469 4971 perfectam
511 4895 791 4968 Evangelii
834 4896 1108 4967 positum,
1148 4902 1373 4966 propter
1422 4905 1635 4947 morum
1677 4888 1764 4945 in-

156 4993 394 5049 fantiam
446 4990 501 5046 in
551 4990 877 5062 quibusdam
913 4990 1086 5047 lactea
1120 4988 1390 5056 doctrina,
1435 4986 1585 5043 velut
1609 4983 1762 5039 vilio-

155 5085 317 5142 ribus
348 5084 694 5141 vestimentis
722 5083 999 5157 operitur,
1049 5096 1116 5139 eo
1141 5081 1283 5153 quod
1313 5079 1609 5137 saeratiora
1644 5093 1760 5150 my-

154 5178 338 5234 steria
389 5191 499 5232 non
546 5176 766 5232 valeant
794 5177 1038 5245 intueri,
1073 5191 1195 5246 qua:
1232 5186 1363 5229 sunt
1385 5170 1760 5242 intelligentia:

154 5269 409 5328 involuta
457 5267 715 5341 caligine.
757 5267 1108 5325 Circumdedi
1148 5266 1281 5323 illud
1326 5264 1575 5325 terminis
1601 5265 1761 5331 meis,

158 5375 225 5422 et
255 5365 415 5436 posui
458 5371 670 5420 vectem
715 5372 771 5419 et
807 5364 969 5419 ostia.
1011 5361 1306 5433 Hucusque
1331 5362 1544 5426 venies,
1574 5367 1765 5415 etnon

154 5457 442 5532 procedes
485 5456 763 5527 amplius,
813 5467 868 5512 et
909 5457 998 5512 hic
1036 5455 1348 5527 confringes
1373 5462 1648 5510 tumentes
1667 5451 1769 5508 ilu-

157 5560 291 5610 ctus
320 5561 462 5606 tuos.
506 5549 804 5616 Terminis,
842 5548 1017 5619 inquit
1036 5549 1206 5617 Deus,
1227 5545 1605 5605 mandatorum
1630 5560 1773 5601 meo-

159 5659 319 5713 rum,
350 5659 404 5715 pt
420 5641 673 5698 indictum
695 5656 847 5697 mare
871 5642 1010 5697 intra
1031 5641 1190 5696 unius
1218 5639 1339 5696 ﬁdei
1365 5637 1770 5695 confessionem

160 5735 504 5805 congregavi
531 5743 698 5804 atque
729 5732 1006 5801 conclusi,
1038 5743 1090 5787 et
1120 5731 1189 5787 ad
1220 5727 1665 5786 condensandnm
1693 5744 1773 5795 se,

163 5827 549 5889 fortissimum
597 5824 679 5881 illi
720 5834 935 5881 vectem
987 5823 1265 5882 cltaritatis
1315 5822 1587 5895 opposui,
1637 5820 1774 5878 ostia

1859 3302 1930 3360 de
1960 3305 2101 3359 cmlo
2131 3303 2492 3375 resplendens
2513 3302 2599 3359 his
2619 3305 2708 3374 qui
2740 3304 3006 3361 sedebant
3045 3306 3097 3361 in
3132 3308 3375 3364 tenebris
3403 3319 3458 3364 ct

1860 3396 2051 3452 umbra
2077 3397 2265 3452 mortis
2290 3396 3027 3469 :quematltttodnmergout,
3046 3397 3171 3469 Joh,
3206 3409 3326 3468 post
3356 3400 3456 3455 iui-

1862 3488 1996 3544 tium
2027 3497 2176 3544 tuum
2202 3489 2508 3561 praecipere
2532 3506 2641 3545 non
2676 3491 2900 3559 potuisti
2924 3492 3147 3546 aeternis
3168 3533 3183 3557 ,
3215 3504 3276 3547 ut
3300 3510 3455 3548 utun-

1859 3581 1935 3639 do
1955 3581 2007 3639 iu
2035 3597 2291 3638 errorum
2321 3581 2566 3637 tenebris
2603 3582 2901 3637 constituto
2933 3594 3083 3638 esset
3110 3583 3411 3639 diluculum
3440 3603 3451 3641 :

1858 3674 1937 3730 ita
1968 3688 2072 3730 nec
2097 3683 2220 3744 post
2249 3675 2441 3729 mortis
2470 3689 2725 3730 occasum
2754 3674 2873 3745 ejus
2894 3717 2908 3739 ,
2945 3676 3367 3733 resurrectionis
3402 3691 3451 3732 cl

1860 3766 2038 3823 locum
2089 3766 2281 3837 gloria:
2310 3767 2430 3838 ejus
2483 3767 2534 3822 in
2576 3766 2775 3823 dextra
2824 3767 3002 3823 Patris
3041 3769 3125 3824 sui
3166 3770 3453 3827 ostendero

1860 3860 2121 3931 potuisti,
2155 3874 2315 3931 quem
2345 3868 2467 3931 post
2506 3869 2743 3917 mortem
2781 3876 2942 3932 quam
2975 3871 3170 3931 Sponte
3196 3878 3453 3936 suscepe-

1859 3963 1968 4022 rat,
2000 3953 2067 4009 ad
2100 3968 2186 4009 me
2214 3954 2413 4009 iterum
2445 3955 2718 4011 revocavi.
2761 3956 2913 4013 Sicut
2940 3955 3057 4025 ipse
3079 3957 3344 4015 Dominus
3368 3960 3459 4014 Je-

1860 4063 1957 4105 sus
1984 4049 2061 4104 ait
2082 4049 2135 4104 itt
2162 4047 2497 4120 Evangelio:
2534 4049 2596 4106 Si
2619 4065 2743 4122 ergo
2770 4048 3003 4107 videritis
3032 4051 3201 4122 ﬁlium
3234 4054 3457 4110 hominis

1861 4142 2223 4197 ascendentem
2245 4142 2336 4197 ubi
2361 4151 2470 4198 erat
2495 4143 2659 4215 prius.

1935 4232 2004 4289 Et
2052 4236 2264 4290 tenuisti
2299 4236 2599 4291 concutiens
2638 4245 2865 4292 extrema
2892 4246 3072 4304 terra,
3110 4249 3162 4294 et
3186 4242 3461 4298 excussisti

1861 4329 2049 4399 impios
2095 4346 2161 4386 ea:
2201 4331 2299 4386 ea?
2336 4328 2525 4388 Potest
2555 4329 2673 4387 haec
2716 4338 2858 4388 terra
2901 4333 3144 4390 Ecclesia
3187 4336 3454 4409 intelligi:

1861 4421 1933 4478 de
1970 4422 2125 4493 cujus
2171 4422 2546 4480 fundamentis
2591 4423 2854 4481 Dominus
2895 4426 3147 4496 superius
3190 4427 3350 4496 dixit,
3388 4430 3459 4487 de

1865 4530 1970 4587 qua
2009 4514 2061 4570 in
2093 4515 2354 4572 extremis
2387 4525 2550 4571 terrae
2574 4557 2588 4582 ,
2619 4515 2674 4571 id
2705 4524 2824 4584 est,
2853 4515 2910 4572 in
2939 4518 3237 4574 novissimo
3256 4523 3457 4577 saeculo

1868 4607 2179 4666 excutiendi
2220 4616 2352 4664 sunt
2388 4620 2739 4680 peccatores;
2778 4610 2854 4665 ita
2900 4610 3016 4681 ipse
3049 4611 3310 4670 Dominus
3337 4617 3413 4671 ait
3443 4634 3455 4671 :

1864 4699 2002 4756 Ecce
2030 4700 2287 4757 mandabo
2305 4745 2323 4771 ,
2363 4714 2410 4755 et
2440 4702 2735 4756 concutiant
2765 4702 2819 4756 in
2847 4702 3085 4759 omnibus
3106 4706 3344 4775 gentibus
3364 4709 3460 4763 do-

1867 4810 2007 4849 mum
2032 4791 2239 4863 Israel,
2286 4792 2420 4848 sicut
2443 4795 2736 4849 concutitur
2764 4795 2995 4851 triticum
3017 4796 3074 4852 in
3099 4797 3287 4853 cribro.
3315 4798 3459 4856 Deus

1866 4902 2002 4959 ergo
2044 4886 2136 4959 qui
2185 4886 2484 4943 secundum
2526 4886 2847 4957 prophetam
2897 4903 3119 4944 mensus
3164 4900 3249 4945 est
3288 4906 3458 4961 aquas

1868 4982 2098 5054 pugillo,
2130 4991 2187 5037 et
2210 4982 2378 5038 caelos
2405 4980 2582 5050 palmo
2610 4981 2932 5051 ponderavit
2955 5027 2969 5049 ,
3010 4993 3059 5036 et
3090 4983 3262 5038 tribus
3283 4984 3464 5055 digitis

1866 5082 2070 5131 terram
2094 5073 2380 5145 appendit,
2407 5074 2524 5144 ipse
2552 5089 2649 5143 pro
2673 5071 3048 5144 magnitudine
3078 5082 3310 5145 utraque
3339 5092 3457 5130 tua-

1867 5183 1941 5224 nu
1974 5177 2167 5224 tenens
2194 5166 2467 5238 margines
2502 5177 2681 5235 terrm,
2710 5165 2865 5237 quasi
2891 5166 3131 5222 cribrum
3167 5165 3273 5223 huc
3297 5178 3461 5240 atque

1870 5262 1998 5318 illuc
2035 5262 2309 5327 concutit,
2353 5259 2470 5316 sive
2511 5259 2718 5316 excutit
2752 5270 3023 5331 tamquam
3050 5260 3457 5330 vetitimentum,

1870 5365 1935 5413 ut
1979 5353 2176 5426 impios
2221 5355 2375 5410 velut
2406 5354 2634 5424 paleas,
2668 5361 2726 5409 et
2753 5353 2939 5408 lolium
2986 5353 3224 5408 excutiat
3265 5368 3294 5408 a
3344 5353 3459 5410 fru-

1871 5456 2058 5504 mento
2079 5446 2374 5517 justorum.
2416 5443 2655 5502 Proinde
2681 5444 2798 5499 haec
2826 5444 3009 5500 omnia
3038 5446 3318 5513 Oper-antis
3355 5465 3463 5502 non

1871 5541 2051 5598 solum
2100 5537 2365 5594 fortitudo
2388 5578 2404 5604 ,
2449 5552 2639 5593 verum
2687 5546 2743 5592 et
2767 5537 2981 5607 justitia
3011 5537 3373 5607 demonstrat,
3406 5552 3465 5596 et

1875 5631 2001 5688 inde
2027 5640 2133 5692 cst,
2164 5628 2308 5700 quod
2338 5637 2533 5709 sancto
2558 5627 2663 5684 Job
2688 5627 2952 5683 Dominus
2976 5643 3100 5684 cmn
3130 5629 3464 5702 increpatio

1878 5738 1949 5780 ne
1990 5722 2270 5792 loquitur:
2323 5735 2492 5790 quare
2534 5717 2735 5774 dixerit
2779 5719 3055 5775 innocenti
3101 5720 3205 5779 sibi
3248 5738 3464 5793 pinnam

1879 5819 2169 5876 acerrima:
2214 5815 2536 5873 tentationis
2584 5813 2810 5870 illatam.
2869 5814 3185 5872 Secundum
3216 5820 3480 5875 tnui-alunt
