4026 6302
576 281 676 338 751

1289 297 1295 304 ·
1347 266 1694 329 ΛΡΡΕΝΒΙΧ
1731 268 1824 326 AD
1863 264 2108 325 TOMUM
2150 259 2505 323 SEPTIMUM
2546 261 2605 321 S.
2650 257 3085 319 lllERONYMI.‘

3765 249 3858 308 759.

578 409 713 452 vero
741 406 962 450 sensum
994 387 1363 459 intelligentiae
1405 386 1510 440 loci
1540 385 1734 455 hujus,
1769 391 1827 439 ut
1853 382 2066 438 aestimo
2096 379 2173 434 fa-
2201 378 2529 440 Aorientur
2575 376 2628 432 in
2686 384 2758 433 te.
2821 377 2892 432 Et
2939 378 3160 445 peccata
3213 365 3508 440 aliquando
3547 364 3856 459 vestimenta

585 490 744 545 cilior
774 487 980 549 exitus,
1009 491 1068 537 ut
1095 495 1292 536 terram
1325 480 1762 549 interpretemur
1793 483 2039 530 naturam
2073 472 2174 527 hu-

585 597 742 639 mana
755 597 803 635 m
831 621 846 647 ,
877 578 999 649 quia
1039 576 1108 631 ab
1134 575 1301 630 lmmo
1324 574 1487 630 homo
1515 573 1694 629 dictus
1717 580 1823 640 est,
1849 580 1904 626 et
1930 578 2172 625 extrema

582 676 711 742 sint,
744 681 1056 727 sanctorum
1085 669 1193 722 vita
1213 709 1227 735 ,
1256 670 1382 739 quia
1407 668 1460 722 in
1494 682 1661 722 carne
1690 664 1882 735 positi,
1917 664 2036 718 sine
2058 677 2176 718 car-

584 767 797 822 nalibus
827 763 1102 820 illecebris
1131 763 1338 817 vivunt.
1383 762 1451 816 Et
1483 761 1612 817 ideo
1644 761 1699 816 in
1727 758 1988 815 extremis
2018 766 2178 814 terra:

582 859 871 914 dicuntur:
905 855 974 912 de
999 854 1234 912 terrenis
1265 854 1478 910 actibus
1508 863 1736 919 euntes,
1767 866 1875 906 non
1906 851 1960 906 in
1998 848 2180 905 medio

583 963 856 1024 tamquam
892 951 944 1006 in
975 960 1090 1006 tota
1119 964 1287 1005 carne
1321 949 1596 1004 viventes.
1654 947 1784 1002 Haec
1812 945 1980 1016 igitur
2003 953 2183 1000 extre-

582 1061 693 1115 ma,
721 1045 842 1100 sive
875 1043 1008 1099 ﬁnes
1036 1051 1202 1098 terrae
1230 1041 1284 1095 in
1317 1055 1481 1096 manu
1510 1039 1725 1096 Domini
1757 1045 1918 1103 sunt,
1945 1037 2087 1091 sicut
2109 1033 2186 1088 ait

585 1138 850 1210 propheta
875 1154 888 1192 :
918 1137 1056 1203 Quia
1080 1136 1132 1190 in
1160 1151 1320 1189 manu
1349 1135 1466 1207 ejus
1493 1142 1616 1189 sunt
1648 1147 1823 1186 omnes
1849 1131 1977 1200 ﬁnes
1999 1136 2184 1183 teme:

581 1248 721 1304 quos
746 1231 837 1287 hic
867 1231 947 1286 ait
977 1230 1243 1286 Dominus
1265 1243 1327 1284 se
1356 1235 1550 1283 tenere
1575 1235 1739 1296 atque
1758 1231 2054 1280 concutere
2076 1263 2092 1289 ,
2129 1228 2188 1275 ut

586 1336 826 1384 tremant
854 1340 883 1379 a
913 1323 1053 1380 facie
1078 1322 1197 1394 ejus
1216 1364 1231 1391 ,
1277 1322 1419 1377 sicut
1445 1319 1513 1376 de
1545 1334 1610 1375 eo
1636 1317 1904 1391 propheta
1928 1315 2007 1371 ait
2033 1330 2046 1368 :
2086 1311 2189 1380 Qui

586 1423 797 1495 respicit
824 1431 1014 1475 terrant
1039 1461 1054 1486 ,
1086 1427 1132 1472 et
1159 1418 1285 1488 facit
1316 1433 1425 1472 eam
1454 1425 1687 1470 tremere.
1741 1413 1808 1467 Et
1842 1411 1916 1466 ita
1945 1408 2014 1464 de
2042 1416 2189 1463 terra

590 1532 782 1574 eorum
815 1513 1026 1569 excutit
1051 1511 1272 1582 impios,
1306 1524 1447 1580 quos
1473 1507 1659 1579 utique
1684 1501 2053 1561 exsecrandos
2075 1514 2192 1555 mo-

593 1626 687 1667 res
717 1607 1071 1677 intelligimus
1110 1604 1389 1659 vitiorum.
1439 1601 1665 1657 Excutit
1699 1614 1834 1670 ergo
1873 1596 2137 1652 Dominus
2161 1609 2193 1649 a

595 1704 804 1761 sanctis
829 1701 941 1758 suis
973 1699 1134 1770 hujus
1161 1696 1348 1754 mundi
1371 1695 1599 1766 impios,
1632 1692 1848 1764 quando
1873 1705 1969 1746 eos
1995 1689 2064 1744 ab
2087 1688 2194 1744 illis

2281 477 2678 540 nuncupantur,
2721 477 2781 523 ut
2818 466 3111 523 Zacharias
3152 463 3418 535 propheta
3459 461 3574 515 ait:
3628 457 3695 512 Et
3721 456 3858 512 Iesus

2280 576 2388 620 erat
2433 564 2650 617 indutus
2691 561 3006 616 vestimentis
3051 558 3300 613 sordidis.
3363 555 3519 612 Dixit
3545 555 3767 627 angelus
3792 556 3850 610 ad

2280 671 2376 713 eos
2407 656 2497 726 qui
2527 655 2747 710 stabant
2772 669 2958 710 coram
2983 668 3065 720 se,
3097 651 3287 708 dicens
3315 650 3564 720 :Auferte
3586 650 3862 704 vestimenta

2281 749 2500 805 sordida
2522 749 2586 802 ab
2614 764 2676 802 eo
2700 763 2718 802 :
2745 747 2880 801 dixit
2909 746 2978 799 ad
3007 759 3160 799 eum:
3183 743 3314 798 Ecce
3337 741 3535 796 abstuli
3558 740 3862 811 iniquitatem

2284 852 2446 898 tuam.
2486 841 2660 911 Supra
2686 839 2923 896 diximus
2947 838 3330 894 vestimentum
3359 849 3481 892 esse
3517 833 3746 904 gloriam
3772 834 3864 889 im-

2285 933 2660 1000 mortalitatis,
2691 932 2848 1003 cujus
2880 931 3002 987 luce
3027 945 3149 1002 quae
3174 944 3468 1001 numquam
3498 926 3716 984 deﬁciet
3743 968 3757 994 ,
3784 929 3868 983 ho-

2287 1042 2378 1084 mo
2419 1035 2504 1083 est
2547 1025 2889 1082 mternaliter
2932 1022 3267 1080 vestiendus.
3311 1021 3421 1079 Alii
3457 1023 3785 1093 interpretes
3807 1021 3871 1078 ita

2289 1125 2550 1182 dixerunt
2583 1145 2595 1180 :
2631 1123 2698 1179 Et
2728 1133 2785 1179 tu
2814 1141 3019 1180 sumens
3044 1132 3194 1179 terra:
3223 1124 3409 1191 lutum,
3444 1124 3686 1196 ﬁgurasti
3709 1122 3870 1178 homi-

2293 1234 2410 1274 nem
2437 1259 2452 1284 ,
2499 1224 2547 1272 et
2577 1217 2838 1287 famosum
2865 1233 2982 1273 eum
3013 1217 3233 1289 posuisti
3252 1232 3407 1289 super
3437 1225 3628 1271 terram
3653 1233 3672 1271 :
3698 1217 3748 1272 id
3778 1226 3872 1287 est,

2292 1312 2563 1368 creaturis
2587 1310 2842 1366 omnibus
2870 1313 3340 1381 prmeminentcm.
3392 1311 3530 1366 Dum
3557 1309 3675 1366 haec
3704 1311 3879 1368 Domi-

2295 1421 2397 1462 nus
2427 1407 2495 1462 ad
2522 1406 2628 1462 Job
2657 1405 2924 1477 loquitur,
2976 1406 3334 1462 vehementer
3359 1405 3628 1476 arguitur.
3679 1404 3878 1462 Secun-

2295 1499 2423 1555 dum
2452 1509 2634 1555 autem
2667 1501 2930 1570 mysticos
2963 1498 3671 1567 intellectus,obumbrante
3690 1498 3884 1570 Spiritu

2297 1604 2486 1651 sancto
2514 1637 2528 1662 ,
2562 1594 2826 1666 ﬁguratus
2870 1603 2952 1650 est
2980 1594 3146 1650 homo
3175 1595 3334 1650 Jesus
3367 1591 3621 1649 Christus
3651 1593 3722 1650 de
3753 1602 3884 1650 terra

2296 1687 2479 1744 Mariae
2508 1687 2756 1758 virginis.
2807 1687 2908 1742 llic
2945 1685 3109 1758 igitur
3145 1685 3310 1741 homo
3337 1683 3406 1742 de
3440 1685 3554 1740 luto
3584 1684 3766 1742 carnis
3793 1684 3886 1740 hu-

593 1796 910 1869 puriﬁcatos
940 1791 1227 1849 constituit
1270 1789 1615 1843 innocentes.
1663 1786 1738 1840 De
1769 1783 1971 1839 talibus
2013 1779 2196 1850 impiis
2226 1773 2276 1835 B
2300 1798 2477 1839 mana:
2522 1790 2840 1852 assumptus
2878 1789 2984 1838 est.
3025 1781 3222 1836 Lutum
3256 1781 3363 1838 hoc
3389 1781 3512 1838 loco
3538 1796 3647 1838 non
3678 1793 3886 1853 propter

596 1901 653 1947 et
695 1885 1076 1960 peccatoribus
1115 1881 1380 1954 prepheta
1411 1879 1672 1935 dicebat:
1712 1875 1781 1930 In
1805 1875 2064 1930 matutino
2089 1913 2104 1942 ,
2135 1871 2189 1928 id

592 1993 677 2039 est
700 2022 716 2047 ,
747 1982 800 2035 in
828 1975 1140 2049 cognitione
1169 1973 1416 2029 scientias
1453 1971 1582 2038 Dei,
1615 1968 1741 2024 ﬁdei
1772 1969 1824 2023 in
1853 1982 1941 2022 me
1968 1965 2191 2021 lucerna

592 2082 878 2139 nascente,
901 2067 1276 2138 interﬁciebam
1289 2082 1463 2120 omnes
1485 2071 1781 2136 peccatores
1810 2069 1984 2125 terrai,
2005 2067 2061 2113 ut
2086 2057 2194 2112 dis-

593 2169 862 2243 perderem
898 2167 963 2222 de
1001 2165 1206 2220 ciuitate
1243 2160 1461 2216 Domini
1509 2176 1527 2214 :
1567 2157 1812 2228 qualibet
1849 2155 2039 2225 utique
2079 2152 2196 2206 ani-

597 2279 686 2320 ma
733 2269 923 2318 sancta
950 2303 964 2328 ,
998 2271 1192 2313 omnes
1230 2262 1523 2326 operantes
1574 2248 1936 2320 iniquitatem.
1982 2245 2110 2300 Sive
2142 2246 2197 2297 in

596 2355 896 2412 novissimo
929 2350 1142 2409 tenebit
1169 2350 1318 2404 Deus
1339 2345 1625 2412 mundum,
1654 2342 1809 2414 quasi
1837 2355 1985 2397 reum
2021 2337 2085 2393 ad
2111 2336 2200 2407 ju-

599 2448 800 2504 dicium
831 2459 1013 2510 suum,
1043 2457 1152 2514 quo
1166 2450 1413 2511 tempore
1431 2444 1686 2494 extrema
1712 2434 1871 2490 etiam
1902 2440 2197 2495 terrarum,

601 2541 954 2598 conscientim
992 2547 1228 2592 tremore
1256 2534 1595 2606 quatientur,
1628 2529 1718 2585 ubi
1756 2525 2010 2582 minimos
2038 2537 2202 2595 quos-

602 2652 710 2708 que
758 2635 810 2690 in
841 2634 1100 2689 extremis
1131 2639 1292 2685 teme
1319 2627 1626 2698 intelligere
1657 2636 1944 2694 possumus
1970 2662 1984 2686 ,
2027 2617 2120 2688 qui
2149 2623 2204 2672 et

602 2728 707 2800 ipsi
755 2727 904 2797 justo
928 2723 1139 2795 judicio
1169 2721 1262 2776 Dei
1286 2761 1300 2786 ,
1343 2729 1407 2775 ut
1451 2716 1669 2790 superbi
1701 2725 1755 2771 et
1784 2713 1933 2783 impii
1959 2710 2027 2766 de
2058 2717 2205 2765 terra

602 2828 1014 2875 mansuetorum
1070 2812 1382 2870 excutiendi
1438 2820 1587 2866 Sunt.
1646 2808 1796 2862 Beati
1846 2805 1990 2862 enim
2023 2803 2203 2870 mites,

603 2913 854 2986 quoniam
883 2909 980 2982 ipsi
1005 2907 1343 2980 possidebunt
1370 2914 1581 2960 terram.

677 3007 1001 3062 Restituetur
1025 3013 1079 3058 ut
1103 3001 1275 3057 lutum
1303 3000 1666 3072 signaculum,
1700 3005 1747 3052 et
1774 2993 1928 3050 stabit
1954 2992 2086 3047 sicut
2119 3007 2204 3045 ve-

611 3099 926 3153 stimentum.
968 3095 1319 3167 Signaculum
1345 3093 1527 3157 istud,
1569 3091 1748 3145 anima
1790 3088 2026 3142 hominis
2051 3083 2213 3140 intel-

2295 1875 2564 1931 vilitatem
2617 1875 2855 1930 nominis
2899 1873 3109 1930 dictum
3155 1873 3502 1940 noverimus,
3545 1873 3643 1931 sed
3673 1884 3889 1948 propter

2296 1969 2472 2040 ipsam
2503 1969 2814 2035 materiam,
2861 1967 2930 2024 de
2953 1984 3059 2040 qua
3101 1979 3354 2040 sumptus
3379 1980 3462 2026 est
3483 1967 3776 2026 Christus:
3810 1985 3893 2026 νει

2300 2064 2395 2118 luti
2425 2063 2596 2119 Adam
2627 2063 2682 2118 in
2707 2062 3007 2134 principio,
3051 2063 3143 2134 qui
3171 2062 3240 2118 de
3264 2063 3396 2118 limo
3422 2072 3583 2120 terra:
3611 2065 3894 2134 plasmatus

2301 2164 2408 2211 est.
2450 2155 2517 2210 Et
2563 2156 2704 2211 sicut
2745 2155 2836 2211 ille
2883 2171 2980 2226 per
3022 2172 3188 2210 unum
3222 2155 3408 2212 existit
3435 2157 3506 2213 de
3543 2157 3672 2212 sinu
3705 2169 3891 2214 terrm:

2303 2253 2375 2309 ita
2425 2262 2478 2308 et
2523 2252 2612 2308 hic
2659 2267 2758 2323 per
2789 2268 2955 2307 unum
2996 2262 3272 2309 creantem
3318 2267 3413 2321 se,
3451 2252 3722 2309 formatus
3741 2263 3822 2310 est
3849 2251 3894 2307 in

2302 2353 2461 2401 utero
2511 2346 2724 2401 matris.
2763 2345 2834 2401 Et
2862 2348 2936 2402 ita
2964 2345 3208 2402 famosus
3236 2353 3324 2403 est
3357 2361 3524 2418 super
3551 2361 3768 2403 omnem
3800 2356 3896 2402 ter-

2304 2456 2423 2498 ram
2455 2459 2468 2496 :
2493 2441 2638 2498 unde
2681 2439 2794 2512 jam
2824 2455 2855 2496 a
2885 2439 3018 2496 solis
3048 2448 3173 2497 ortu
3209 2455 3385 2511 usque
3410 2439 3479 2496 ad
3509 2453 3764 2498 occasum
3794 2442 3897 2496 lane

2306 2536 2468 2594 detur
2499 2552 2700 2594 nomen
2733 2536 2968 2593 Domini.

2379 2631 2659 2702 Auferetur
2687 2629 2749 2684 ab
2790 2631 2963 2701 impiis
2984 2629 3078 2686 tua:
3100 2647 3217 2699 sua,
3251 2636 3300 2686 et
3331 2628 3605 2685 brachium
3626 2628 3882 2686 excelsum

2311 2726 2694 2797 confringetur.
2724 2724 2841 2781 Lux
2871 2725 3163 2797 impiorum
3193 2735 3279 2781 est
3309 2724 3470 2796 hujus
3491 2724 3683 2780 mundi
3711 2724 3892 2796 gloria,

2311 2829 2365 2875 et
2395 2818 2662 2887 felicitas,
2697 2834 2819 2890 qua:
2845 2817 3051 2874 mundo
3088 2826 3459 2889 prmtereunte
3494 2817 3777 2882 transibit,
3803 2817 3900 2870 sic-

2315 2917 2375 2966 ut
2414 2919 2472 2966 et
2508 2909 2773 2966 Salomon
2805 2909 2886 2965 ait
2918 2927 2931 2965 :
2963 2909 3162 2965 Lumen
3193 2910 3474 2983 impiorum
3515 2911 3896 2981 exstinguetur:

2314 3011 2367 3058 et
2419 3017 2612 3058 eorum
2662 3003 2838 3058 virtus
2868 3010 2923 3058 et
2955 3001 3198 3072 potentia
3225 3045 3240 3072 ,
3299 3016 3422 3072 qua:
3453 2999 3663 3058 brachii
3695 2999 3901 3056 nomine

2314 3095 2458 3150 dicta
2489 3102 2638 3163 sunt,
2667 3094 2815 3150 illico
2841 3103 3226 3151 conterentur.

613 3193 820 3264 ligitur,
869 3206 990 3262 qua:
1038 3189 1106 3244 ad
1157 3188 1450 3258 imaginem
1496 3183 1592 3239 Dei
1619 3182 1760 3237 facta
1788 3189 1893 3235 est.
1937 3179 2206 3248 Expressa

2392 3189 2667 3262 Numquid
2691 3191 2958 3262 ingressus
2977 3207 3030 3246 es
3055 3190 3380 3262 profundum
3409 3190 3591 3259 maris,
3647 3197 3696 3244 et
3741 3189 3795 3243 in
3816 3204 3901 3243 no-

612 3295 698 3342 est
728 3285 781 3340 in
813 3299 876 3340 ea
903 3281 1202 3341 similitudo
1231 3277 1491 3335 bonitatis
1522 3277 1638 3342 Dei,
1667 3273 2018 3342 omniumque
2042 3270 2213 3324 virtu-

613 3389 727 3436 tum
773 3378 964 3435 decus.
1025 3377 1143 3432 lloc
1185 3375 1350 3446 igitur
1387 3368 1728 3442 signaculum
1752 3364 2006 3436 imaginis
2032 3365 2125 3419 Dei
2159 3371 2215 3419 et

611 3473 1011 3538 similitudinis,
1046 3485 1143 3542 per
1174 3467 1302 3524 Adae
1335 3473 1616 3536 peccatum
1646 3465 1886 3516 attritum
1911 3459 2088 3515 fuerat
2113 3503 2127 3527 ,
2160 3465 2215 3512 et

614 3569 986 3626 oblitteratum
1012 3606 1027 3632 ,
1078 3571 1138 3617 et
1176 3575 1397 3617 rursum
1451 3573 1550 3628 per
1573 3553 1852 3612 Christum
1879 3554 2076 3609 iterata
2109 3551 2214 3606 im-

611 3663 902 3735 pressione
948 3656 1286 3713 restituetur.
1328 3651 1487 3719 Quod
1532 3648 1873 3719 signaculum
1915 3661 2060 3702 nunc
2089 3643 2214 3716 qui-

615 3758 743 3811 dem
790 3767 886 3824 per
918 3750 1078 3805 ﬁdem
1106 3789 1121 3816 ,
1172 3753 1229 3803 et
1257 3745 1512 3817 baptismi
1542 3743 1774 3815 gratiam
1814 3750 2130 3807 renovatur,
2163 3746 2220 3794 et

619 3849 728 3902 vita
771 3844 1039 3910 meliore,
1091 3840 1259 3896 menti
1305 3838 1668 3908 insculpetur.
1713 3834 1821 3892 Sed
1869 3834 1922 3890 in
1970 3847 2220 3889 resurre-

621 3940 804 3994 ctione
833 3944 1009 3991 totum
1036 3931 1353 3990 omnimodo
1382 3929 1805 3994 restaurabitur,
1835 3927 2053 3999 quando
2081 3927 2222 3982 sicut

626 4027 847 4083 humani
879 4025 1130 4096 corporis
1150 4025 1320 4081 lutum
1345 4025 1398 4080 in
1419 4022 1828 4093 incorruptione
1856 4019 2217 4091 reparabitur,

626 4123 700 4178 ita
727 4130 780 4178 et
808 4122 986 4177 anima
1015 4135 1136 4175 cum
1183 4135 1249 4176 eo
1291 4119 1496 4191 pariter
1536 4117 1862 4173 vestimento
1904 4112 2224 4168 immortali-

627 4217 777 4284 tatis,
828 4215 976 4271 velut
1019 4213 1158 4270 stola
1206 4213 1395 4286 gloriae
1429 4212 1714 4268 vesﬁetur.
1769 4208 1842 4265 Ut
1871 4205 2224 4278 quemadmo-

627 4311 756 4368 dum
801 4311 919 4380 ipsa
961 4307 1133 4378 gloria
1162 4347 1175 4371 ,
1222 4315 1276 4362 et
1325 4303 1662 4374 ineorruptio
1693 4299 2136 4361 immortalitatis,
2171 4295 2223 4352 id

627 4411 714 4458 est
737 4443 750 4468 ,
776 4399 1033 4456 Christus
1059 4405 1247 4454 manet
1271 4395 1323 4451 in
1349 4405 1650 4451 aeternum:
1687 4393 1760 4448 ita
1783 4401 1840 4448 et
1861 4392 1907 4447 is
1935 4390 2027 4461 qui
2053 4405 2113 4444 ea
2143 4389 2225 4444 in-

630 4497 792 4552 dutus
822 4495 1008 4562 fuerit,
1043 4494 1315 4564 gloriosus
1346 4493 1462 4547 sine
1497 4490 1603 4546 ﬁne
1639 4495 1976 4560 permaneat.
2013 4486 2088 4540 De
2115 4500 2222 4556 quo

2314 3285 2536 3340 vissimis
2558 3285 2729 3357 abyssi
2752 3285 3121 3340 deambulasti.
3142 3283 3554 3340 Providentiam
3583 3298 3735 3339 suam
3767 3283 3902 3338 Deus

2316 3394 2423 3450 qua
2451 3386 2650 3434 cuncta
2673 3379 2959 3449 dispensat
2997 3387 3051 3434 et
3076 3378 3258 3449 regit,
3303 3378 3356 3432 in
3407 3375 3495 3431 his
3544 3375 3691 3432 locis
3737 3376 3898 3430 multo

2318 3471 2660 3542 copiosaque
2682 3485 2945 3527 sermone
2969 3469 3266 3542 signiﬁcat.
3293 3469 3451 3527 Unde
3479 3470 3553 3524 ait
3583 3469 3651 3524 ad
3673 3469 3780 3524 Job
3806 3486 3820 3521 :
3851 3469 3900 3523 Si

2319 3574 2476 3635 potes
2501 3564 2701 3634 ubique
2732 3579 2878 3631 esse,
2907 3572 2963 3620 et
2987 3578 3153 3620 nosse
3179 3562 3364 3618 omnia
3388 3577 3511 3633 qua:
3536 3570 3725 3618 creata
3747 3569 3898 3616 sunt:

2320 3666 2374 3713 et
2400 3657 2445 3712 si
2488 3656 2707 3712 abditos
2741 3666 3016 3714 terrarum
3044 3657 3198 3712 sinus
3228 3663 3523 3726 penetrare
3553 3653 3814 3726 potuisti,
3867 3650 3906 3706 si

2321 3749 2489 3806 etiam
2525 3749 2795 3820 profunda
2825 3749 3019 3817 maris,
3044 3758 3100 3806 et
3131 3749 3430 3806 novissima
3459 3748 3582 3819 ejus
3630 3758 3795 3820 atque
3823 3763 3908 3802 ex-

2322 3851 2498 3899 trema
2526 3843 2708 3914 abyssi
2741 3853 3070 3914 pervagatus
3092 3857 3172 3900 es.
3200 3841 3284 3898 Ad
3328 3842 3765 3914 increpationem
3789 3854 3908 3911 ergo

2320 3935 2424 3992 Joh
2445 3936 2546 3991 ista
2575 3925 2855 3991 dicuntur.
2884 3933 3102 3991 Ubialii
3155 3934 3416 3991 dixerunt
3449 3950 3462 3988 :
3512 3933 3788 4004 Numquid
3840 3933 3908 3984 iu-

2323 4046 2530 4102 gressus
2552 4046 2605 4085 es
2649 4031 2843 4100 fontem
2887 4029 3084 4084 maris?
3132 4029 3349 4085 initium
3408 4037 3574 4100 atque
3624 4027 3906 4099 originem,

2326 4122 2470 4178 unde
2496 4125 2675 4192 ipsum
2705 4138 2878 4191 mare,
2903 4123 3056 4193 quasi
3083 4121 3152 4178 de
3183 4122 3432 4190 matrice,
3456 4121 3527 4180 de
3549 4122 3688 4178 mari
3703 4122 3910 4178 Oceano

2327 4225 2571 4284 emanat,
2607 4216 2798 4273 dicere
2817 4217 3058 4284 videtur,
3091 4215 3235 4288 quod
3259 4215 3460 4271 Oceani
3495 4215 3729 4286 perenni
3758 4227 3910 4270 cursu

2330 4323 2396 4364 ac
2424 4323 2653 4365 recursu
2684 4308 2803 4365 ﬁeri
2836 4309 3114 4376 novimus,
3145 4308 3438 4379 feruntque
3465 4306 3572 4362 hoc
3599 4316 3768 4378 atque
3796 4320 3911 4362 con-

2330 4403 2576 4470 ﬁrmant,
2610 4401 2755 4474 quod
2782 4403 2874 4458 illa
2904 4403 3174 4459 immensa
3223 4401 3418 4458 ell'usio
3471 4401 3640 4458 maris
3695 4400 3911 4464 Oceani,

2328 4511 2428 4567 per
2497 4496 2742 4551 omnium
2795 4497 3082 4568 regionum
3133 4511 3200 4551 ac
3258 4494 3667 4566 provinciarum
3731 4493 3915 4549 ﬂuvios

628 4590 959 4645 vestimento
998 4586 1300 4657 respiciens
1344 4585 1414 4641 ad
1461 4585 1636 4640 lutum
1664 4583 1843 4638 carnis
1888 4597 2022 4648 suae,
2078 4578 2206 4650 Apo-

2332 4549 2482 4645 itura
2511 4604 2622 4645 uno
2647 4549 3144 4660 punctootemporis
3169 4549 3281 4644 ﬁat:
3315 4588 3387 4644 At
3421 4602 3524 4644 nos
3578 4598 3762 4644 tamen
3817 4587 3916 4644 sci-

631 4683 805 4738 stolus
830 4683 906 4736 ait
935 4698 947 4735 :
983 4680 1197 4752 Oportet
1229 4679 1567 4748 corruptibile
1588 4679 1684 4732 hoc
1710 4677 1923 4731 induere
1951 4677 2224 4744 incorrup-

632 4777 819 4831 tionem
846 4815 862 4842 ,
911 4783 958 4831 et
989 4773 1207 4830 mortale
1236 4775 1331 4827 hoc
1349 4764 1566 4828 induere
1596 4769 2058 4825 immortalitatem.
2109 4768 2224 4824 Hoc

629 4877 808 4924 tamen
839 4866 1158 4938 diligentius
1189 4875 1272 4922 est
1296 4865 1638 4931 intuendum,
1673 4863 1814 4931 quod
1846 4863 1897 4917 in
1925 4861 2224 4932 Scripturis

628 4961 854 5018 diverso
901 4960 1183 5016 intellectu
1230 4960 1553 5016 vestimenta
1596 4958 1869 5013 dicuntur.
1916 4954 2226 5011 Vestimen-

628 5066 744 5110 tum
797 5069 926 5125 ergo
954 5053 1250 5125 aliquando
1283 5052 1484 5108 dicitur
1515 5053 1694 5122 ipsum
1726 5066 1925 5122 corpus
1949 5061 2221 5117 nostrum,

626 5164 736 5220 quo
756 5149 935 5204 anima
960 5148 1107 5204 velut
1128 5149 1331 5204 amictu
1353 5147 1720 5203 circumdatur
1746 5165 1759 5201 :
1791 5149 1931 5204 sicut
1962 5151 2224 5221 propheta

627 5243 704 5295 ait
741 5240 810 5295 ad
853 5240 1088 5296 animam
1129 5241 1492 5311 peccatricem
1527 5257 1540 5293 :
1597 5239 1807 5311 Operiet
1853 5241 2098 5312 iniquitas
2135 5252 2225 5297 tua

627 5335 979 5390 vestimentum
1036 5344 1206 5389 tuum.
1275 5335 1407 5388 Item
1463 5333 1790 5389 vestimenta
1847 5342 1976 5388 sunt
2029 5335 2224 5391 animm

625 5427 860 5483 virtutes
882 5468 898 5496 ,
943 5427 1139 5499 quibus
1167 5428 1356 5485 eadem
1392 5429 1572 5483 anima
1603 5428 1954 5499 componitur
1982 5438 2037 5484 et
2063 5445 2226 5484 orna-

626 5528 734 5574 tur.
771 5519 844 5574 De
865 5520 1062 5591 quibus
1090 5521 1357 5592 prepheta
1389 5521 1464 5576 ait
1491 5521 1556 5575 ad
1580 5521 1789 5593 justum
1821 5521 2225 5578 misericordias

629 5620 948 5679 Operantem
975 5631 986 5666 :
1017 5613 1166 5668 Tunc
1193 5623 1425 5687 erumpet
1448 5616 1754 5670 matutinum
1777 5615 1950 5670 lumen
1979 5621 2147 5684 tuum,
2177 5623 2226 5669 et

622 5702 918 5757 vestimenta
962 5715 1050 5757 tua
1094 5707 1195 5759 cito
1222 5707 1491 5761 orientur:
1527 5707 1594 5762 Et
1623 5707 1882 5778 quoniam
1912 5707 2028 5762 hmc
2063 5706 2224 5764 vcsti-

632 5801 812 5846 meuta
839 5793 956 5848 viva
985 5805 1111 5852 sunt
1132 5837 1148 5865 ,
1195 5809 1249 5852 et
1277 5798 1650 5866 rationaliilia,
1678 5814 1785 5856 non
1818 5802 1951 5857 fient
1977 5800 2094 5871 tibi,
2129 5803 2226 5860 sed

2334 4698 2455 4738 mus
2480 4681 2726 4738 omnium
2758 4681 2971 4739 dierum
2995 4697 3059 4739 ac
3081 4683 3322 4738 noctium
3345 4682 3634 4738 alternatis
3655 4680 3919 4739 successi-

2332 4775 2458 4842 bus,
2483 4789 2582 4845 per
2610 4776 2775 4831 horas
2803 4775 2989 4846 viginti
3033 4783 3268 4847 quatuor
3298 4775 3508 4844 venire,
3539 4784 3708 4844 atque
3763 4778 3918 4833 unius

2332 4867 2486 4923 horae
2537 4869 2937 4938 aequinoctialis
2985 4869 3257 4926 dodrante
3303 4869 3674 4940 transmisso,
3721 4870 3920 4927 tardius

2334 4962 2455 5018 sine
2489 4963 2923 5032 intermissione,
2957 4963 3075 5021 sive
3097 4965 3187 5022 die
3215 4967 3406 5022 venire
3431 5010 3444 5037 ,
3478 4967 3599 5024 sive
3619 4974 3809 5034 nocte,
3837 4979 3919 5035 per

2337 5057 2584 5128 quinque
2615 5057 3027 5128 aequinoctiales
3051 5059 3216 5115 horas
3260 5059 3544 5117 rcﬁuitura
3573 5099 3589 5126 ,
3634 5072 3774 5116 astu
3820 5060 3922 5113 via.

2333 5149 2602 5220 lentoque
2635 5150 2865 5222 impetu,
2894 5153 3013 5210 sive
3040 5154 3094 5208 in
3123 5154 3334 5224 opertis
3365 5162 3599 5224 tantum,
3629 5154 3749 5211 sive
3780 5163 3919 5209 retu-

2333 5244 2411 5299 sis
2434 5259 2758 5315 magnorum
2782 5260 3001 5316 quoque
3023 5246 3306 5302 ﬂuminum
3345 5245 3610 5302 cursibus
3651 5245 3723 5302 ad
3768 5258 3923 5316 supr.»

2334 5341 2487 5395 riora
2513 5340 2908 5409 conscendere,
2939 5357 3005 5398 ac
3031 5357 3129 5413 per
3150 5350 3360 5412 septem
3382 5339 3630 5412 ejusdem
3655 5354 3919 5397 mensura

2335 5434 2500 5491 horas
2525 5450 2694 5491 cursu
2723 5437 2885 5507 paulo
2916 5435 3125 5492 leniore
3145 5435 3420 5503 difﬂuere,
3451 5444 3508 5491 et
3537 5434 3596 5491 in
3628 5451 3695 5493 ea
3717 5444 3918 5492 tantum

2328 5542 2451 5598 qua:
2518 5529 2760 5600 quinque
2828 5528 2980 5585 horis
3024 5529 3239 5584 fuerant
3292 5528 3540 5599 suppleta
3573 5569 3589 5595 ,
3673 5541 3918 5585 vacuare.

2329 5620 2572 5678 Proinde
2597 5622 2915 5680 incredibile
2948 5622 3122 5679 videri
3159 5629 3375 5693 potest,
3425 5621 3574 5693 quod
3630 5624 3686 5678 in
3737 5622 3917 5679 eodem

2329 5715 2472 5771 mari
2507 5715 2661 5770 velut
2706 5714 2831 5773 fons
2867 5716 3088 5788 quidam
3137 5725 3403 5772 tantarum
3456 5731 3732 5788 aquarum
3782 5715 3920 5774 ebul-

2331 5808 2449 5878 liat,
2480 5808 2550 5866 de
2573 5807 2732 5880 cujus
2753 5808 3124 5881 profunditate
3145 5818 3201 5866 et
3227 5807 3542 5866 sufﬁciente
3565 5809 3797 5884 abysso,
3837 5809 3922 5865 de-
