4026 6296
102 288 213 343 755

964 286 1436 345 COIIMENTARII
1475 287 1539 345 IN
1579 286 1838 346 LIBRUM
1876 288 2017 346 JOB.
2057 290 2212 348 CAP.
2257 293 2547 351 XXXVIII.

3302 303 3407 357 734

105 405 261 460 linito
286 403 396 461 sibi
424 414 676 477 tempore
703 420 855 477 aqua:
883 404 991 460 ill-.e
1015 405 1067 460 iu
1119 406 1408 476 superficie
1464 404 1694 476 profun-
1730 407 1781 465 Δ
1810 414 1883 459 tes
1909 415 1956 460 te
1983 408 2262 463 timuerunt
2294 427 2309 462 :
2344 411 2436 480 qui
2470 412 2624 467 locus
2653 414 3002 484 expositione
3029 431 3137 471 nun
3172 415 3403 487 indiget,

105 500 328 563 dantur,
377 509 433 554 et
472 515 688 554 rursum
726 508 1070 555 recurrentes
1115 499 1169 554 in
1214 499 1440 555 eosdem
1482 498 1708 569 profun-

105 591 367 647 dissimos
394 591 552 647 sinus
574 591 832 648 decidant
865 611 878 647 :
930 592 1349 663 pr.ecipitesque
1387 591 1698 658 discedant,

103 693 163 740 et
195 699 227 739 a
268 685 381 740 Deo
434 684 541 740 sibi
591 685 891 740 ecustituta
937 686 1054 754 lege
1093 692 1397 754 perpetua,
1454 684 1524 739 ab
1582 684 1707 738 imis

102 792 332 849 semper
358 777 627 832 ebulliant
657 787 819 848 atque
857 778 1056 832 iterum
1087 777 1140 831 in
1167 776 1273 832 ima
1309 777 1624 841 decurrant,
1653 785 1710 831 et

111 871 245 928 inde
279 871 512 926 forsitan
536 869 745 925 dixerit
776 870 919 924 Deus
963 871 1029 924 ad
1071 877 1318 924 sanctum
1366 868 1469 924 Job
1503 867 1711 923 :Num-

103 961 240 1035 quid
273 962 557 1033 ingreSsus
586 975 647 1017 es
673 961 879 1018 fontem
908 961 1116 1016 maris?
1159 960 1428 1029 Quoniam
1458 961 1570 1015 Deo
1597 959 1702 1014 soli

102 1065 241 1110 nota
268 1063 398 1108 sunt
433 1069 556 1123 quae
600 1054 828 1109 creavit.
873 1054 1046 1110 Porro
1086 1055 1385 1109 secundum
1437 1053 1704 1125 mysticos

102 1146 423 1202 intellectus
449 1145 552 1201 hoc
575 1144 781 1202 dixisse
809 1145 984 1200 Deum
1011 1155 1166 1216 puto,
1195 1145 1341 1215 quod
1366 1145 1510 1201 circa
1541 1146 1703 1199 finem

104 1239 303 1295 saeculi
335 1255 434 1309 pro
462 1238 845 1310 redemptione
888 1238 1128 1294 hominis
1177 1237 1243 1292 ad
1292 1237 1501 1294 inferos
1558 1247 1708 1294 esset

103 1333 500 1400 descensurus,
533 1331 623 1386 ubi
652 1347 750 1402 pro
775 1340 1049 1402 potestate
1095 1330 1488 1388 descendentis
1519 1331 1707 1386 deam-

106 1423 335 1479 bulasse
361 1437 486 1479 eum
518 1421 656 1478 dixit
685 1441 697 1476 :
728 1423 867 1491 Quia
895 1423 1240 1492 impossibile
1260 1433 1409 1489 erat,
1441 1433 1500 1477 ut
1548 1423 1706 1494 quasi

103 1531 236 1572 reus
268 1515 481 1586 peccati
529 1514 894 1571 infernalibus
934 1515 1174 1571 vinculis
1224 1525 1526 1572 teneretur.
1587 1514 1708 1586 Ipse

101 1607 253 1665 enim
279 1609 430 1664 solus
460 1607 638 1665 factus
666 1617 772 1677 est,
806 1609 950 1664 sicut
979 1608 1162 1664 homo.
1198 1609 1280 1664 Ad
1311 1623 1558 1680 praesens
1585 1610 1708 1680 qui-

99 1702 231 1756 dem
260 1701 380 1758 sine
408 1701 706 1770 adjutorio,
739 1701 836 1757 sed
869 1710 1050 1758 tamen
1092 1701 1236 1758 inter
1263 1711 1509 1758 mortuos
1540 1702 1702 1758 liber.

1812 498 1940 568 quin
1975 500 2154 567 potius
2185 502 2329 572 quod
2361 501 2595 558 obscure
2624 507 2772 575 prius
2803 506 3008 562 dictum
3053 516 3182 575 est,
3237 523 3404 580 aper-

1813 588 2022 646 tissime
2051 591 2366 648 declaravit.
2404 593 2501 650 Vel
2524 607 2673 653 certe
2699 599 2752 653 in
2781 600 3038 670 passione
3065 601 3190 656 etiu
3223 611 3401 657 morte

1814 682 2045 751 Domini,
2073 685 2186 741 hate
2213 703 2332 757 qnze
2355 687 2633 759 dicuntur,
2669 693 2791 749 luce
2823 705 2951 750 sunt
2974 696 3208 752 clariora
3232 743 3246 766 ,
3309 699 3404 769 qui

1811 775 2046 832 claustra
2078 777 2380 834 inferorum
2408 784 2663 851 aperuit,
2691 794 2746 841 et
2772 796 3086 843 sanctorum
3131 789 3258 845 inde
3287 791 3407 844 ani-

1813 883 1930 922 tnas
1959 868 2231 936 liberavit,
2257 872 2405 942 leges
2434 875 2648 940 tartari,
2693 878 2879 933 exiens
2913 879 3150 945 inferos,
3207 880 3406 947 solvit,

1811 961 2142 1014 sententiam
2178 963 2376 1017 mortis
2409 980 2704 1036 resurgens
2733 969 2947 1025 irritam
2983 972 3111 1028 fecit
3136 1013 3151 1037 ,
3201 973 3408 1042 princi-

1810 1061 1969 1122 patus
1994 1062 2050 1107 et
2077 1063 2378 1122 poteSIates
2409 1066 2734 1126 trementes,
2765 1063 2860 1133 qui
2884 1073 3042 1119 erant
3059 1065 3324 1134 ianitores
3349 1074 3404 1120 et

1811 1149 1972 1210 ostia,
2002 1147 2314 1202 transduxit
2342 1148 2687 1221 fiducialiter,
2721 1153 2836 1208 sive
2860 1156 3035 1224 palam
3065 1157 3406 1228 triumphans

1813 1237 1866 1293 in
1898 1241 2220 1312 semetipso.
2256 1240 2570 1298 Secundum
2614 1246 2880 1316 tropicam
2905 1263 3036 1303 vero
3087 1249 3403 1321 intelligen—

1811 1331 1965 1397 tiam,
1999 1344 2173 1402 porta:
2200 1337 2414 1402 mortis,
2439 1352 2638 1394 sensus
2659 1349 2787 1394 sunt
2819 1342 3021 1407 nostri,
3079 1359 3201 1413 qua:
3233 1355 3406 1415 porta)

1815 1434 1941 1480 tunc
1973 1427 2264 1483 virtutibus
2293 1429 2496 1484 clausae
2519 1441 2686 1499 sunt,
2721 1435 2980 1502 quoniam
3014 1451 3042 1489 a
3081 1436 3225 1491 vitiis
3266 1437 3408 1491 obti-

1813 1526 2033 1584 nentur,
2065 1527 2119 1575 et
2151 1535 2247 1589 per
2276 1535 2371 1577 eas
2403 1537 2550 1578 mors
2587 1525 2799 1594 peccati
2826 1567 2840 1592 ,
2869 1525 2937 1581 ad
2969 1541 3152 1582 arcem
3211 1529 3408 1583 mentis

1815 1615 2140 1687 ingreditur.
2173 1619 2307 1687 Qua:
2347 1620 2485 1675 ostia
2536 1621 2824 1677 tenebrosa
2873 1621 2999 1678 ideo
3038 1623 3404 1694 appellantur,

1813 1712 1938 1780 quia
1970 1712 2024 1766 in
2049 1713 2303 1768 tenebras
2335 1725 2685 1784 peccatorum
2711 1758 2725 1780 ,
2758 1717 2876 1772 sive
2906 1719 3068 1773 etiam
3097 1732 3408 1788 plenarum,

97 1793 264 1861 Ουοά
293 1802 474 1848 amem
504 1792 753 1848 infernus
793 1793 847 1847 ίη
910 1795 1020 1848 imo
1051 1803 1324 1849 lel'ral'llm
1376 1795 1480 1860 εῖῑ,
1535 1793 1703 1848 ³011³8
1736 1797 1783 1857 Β
1813 1802 2020 1858 aditum
2055 1805 2316 1874 pandunt.
2350 1805 2474 1862 Ista:
2507 1808 2690 1879 itaque
2719 1820 2924 1879 portae,
2953 1809 3070 1866 sive
3101 1814 3214 1866 hate
3239 1810 3404 1874 ostia,

99 1888 399 1960 propheta,
435 1886 525 1959 qui
551 1885 863 1956 specialiter
891 1886 1083 1941 habuit
1113 1885 1339 1956 ﬁguram
1375 1886 1696 1953 Salvatoris,

99 1982 154 2036 in
186 1981 442 2036 oratione
475 1994 572 2034 sua
595 1993 763 2049 quam
797 1979 852 2034 in
875 1988 1070 2035 ventre
1093 1979 1264 2048 piscis
1294 1978 1505 2047 effudit,
1532 1979 1702 2035 mani-

97 2074 244 2128 festc
269 2073 642 2136 demonstrat,
665 2086 940 2142 quemque
963 2071 1016 2126 in
1042 2070 1317 2126 infernum
1347 2071 1531 2142 abyssi
1549 2087 1705 2143 aqua:

97 2164 497 2233 eireumluant,
530 2173 582 2219 ct
614 2163 798 2219 multis
825 2163 947 2219 aliis
969 2162 1106 2218 locis
1145 2163 1448 2234 Scriptum
1481 2163 1549 2220 de
1573 2179 1706 2236 qua-

97 2260 257 2315 litate
290 2259 589 2315 inferorum
617 2257 934 2329 quuuntnr.
973 2258 1270 2314 Possumus
1317 2268 1376 2314 et
1422 2259 1704 2315 moraliter

97 2353 249 2410 hunc
279 2352 460 2409 locum
489 2353 566 2408 ita
591 2353 817 2417 sentire,
857 2361 916 2407 ut
940 2351 1067 2422 quia
1108 2367 1259 2407 mare
1300 2367 1399 2423 per
1448 2353 1700 2424 figuram,

102 2449 210 2505 hoc
243 2448 512 2504 sacculum
551 2447 657 2503 dici
709 2446 1004 2502 novimus:
1048 2445 1315 2515 profunda
1361 2447 1482 2517 eius
1526 2463 1698 2518 super

95 2555 296 2598 omnes
322 2540 538 2612 iniquos
564 2550 621 2596 et
645 2548 992 2611 peceatores,
1024 2540 1120 2610 qui
1151 2548 1414 2610 quantum
1441 2539 1577 2596 illud
1618 2539 1701 2596 di-

95 2639 309 2708 ligunt,
342 2646 522 2693 tamen
553 2637 607 2693 iu
638 2637 759 2706 ejus
788 2636 1239 2692 obscurissimam
1274 2637 1700 2708 profunditatem

98 2734 458 2803 demergunt,
487 2741 542 2786 ut
574 2731 798 2786 omnino
826 2746 933 2786 non
963 2731 1184 2786 videant
1209 2731 1395 2788 lumen
1439 2733 1692 2803 Evange-

93 2825 155 2881 lii
192 2837 248 2881 et
279 2825 470 2896 gloria:
486 2824 708 2880 Christi.
741 2823 1047 2880 Novissima
1073 2839 1211 2880 vero
1233 2825 1417 2896 abyssi
1447 2825 1558 2880 sint
1579 2841 1700 2880 om-

93 2934 202 2974 nes
233 2917 387 2988 impii
417 2927 472 2973 et
497 2917 774 2988 sacrilegi,
801 2918 890 2988 qui
918 2918 973 2972 in
1002 2916 1389 2986 profundiorcs
1440 2926 1698 2988 peceato-

93 3027 223 3067 rum
246 3010 500 3067 teuebras
521 3009 940 3077 descendentes,
967 3009 1316 3064 lasciviarum
1338 3010 1507 3064 nimio
1526 3010 1699 3076 ﬂuxu,

96 3102 263 3158 velut
301 3117 568 3174 aquarum
622 3101 975 3158 multitudine
1027 3101 1452 3172 deprimuntur:
1503 3099 1572 3155 ad
1601 3099 1702 3154 hos

1811 1897 2133 1966 aperiuntur
2156 1897 2467 1954 hominibus
2495 1899 2559 1954 ad
2587 1900 2848 1966 salutem,
2881 1915 3004 1956 cum
3027 1901 3224 1957 evictis
3257 1902 3406 1956 vitiis

1812 1998 2085 2059 tamquam
2113 1989 2364 2046 hostibus
2397 1992 2510 2046 suis
2553 1993 2878 2062 expugnatis
2923 2002 3088 2065 atque
3140 1994 3194 2050 in
3226 1996 3403 2065 fugam

1809 2083 2001 2146 versis,
2027 2084 2332 2140 sanctitatis
2349 2099 2441 2139 eas
2470 2085 2764 2141 virtutibus
2793 2085 3046 2142 homines
3063 2089 3401 2159 aperuerint,

1812 2185 1871 2231 ut
1897 2177 2125 2232 audiant
2171 2192 2294 2233 cum
2349 2179 2732 2235 exhortatione
2761 2195 3077 2237 sermonem
3119 2181 3403 2252 prophetae

1806 2273 2040 2330 dicentis
2075 2293 2086 2328 :
2117 2275 2328 2345 Aperite
2355 2275 2481 2330 mihi
2508 2286 2685 2346 portas
2731 2279 2960 2348 justitia:
2986 2322 3000 2346 ,
3049 2279 3307 2350 ingressus
3349 2280 3400 2333 in

1807 2385 1895 2425 eas
1919 2370 2203 2441 conﬁtebor
2233 2369 2482 2425 Domino.
2507 2371 2738 2427 Sanctus
2760 2372 2904 2427 enim
2930 2371 3097 2427 homo
3128 2373 3194 2427 ad
3223 2375 3397 2442 possi-

1807 2463 2042 2520 dendqu
2066 2466 2375 2521 sanctitatis
2409 2465 2774 2520 testimonium
2794 2506 2809 2530 ,
2833 2475 2889 2521 et
2920 2465 3184 2520 virtutum
3213 2466 3394 2520 moni-

1807 2557 1901 2623 lia,
1925 2559 2308 2615 conservantis
2331 2559 2552 2624 afI'ectu,
2572 2567 2626 2614 et
2653 2559 3048 2630 eongaudentis
3071 2559 3399 2631 ingreditur,

1805 2654 2059 2723 quoniam
2089 2669 2153 2708 ex
2186 2655 2597 2724 participatione
2654 2655 2898 2710 thesauri
2947 2657 3290 2724 communis,
3337 2656 3400 2710 lit

1806 2746 1914 2800 illis
1944 2761 2040 2801 cor
2064 2763 2227 2802 unum
2248 2748 2509 2804 etanima
2539 2764 2642 2803 una
2669 2749 2723 2804 iu
2752 2750 2941 2805 Deum.
2978 2750 3046 2805 Et
3079 2750 3150 2805 ita
3201 2749 3254 2804 iu
3299 2749 3405 2804 hoc

1807 2839 2010 2895 mundo
2042 2841 2196 2896 velut
2222 2841 2274 2896 in
2304 2841 2544 2897 fornacis
2575 2843 2985 2900 examinatione
3022 2845 3231 2914 pariter
3260 2844 3407 2914 posi-

1809 2932 1846 2986 ti
1884 2933 2082 3003 :quasi
2135 2948 2204 2988 ex
2251 2948 2366 2988 uno
2414 2948 2511 2990 ore
2557 2934 2893 2990 benedicunt
2949 2937 3116 2992 Deum
3163 2937 3216 2991 in
3258 2936 3408 2993 omni

1809 3031 2076 3094 tempore,
2111 3033 2165 3081 et
2185 3040 2406 3096 semper
2431 3027 2552 3083 laus
2575 3029 2694 3098 eius
2719 3030 2772 3084 in
2803 3045 2902 3086 ore
2926 3047 3142 3087 eorum.

1883 3117 2154 3189 Numquid
2199 3120 2542 3175 considerasti
2589 3120 2920 3177 latitudinem
2968 3126 3164 3180 terrm?
3214 3123 3403 3180 Indica

95 3197 374 3254 Dominus
403 3207 590 3254 noster
611 3198 884 3254 neminem
913 3196 1245 3267 despiciens,
1265 3209 1566 3266 omnesque
1591 3194 1701 3252 sal-
1726 3187 1771 3249 C
1806 3211 1953 3278 mihi,
1979 3187 2209 3279 δίἠοδιί,
2239 3213 2434 3267 omnia,
2464 3214 2598 3283 Quis
2632 3213 2914 3270 hominum
2965 3231 3127 3272 nosse
3177 3217 3402 3286 potem.

94 3306 237 3347 vare
265 3290 520 3362 cupiens,
550 3291 741 3346 venire
767 3289 1026 3361 dignatus
1056 3299 1172 3355 est,
1206 3299 1266 3343 ut
1291 3289 1458 3344 corda
1509 3303 1699 3344 eorum

100 3382 436 3440 infidelitate
463 3390 692 3448 cmcata,
723 3397 824 3454 per
852 3383 1082 3453 gratiam
1119 3397 1273 3437 suam
1330 3380 1693 3449 illutniuaret,

100 3488 163 3534 et
189 3476 374 3534 effecti
396 3476 488 3532 lux
516 3477 571 3532 in
597 3476 855 3541 Domino,
888 3475 1087 3532 tierent
1133 3475 1398 3546 templum
1453 3475 1573 3546 eius
1597 3516 1612 3540 ,
1642 3485 1698 3529 ut

97 3568 472 3626 inambularet
500 3579 556 3625 et
578 3569 914 3625 inhabitaret
950 3570 1002 3623 iu
1031 3568 1110 3624 eis
1133 3609 1149 3635 ,
1207 3578 1264 3624 et
1300 3576 1449 3626 esset
1504 3582 1698 3624 eorum

97 3663 278 3718 Deus.

177 3753 454 3826 Numquid
475 3763 670 3827 aperta:
695 3763 817 3808 sunt
854 3754 948 3809 tibi
969 3763 1133 3826 porta:
1153 3756 1356 3824 mortis,
1385 3764 1433 3810 et
1463 3757 1594 3810 ostia
1621 3765 1699 3809 te-

96 3852 328 3906 nebrosa
349 3852 523 3907 vidisti
545 3854 572 3907 .7
592 3853 749 3909 Nulla
778 3861 1032 3910 creatura
1081 3863 1168 3910 est
1195 3857 1445 3927 quamvis
1485 3873 1699 3929 przep'o-

98 3952 228 3998 tens
261 3953 318 3999 et
347 3943 546 4014 fortis,
576 3961 696 4016 quas
730 3946 823 4002 Dei
869 3946 1140 4017 maiestati
1188 3957 1374 4017 posset
1408 3949 1697 4005 obsistere.

97 4035 171 4092 Et
196 4035 321 4092 ideo
350 4038 473 4108 quia
504 4053 601 4108 per
629 4047 882 4094 naturam
915 4039 1163 4095 sentiunt
1213 4040 1566 4109 Creatorem,
1610 4058 1700 4098 ce-

99 4128 241 4184 dunt
263 4129 462 4184 divina:
494 4131 775 4201 putentiae,
806 4148 913 4202 qua
938 4133 988 4188 ei
1017 4133 1240 4188 omnino
1268 4145 1548 4205 nequeunt
1569 4150 1700 4190 eon-

99 4220 293 4276 traire.
334 4221 486 4278 Unde
515 4224 725 4293 antiqui
757 4224 1087 4295 interpretes
1121 4226 1191 4282 ita
1227 4226 1702 4283 dixeruntzNum~

98 4311 232 4382 quid
255 4324 452 4381 aperta!
465 4324 585 4369 sunt
613 4315 705 4370 tibi
735 4327 898 4388 porta?
921 4319 1139 4372 mortis?
1161 4317 1265 4374 Ubi
1289 4313 1698 4384 intellexerunt,

98 4407 228 4476 quia
263 4406 582 4474 huiusmodi
615 4419 786 4478 porta:
807 4451 822 4476 ,
852 4425 973 4481 qua:
1002 4411 1189 4481 utique
1217 4420 1557 4480 metuuntur,
1592 4426 1698 4468 non

99 4499 214 4554 sint
248 4499 600 4556 insensibiles
632 4510 688 4558 et
715 4501 1042 4559 iuanimales
1067 4544 1082 4568 ,
1115 4503 1210 4558 sed
1242 4503 1356 4558 sint
1405 4503 1490 4558 illi
1522 4505 1701 4573 potius

1802 3313 2006 3376 quanta
2036 3307 2408 3377 magnitudine
2435 3307 2804 3377 distendatur,
2841 3311 2943 3366 nisi
2975 3311 3093 3380 ipse
3134 3311 3284 3367 solus
3307 3311 3400 3382 qui

1803 3398 1984 3454 omnia
2015 3398 2300 3454 condidit?
2329 3399 2406 3456 De
2440 3415 2548 3468 quo
2596 3402 2859 3471 propheta
2907 3403 2982 3457 ait
3010 3421 3023 3458 :
3051 3403 3158 3468 Qui
3199 3419 3405 3457 mensus

1804 3500 1876 3546 est
1907 3508 2074 3561 aquas
2096 3509 2276 3558 manu,
2307 3501 2355 3547 et
2386 3493 2569 3548 coelum
2591 3495 2764 3560 palmo
2789 3536 2804 3561 ,
2853 3504 2900 3549 et
2952 3511 3158 3551 omnem
3215 3505 3403 3549 terram

1801 3587 1991 3642 clausit
2012 3587 2236 3657 pugillo.
2271 3585 2404 3641 Item
2433 3586 2599 3642 aliter
2632 3605 2645 3642 :
2680 3586 2949 3657 Numquid
2980 3597 3058 3657 tu,
3092 3587 3225 3655 Job,
3255 3601 3400 3658 pra:-

1802 3678 1985 3733 vidisti
2018 3679 2360 3734 latitudinem
2381 3687 2566 3746 terrae,
2593 3679 2646 3734 id
2671 3689 2776 3750 est,
2800 3680 3108 3737 Ecclesiam
3135 3682 3399 3745 futuram,

1801 3786 1962 3841 quam
1996 3785 2094 3840 per
2122 3779 2295 3826 totum
2322 3771 2610 3840 mundum,
2657 3783 2941 3828 crescente
2969 3774 3173 3844 ubique
3223 3771 3404 3827 Evan-

1801 3863 1969 3934 gelio,
1999 3863 2247 3919 dilatavi.
2272 3863 2456 3919 Indica
2488 3879 2624 3934 ergo
2651 3865 2783 3920 mihi
2812 3866 2855 3920 si
2889 3866 2994 3922 hoc
3037 3881 3254 3936 sapere,
3285 3867 3402 3921 sive

1803 3955 2095 4026 aliquando
2122 3956 2433 4026 intelligere
2475 3957 2724 4025 potuisti.
2776 3957 2902 4016 Sive
2939 3959 3288 4015 latitudinem
3318 3974 3406 4015 sa-

1804 4047 2026 4116 pientia:
2052 4062 2209 4116 mem,
2234 4065 2398 4119 quam
2432 4058 2616 4116 terrae,
2645 4051 2828 4105 domui
2862 4066 2998 4107 meae
3022 4097 3037 4121 ,
3075 4051 3125 4106 id
3156 4061 3262 4122 est,
3295 4052 3402 4108 Ec-

1803 4139 1984 4194 clesia:
2023 4142 2189 4197 tribui
2225 4160 2237 4195 :
2266 4141 2530 4213 numquid
2562 4152 2620 4197 ut
2644 4143 2826 4200 futura
2868 4145 3202 4217 praevidens,
3235 4146 3400 4200 oculo

1806 4235 2006 4288 mentis
2036 4249 2269 4291 accenso
2296 4252 2393 4306 per
2436 4237 2784 4306 temetipsum
2829 4238 3102 4309 inspicere
3133 4237 3401 4308 potuisti?

1803 4339 1926 4395 qua:
1947 4327 2212 4396 sapientia
2243 4328 2493 4384 dilatavit
2518 4345 2618 4384 cor
2640 4329 2979 4397 Salomonis,
3005 4332 3148 4388 sicut
3178 4346 3402 4386 arenam

1805 4432 1924 4486 qua:
1950 4425 2030 4471 est
2064 4418 2116 4472 in
2167 4418 2351 4475 littore
2379 4420 2546 4474 maris
2574 4462 2590 4486 ,
2636 4421 2795 4491 eique
2840 4421 2994 4476 dedit
3051 4422 3402 4492 prudentiam

1805 4507 2031 4562 multam
2065 4509 2246 4577 nimis,
2281 4519 2337 4565 et
2363 4527 2483 4581 quae
2514 4511 2566 4566 in
2593 4513 2744 4566 exitu
2772 4514 3016 4580 canitur,
3045 4523 3100 4570 et
3132 4515 3187 4570 in
3214 4516 3402 4570 latitu-

100 4594 336 4663 spiritus
368 4594 662 4660 immundi,
694 4597 894 4652 inimici
927 4598 1102 4653 nostri
1121 4642 1136 4665 ,
1165 4597 1503 4653 adversaria:
1525 4572 1704 4652 rvide-
1728 4572 1783 4634 D
1807 4599 1931 4655 dine
1956 4615 2177 4655 suarum
2203 4572 2524 4656 fiducitiliter
2554 4603 2686 4672 agit,
2720 4604 2876 4674 cuius
2914 4606 3246 4676 multiplices
3274 4623 3402 4662 sen-

101 4687 230 4742 Iieet
253 4695 590 4758 potestates,
644 4704 746 4760 per
794 4707 927 4762 quas
956 4691 1144 4762 generi
1177 4690 1412 4746 humano
1444 4691 1702 4747 introitus

100 4782 368 4838 inventus
389 4792 472 4839 est
508 4783 575 4838 ad
603 4793 862 4841 mortem.
906 4783 1044 4856 Ipsae
1087 4793 1220 4841 sunt
1257 4795 1310 4840 et
1358 4786 1494 4842 ostia
1545 4795 1701 4840 tene-

101 4877 295 4944 brosa,
331 4892 562 4948 quorum
585 4879 801 4935 animos
828 4879 1138 4947 malivolos,
1173 4888 1229 4935 et
1251 4879 1590 4934 obscuritate
1615 4877 1705 4933 in-

99 4972 266 5027 vidia:
295 4971 513 5042 plenos,
548 4973 691 5028 Deus
723 4973 872 5028 solus
901 4973 1180 5043 perspicit.
1237 4972 1408 5044 Igitur
1437 4972 1697 5043 quoniam

99 5065 152 5120 hi
185 5065 257 5121 de
291 5063 490 5134 quibus
532 5065 849 5136 loquimur,
886 5067 1125 5123 tenebras
1172 5065 1330 5121 facta:
1372 5075 1501 5120 sunt
1549 5079 1699 5120 rece-

97 5155 283 5212 dendo
304 5171 334 5209 a
359 5170 495 5211 vero
525 5156 752 5222 lumine,
777 5166 831 5214 et
857 5164 1158 5227 potestates
1187 5165 1318 5212 sunt
1347 5156 1696 5212 tenebrarum

96 5250 419 5322 appellatae,
453 5250 505 5305 id
537 5261 642 5316 est,
675 5251 952 5322 principes
1008 5250 1292 5306 hominum
1321 5258 1696 5320 peccatorum,

99 5355 157 5402 et
185 5343 398 5400 idcirco
424 5343 590 5400 etiam
619 5344 760 5401 ostia
794 5345 1083 5400 tenebrosa
1114 5345 1392 5412 dicuntur,
1441 5344 1698 5414 quoniam

99 5437 433 5506 deceptione
459 5451 674 5505 eorum,
711 5436 884 5493 factus
930 5445 1014 5493 est
1042 5436 1252 5492 homini
1294 5451 1392 5507 per
1448 5447 1701 5508 peccato-

100 5545 222 5587 rum
259 5529 522 5586 tenebras
546 5529 831 5600 ingressus
852 5529 917 5584 ad
944 5541 1199 5585 mortem.
1218 5527 1318 5585 Ubi
1344 5543 1474 5598 ergo
1495 5527 1697 5582 dictum

103 5630 214 5690 est,
247 5622 386 5678 ostia
419 5623 711 5680 tenebrosa
742 5621 924 5679 vidisti
951 5665 967 5690 ,
1016 5621 1143 5694 quid
1169 5637 1272 5678 nos
1292 5622 1405 5693 iam
1437 5620 1699 5692 exposui-

105 5732 252 5784 mus,
277 5716 374 5773 alii
405 5717 738 5788 interpretes
756 5717 1124 5788 locumipsum
1153 5715 1499 5772 manifestius
1525 5723 1702 5768 trans-

104 5811 381 5880 tulerunt,
439 5810 514 5866 ita
552 5809 801 5868 dicentes
832 5824 842 5860 :
875 5807 973 5865 Aut
1013 5807 1260 5884 ianitores
1301 5809 1496 5883 inferni
1523 5807 1704 5864 viden;

1801 4708 1917 4759 sus,
1946 4700 2003 4747 et
2033 4693 2320 4750 latitudine
2342 4695 2771 4765 disputationum
2793 4698 3284 4770 ditissimos,iubet
3306 4715 3400 4755 ea-

1806 4784 1928 4840 dem
1951 4785 2214 4853 sapientia
2239 4785 2294 4840 in
2325 4785 2491 4841 corde
2535 4787 2774 4842 hominis
2834 4788 3068 4845 describi
3101 4792 3402 4860 triplicitcr.

1807 4877 1934 4932 Ilaec
1977 4892 2108 4948 ergo
2146 4878 2314 4934 verba
2362 4888 2589 4948 possunt
2630 4895 2694 4934 ex
2739 4895 2968 4948 persona
3008 4881 3189 4938 Patris
3241 4898 3406 4954 super

1809 4970 2095 5040 sapientia,
2120 4987 2241 5041 quae
2268 4982 2352 5027 est
2380 4971 2576 5037 Filius,
2610 4972 2843 5028 disserta
2867 4973 3114 5045 intelligi.

1878 5060 1944 5116 In
1974 5078 2075 5132 qua
2097 5062 2180 5115 ria
2202 5063 2292 5117 lux
2313 5062 2526 5128 habitet,
2560 5073 2606 5119 et
2638 5064 2967 5119 tenebrarum
2996 5065 3114 5134 quis
3144 5065 3288 5123 locus
3311 5067 3398 5133 sit,

1801 5162 1859 5210 ut
1881 5156 2042 5209 ducas
2067 5157 2474 5228 unumquodque
2495 5157 2566 5210 ad
2587 5157 2830 5211 terminos
2861 5173 2979 5211 suos
3007 5201 3021 5225 ,
3046 5167 3092 5212 et
3135 5159 3402 5229 intelligas

1803 5249 2015 5303 semitas
2046 5249 2234 5304 domus
2261 5253 2399 5320 ejus.
2424 5249 2481 5304 In
2510 5249 2596 5305 via
2621 5258 2827 5304 sancta:
2851 5251 3284 5306 conversationis
3309 5251 3407 5307 ho-

1805 5342 1992 5407 minis,
2025 5341 2113 5396 lux
2147 5343 2409 5398 virtutum
2440 5343 2688 5400 habitat:
2725 5343 3074 5399 tenebrarum
3125 5360 3287 5415 vero,
3347 5345 3400 5401 id

1807 5445 1912 5506 est,
1936 5434 2189 5489 vitiorum
2221 5435 2374 5490 locus
2395 5443 2481 5491 est
2508 5435 2672 5490 homo
2699 5443 2979 5504 peccator,
3009 5437 3096 5492 vel
3126 5437 3219 5492 ille
3249 5437 3404 5493 locus

1807 5527 1874 5584 de
1899 5544 2006 5600 quo
2033 5528 2164 5584 dicit
2183 5546 2195 5583 :
2213 5527 2317 5594 Ite,
2345 5528 2628 5598 maledicti,
2646 5531 2699 5583 in
2722 5530 2893 5602 ignem
2907 5539 3183 5599 reternum,
3207 5533 3295 5600 qui
3316 5549 3404 5602 pa-

1808 5629 1951 5676 ratus
1970 5632 2047 5676 est
2069 5619 2275 5676 diabolo
2302 5630 2348 5677 et
2374 5623 2576 5694 angelis
2605 5626 2740 5696 ejus.
2764 5621 2919 5678 Nosti
2951 5639 3103 5695 ergo,
3133 5625 3258 5694 Job,
3287 5626 3404 5681 dis-

1809 5729 2036 5771 cernere
2061 5713 2486 5786 uniuscuiusque
2517 5716 2794 5781 meritum,
2828 5726 2884 5770 et
2907 5717 3204 5773 secundum
3241 5717 3401 5789 iusti-

1811 5809 1938 5864 titun
1971 5800 2414 5881 unumquemque
2452 5807 2644 5866 horum
2677 5808 2744 5865 ad
2789 5809 3056 5868 terminos
3097 5807 3397 5883 praefinitas
